PokerStars Hand #153140463864:  Hold'em Limit ($3/$6 USD) - 2016/05/10 20:18:00 ET
Table 'Disa' 6-max Seat #2 is the button
Seat 2: Monatik2016 ($112.73 in chips)
Seat 4: anetkaapro ($132.04 in chips)
Monatik2016: posts small blind $1
anetkaapro: posts big blind $3
*** HOLE CARDS ***
Monatik2016: raises $3 to $6
anetkaapro: folds
Uncalled bet ($3) returned to Monatik2016
Monatik2016 collected $6 from pot
Monatik2016: doesn't show hand
*** SUMMARY ***
Total pot $6 | Rake $0
Seat 2: Monatik2016 (button) (small blind) collected ($6)
Seat 4: anetkaapro (big blind) folded before Flop


PokerStars Hand #153140431757:  Hold'em Limit ($3/$6 USD) - 2016/05/10 20:16:58 ET
Table 'Disa' 6-max Seat #2 is the button
Seat 2: Monatik2016 ($88.59 in chips)
Seat 4: anetkaapro ($157.52 in chips)
Monatik2016: posts small blind $1
anetkaapro: posts big blind $3
*** HOLE CARDS ***
Monatik2016: raises $3 to $6
anetkaapro: calls $3
*** FLOP *** [Qh 7h 3d]
anetkaapro: checks
Monatik2016: bets $3
anetkaapro: raises $3 to $6
Monatik2016: raises $3 to $9
anetkaapro: calls $3
*** TURN *** [Qh 7h 3d] [8s]
anetkaapro: checks
Monatik2016: bets $6
anetkaapro: calls $6
*** RIVER *** [Qh 7h 3d 8s] [Jd]
anetkaapro: checks
Monatik2016: bets $6
anetkaapro: calls $6
*** SHOW DOWN ***
Monatik2016: shows [Qc Kc] (a pair of Queens)
anetkaapro: mucks hand
Monatik2016 collected $53.50 from pot
*** SUMMARY ***
Total pot $54 | Rake $0.50
Board [Qh 7h 3d 8s Jd]
Seat 2: Monatik2016 (button) (small blind) showed [Qc Kc] and won ($53.50) with a pair of Queens
Seat 4: anetkaapro (big blind) mucked


PokerStars Hand #153140448286:  Hold'em Limit ($3/$6 USD) - 2016/05/10 20:17:30 ET
Table 'Disa' 6-max Seat #4 is the button
Seat 2: Monatik2016 ($115.09 in chips)
Seat 4: anetkaapro ($130.52 in chips)
anetkaapro: posts small blind $1
Monatik2016: posts big blind $3
*** HOLE CARDS ***
anetkaapro: raises $3 to $6
Monatik2016: calls $3
*** FLOP *** [2s 8c 5h]
Monatik2016: checks
anetkaapro: bets $3
Monatik2016: calls $3
*** TURN *** [2s 8c 5h] [8s]
Monatik2016: checks
anetkaapro: checks
*** RIVER *** [2s 8c 5h 8s] [2c]
Monatik2016: bets $6
anetkaapro: folds
Uncalled bet ($6) returned to Monatik2016
Monatik2016 collected $17.64 from pot
Monatik2016: doesn't show hand
*** SUMMARY ***
Total pot $18 | Rake $0.36
Board [2s 8c 5h 8s 2c]
Seat 2: Monatik2016 (big blind) collected ($17.64)
Seat 4: anetkaapro (button) (small blind) folded on the River


PokerStars Hand #153140461651:  Hold'em Limit ($3/$6 USD) - 2016/05/10 20:17:56 ET
Table 'Disa' 6-max Seat #4 is the button
Seat 2: Monatik2016 ($111.73 in chips)
Seat 4: anetkaapro ($133.04 in chips)
anetkaapro: posts small blind $1
Monatik2016: posts big blind $3
*** HOLE CARDS ***
anetkaapro: folds
Uncalled bet ($2) returned to Monatik2016
Monatik2016 collected $2 from pot
Monatik2016: doesn't show hand
*** SUMMARY ***
Total pot $2 | Rake $0
Seat 2: Monatik2016 (big blind) collected ($2)
Seat 4: anetkaapro (button) (small blind) folded before Flop


PokerStars Hand #153140454430:  Hold'em Limit ($3/$6 USD) - 2016/05/10 20:17:42 ET
Table 'Disa' 6-max Seat #2 is the button
Seat 2: Monatik2016 ($123.73 in chips)
Seat 4: anetkaapro ($121.52 in chips)
Monatik2016: posts small blind $1
anetkaapro: posts big blind $3
*** HOLE CARDS ***
Monatik2016: raises $3 to $6
anetkaapro: calls $3
*** FLOP *** [4h Ts 8c]
anetkaapro: checks
Monatik2016: checks
*** TURN *** [4h Ts 8c] [Qd]
anetkaapro: checks
Monatik2016: checks
*** RIVER *** [4h Ts 8c Qd] [2c]
anetkaapro: bets $6
Monatik2016: calls $6
*** SHOW DOWN ***
anetkaapro: shows [5h 4d] (a pair of Fours)
Monatik2016: mucks hand
anetkaapro collected $23.52 from pot
*** SUMMARY ***
Total pot $24 | Rake $0.48
Board [4h Ts 8c Qd 2c]
Seat 2: Monatik2016 (button) (small blind) mucked
Seat 4: anetkaapro (big blind) showed [5h 4d] and won ($23.52) with a pair of Fours


PokerStars Hand #153140467300:  Hold'em Limit ($3/$6 USD) - 2016/05/10 20:18:07 ET
Table 'Disa' 6-max Seat #4 is the button
Seat 2: Monatik2016 ($115.73 in chips)
Seat 4: anetkaapro ($129.04 in chips)
anetkaapro: posts small blind $1
Monatik2016: posts big blind $3
*** HOLE CARDS ***
anetkaapro: raises $3 to $6
Monatik2016: calls $3
*** FLOP *** [Ah 9s 6d]
Monatik2016: checks
anetkaapro: bets $3
Monatik2016: calls $3
*** TURN *** [Ah 9s 6d] [7c]
Monatik2016: checks
anetkaapro: bets $6
Monatik2016: raises $6 to $12
anetkaapro: calls $6
*** RIVER *** [Ah 9s 6d 7c] [Kh]
Monatik2016: bets $6
anetkaapro: calls $6
*** SHOW DOWN ***
Monatik2016: shows [Td 8s] (a straight, Six to Ten)
anetkaapro: mucks hand
Monatik2016 collected $53.50 from pot
*** SUMMARY ***
Total pot $54 | Rake $0.50
Board [Ah 9s 6d 7c Kh]
Seat 2: Monatik2016 (big blind) showed [Td 8s] and won ($53.50) with a straight, Six to Ten
Seat 4: anetkaapro (button) (small blind) mucked


PokerStars Hand #153140483971:  Hold'em Limit ($3/$6 USD) - 2016/05/10 20:18:39 ET
Table 'Disa' 6-max Seat #2 is the button
Seat 2: Monatik2016 ($142.23 in chips)
Seat 4: anetkaapro ($102.04 in chips)
Monatik2016: posts small blind $1
anetkaapro: posts big blind $3
*** HOLE CARDS ***
Monatik2016: raises $3 to $6
anetkaapro: folds
Uncalled bet ($3) returned to Monatik2016
Monatik2016 collected $6 from pot
Monatik2016: doesn't show hand
*** SUMMARY ***
Total pot $6 | Rake $0
Seat 2: Monatik2016 (button) (small blind) collected ($6)
Seat 4: anetkaapro (big blind) folded before Flop


PokerStars Hand #153140496935:  Hold'em Limit ($3/$6 USD) - 2016/05/10 20:19:03 ET
Table 'Disa' 6-max Seat #2 is the button
Seat 2: Monatik2016 ($153.87 in chips)
Seat 4: anetkaapro ($90.04 in chips)
Monatik2016: posts small blind $1
anetkaapro: posts big blind $3
*** HOLE CARDS ***
Monatik2016: folds
Uncalled bet ($2) returned to anetkaapro
anetkaapro collected $2 from pot
anetkaapro: doesn't show hand
*** SUMMARY ***
Total pot $2 | Rake $0
Seat 2: Monatik2016 (button) (small blind) folded before Flop
Seat 4: anetkaapro (big blind) collected ($2)


PokerStars Hand #153140487324:  Hold'em Limit ($3/$6 USD) - 2016/05/10 20:18:45 ET
Table 'Disa' 6-max Seat #4 is the button
Seat 2: Monatik2016 ($145.23 in chips)
Seat 4: anetkaapro ($99.04 in chips)
anetkaapro: posts small blind $1
Monatik2016: posts big blind $3
*** HOLE CARDS ***
anetkaapro: raises $3 to $6
Monatik2016: calls $3
*** FLOP *** [2d 7d 3s]
Monatik2016: checks
anetkaapro: bets $3
Monatik2016: calls $3
*** TURN *** [2d 7d 3s] [6d]
Monatik2016: checks
anetkaapro: checks
*** RIVER *** [2d 7d 3s 6d] [Qh]
Monatik2016: checks
anetkaapro: checks
*** SHOW DOWN ***
Monatik2016: shows [2h 5d] (a pair of Deuces)
anetkaapro: mucks hand
Monatik2016 collected $17.64 from pot
*** SUMMARY ***
Total pot $18 | Rake $0.36
Board [2d 7d 3s 6d Qh]
Seat 2: Monatik2016 (big blind) showed [2h 5d] and won ($17.64) with a pair of Deuces
Seat 4: anetkaapro (button) (small blind) mucked


PokerStars Hand #153140499514:  Hold'em Limit ($3/$6 USD) - 2016/05/10 20:19:09 ET
Table 'Disa' 6-max Seat #4 is the button
Seat 2: Monatik2016 ($152.87 in chips)
Seat 4: anetkaapro ($91.04 in chips)
anetkaapro: posts small blind $1
Monatik2016: posts big blind $3
*** HOLE CARDS ***
anetkaapro: raises $3 to $6
Monatik2016: calls $3
*** FLOP *** [Ad 6c 8h]
Monatik2016: checks
anetkaapro: bets $3
Monatik2016: calls $3
*** TURN *** [Ad 6c 8h] [Td]
Monatik2016: checks
anetkaapro: checks
*** RIVER *** [Ad 6c 8h Td] [5h]
Monatik2016: bets $6
anetkaapro: folds
Uncalled bet ($6) returned to Monatik2016
Monatik2016 collected $17.64 from pot
Monatik2016: doesn't show hand
*** SUMMARY ***
Total pot $18 | Rake $0.36
Board [Ad 6c 8h Td 5h]
Seat 2: Monatik2016 (big blind) collected ($17.64)
Seat 4: anetkaapro (button) (small blind) folded on the River


PokerStars Hand #153140517097:  Hold'em Limit ($3/$6 USD) - 2016/05/10 20:19:42 ET
Table 'Disa' 6-max Seat #2 is the button
Seat 2: Monatik2016 ($161.51 in chips)
Seat 4: anetkaapro ($82.04 in chips)
Monatik2016: posts small blind $1
anetkaapro: posts big blind $3
*** HOLE CARDS ***
Monatik2016: raises $3 to $6
anetkaapro: calls $3
*** FLOP *** [Ks 2d As]
anetkaapro: checks
Monatik2016: checks
*** TURN *** [Ks 2d As] [7d]
anetkaapro: bets $6
Monatik2016: raises $6 to $12
anetkaapro: folds
Uncalled bet ($6) returned to Monatik2016
Monatik2016 collected $23.52 from pot
Monatik2016: doesn't show hand
*** SUMMARY ***
Total pot $24 | Rake $0.48
Board [Ks 2d As 7d]
Seat 2: Monatik2016 (button) (small blind) collected ($23.52)
Seat 4: anetkaapro (big blind) folded on the Turn


PokerStars Hand #153140557809:  Hold'em Limit ($3/$6 USD) - 2016/05/10 20:21:03 ET
Table 'Disa' 6-max Seat #2 is the button
Seat 2: Monatik2016 ($152.03 in chips)
Seat 4: anetkaapro ($140.14 in chips)
Monatik2016: posts small blind $1
anetkaapro: posts big blind $3
*** HOLE CARDS ***
Monatik2016: raises $3 to $6
anetkaapro: raises $3 to $9
Monatik2016: calls $3
*** FLOP *** [Qd 6s Ts]
anetkaapro: bets $3
Monatik2016: folds
Uncalled bet ($3) returned to anetkaapro
anetkaapro collected $17.64 from pot
anetkaapro: doesn't show hand
*** SUMMARY ***
Total pot $18 | Rake $0.36
Board [Qd 6s Ts]
Seat 2: Monatik2016 (button) (small blind) folded on the Flop
Seat 4: anetkaapro (big blind) collected ($17.64)


PokerStars Hand #153140524308:  Hold'em Limit ($3/$6 USD) - 2016/05/10 20:19:56 ET
Table 'Disa' 6-max Seat #4 is the button
Seat 2: Monatik2016 ($173.03 in chips)
Seat 4: anetkaapro ($120 in chips)
anetkaapro: posts small blind $1
Monatik2016: posts big blind $3
*** HOLE CARDS ***
anetkaapro: raises $3 to $6
Monatik2016: calls $3
*** FLOP *** [7d Ac 2c]
Monatik2016: checks
anetkaapro: bets $3
Monatik2016: calls $3
*** TURN *** [7d Ac 2c] [Td]
Monatik2016: checks
anetkaapro: checks
*** RIVER *** [7d Ac 2c Td] [Kh]
Monatik2016: bets $6
anetkaapro: calls $6
*** SHOW DOWN ***
Monatik2016: shows [4c 5h] (high card Ace)
anetkaapro: shows [Ts 8d] (a pair of Tens)
anetkaapro collected $29.50 from pot
*** SUMMARY ***
Total pot $30 | Rake $0.50
Board [7d Ac 2c Td Kh]
Seat 2: Monatik2016 (big blind) showed [4c 5h] and lost with high card Ace
Seat 4: anetkaapro (button) (small blind) showed [Ts 8d] and won ($29.50) with a pair of Tens


PokerStars Hand #153140540755:  Hold'em Limit ($3/$6 USD) - 2016/05/10 20:20:29 ET
Table 'Disa' 6-max Seat #2 is the button
Seat 2: Monatik2016 ($158.03 in chips)
Seat 4: anetkaapro ($134.50 in chips)
Monatik2016: posts small blind $1
anetkaapro: posts big blind $3
*** HOLE CARDS ***
Monatik2016: raises $3 to $6
anetkaapro: folds
Uncalled bet ($3) returned to Monatik2016
Monatik2016 collected $6 from pot
Monatik2016: doesn't show hand
*** SUMMARY ***
Total pot $6 | Rake $0
Seat 2: Monatik2016 (button) (small blind) collected ($6)
Seat 4: anetkaapro (big blind) folded before Flop


PokerStars Hand #153140544814:  Hold'em Limit ($3/$6 USD) - 2016/05/10 20:20:37 ET
Table 'Disa' 6-max Seat #4 is the button
Seat 2: Monatik2016 ($161.03 in chips)
Seat 4: anetkaapro ($131.50 in chips)
anetkaapro: posts small blind $1
Monatik2016: posts big blind $3
*** HOLE CARDS ***
anetkaapro: raises $3 to $6
Monatik2016: raises $3 to $9
anetkaapro: calls $3
*** FLOP *** [5h 3c 7c]
Monatik2016: checks
anetkaapro: checks
*** TURN *** [5h 3c 7c] [Qh]
Monatik2016: checks
anetkaapro: bets $6
Monatik2016: folds
Uncalled bet ($6) returned to anetkaapro
anetkaapro collected $17.64 from pot
anetkaapro: doesn't show hand
*** SUMMARY ***
Total pot $18 | Rake $0.36
Board [5h 3c 7c Qh]
Seat 2: Monatik2016 (big blind) folded on the Turn
Seat 4: anetkaapro (button) (small blind) collected ($17.64)


PokerStars Hand #153140555595:  Hold'em Limit ($3/$6 USD) - 2016/05/10 20:20:58 ET
Table 'Disa' 6-max Seat #4 is the button
Seat 2: Monatik2016 ($151.03 in chips)
Seat 4: anetkaapro ($141.14 in chips)
anetkaapro: posts small blind $1
Monatik2016: posts big blind $3
*** HOLE CARDS ***
anetkaapro: folds
Uncalled bet ($2) returned to Monatik2016
Monatik2016 collected $2 from pot
Monatik2016: doesn't show hand
*** SUMMARY ***
Total pot $2 | Rake $0
Seat 2: Monatik2016 (big blind) collected ($2)
Seat 4: anetkaapro (button) (small blind) folded before Flop


PokerStars Hand #153140552550:  Hold'em Limit ($3/$6 USD) - 2016/05/10 20:20:52 ET
Table 'Disa' 6-max Seat #2 is the button
Seat 2: Monatik2016 ($152.03 in chips)
Seat 4: anetkaapro ($140.14 in chips)
Monatik2016: posts small blind $1
anetkaapro: posts big blind $3
*** HOLE CARDS ***
Monatik2016: folds
Uncalled bet ($2) returned to anetkaapro
anetkaapro collected $2 from pot
anetkaapro: doesn't show hand
*** SUMMARY ***
Total pot $2 | Rake $0
Seat 2: Monatik2016 (button) (small blind) folded before Flop
Seat 4: anetkaapro (big blind) collected ($2)


PokerStars Hand #153140586642:  Hold'em Limit ($3/$6 USD) - 2016/05/10 20:21:59 ET
Table 'Disa' 6-max Seat #2 is the button
Seat 2: Monatik2016 ($160.29 in chips)
Seat 4: anetkaapro ($130.54 in chips)
Monatik2016: posts small blind $1
anetkaapro: posts big blind $3
*** HOLE CARDS ***
Monatik2016: raises $3 to $6
anetkaapro: calls $3
*** FLOP *** [5d Qh Jc]
anetkaapro: checks
Monatik2016: checks
*** TURN *** [5d Qh Jc] [As]
anetkaapro: checks
Monatik2016: bets $6
anetkaapro: folds
Uncalled bet ($6) returned to Monatik2016
Monatik2016 collected $11.76 from pot
Monatik2016: doesn't show hand
*** SUMMARY ***
Total pot $12 | Rake $0.24
Board [5d Qh Jc As]
Seat 2: Monatik2016 (button) (small blind) collected ($11.76)
Seat 4: anetkaapro (big blind) folded on the Turn


PokerStars Hand #153140562779:  Hold'em Limit ($3/$6 USD) - 2016/05/10 20:21:12 ET
Table 'Disa' 6-max Seat #4 is the button
Seat 2: Monatik2016 ($143.03 in chips)
Seat 4: anetkaapro ($148.78 in chips)
anetkaapro: posts small blind $1
Monatik2016: posts big blind $3
*** HOLE CARDS ***
anetkaapro: raises $3 to $6
Monatik2016: calls $3
*** FLOP *** [Tc 5c Qd]
Monatik2016: checks
anetkaapro: bets $3
Monatik2016: folds
Uncalled bet ($3) returned to anetkaapro
anetkaapro collected $11.76 from pot
anetkaapro: doesn't show hand
*** SUMMARY ***
Total pot $12 | Rake $0.24
Board [Tc 5c Qd]
Seat 2: Monatik2016 (big blind) folded on the Flop
Seat 4: anetkaapro (button) (small blind) collected ($11.76)


PokerStars Hand #153140574674:  Hold'em Limit ($3/$6 USD) - 2016/05/10 20:21:36 ET
Table 'Disa' 6-max Seat #2 is the button
Seat 2: Monatik2016 ($137.03 in chips)
Seat 4: anetkaapro ($154.54 in chips)
Monatik2016: posts small blind $1
anetkaapro: posts big blind $3
*** HOLE CARDS ***
Monatik2016: raises $3 to $6
anetkaapro: calls $3
*** FLOP *** [Jc 8h Qc]
anetkaapro: checks
Monatik2016: checks
*** TURN *** [Jc 8h Qc] [Jh]
anetkaapro: checks
Monatik2016: bets $6
anetkaapro: folds
Uncalled bet ($6) returned to Monatik2016
Monatik2016 collected $11.76 from pot
Monatik2016: doesn't show hand
*** SUMMARY ***
Total pot $12 | Rake $0.24
Board [Jc 8h Qc Jh]
Seat 2: Monatik2016 (button) (small blind) collected ($11.76)
Seat 4: anetkaapro (big blind) folded on the Turn


PokerStars Hand #153140580154:  Hold'em Limit ($3/$6 USD) - 2016/05/10 20:21:47 ET
Table 'Disa' 6-max Seat #4 is the button
Seat 2: Monatik2016 ($142.79 in chips)
Seat 4: anetkaapro ($148.54 in chips)
anetkaapro: posts small blind $1
Monatik2016: posts big blind $3
*** HOLE CARDS ***
anetkaapro: raises $3 to $6
Monatik2016: raises $3 to $9
anetkaapro: calls $3
*** FLOP *** [Td 8d 2c]
Monatik2016: bets $3
anetkaapro: calls $3
*** TURN *** [Td 8d 2c] [3s]
Monatik2016: checks
anetkaapro: checks
*** RIVER *** [Td 8d 2c 3s] [Th]
Monatik2016: bets $6
anetkaapro: calls $6
*** SHOW DOWN ***
Monatik2016: shows [Jh Ah] (a pair of Tens)
anetkaapro: mucks hand
Monatik2016 collected $35.50 from pot
*** SUMMARY ***
Total pot $36 | Rake $0.50
Board [Td 8d 2c 3s Th]
Seat 2: Monatik2016 (big blind) showed [Jh Ah] and won ($35.50) with a pair of Tens
Seat 4: anetkaapro (button) (small blind) mucked


PokerStars Hand #153140599756:  Hold'em Limit ($3/$6 USD) - 2016/05/10 20:22:26 ET
Table 'Disa' 6-max Seat #4 is the button
Seat 2: Monatik2016 ($156.05 in chips)
Seat 4: anetkaapro ($134.18 in chips)
anetkaapro: posts small blind $1
Monatik2016: posts big blind $3
*** HOLE CARDS ***
anetkaapro: folds
Uncalled bet ($2) returned to Monatik2016
Monatik2016 collected $2 from pot
Monatik2016: doesn't show hand
*** SUMMARY ***
Total pot $2 | Rake $0
Seat 2: Monatik2016 (big blind) collected ($2)
Seat 4: anetkaapro (button) (small blind) folded before Flop


PokerStars Hand #153140597564:  Hold'em Limit ($3/$6 USD) - 2016/05/10 20:22:21 ET
Table 'Disa' 6-max Seat #2 is the button
Seat 2: Monatik2016 ($157.05 in chips)
Seat 4: anetkaapro ($133.18 in chips)
Monatik2016: posts small blind $1
anetkaapro: posts big blind $3
*** HOLE CARDS ***
Monatik2016: folds
Uncalled bet ($2) returned to anetkaapro
anetkaapro collected $2 from pot
anetkaapro: doesn't show hand
*** SUMMARY ***
Total pot $2 | Rake $0
Seat 2: Monatik2016 (button) (small blind) folded before Flop
Seat 4: anetkaapro (big blind) collected ($2)


PokerStars Hand #153140591595:  Hold'em Limit ($3/$6 USD) - 2016/05/10 20:22:09 ET
Table 'Disa' 6-max Seat #4 is the button
Seat 2: Monatik2016 ($166.05 in chips)
Seat 4: anetkaapro ($124.54 in chips)
anetkaapro: posts small blind $1
Monatik2016: posts big blind $3
*** HOLE CARDS ***
anetkaapro: raises $3 to $6
Monatik2016: calls $3
*** FLOP *** [3h Qd 2h]
Monatik2016: checks
anetkaapro: bets $3
Monatik2016: calls $3
*** TURN *** [3h Qd 2h] [Qc]
Monatik2016: checks
anetkaapro: checks
*** RIVER *** [3h Qd 2h Qc] [8h]
Monatik2016: checks
anetkaapro: bets $6
Monatik2016: folds
Uncalled bet ($6) returned to anetkaapro
anetkaapro collected $17.64 from pot
anetkaapro: doesn't show hand
*** SUMMARY ***
Total pot $18 | Rake $0.36
Board [3h Qd 2h Qc 8h]
Seat 2: Monatik2016 (big blind) folded on the River
Seat 4: anetkaapro (button) (small blind) collected ($17.64)


PokerStars Hand #153140605636:  Hold'em Limit ($3/$6 USD) - 2016/05/10 20:22:37 ET
Table 'Disa' 6-max Seat #2 is the button
Seat 2: Monatik2016 ($157.05 in chips)
Seat 4: anetkaapro ($133.18 in chips)
Monatik2016: posts small blind $1
anetkaapro: posts big blind $3
*** HOLE CARDS ***
Monatik2016: raises $3 to $6
anetkaapro: calls $3
*** FLOP *** [9s Kd 9d]
anetkaapro: checks
Monatik2016: bets $3
anetkaapro: raises $3 to $6
Monatik2016: folds
Uncalled bet ($3) returned to anetkaapro
anetkaapro collected $17.64 from pot
anetkaapro: doesn't show hand
*** SUMMARY ***
Total pot $18 | Rake $0.36
Board [9s Kd 9d]
Seat 2: Monatik2016 (button) (small blind) folded on the Flop
Seat 4: anetkaapro (big blind) collected ($17.64)


PokerStars Hand #153140619941:  Hold'em Limit ($3/$6 USD) - 2016/05/10 20:23:06 ET
Table 'Disa' 6-max Seat #4 is the button
Seat 2: Monatik2016 ($148.05 in chips)
Seat 4: anetkaapro ($141.82 in chips)
anetkaapro: posts small blind $1
Monatik2016: posts big blind $3
*** HOLE CARDS ***
anetkaapro: raises $3 to $6
Monatik2016: calls $3
*** FLOP *** [5s Ts Qc]
Monatik2016: checks
anetkaapro: bets $3
Monatik2016: folds
Uncalled bet ($3) returned to anetkaapro
anetkaapro collected $11.76 from pot
anetkaapro: doesn't show hand
*** SUMMARY ***
Total pot $12 | Rake $0.24
Board [5s Ts Qc]
Seat 2: Monatik2016 (big blind) folded on the Flop
Seat 4: anetkaapro (button) (small blind) collected ($11.76)


PokerStars Hand #153140639312:  Hold'em Limit ($3/$6 USD) - 2016/05/10 20:23:44 ET
Table 'Disa' 6-max Seat #4 is the button
Seat 2: Monatik2016 ($153.57 in chips)
Seat 4: anetkaapro ($135.58 in chips)
anetkaapro: posts small blind $1
Monatik2016: posts big blind $3
*** HOLE CARDS ***
anetkaapro: raises $3 to $6
Monatik2016: calls $3
*** FLOP *** [4d Kh Jc]
Monatik2016: checks
anetkaapro: bets $3
Monatik2016: folds
Uncalled bet ($3) returned to anetkaapro
anetkaapro collected $11.76 from pot
anetkaapro: doesn't show hand
*** SUMMARY ***
Total pot $12 | Rake $0.24
Board [4d Kh Jc]
Seat 2: Monatik2016 (big blind) folded on the Flop
Seat 4: anetkaapro (button) (small blind) collected ($11.76)


PokerStars Hand #153140624067:  Hold'em Limit ($3/$6 USD) - 2016/05/10 20:23:14 ET
Table 'Disa' 6-max Seat #2 is the button
Seat 2: Monatik2016 ($142.05 in chips)
Seat 4: anetkaapro ($147.58 in chips)
Monatik2016: posts small blind $1
anetkaapro: posts big blind $3
*** HOLE CARDS ***
Monatik2016: raises $3 to $6
anetkaapro: raises $3 to $9
Monatik2016: calls $3
*** FLOP *** [Ks 9c 2s]
anetkaapro: bets $3
Monatik2016: calls $3
*** TURN *** [Ks 9c 2s] [Kh]
anetkaapro: checks
Monatik2016: bets $6
anetkaapro: folds
Uncalled bet ($6) returned to Monatik2016
Monatik2016 collected $23.52 from pot
Monatik2016: doesn't show hand
*** SUMMARY ***
Total pot $24 | Rake $0.48
Board [Ks 9c 2s Kh]
Seat 2: Monatik2016 (button) (small blind) collected ($23.52)
Seat 4: anetkaapro (big blind) folded on the Turn


PokerStars Hand #153140643705:  Hold'em Limit ($3/$6 USD) - 2016/05/10 20:23:53 ET
Table 'Disa' 6-max Seat #2 is the button
Seat 2: Monatik2016 ($147.57 in chips)
Seat 4: anetkaapro ($141.34 in chips)
Monatik2016: posts small blind $1
anetkaapro: posts big blind $3
*** HOLE CARDS ***
Monatik2016: raises $3 to $6
anetkaapro: calls $3
*** FLOP *** [5d Ah Ks]
anetkaapro: checks
Monatik2016: bets $3
anetkaapro: calls $3
*** TURN *** [5d Ah Ks] [Td]
anetkaapro: checks
Monatik2016: checks
*** RIVER *** [5d Ah Ks Td] [9d]
anetkaapro: bets $6
Monatik2016: calls $6
*** SHOW DOWN ***
anetkaapro: shows [4c Ad] (a pair of Aces)
Monatik2016: mucks hand
anetkaapro collected $29.50 from pot
*** SUMMARY ***
Total pot $30 | Rake $0.50
Board [5d Ah Ks Td 9d]
Seat 2: Monatik2016 (button) (small blind) mucked
Seat 4: anetkaapro (big blind) showed [4c Ad] and won ($29.50) with a pair of Aces


PokerStars Hand #153140657016:  Hold'em Limit ($3/$6 USD) - 2016/05/10 20:24:20 ET
Table 'Disa' 6-max Seat #2 is the button
Seat 2: Monatik2016 ($141.21 in chips)
Seat 4: anetkaapro ($146.84 in chips)
Monatik2016: posts small blind $1
anetkaapro: posts big blind $3
*** HOLE CARDS ***
Monatik2016: raises $3 to $6
anetkaapro: raises $3 to $9
Monatik2016: raises $3 to $12
Betting is capped
anetkaapro: calls $3
*** FLOP *** [3d Kd As]
anetkaapro: checks
Monatik2016: checks
*** TURN *** [3d Kd As] [Tc]
anetkaapro: checks
Monatik2016: bets $6
anetkaapro: folds
Uncalled bet ($6) returned to Monatik2016
Monatik2016 collected $23.52 from pot
Monatik2016: doesn't show hand
*** SUMMARY ***
Total pot $24 | Rake $0.48
Board [3d Kd As Tc]
Seat 2: Monatik2016 (button) (small blind) collected ($23.52)
Seat 4: anetkaapro (big blind) folded on the Turn


PokerStars Hand #153140650126:  Hold'em Limit ($3/$6 USD) - 2016/05/10 20:24:06 ET
Table 'Disa' 6-max Seat #4 is the button
Seat 2: Monatik2016 ($132.57 in chips)
Seat 4: anetkaapro ($155.84 in chips)
anetkaapro: posts small blind $1
Monatik2016: posts big blind $3
*** HOLE CARDS ***
anetkaapro: raises $3 to $6
Monatik2016: raises $3 to $9
anetkaapro: calls $3
*** FLOP *** [Ks Jd 4c]
Monatik2016: checks
anetkaapro: checks
*** TURN *** [Ks Jd 4c] [Jh]
Monatik2016: bets $6
anetkaapro: folds
Uncalled bet ($6) returned to Monatik2016
Monatik2016 collected $17.64 from pot
Monatik2016: doesn't show hand
*** SUMMARY ***
Total pot $18 | Rake $0.36
Board [Ks Jd 4c Jh]
Seat 2: Monatik2016 (big blind) collected ($17.64)
Seat 4: anetkaapro (button) (small blind) folded on the Turn


PokerStars Hand #153140675663:  Hold'em Limit ($3/$6 USD) - 2016/05/10 20:24:57 ET
Table 'Disa' 6-max Seat #2 is the button
Seat 2: Monatik2016 ($161.37 in chips)
Seat 4: anetkaapro ($125.84 in chips)
Monatik2016: posts small blind $1
anetkaapro: posts big blind $3
*** HOLE CARDS ***
Monatik2016: folds
Uncalled bet ($2) returned to anetkaapro
anetkaapro collected $2 from pot
anetkaapro: doesn't show hand
*** SUMMARY ***
Total pot $2 | Rake $0
Seat 2: Monatik2016 (button) (small blind) folded before Flop
Seat 4: anetkaapro (big blind) collected ($2)


PokerStars Hand #153140669698:  Hold'em Limit ($3/$6 USD) - 2016/05/10 20:24:45 ET
Table 'Disa' 6-max Seat #4 is the button
Seat 2: Monatik2016 ($152.73 in chips)
Seat 4: anetkaapro ($134.84 in chips)
anetkaapro: posts small blind $1
Monatik2016: posts big blind $3
*** HOLE CARDS ***
anetkaapro: raises $3 to $6
Monatik2016: raises $3 to $9
anetkaapro: calls $3
*** FLOP *** [Ac Tc 6s]
Monatik2016: checks
anetkaapro: checks
*** TURN *** [Ac Tc 6s] [Ts]
Monatik2016: bets $6
anetkaapro: folds
Uncalled bet ($6) returned to Monatik2016
Monatik2016 collected $17.64 from pot
Monatik2016: doesn't show hand
*** SUMMARY ***
Total pot $18 | Rake $0.36
Board [Ac Tc 6s Ts]
Seat 2: Monatik2016 (big blind) collected ($17.64)
Seat 4: anetkaapro (button) (small blind) folded on the Turn


PokerStars Hand #153140694358:  Hold'em Limit ($3/$6 USD) - 2016/05/10 20:25:35 ET
Table 'Disa' 6-max Seat #2 is the button
Seat 2: Monatik2016 ($141.37 in chips)
Seat 4: anetkaapro ($145.12 in chips)
Monatik2016: posts small blind $1
anetkaapro: posts big blind $3
*** HOLE CARDS ***
Monatik2016: folds
Uncalled bet ($2) returned to anetkaapro
Monatik2016 leaves the table
anetkaapro collected $2 from pot
anetkaapro: doesn't show hand
*** SUMMARY ***
Total pot $2 | Rake $0
Seat 2: Monatik2016 (button) (small blind) folded before Flop
Seat 4: anetkaapro (big blind) collected ($2)


PokerStars Hand #153140688301:  Hold'em Limit ($3/$6 USD) - 2016/05/10 20:25:23 ET
Table 'Disa' 6-max Seat #4 is the button
Seat 2: Monatik2016 ($147.37 in chips)
Seat 4: anetkaapro ($139.36 in chips)
anetkaapro: posts small blind $1
Monatik2016: posts big blind $3
*** HOLE CARDS ***
anetkaapro: raises $3 to $6
Monatik2016: calls $3
*** FLOP *** [Th Qc Kh]
Monatik2016: checks
anetkaapro: bets $3
Monatik2016: folds
Uncalled bet ($3) returned to anetkaapro
anetkaapro collected $11.76 from pot
anetkaapro: doesn't show hand
*** SUMMARY ***
Total pot $12 | Rake $0.24
Board [Th Qc Kh]
Seat 2: Monatik2016 (big blind) folded on the Flop
Seat 4: anetkaapro (button) (small blind) collected ($11.76)


PokerStars Hand #153140685904:  Hold'em Limit ($3/$6 USD) - 2016/05/10 20:25:18 ET
Table 'Disa' 6-max Seat #2 is the button
Seat 2: Monatik2016 ($148.37 in chips)
Seat 4: anetkaapro ($138.36 in chips)
Monatik2016: posts small blind $1
anetkaapro: posts big blind $3
*** HOLE CARDS ***
Monatik2016: folds
Uncalled bet ($2) returned to anetkaapro
anetkaapro collected $2 from pot
anetkaapro: doesn't show hand
*** SUMMARY ***
Total pot $2 | Rake $0
Seat 2: Monatik2016 (button) (small blind) folded before Flop
Seat 4: anetkaapro (big blind) collected ($2)


PokerStars Hand #153140678416:  Hold'em Limit ($3/$6 USD) - 2016/05/10 20:25:02 ET
Table 'Disa' 6-max Seat #4 is the button
Seat 2: Monatik2016 ($160.37 in chips)
Seat 4: anetkaapro ($126.84 in chips)
anetkaapro: posts small blind $1
Monatik2016: posts big blind $3
*** HOLE CARDS ***
anetkaapro: raises $3 to $6
Monatik2016: raises $3 to $9
anetkaapro: calls $3
*** FLOP *** [Ad 9d 2c]
Monatik2016: bets $3
anetkaapro: calls $3
*** TURN *** [Ad 9d 2c] [Jc]
Monatik2016: checks
anetkaapro: bets $6
Monatik2016: folds
Uncalled bet ($6) returned to anetkaapro
anetkaapro collected $23.52 from pot
anetkaapro: doesn't show hand
*** SUMMARY ***
Total pot $24 | Rake $0.48
Board [Ad 9d 2c Jc]
Seat 2: Monatik2016 (big blind) folded on the Turn
Seat 4: anetkaapro (button) (small blind) collected ($23.52)


