PokerStars Hand #153819011449:  Hold'em Limit ($3/$6 USD) - 2016/05/25 9:41:37 ET
Table 'Discovery' 6-max Seat #3 is the button
Seat 1: JCPKCH ($99.30 in chips)
Seat 3: Tryptamean ($299.02 in chips)
TbIP-TbIP 88 will be allowed to play after the button
Tryptamean: posts small blind $1
TinaTurner72: is sitting out
TinaTurner72 leaves the table
JCPKCH: posts big blind $3
*** HOLE CARDS ***
Tryptamean: raises $3 to $6
JCPKCH: calls $3
*** FLOP *** [Qs 7c 5d]
JCPKCH: bets $3
Tryptamean: calls $3
*** TURN *** [Qs 7c 5d] [6d]
JCPKCH: bets $6
Tryptamean: calls $6
*** RIVER *** [Qs 7c 5d 6d] [Jd]
JCPKCH: bets $6
Tryptamean: calls $6
*** SHOW DOWN ***
JCPKCH: shows [4c 6s] (a pair of Sixes)
Tryptamean: shows [9s 9d] (a pair of Nines)
Tryptamean collected $41.50 from pot
*** SUMMARY ***
Total pot $42 | Rake $0.50
Board [Qs 7c 5d 6d Jd]
Seat 1: JCPKCH (big blind) showed [4c 6s] and lost with a pair of Sixes
Seat 3: Tryptamean (button) (small blind) showed [9s 9d] and won ($41.50) with a pair of Nines


