PokerStars Hand #144251035956:  Hold'em Limit ($3/$6 USD) - 2015/11/23 2:38:55 ET
Table 'Dnoces' 6-max Seat #6 is the button
Seat 3: Agrotait ($72 in chips)
Seat 6: Paulllchen ($120 in chips)
Paulllchen: posts small blind $1
Agrotait: posts big blind $3
*** HOLE CARDS ***
Paulllchen: raises $3 to $6
Agrotait: calls $3
*** FLOP *** [6c 7h Td]
Agrotait: checks
Paulllchen: bets $3
Agrotait: calls $3
*** TURN *** [6c 7h Td] [8d]
Agrotait: checks
Paulllchen: bets $6
Agrotait: raises $6 to $12
Paulllchen: raises $6 to $18
Agrotait: raises $6 to $24
Betting is capped
Paulllchen: calls $6
*** RIVER *** [6c 7h Td 8d] [Kd]
Agrotait: checks
Paulllchen: checks
*** SHOW DOWN ***
Agrotait: shows [9c Qs] (a straight, Six to Ten)
Paulllchen: shows [9d 9h] (a straight, Six to Ten)
Agrotait collected $32.75 from pot
Paulllchen collected $32.75 from pot
*** SUMMARY ***
Total pot $66 | Rake $0.50
Board [6c 7h Td 8d Kd]
Seat 3: Agrotait (big blind) showed [9c Qs] and won ($32.75) with a straight, Six to Ten
Seat 6: Paulllchen (button) (small blind) showed [9d 9h] and won ($32.75) with a straight, Six to Ten


PokerStars Hand #144251047305:  Hold'em Limit ($3/$6 USD) - 2015/11/23 2:39:43 ET
Table 'Dnoces' 6-max Seat #3 is the button
Seat 3: Agrotait ($71.75 in chips)
Seat 6: Paulllchen ($119.75 in chips)
Agrotait: posts small blind $1
Paulllchen: posts big blind $3
*** HOLE CARDS ***
Agrotait: raises $3 to $6
Paulllchen: raises $3 to $9
Agrotait: calls $3
*** FLOP *** [Ah 5s 3d]
Paulllchen: bets $3
Agrotait: calls $3
*** TURN *** [Ah 5s 3d] [Ks]
Paulllchen: checks
Agrotait: checks
*** RIVER *** [Ah 5s 3d Ks] [2c]
Paulllchen: checks
Agrotait: bets $6
Paulllchen: calls $6
*** SHOW DOWN ***
Agrotait: shows [4d Jd] (a straight, Ace to Five)
Paulllchen: mucks hand
Agrotait collected $35.50 from pot
*** SUMMARY ***
Total pot $36 | Rake $0.50
Board [Ah 5s 3d Ks 2c]
Seat 3: Agrotait (button) (small blind) showed [4d Jd] and won ($35.50) with a straight, Ace to Five
Seat 6: Paulllchen (big blind) mucked


PokerStars Hand #144251057985:  Hold'em Limit ($3/$6 USD) - 2015/11/23 2:40:27 ET
Table 'Dnoces' 6-max Seat #6 is the button
Seat 3: Agrotait ($89.25 in chips)
Seat 6: Paulllchen ($101.75 in chips)
Paulllchen: posts small blind $1
Agrotait: posts big blind $3
*** HOLE CARDS ***
Paulllchen: calls $2
Agrotait: raises $3 to $6
Paulllchen: calls $3
*** FLOP *** [3h 3s Ts]
Agrotait: bets $3
Paulllchen: folds
Uncalled bet ($3) returned to Agrotait
Agrotait collected $11.76 from pot
Agrotait: doesn't show hand
*** SUMMARY ***
Total pot $12 | Rake $0.24
Board [3h 3s Ts]
Seat 3: Agrotait (big blind) collected ($11.76)
Seat 6: Paulllchen (button) (small blind) folded on the Flop


PokerStars Hand #144251068413:  Hold'em Limit ($3/$6 USD) - 2015/11/23 2:41:10 ET
Table 'Dnoces' 6-max Seat #6 is the button
Seat 3: Agrotait ($83.01 in chips)
Seat 6: Paulllchen ($107.27 in chips)
Paulllchen: posts small blind $1
Agrotait: posts big blind $3
*** HOLE CARDS ***
Paulllchen: folds
Uncalled bet ($2) returned to Agrotait
Agrotait collected $2 from pot
Agrotait: doesn't show hand
*** SUMMARY ***
Total pot $2 | Rake $0
Seat 3: Agrotait (big blind) collected ($2)
Seat 6: Paulllchen (button) (small blind) folded before Flop


PokerStars Hand #144251069697:  Hold'em Limit ($3/$6 USD) - 2015/11/23 2:41:15 ET
Table 'Dnoces' 6-max Seat #3 is the button
Seat 3: Agrotait ($84.01 in chips)
Seat 6: Paulllchen ($106.27 in chips)
Agrotait: posts small blind $1
Paulllchen: posts big blind $3
*** HOLE CARDS ***
Agrotait: raises $3 to $6
Paulllchen: folds
Uncalled bet ($3) returned to Agrotait
Agrotait collected $6 from pot
Agrotait: doesn't show hand
*** SUMMARY ***
Total pot $6 | Rake $0
Seat 3: Agrotait (button) (small blind) collected ($6)
Seat 6: Paulllchen (big blind) folded before Flop


PokerStars Hand #144251072902:  Hold'em Limit ($3/$6 USD) - 2015/11/23 2:41:28 ET
Table 'Dnoces' 6-max Seat #3 is the button
Seat 3: Agrotait ($88.01 in chips)
Seat 6: Paulllchen ($102.27 in chips)
Agrotait: posts small blind $1
Paulllchen: posts big blind $3
*** HOLE CARDS ***
Agrotait: folds
Uncalled bet ($2) returned to Paulllchen
Paulllchen collected $2 from pot
*** SUMMARY ***
Total pot $2 | Rake $0
Seat 3: Agrotait (button) (small blind) folded before Flop
Seat 6: Paulllchen (big blind) collected ($2)


PokerStars Hand #144251071350:  Hold'em Limit ($3/$6 USD) - 2015/11/23 2:41:22 ET
Table 'Dnoces' 6-max Seat #6 is the button
Seat 3: Agrotait ($87.01 in chips)
Seat 6: Paulllchen ($103.27 in chips)
Paulllchen: posts small blind $1
Agrotait: posts big blind $3
*** HOLE CARDS ***
Paulllchen: folds
Uncalled bet ($2) returned to Agrotait
Agrotait collected $2 from pot
Agrotait: doesn't show hand
*** SUMMARY ***
Total pot $2 | Rake $0
Seat 3: Agrotait (big blind) collected ($2)
Seat 6: Paulllchen (button) (small blind) folded before Flop


PokerStars Hand #144251074840:  Hold'em Limit ($3/$6 USD) - 2015/11/23 2:41:36 ET
Table 'Dnoces' 6-max Seat #6 is the button
Seat 3: Agrotait ($87.01 in chips)
Seat 6: Paulllchen ($103.27 in chips)
Paulllchen: posts small blind $1
Agrotait: posts big blind $3
*** HOLE CARDS ***
Paulllchen: folds
Uncalled bet ($2) returned to Agrotait
Agrotait collected $2 from pot
Agrotait: doesn't show hand
*** SUMMARY ***
Total pot $2 | Rake $0
Seat 3: Agrotait (big blind) collected ($2)
Seat 6: Paulllchen (button) (small blind) folded before Flop


PokerStars Hand #144251076420:  Hold'em Limit ($3/$6 USD) - 2015/11/23 2:41:42 ET
Table 'Dnoces' 6-max Seat #3 is the button
Seat 3: Agrotait ($88.01 in chips)
Seat 6: Paulllchen ($102.27 in chips)
Agrotait: posts small blind $1
Paulllchen: posts big blind $3
*** HOLE CARDS ***
Agrotait: raises $3 to $6
Paulllchen: calls $3
*** FLOP *** [6d 7c Jd]
Paulllchen: bets $3
Agrotait: calls $3
*** TURN *** [6d 7c Jd] [As]
Paulllchen: checks
Agrotait: checks
*** RIVER *** [6d 7c Jd As] [8c]
Paulllchen: checks
Agrotait: checks
*** SHOW DOWN ***
Paulllchen: shows [Jc 5c] (a pair of Jacks)
Agrotait: mucks hand
Paulllchen collected $17.64 from pot
*** SUMMARY ***
Total pot $18 | Rake $0.36
Board [6d 7c Jd As 8c]
Seat 3: Agrotait (button) (small blind) mucked
Seat 6: Paulllchen (big blind) showed [Jc 5c] and won ($17.64) with a pair of Jacks


PokerStars Hand #144251086224:  Hold'em Limit ($3/$6 USD) - 2015/11/23 2:42:20 ET
Table 'Dnoces' 6-max Seat #6 is the button
Seat 3: Agrotait ($79.01 in chips)
Seat 6: Paulllchen ($110.91 in chips)
Paulllchen: posts small blind $1
Agrotait: posts big blind $3
*** HOLE CARDS ***
Paulllchen: folds
Uncalled bet ($2) returned to Agrotait
Agrotait collected $2 from pot
Agrotait: doesn't show hand
*** SUMMARY ***
Total pot $2 | Rake $0
Seat 3: Agrotait (big blind) collected ($2)
Seat 6: Paulllchen (button) (small blind) folded before Flop


PokerStars Hand #144251088404:  Hold'em Limit ($3/$6 USD) - 2015/11/23 2:42:29 ET
Table 'Dnoces' 6-max Seat #3 is the button
Seat 3: Agrotait ($80.01 in chips)
Seat 6: Paulllchen ($109.91 in chips)
Agrotait: posts small blind $1
Paulllchen: posts big blind $3
*** HOLE CARDS ***
Agrotait: raises $3 to $6
Paulllchen: calls $3
*** FLOP *** [Kh Qc Ks]
Paulllchen: checks
Agrotait: bets $3
Paulllchen: folds
Uncalled bet ($3) returned to Agrotait
Agrotait collected $11.76 from pot
Agrotait: doesn't show hand
*** SUMMARY ***
Total pot $12 | Rake $0.24
Board [Kh Qc Ks]
Seat 3: Agrotait (button) (small blind) collected ($11.76)
Seat 6: Paulllchen (big blind) folded on the Flop


PokerStars Hand #144251092840:  Hold'em Limit ($3/$6 USD) - 2015/11/23 2:42:46 ET
Table 'Dnoces' 6-max Seat #6 is the button
Seat 3: Agrotait ($85.77 in chips)
Seat 6: Paulllchen ($103.91 in chips)
Paulllchen: posts small blind $1
Agrotait: posts big blind $3
*** HOLE CARDS ***
Paulllchen: raises $3 to $6
Agrotait: folds
Uncalled bet ($3) returned to Paulllchen
Paulllchen collected $6 from pot
*** SUMMARY ***
Total pot $6 | Rake $0
Seat 3: Agrotait (big blind) folded before Flop
Seat 6: Paulllchen (button) (small blind) collected ($6)


PokerStars Hand #144251098559:  Hold'em Limit ($3/$6 USD) - 2015/11/23 2:43:08 ET
Table 'Dnoces' 6-max Seat #6 is the button
Seat 3: Agrotait ($85.77 in chips)
Seat 6: Paulllchen ($103.91 in chips)
Paulllchen: posts small blind $1
Agrotait: posts big blind $3
*** HOLE CARDS ***
Paulllchen: folds
Uncalled bet ($2) returned to Agrotait
Agrotait collected $2 from pot
Agrotait: doesn't show hand
*** SUMMARY ***
Total pot $2 | Rake $0
Seat 3: Agrotait (big blind) collected ($2)
Seat 6: Paulllchen (button) (small blind) folded before Flop


PokerStars Hand #144251095191:  Hold'em Limit ($3/$6 USD) - 2015/11/23 2:42:55 ET
Table 'Dnoces' 6-max Seat #3 is the button
Seat 3: Agrotait ($82.77 in chips)
Seat 6: Paulllchen ($106.91 in chips)
Agrotait: posts small blind $1
Paulllchen: posts big blind $3
*** HOLE CARDS ***
Agrotait: raises $3 to $6
Paulllchen: folds
Uncalled bet ($3) returned to Agrotait
Agrotait collected $6 from pot
Agrotait: doesn't show hand
*** SUMMARY ***
Total pot $6 | Rake $0
Seat 3: Agrotait (button) (small blind) collected ($6)
Seat 6: Paulllchen (big blind) folded before Flop


PokerStars Hand #144251100080:  Hold'em Limit ($3/$6 USD) - 2015/11/23 2:43:14 ET
Table 'Dnoces' 6-max Seat #3 is the button
Seat 3: Agrotait ($86.77 in chips)
Seat 6: Paulllchen ($102.91 in chips)
Agrotait: posts small blind $1
Paulllchen: posts big blind $3
*** HOLE CARDS ***
Agrotait: raises $3 to $6
Paulllchen: folds
Uncalled bet ($3) returned to Agrotait
Agrotait collected $6 from pot
Agrotait: doesn't show hand
*** SUMMARY ***
Total pot $6 | Rake $0
Seat 3: Agrotait (button) (small blind) collected ($6)
Seat 6: Paulllchen (big blind) folded before Flop


PokerStars Hand #144251102227:  Hold'em Limit ($3/$6 USD) - 2015/11/23 2:43:22 ET
Table 'Dnoces' 6-max Seat #6 is the button
Seat 3: Agrotait ($89.77 in chips)
Seat 6: Paulllchen ($99.91 in chips)
Paulllchen: posts small blind $1
Agrotait: posts big blind $3
*** HOLE CARDS ***
Paulllchen: raises $3 to $6
Agrotait: raises $3 to $9
Paulllchen: calls $3
*** FLOP *** [6h Jc 7d]
Agrotait: checks
Paulllchen: bets $3
Agrotait: calls $3
*** TURN *** [6h Jc 7d] [3h]
Agrotait: checks
Paulllchen: checks
*** RIVER *** [6h Jc 7d 3h] [Qh]
Agrotait: checks
Paulllchen: bets $6
Agrotait: folds
Uncalled bet ($6) returned to Paulllchen
Paulllchen collected $23.52 from pot
*** SUMMARY ***
Total pot $24 | Rake $0.48
Board [6h Jc 7d 3h Qh]
Seat 3: Agrotait (big blind) folded on the River
Seat 6: Paulllchen (button) (small blind) collected ($23.52)


PokerStars Hand #144251108061:  Hold'em Limit ($3/$6 USD) - 2015/11/23 2:43:45 ET
Table 'Dnoces' 6-max Seat #3 is the button
Seat 3: Agrotait ($77.77 in chips)
Seat 6: Paulllchen ($111.43 in chips)
Agrotait: posts small blind $1
Paulllchen: posts big blind $3
*** HOLE CARDS ***
Agrotait: raises $3 to $6
Paulllchen: raises $3 to $9
Agrotait: calls $3
*** FLOP *** [Td 2s Kd]
Paulllchen: bets $3
Agrotait: folds
Uncalled bet ($3) returned to Paulllchen
Paulllchen collected $17.64 from pot
*** SUMMARY ***
Total pot $18 | Rake $0.36
Board [Td 2s Kd]
Seat 3: Agrotait (button) (small blind) folded on the Flop
Seat 6: Paulllchen (big blind) collected ($17.64)


PokerStars Hand #144251119416:  Hold'em Limit ($3/$6 USD) - 2015/11/23 2:44:28 ET
Table 'Dnoces' 6-max Seat #6 is the button
Seat 3: Agrotait ($68.77 in chips)
Seat 6: Paulllchen ($120.07 in chips)
Paulllchen: posts small blind $1
Agrotait: posts big blind $3
*** HOLE CARDS ***
Paulllchen: raises $3 to $6
Agrotait: raises $3 to $9
Paulllchen: calls $3
*** FLOP *** [4h 7h 3c]
Agrotait: bets $3
Paulllchen: raises $3 to $6
Agrotait: calls $3
*** TURN *** [4h 7h 3c] [Qd]
Agrotait: checks
Paulllchen: checks
*** RIVER *** [4h 7h 3c Qd] [2d]
Agrotait: checks
Paulllchen: bets $6
Agrotait: folds
Uncalled bet ($6) returned to Paulllchen
Paulllchen collected $29.50 from pot
*** SUMMARY ***
Total pot $30 | Rake $0.50
Board [4h 7h 3c Qd 2d]
Seat 3: Agrotait (big blind) folded on the River
Seat 6: Paulllchen (button) (small blind) collected ($29.50)


PokerStars Hand #144251131712:  Hold'em Limit ($3/$6 USD) - 2015/11/23 2:45:16 ET
Table 'Dnoces' 6-max Seat #3 is the button
Seat 3: Agrotait ($72 in chips)
Seat 6: Paulllchen ($134.57 in chips)
Agrotait: posts small blind $1
Paulllchen: posts big blind $3
*** HOLE CARDS ***
Agrotait: raises $3 to $6
Paulllchen: folds
Uncalled bet ($3) returned to Agrotait
Agrotait collected $6 from pot
Agrotait: doesn't show hand
*** SUMMARY ***
Total pot $6 | Rake $0
Seat 3: Agrotait (button) (small blind) collected ($6)
Seat 6: Paulllchen (big blind) folded before Flop


PokerStars Hand #144251149464:  Hold'em Limit ($3/$6 USD) - 2015/11/23 2:46:24 ET
Table 'Dnoces' 6-max Seat #3 is the button
Seat 3: Agrotait ($74.75 in chips)
Seat 6: Paulllchen ($131.32 in chips)
Agrotait: posts small blind $1
Paulllchen: posts big blind $3
*** HOLE CARDS ***
Agrotait: folds
Uncalled bet ($2) returned to Paulllchen
Paulllchen collected $2 from pot
*** SUMMARY ***
Total pot $2 | Rake $0
Seat 3: Agrotait (button) (small blind) folded before Flop
Seat 6: Paulllchen (big blind) collected ($2)


PokerStars Hand #144251150838:  Hold'em Limit ($3/$6 USD) - 2015/11/23 2:46:29 ET
Table 'Dnoces' 6-max Seat #6 is the button
Seat 3: Agrotait ($73.75 in chips)
Seat 6: Paulllchen ($132.32 in chips)
Paulllchen: posts small blind $1
Agrotait: posts big blind $3
*** HOLE CARDS ***
Paulllchen: raises $3 to $6
Agrotait: calls $3
*** FLOP *** [8s Ks 2h]
Agrotait: checks
Paulllchen: bets $3
Agrotait: raises $3 to $6
Paulllchen: calls $3
*** TURN *** [8s Ks 2h] [Td]
Agrotait: bets $6
Paulllchen: calls $6
*** RIVER *** [8s Ks 2h Td] [9h]
Agrotait: bets $6
Paulllchen: calls $6
*** SHOW DOWN ***
Agrotait: shows [Ts Qs] (a pair of Tens)
Paulllchen: shows [Qh Qc] (a pair of Queens)
Paulllchen collected $47.50 from pot
*** SUMMARY ***
Total pot $48 | Rake $0.50
Board [8s Ks 2h Td 9h]
Seat 3: Agrotait (big blind) showed [Ts Qs] and lost with a pair of Tens
Seat 6: Paulllchen (button) (small blind) showed [Qh Qc] and won ($47.50) with a pair of Queens


PokerStars Hand #144251156221:  Hold'em Limit ($3/$6 USD) - 2015/11/23 2:46:50 ET
Table 'Dnoces' 6-max Seat #3 is the button
Seat 3: Agrotait ($72 in chips)
Seat 6: Paulllchen ($155.82 in chips)
Agrotait: posts small blind $1
Paulllchen: posts big blind $3
*** HOLE CARDS ***
Agrotait: raises $3 to $6
Paulllchen: calls $3
*** FLOP *** [8h 2c Qc]
Paulllchen: bets $3
Agrotait: folds
Uncalled bet ($3) returned to Paulllchen
Paulllchen collected $11.76 from pot
*** SUMMARY ***
Total pot $12 | Rake $0.24
Board [8h 2c Qc]
Seat 3: Agrotait (button) (small blind) folded on the Flop
Seat 6: Paulllchen (big blind) collected ($11.76)


