PokerStars Hand #152552901268:  Hold'em Limit ($3/$6 USD) - 2016/04/28 3:18:04 ET
Table 'Dodona' 10-max Seat #2 is the button
Seat 1: frazerchi ($115.55 in chips)
Seat 2: Agrotait ($60 in chips)
Agrotait: posts small blind $1
frazerchi: posts big blind $3
*** HOLE CARDS ***
Agrotait: folds
Uncalled bet ($2) returned to frazerchi
frazerchi collected $2 from pot
frazerchi: doesn't show hand
*** SUMMARY ***
Total pot $2 | Rake $0
Seat 1: frazerchi (big blind) collected ($2)
Seat 2: Agrotait (button) (small blind) folded before Flop


PokerStars Hand #152552890662:  Hold'em Limit ($3/$6 USD) - 2016/04/28 3:17:26 ET
Table 'Dodona' 10-max Seat #1 is the button
Seat 1: frazerchi ($109.79 in chips)
Seat 2: Agrotait ($66 in chips)
frazerchi: posts small blind $1
Agrotait: posts big blind $3
*** HOLE CARDS ***
frazerchi: calls $2
Agrotait: checks
*** FLOP *** [Js 3c 9c]
Agrotait: bets $3
frazerchi: calls $3
*** TURN *** [Js 3c 9c] [4c]
Agrotait: checks
frazerchi: bets $6
Agrotait: folds
Uncalled bet ($6) returned to frazerchi
frazerchi collected $11.76 from pot
frazerchi: doesn't show hand
*** SUMMARY ***
Total pot $12 | Rake $0.24
Board [Js 3c 9c 4c]
Seat 1: frazerchi (button) (small blind) collected ($11.76)
Seat 2: Agrotait (big blind) folded on the Turn


PokerStars Hand #152552880590:  Hold'em Limit ($3/$6 USD) - 2016/04/28 3:16:51 ET
Table 'Dodona' 10-max Seat #2 is the button
Seat 1: frazerchi ($104.03 in chips)
Seat 2: Agrotait ($72 in chips)
Agrotait: posts small blind $1
VolkovDmitri: is sitting out
frazerchi: posts big blind $3
*** HOLE CARDS ***
Agrotait: raises $3 to $6
frazerchi: calls $3
*** FLOP *** [Ac 9h Kd]
frazerchi: checks
Agrotait: checks
*** TURN *** [Ac 9h Kd] [2d]
frazerchi: bets $6
Agrotait: folds
Uncalled bet ($6) returned to frazerchi
frazerchi collected $11.76 from pot
frazerchi: doesn't show hand
*** SUMMARY ***
Total pot $12 | Rake $0.24
Board [Ac 9h Kd 2d]
Seat 1: frazerchi (big blind) collected ($11.76)
Seat 2: Agrotait (button) (small blind) folded on the Turn


PokerStars Hand #152552903277:  Hold'em Limit ($3/$6 USD) - 2016/04/28 3:18:11 ET
Table 'Dodona' 10-max Seat #1 is the button
Seat 1: frazerchi ($116.55 in chips)
Seat 2: Agrotait ($72 in chips)
frazerchi: posts small blind $1
Agrotait: posts big blind $3
*** HOLE CARDS ***
frazerchi: calls $2
Agrotait: checks
*** FLOP *** [2s 8c 5c]
Agrotait: bets $3
frazerchi: calls $3
*** TURN *** [2s 8c 5c] [Jh]
Agrotait: checks
frazerchi: bets $6
Agrotait: calls $6
*** RIVER *** [2s 8c 5c Jh] [Th]
Agrotait: checks
frazerchi: checks
*** SHOW DOWN ***
Agrotait: shows [9c 5s] (a pair of Fives)
frazerchi: shows [8h 9d] (a pair of Eights)
frazerchi collected $23.52 from pot
*** SUMMARY ***
Total pot $24 | Rake $0.48
Board [2s 8c 5c Jh Th]
Seat 1: frazerchi (button) (small blind) showed [8h 9d] and won ($23.52) with a pair of Eights
Seat 2: Agrotait (big blind) showed [9c 5s] and lost with a pair of Fives


PokerStars Hand #152552910821:  Hold'em Limit ($3/$6 USD) - 2016/04/28 3:18:38 ET
Table 'Dodona' 10-max Seat #2 is the button
Seat 1: frazerchi ($128.07 in chips)
Seat 2: Agrotait ($60 in chips)
Agrotait: posts small blind $1
frazerchi: posts big blind $3
*** HOLE CARDS ***
Agrotait: raises $3 to $6
frazerchi: folds
Uncalled bet ($3) returned to Agrotait
Agrotait collected $6 from pot
Agrotait: doesn't show hand
*** SUMMARY ***
Total pot $6 | Rake $0
Seat 1: frazerchi (big blind) folded before Flop
Seat 2: Agrotait (button) (small blind) collected ($6)


PokerStars Hand #152552922875:  Hold'em Limit ($3/$6 USD) - 2016/04/28 3:19:20 ET
Table 'Dodona' 10-max Seat #2 is the button
Seat 1: frazerchi ($145.57 in chips)
Seat 2: Agrotait ($72 in chips)
Agrotait: posts small blind $1
frazerchi: posts big blind $3
*** HOLE CARDS ***
Agrotait: folds
Uncalled bet ($2) returned to frazerchi
frazerchi collected $2 from pot
frazerchi: doesn't show hand
*** SUMMARY ***
Total pot $2 | Rake $0
Seat 1: frazerchi (big blind) collected ($2)
Seat 2: Agrotait (button) (small blind) folded before Flop


PokerStars Hand #152552913643:  Hold'em Limit ($3/$6 USD) - 2016/04/28 3:18:48 ET
Table 'Dodona' 10-max Seat #1 is the button
Seat 1: frazerchi ($125.07 in chips)
Seat 2: Agrotait ($63 in chips)
frazerchi: posts small blind $1
Agrotait: posts big blind $3
*** HOLE CARDS ***
frazerchi: raises $3 to $6
Agrotait: calls $3
*** FLOP *** [6d 2h 2c]
Agrotait: checks
frazerchi: bets $3
Agrotait: calls $3
*** TURN *** [6d 2h 2c] [7c]
Agrotait: checks
frazerchi: bets $6
Agrotait: raises $6 to $12
frazerchi: calls $6
*** RIVER *** [6d 2h 2c 7c] [Qc]
Agrotait: checks
frazerchi: checks
*** SHOW DOWN ***
Agrotait: shows [3d 3s] (two pair, Threes and Deuces)
frazerchi: shows [Ah 7h] (two pair, Sevens and Deuces)
frazerchi collected $41.50 from pot
*** SUMMARY ***
Total pot $42 | Rake $0.50
Board [6d 2h 2c 7c Qc]
Seat 1: frazerchi (button) (small blind) showed [Ah 7h] and won ($41.50) with two pair, Sevens and Deuces
Seat 2: Agrotait (big blind) showed [3d 3s] and lost with two pair, Threes and Deuces


PokerStars Hand #152552925958:  Hold'em Limit ($3/$6 USD) - 2016/04/28 3:19:31 ET
Table 'Dodona' 10-max Seat #2 is the button
Seat 1: frazerchi ($145.57 in chips)
Seat 2: Agrotait ($72 in chips)
Agrotait: posts small blind $1
frazerchi: posts big blind $3
*** HOLE CARDS ***
Agrotait: raises $3 to $6
frazerchi: calls $3
*** FLOP *** [4s Ts 9h]
frazerchi: checks
Agrotait: bets $3
frazerchi: raises $3 to $6
Agrotait: calls $3
*** TURN *** [4s Ts 9h] [3c]
frazerchi: bets $6
Agrotait: raises $6 to $12
frazerchi: calls $6
*** RIVER *** [4s Ts 9h 3c] [Ad]
frazerchi: checks
Agrotait: bets $6
frazerchi: folds
Uncalled bet ($6) returned to Agrotait
Agrotait collected $47.50 from pot
Agrotait: doesn't show hand
*** SUMMARY ***
Total pot $48 | Rake $0.50
Board [4s Ts 9h 3c Ad]
Seat 1: frazerchi (big blind) folded on the River
Seat 2: Agrotait (button) (small blind) collected ($47.50)


PokerStars Hand #152552933597:  Hold'em Limit ($3/$6 USD) - 2016/04/28 3:19:58 ET
Table 'Dodona' 10-max Seat #1 is the button
Seat 1: frazerchi ($121.57 in chips)
Seat 2: Agrotait ($95.50 in chips)
frazerchi: posts small blind $1
Agrotait: posts big blind $3
*** HOLE CARDS ***
frazerchi: folds
Uncalled bet ($2) returned to Agrotait
Agrotait collected $2 from pot
Agrotait: doesn't show hand
*** SUMMARY ***
Total pot $2 | Rake $0
Seat 1: frazerchi (button) (small blind) folded before Flop
Seat 2: Agrotait (big blind) collected ($2)


PokerStars Hand #152552935212:  Hold'em Limit ($3/$6 USD) - 2016/04/28 3:20:04 ET
Table 'Dodona' 10-max Seat #2 is the button
Seat 1: frazerchi ($120.57 in chips)
Seat 2: Agrotait ($96.50 in chips)
Agrotait: posts small blind $1
frazerchi: posts big blind $3
*** HOLE CARDS ***
Agrotait: raises $3 to $6
frazerchi: calls $3
*** FLOP *** [7h 3h 6h]
frazerchi: checks
Agrotait: bets $3
frazerchi: raises $3 to $6
Agrotait: calls $3
*** TURN *** [7h 3h 6h] [8s]
frazerchi: bets $6
Agrotait: calls $6
*** RIVER *** [7h 3h 6h 8s] [Qc]
frazerchi: bets $6
Agrotait: calls $6
*** SHOW DOWN ***
frazerchi: shows [Ah Ks] (high card Ace)
Agrotait: shows [7c Jh] (a pair of Sevens)
Agrotait collected $47.50 from pot
*** SUMMARY ***
Total pot $48 | Rake $0.50
Board [7h 3h 6h 8s Qc]
Seat 1: frazerchi (big blind) showed [Ah Ks] and lost with high card Ace
Seat 2: Agrotait (button) (small blind) showed [7c Jh] and won ($47.50) with a pair of Sevens


PokerStars Hand #152552942040:  Hold'em Limit ($3/$6 USD) - 2016/04/28 3:20:28 ET
Table 'Dodona' 10-max Seat #1 is the button
Seat 1: frazerchi ($96.57 in chips)
Seat 2: Agrotait ($120 in chips)
frazerchi: posts small blind $1
Agrotait: posts big blind $3
*** HOLE CARDS ***
frazerchi: calls $2
Agrotait: raises $3 to $6
frazerchi: calls $3
*** FLOP *** [8d 4d 7d]
Agrotait: checks
frazerchi: checks
*** TURN *** [8d 4d 7d] [9h]
Agrotait: bets $6
frazerchi: calls $6
*** RIVER *** [8d 4d 7d 9h] [6c]
Agrotait: checks
frazerchi: checks
*** SHOW DOWN ***
Agrotait: shows [Ac 7s] (a pair of Sevens)
frazerchi: mucks hand
Agrotait collected $23.52 from pot
*** SUMMARY ***
Total pot $24 | Rake $0.48
Board [8d 4d 7d 9h 6c]
Seat 1: frazerchi (button) (small blind) mucked
Seat 2: Agrotait (big blind) showed [Ac 7s] and won ($23.52) with a pair of Sevens


PokerStars Hand #152552950414:  Hold'em Limit ($3/$6 USD) - 2016/04/28 3:20:58 ET
Table 'Dodona' 10-max Seat #2 is the button
Seat 1: frazerchi ($84.57 in chips)
Seat 2: Agrotait ($131.52 in chips)
Agrotait: posts small blind $1
frazerchi: posts big blind $3
*** HOLE CARDS ***
Agrotait: raises $3 to $6
frazerchi: folds
Uncalled bet ($3) returned to Agrotait
Agrotait collected $6 from pot
Agrotait: doesn't show hand
*** SUMMARY ***
Total pot $6 | Rake $0
Seat 1: frazerchi (big blind) folded before Flop
Seat 2: Agrotait (button) (small blind) collected ($6)


PokerStars Hand #152552952713:  Hold'em Limit ($3/$6 USD) - 2016/04/28 3:21:06 ET
Table 'Dodona' 10-max Seat #1 is the button
Seat 1: frazerchi ($81.57 in chips)
Seat 2: Agrotait ($134.52 in chips)
frazerchi: posts small blind $1
Agrotait: posts big blind $3
*** HOLE CARDS ***
frazerchi: raises $3 to $6
Agrotait: calls $3
*** FLOP *** [Qd 6d Js]
Agrotait: checks
frazerchi: bets $3
Agrotait: folds
Uncalled bet ($3) returned to frazerchi
frazerchi collected $11.76 from pot
frazerchi: doesn't show hand
*** SUMMARY ***
Total pot $12 | Rake $0.24
Board [Qd 6d Js]
Seat 1: frazerchi (button) (small blind) collected ($11.76)
Seat 2: Agrotait (big blind) folded on the Flop


PokerStars Hand #152552958852:  Hold'em Limit ($3/$6 USD) - 2016/04/28 3:21:27 ET
Table 'Dodona' 10-max Seat #2 is the button
Seat 1: frazerchi ($87.33 in chips)
Seat 2: Agrotait ($128.52 in chips)
Agrotait: posts small blind $1
frazerchi: posts big blind $3
*** HOLE CARDS ***
Agrotait: raises $3 to $6
frazerchi: calls $3
*** FLOP *** [6c Jc Ks]
frazerchi: checks
Agrotait: bets $3
frazerchi: folds
Uncalled bet ($3) returned to Agrotait
Agrotait collected $11.76 from pot
Agrotait: doesn't show hand
*** SUMMARY ***
Total pot $12 | Rake $0.24
Board [6c Jc Ks]
Seat 1: frazerchi (big blind) folded on the Flop
Seat 2: Agrotait (button) (small blind) collected ($11.76)


PokerStars Hand #152552963162:  Hold'em Limit ($3/$6 USD) - 2016/04/28 3:21:43 ET
Table 'Dodona' 10-max Seat #1 is the button
Seat 1: frazerchi ($81.33 in chips)
Seat 2: Agrotait ($134.28 in chips)
frazerchi: posts small blind $1
Agrotait: posts big blind $3
*** HOLE CARDS ***
frazerchi: raises $3 to $6
Agrotait: folds
Uncalled bet ($3) returned to frazerchi
frazerchi collected $6 from pot
frazerchi: doesn't show hand
*** SUMMARY ***
Total pot $6 | Rake $0
Seat 1: frazerchi (button) (small blind) collected ($6)
Seat 2: Agrotait (big blind) folded before Flop


PokerStars Hand #152552967448:  Hold'em Limit ($3/$6 USD) - 2016/04/28 3:21:57 ET
Table 'Dodona' 10-max Seat #1 is the button
Seat 1: frazerchi ($81.33 in chips)
Seat 2: Agrotait ($134.28 in chips)
frazerchi: posts small blind $1
Agrotait: posts big blind $3
*** HOLE CARDS ***
frazerchi: folds
Uncalled bet ($2) returned to Agrotait
Agrotait collected $2 from pot
Agrotait: doesn't show hand
*** SUMMARY ***
Total pot $2 | Rake $0
Seat 1: frazerchi (button) (small blind) folded before Flop
Seat 2: Agrotait (big blind) collected ($2)


PokerStars Hand #152552969230:  Hold'em Limit ($3/$6 USD) - 2016/04/28 3:22:03 ET
Table 'Dodona' 10-max Seat #2 is the button
Seat 1: frazerchi ($80.33 in chips)
Seat 2: Agrotait ($135.28 in chips)
Agrotait: posts small blind $1
frazerchi: posts big blind $3
*** HOLE CARDS ***
VolkovDmitri leaves the table
Agrotait: raises $3 to $6
frazerchi: raises $3 to $9
Agrotait: calls $3
*** FLOP *** [8d 4d 9d]
frazerchi: bets $3
Agrotait: folds
Uncalled bet ($3) returned to frazerchi
frazerchi collected $17.64 from pot
frazerchi: doesn't show hand
*** SUMMARY ***
Total pot $18 | Rake $0.36
Board [8d 4d 9d]
Seat 1: frazerchi (big blind) collected ($17.64)
Seat 2: Agrotait (button) (small blind) folded on the Flop


PokerStars Hand #152552974374:  Hold'em Limit ($3/$6 USD) - 2016/04/28 3:22:21 ET
Table 'Dodona' 10-max Seat #1 is the button
Seat 1: frazerchi ($88.97 in chips)
Seat 2: Agrotait ($126.28 in chips)
frazerchi: posts small blind $1
Agrotait: posts big blind $3
*** HOLE CARDS ***
frazerchi: raises $3 to $6
Agrotait: calls $3
*** FLOP *** [2d 2h Jd]
Agrotait: checks
frazerchi: checks
*** TURN *** [2d 2h Jd] [9d]
Agrotait: bets $6
frazerchi: calls $6
*** RIVER *** [2d 2h Jd 9d] [5d]
Agrotait: checks
frazerchi: bets $6
Agrotait: folds
Uncalled bet ($6) returned to frazerchi
frazerchi collected $23.52 from pot
frazerchi: doesn't show hand
*** SUMMARY ***
Total pot $24 | Rake $0.48
Board [2d 2h Jd 9d 5d]
Seat 1: frazerchi (button) (small blind) collected ($23.52)
Seat 2: Agrotait (big blind) folded on the River


PokerStars Hand #152552987013:  Hold'em Limit ($3/$6 USD) - 2016/04/28 3:23:05 ET
Table 'Dodona' 10-max Seat #2 is the button
Seat 1: frazerchi ($100.49 in chips)
Seat 2: Agrotait ($114.28 in chips)
Agrotait: posts small blind $1
frazerchi: posts big blind $3
*** HOLE CARDS ***
Agrotait: folds
Uncalled bet ($2) returned to frazerchi
frazerchi collected $2 from pot
frazerchi: doesn't show hand
*** SUMMARY ***
Total pot $2 | Rake $0
Seat 1: frazerchi (big blind) collected ($2)
Seat 2: Agrotait (button) (small blind) folded before Flop


PokerStars Hand #152552991707:  Hold'em Limit ($3/$6 USD) - 2016/04/28 3:23:21 ET
Table 'Dodona' 10-max Seat #1 is the button
Seat 1: frazerchi ($101.49 in chips)
Seat 2: Agrotait ($113.28 in chips)
frazerchi: posts small blind $1
Agrotait: posts big blind $3
*** HOLE CARDS ***
frazerchi: raises $3 to $6
Agrotait: raises $3 to $9
frazerchi: calls $3
*** FLOP *** [6c 7d 2s]
Agrotait: bets $3
frazerchi: calls $3
*** TURN *** [6c 7d 2s] [Ac]
Agrotait: bets $6
frazerchi: calls $6
*** RIVER *** [6c 7d 2s Ac] [7h]
Agrotait: checks
frazerchi: bets $6
Agrotait: calls $6
*** SHOW DOWN ***
frazerchi: shows [Ts 8d] (a pair of Sevens)
Agrotait: shows [5c 5h] (two pair, Sevens and Fives)
Agrotait collected $47.50 from pot
*** SUMMARY ***
Total pot $48 | Rake $0.50
Board [6c 7d 2s Ac 7h]
Seat 1: frazerchi (button) (small blind) showed [Ts 8d] and lost with a pair of Sevens
Seat 2: Agrotait (big blind) showed [5c 5h] and won ($47.50) with two pair, Sevens and Fives


PokerStars Hand #152553000805:  Hold'em Limit ($3/$6 USD) - 2016/04/28 3:23:53 ET
Table 'Dodona' 10-max Seat #2 is the button
Seat 1: frazerchi ($77.49 in chips)
Seat 2: Agrotait ($136.78 in chips)
Agrotait: posts small blind $1
frazerchi: posts big blind $3
*** HOLE CARDS ***
Agrotait: raises $3 to $6
frazerchi: calls $3
*** FLOP *** [Kc Qd 4c]
frazerchi: checks
Agrotait: bets $3
frazerchi: calls $3
*** TURN *** [Kc Qd 4c] [6s]
frazerchi: checks
Agrotait: checks
*** RIVER *** [Kc Qd 4c 6s] [9c]
frazerchi: bets $6
Agrotait: calls $6
*** SHOW DOWN ***
frazerchi: shows [As 4h] (a pair of Fours)
Agrotait: shows [6d Th] (a pair of Sixes)
Agrotait collected $29.50 from pot
*** SUMMARY ***
Total pot $30 | Rake $0.50
Board [Kc Qd 4c 6s 9c]
Seat 1: frazerchi (big blind) showed [As 4h] and lost with a pair of Fours
Seat 2: Agrotait (button) (small blind) showed [6d Th] and won ($29.50) with a pair of Sixes


PokerStars Hand #152553013219:  Hold'em Limit ($3/$6 USD) - 2016/04/28 3:24:37 ET
Table 'Dodona' 10-max Seat #1 is the button
Seat 1: frazerchi ($62.49 in chips)
Seat 2: Agrotait ($151.28 in chips)
frazerchi: posts small blind $1
Agrotait: posts big blind $3
*** HOLE CARDS ***
frazerchi: calls $2
Agrotait: checks
*** FLOP *** [2d 4d 6h]
Agrotait: bets $3
frazerchi: calls $3
*** TURN *** [2d 4d 6h] [Jd]
Agrotait: bets $6
frazerchi: calls $6
*** RIVER *** [2d 4d 6h Jd] [8d]
Agrotait: checks
frazerchi: bets $6
Agrotait: calls $6
*** SHOW DOWN ***
frazerchi: shows [3h 2h] (a pair of Deuces)
Agrotait: shows [Ts 6d] (a flush, Jack high)
Agrotait collected $35.50 from pot
*** SUMMARY ***
Total pot $36 | Rake $0.50
Board [2d 4d 6h Jd 8d]
Seat 1: frazerchi (button) (small blind) showed [3h 2h] and lost with a pair of Deuces
Seat 2: Agrotait (big blind) showed [Ts 6d] and won ($35.50) with a flush, Jack high


PokerStars Hand #152553025473:  Hold'em Limit ($3/$6 USD) - 2016/04/28 3:25:20 ET
Table 'Dodona' 10-max Seat #2 is the button
Seat 1: frazerchi ($44.49 in chips)
Seat 2: Agrotait ($168.78 in chips)
Agrotait: posts small blind $1
frazerchi: posts big blind $3
*** HOLE CARDS ***
Agrotait: folds
Uncalled bet ($2) returned to frazerchi
frazerchi collected $2 from pot
frazerchi: doesn't show hand
*** SUMMARY ***
Total pot $2 | Rake $0
Seat 1: frazerchi (big blind) collected ($2)
Seat 2: Agrotait (button) (small blind) folded before Flop


PokerStars Hand #152553027868:  Hold'em Limit ($3/$6 USD) - 2016/04/28 3:25:28 ET
Table 'Dodona' 10-max Seat #1 is the button
Seat 1: frazerchi ($45.49 in chips)
Seat 2: Agrotait ($167.78 in chips)
frazerchi: posts small blind $1
Agrotait: posts big blind $3
*** HOLE CARDS ***
frazerchi: folds
Uncalled bet ($2) returned to Agrotait
Agrotait collected $2 from pot
Agrotait: doesn't show hand
*** SUMMARY ***
Total pot $2 | Rake $0
Seat 1: frazerchi (button) (small blind) folded before Flop
Seat 2: Agrotait (big blind) collected ($2)


PokerStars Hand #152553029506:  Hold'em Limit ($3/$6 USD) - 2016/04/28 3:25:34 ET
Table 'Dodona' 10-max Seat #2 is the button
Seat 1: frazerchi ($44.49 in chips)
Seat 2: Agrotait ($168.78 in chips)
Agrotait: posts small blind $1
frazerchi: posts big blind $3
*** HOLE CARDS ***
Agrotait: raises $3 to $6
frazerchi: folds
Uncalled bet ($3) returned to Agrotait
Agrotait collected $6 from pot
Agrotait: doesn't show hand
*** SUMMARY ***
Total pot $6 | Rake $0
Seat 1: frazerchi (big blind) folded before Flop
Seat 2: Agrotait (button) (small blind) collected ($6)


PokerStars Hand #152553031890:  Hold'em Limit ($3/$6 USD) - 2016/04/28 3:25:42 ET
Table 'Dodona' 10-max Seat #1 is the button
Seat 1: frazerchi ($41.49 in chips)
Seat 2: Agrotait ($171.78 in chips)
frazerchi: posts small blind $1
Agrotait: posts big blind $3
*** HOLE CARDS ***
frazerchi: calls $2
Agrotait: checks
*** FLOP *** [Qd Ac 9h]
Agrotait: bets $3
frazerchi: folds
Uncalled bet ($3) returned to Agrotait
Agrotait collected $5.88 from pot
Agrotait: doesn't show hand
*** SUMMARY ***
Total pot $6 | Rake $0.12
Board [Qd Ac 9h]
Seat 1: frazerchi (button) (small blind) folded on the Flop
Seat 2: Agrotait (big blind) collected ($5.88)


PokerStars Hand #152553041160:  Hold'em Limit ($3/$6 USD) - 2016/04/28 3:26:14 ET
Table 'Dodona' 10-max Seat #2 is the button
Seat 1: frazerchi ($38.49 in chips)
Seat 2: Agrotait ($174.66 in chips)
Agrotait: posts small blind $1
frazerchi: posts big blind $3
*** HOLE CARDS ***
Agrotait: folds
Uncalled bet ($2) returned to frazerchi
frazerchi collected $2 from pot
frazerchi: doesn't show hand
*** SUMMARY ***
Total pot $2 | Rake $0
Seat 1: frazerchi (big blind) collected ($2)
Seat 2: Agrotait (button) (small blind) folded before Flop


PokerStars Hand #152553044812:  Hold'em Limit ($3/$6 USD) - 2016/04/28 3:26:27 ET
Table 'Dodona' 10-max Seat #1 is the button
Seat 1: frazerchi ($39.49 in chips)
Seat 2: Agrotait ($173.66 in chips)
frazerchi: posts small blind $1
Agrotait: posts big blind $3
*** HOLE CARDS ***
frazerchi: folds
Uncalled bet ($2) returned to Agrotait
Agrotait collected $2 from pot
Agrotait: doesn't show hand
*** SUMMARY ***
Total pot $2 | Rake $0
Seat 1: frazerchi (button) (small blind) folded before Flop
Seat 2: Agrotait (big blind) collected ($2)


PokerStars Hand #152553046419:  Hold'em Limit ($3/$6 USD) - 2016/04/28 3:26:32 ET
Table 'Dodona' 10-max Seat #2 is the button
Seat 1: frazerchi ($38.49 in chips)
Seat 2: Agrotait ($174.66 in chips)
Agrotait: posts small blind $1
frazerchi: posts big blind $3
*** HOLE CARDS ***
Agrotait: raises $3 to $6
frazerchi: folds
Uncalled bet ($3) returned to Agrotait
Agrotait collected $6 from pot
Agrotait: doesn't show hand
*** SUMMARY ***
Total pot $6 | Rake $0
Seat 1: frazerchi (big blind) folded before Flop
Seat 2: Agrotait (button) (small blind) collected ($6)


PokerStars Hand #152553051735:  Hold'em Limit ($3/$6 USD) - 2016/04/28 3:26:51 ET
Table 'Dodona' 10-max Seat #1 is the button
Seat 1: frazerchi ($35.49 in chips)
Seat 2: Agrotait ($177.66 in chips)
frazerchi: posts small blind $1
Agrotait: posts big blind $3
*** HOLE CARDS ***
frazerchi: raises $3 to $6
Agrotait: raises $3 to $9
frazerchi: calls $3
*** FLOP *** [4c Td 4s]
Agrotait: bets $3
frazerchi: calls $3
*** TURN *** [4c Td 4s] [4h]
Agrotait: bets $6
frazerchi: calls $6
*** RIVER *** [4c Td 4s 4h] [7d]
Agrotait: bets $6
frazerchi: calls $6
*** SHOW DOWN ***
Agrotait: shows [9s 9d] (a full house, Fours full of Nines)
frazerchi: mucks hand
Agrotait collected $47.50 from pot
*** SUMMARY ***
Total pot $48 | Rake $0.50
Board [4c Td 4s 4h 7d]
Seat 1: frazerchi (button) (small blind) mucked
Seat 2: Agrotait (big blind) showed [9s 9d] and won ($47.50) with a full house, Fours full of Nines


PokerStars Hand #152553059764:  Hold'em Limit ($3/$6 USD) - 2016/04/28 3:27:19 ET
Table 'Dodona' 10-max Seat #2 is the button
Seat 1: frazerchi ($11.49 in chips)
Seat 2: Agrotait ($201.16 in chips)
Agrotait: posts small blind $1
frazerchi: posts big blind $3
*** HOLE CARDS ***
Agrotait: raises $3 to $6
frazerchi: folds
Uncalled bet ($3) returned to Agrotait
Agrotait collected $6 from pot
Agrotait: doesn't show hand
*** SUMMARY ***
Total pot $6 | Rake $0
Seat 1: frazerchi (big blind) folded before Flop
Seat 2: Agrotait (button) (small blind) collected ($6)


PokerStars Hand #152553061625:  Hold'em Limit ($3/$6 USD) - 2016/04/28 3:27:25 ET
Table 'Dodona' 10-max Seat #1 is the button
Seat 1: frazerchi ($8.49 in chips)
Seat 2: Agrotait ($204.16 in chips)
frazerchi: posts small blind $1
Agrotait: posts big blind $3
*** HOLE CARDS ***
frazerchi: raises $3 to $6
Agrotait: calls $3
*** FLOP *** [6c Ts 5s]
Agrotait: checks
frazerchi: bets $2.49 and is all-in
Agrotait: calls $2.49
*** TURN *** [6c Ts 5s] [As]
*** RIVER *** [6c Ts 5s As] [Js]
*** SHOW DOWN ***
Agrotait: shows [8c Td] (a pair of Tens)
frazerchi: shows [Qs 4c] (a flush, Ace high)
frazerchi collected $16.64 from pot
*** SUMMARY ***
Total pot $16.98 | Rake $0.34
Board [6c Ts 5s As Js]
Seat 1: frazerchi (button) (small blind) showed [Qs 4c] and won ($16.64) with a flush, Ace high
Seat 2: Agrotait (big blind) showed [8c Td] and lost with a pair of Tens


PokerStars Hand #152553070466:  Hold'em Limit ($3/$6 USD) - 2016/04/28 3:27:57 ET
Table 'Dodona' 10-max Seat #2 is the button
Seat 1: frazerchi ($16.64 in chips)
Seat 2: Agrotait ($195.67 in chips)
Agrotait: posts small blind $1
frazerchi: posts big blind $3
*** HOLE CARDS ***
Agrotait: raises $3 to $6
frazerchi: folds
Uncalled bet ($3) returned to Agrotait
Agrotait collected $6 from pot
Agrotait: doesn't show hand
*** SUMMARY ***
Total pot $6 | Rake $0
Seat 1: frazerchi (big blind) folded before Flop
Seat 2: Agrotait (button) (small blind) collected ($6)


PokerStars Hand #152553074068:  Hold'em Limit ($3/$6 USD) - 2016/04/28 3:28:09 ET
Table 'Dodona' 10-max Seat #1 is the button
Seat 1: frazerchi ($13.64 in chips)
Seat 2: Agrotait ($198.67 in chips)
frazerchi: posts small blind $1
Agrotait: posts big blind $3
*** HOLE CARDS ***
frazerchi: raises $3 to $6
Agrotait: raises $3 to $9
frazerchi: raises $3 to $12
Betting is capped
Agrotait: calls $3
*** FLOP *** [Jc Jd Qh]
Agrotait: checks
frazerchi: bets $1.64 and is all-in
Agrotait: calls $1.64
*** TURN *** [Jc Jd Qh] [Th]
*** RIVER *** [Jc Jd Qh Th] [6c]
*** SHOW DOWN ***
Agrotait: shows [9d 9h] (two pair, Jacks and Nines)
frazerchi: shows [Ad Kh] (a straight, Ten to Ace)
frazerchi collected $26.78 from pot
*** SUMMARY ***
Total pot $27.28 | Rake $0.50
Board [Jc Jd Qh Th 6c]
Seat 1: frazerchi (button) (small blind) showed [Ad Kh] and won ($26.78) with a straight, Ten to Ace
Seat 2: Agrotait (big blind) showed [9d 9h] and lost with two pair, Jacks and Nines


PokerStars Hand #152553080831:  Hold'em Limit ($3/$6 USD) - 2016/04/28 3:28:33 ET
Table 'Dodona' 10-max Seat #2 is the button
Seat 1: frazerchi ($26.78 in chips)
Seat 2: Agrotait ($185.03 in chips)
Agrotait: posts small blind $1
frazerchi: posts big blind $3
*** HOLE CARDS ***
Agrotait: raises $3 to $6
frazerchi: calls $3
*** FLOP *** [4c 8d Ad]
frazerchi: checks
Agrotait: bets $3
frazerchi: calls $3
*** TURN *** [4c 8d Ad] [Js]
frazerchi: checks
Agrotait: bets $6
frazerchi: folds
Uncalled bet ($6) returned to Agrotait
Agrotait collected $17.64 from pot
Agrotait: doesn't show hand
*** SUMMARY ***
Total pot $18 | Rake $0.36
Board [4c 8d Ad Js]
Seat 1: frazerchi (big blind) folded on the Turn
Seat 2: Agrotait (button) (small blind) collected ($17.64)


PokerStars Hand #152553087671:  Hold'em Limit ($3/$6 USD) - 2016/04/28 3:28:57 ET
Table 'Dodona' 10-max Seat #1 is the button
Seat 1: frazerchi ($17.78 in chips)
Seat 2: Agrotait ($193.67 in chips)
frazerchi: posts small blind $1
Agrotait: posts big blind $3
*** HOLE CARDS ***
frazerchi: raises $3 to $6
Agrotait: calls $3
*** FLOP *** [6s Th Tc]
Agrotait: checks
frazerchi: bets $3
Agrotait: folds
Uncalled bet ($3) returned to frazerchi
frazerchi collected $11.76 from pot
frazerchi: doesn't show hand
*** SUMMARY ***
Total pot $12 | Rake $0.24
Board [6s Th Tc]
Seat 1: frazerchi (button) (small blind) collected ($11.76)
Seat 2: Agrotait (big blind) folded on the Flop


PokerStars Hand #152553102046:  Hold'em Limit ($3/$6 USD) - 2016/04/28 3:29:47 ET
Table 'Dodona' 10-max Seat #2 is the button
Seat 1: frazerchi ($23.54 in chips)
Seat 2: Agrotait ($187.67 in chips)
Agrotait: posts small blind $1
frazerchi: posts big blind $3
*** HOLE CARDS ***
Agrotait: folds
Uncalled bet ($2) returned to frazerchi
frazerchi collected $2 from pot
frazerchi: doesn't show hand
*** SUMMARY ***
Total pot $2 | Rake $0
Seat 1: frazerchi (big blind) collected ($2)
Seat 2: Agrotait (button) (small blind) folded before Flop


PokerStars Hand #152553118599:  Hold'em Limit ($3/$6 USD) - 2016/04/28 3:30:44 ET
Table 'Dodona' 10-max Seat #1 is the button
Seat 1: frazerchi ($46.04 in chips)
Seat 2: Agrotait ($164.67 in chips)
frazerchi: posts small blind $1
Agrotait: posts big blind $3
*** HOLE CARDS ***
frazerchi: folds
Uncalled bet ($2) returned to Agrotait
Agrotait collected $2 from pot
Agrotait: doesn't show hand
*** SUMMARY ***
Total pot $2 | Rake $0
Seat 1: frazerchi (button) (small blind) folded before Flop
Seat 2: Agrotait (big blind) collected ($2)


PokerStars Hand #152553116766:  Hold'em Limit ($3/$6 USD) - 2016/04/28 3:30:38 ET
Table 'Dodona' 10-max Seat #2 is the button
Seat 1: frazerchi ($45.04 in chips)
Seat 2: Agrotait ($165.67 in chips)
Agrotait: posts small blind $1
frazerchi: posts big blind $3
*** HOLE CARDS ***
Agrotait: folds
Uncalled bet ($2) returned to frazerchi
frazerchi collected $2 from pot
frazerchi: doesn't show hand
*** SUMMARY ***
Total pot $2 | Rake $0
Seat 1: frazerchi (big blind) collected ($2)
Seat 2: Agrotait (button) (small blind) folded before Flop


PokerStars Hand #152553120084:  Hold'em Limit ($3/$6 USD) - 2016/04/28 3:30:50 ET
Table 'Dodona' 10-max Seat #2 is the button
Seat 1: frazerchi ($45.04 in chips)
Seat 2: Agrotait ($165.67 in chips)
Agrotait: posts small blind $1
frazerchi: posts big blind $3
*** HOLE CARDS ***
Agrotait: raises $3 to $6
frazerchi: calls $3
*** FLOP *** [Qs Jd 9c]
frazerchi: checks
Agrotait: bets $3
frazerchi: calls $3
*** TURN *** [Qs Jd 9c] [6c]
frazerchi: checks
Agrotait: bets $6
frazerchi: raises $6 to $12
Agrotait: calls $6
*** RIVER *** [Qs Jd 9c 6c] [2s]
frazerchi: bets $6
Agrotait: calls $6
*** SHOW DOWN ***
frazerchi: shows [9h Js] (two pair, Jacks and Nines)
Agrotait: mucks hand
frazerchi collected $53.50 from pot
*** SUMMARY ***
Total pot $54 | Rake $0.50
Board [Qs Jd 9c 6c 2s]
Seat 1: frazerchi (big blind) showed [9h Js] and won ($53.50) with two pair, Jacks and Nines
Seat 2: Agrotait (button) (small blind) mucked


PokerStars Hand #152553137435:  Hold'em Limit ($3/$6 USD) - 2016/04/28 3:31:29 ET
Table 'Dodona' 10-max Seat #1 is the button
Seat 1: frazerchi ($71.54 in chips)
Seat 2: Agrotait ($138.67 in chips)
frazerchi: posts small blind $1
Agrotait: posts big blind $3
*** HOLE CARDS ***
frazerchi: raises $3 to $6
Agrotait: raises $3 to $9
frazerchi: calls $3
*** FLOP *** [7s Ks Qh]
Agrotait: bets $3
frazerchi: calls $3
*** TURN *** [7s Ks Qh] [Js]
Agrotait: bets $6
frazerchi: calls $6
*** RIVER *** [7s Ks Qh Js] [Tc]
frazerchi said, "lol"
Agrotait: bets $6
frazerchi: calls $6
*** SHOW DOWN ***
Agrotait: shows [Ac Ts] (a straight, Ten to Ace)
frazerchi: shows [2h Ah] (a straight, Ten to Ace)
Agrotait collected $23.75 from pot
frazerchi collected $23.75 from pot
*** SUMMARY ***
Total pot $48 | Rake $0.50
Board [7s Ks Qh Js Tc]
Seat 1: frazerchi (button) (small blind) showed [2h Ah] and won ($23.75) with a straight, Ten to Ace
Seat 2: Agrotait (big blind) showed [Ac Ts] and won ($23.75) with a straight, Ten to Ace


PokerStars Hand #152553149666:  Hold'em Limit ($3/$6 USD) - 2016/04/28 3:32:11 ET
Table 'Dodona' 10-max Seat #2 is the button
Seat 1: frazerchi ($71.29 in chips)
Seat 2: Agrotait ($138.42 in chips)
Agrotait: posts small blind $1
frazerchi: posts big blind $3
*** HOLE CARDS ***
Agrotait: raises $3 to $6
frazerchi: calls $3
*** FLOP *** [Kh Kc 4c]
frazerchi: checks
Agrotait: bets $3
frazerchi: calls $3
*** TURN *** [Kh Kc 4c] [6c]
frazerchi: checks
Agrotait: checks
*** RIVER *** [Kh Kc 4c 6c] [8s]
frazerchi: checks
Agrotait: checks
*** SHOW DOWN ***
frazerchi: shows [9d Jd] (a pair of Kings)
Agrotait: mucks hand
frazerchi collected $17.64 from pot
*** SUMMARY ***
Total pot $18 | Rake $0.36
Board [Kh Kc 4c 6c 8s]
Seat 1: frazerchi (big blind) showed [9d Jd] and won ($17.64) with a pair of Kings
Seat 2: Agrotait (button) (small blind) mucked


PokerStars Hand #152553156857:  Hold'em Limit ($3/$6 USD) - 2016/04/28 3:32:36 ET
Table 'Dodona' 10-max Seat #1 is the button
Seat 1: frazerchi ($79.93 in chips)
Seat 2: Agrotait ($129.42 in chips)
frazerchi: posts small blind $1
Agrotait: posts big blind $3
*** HOLE CARDS ***
frazerchi: folds
Uncalled bet ($2) returned to Agrotait
Agrotait collected $2 from pot
Agrotait: doesn't show hand
*** SUMMARY ***
Total pot $2 | Rake $0
Seat 1: frazerchi (button) (small blind) folded before Flop
Seat 2: Agrotait (big blind) collected ($2)


PokerStars Hand #152553159166:  Hold'em Limit ($3/$6 USD) - 2016/04/28 3:32:44 ET
Table 'Dodona' 10-max Seat #2 is the button
Seat 1: frazerchi ($78.93 in chips)
Seat 2: Agrotait ($130.42 in chips)
Agrotait: posts small blind $1
frazerchi: posts big blind $3
*** HOLE CARDS ***
Agrotait: raises $3 to $6
frazerchi: calls $3
*** FLOP *** [4d 9h Kd]
frazerchi: checks
Agrotait: bets $3
frazerchi: folds
Uncalled bet ($3) returned to Agrotait
Agrotait collected $11.76 from pot
Agrotait: doesn't show hand
*** SUMMARY ***
Total pot $12 | Rake $0.24
Board [4d 9h Kd]
Seat 1: frazerchi (big blind) folded on the Flop
Seat 2: Agrotait (button) (small blind) collected ($11.76)


PokerStars Hand #152553163439:  Hold'em Limit ($3/$6 USD) - 2016/04/28 3:32:59 ET
Table 'Dodona' 10-max Seat #1 is the button
Seat 1: frazerchi ($72.93 in chips)
Seat 2: Agrotait ($136.18 in chips)
frazerchi: posts small blind $1
Agrotait: posts big blind $3
*** HOLE CARDS ***
frazerchi: folds
Uncalled bet ($2) returned to Agrotait
Agrotait collected $2 from pot
Agrotait: doesn't show hand
*** SUMMARY ***
Total pot $2 | Rake $0
Seat 1: frazerchi (button) (small blind) folded before Flop
Seat 2: Agrotait (big blind) collected ($2)


PokerStars Hand #152553175668:  Hold'em Limit ($3/$6 USD) - 2016/04/28 3:33:41 ET
Table 'Dodona' 10-max Seat #1 is the button
Seat 1: frazerchi ($101.43 in chips)
Seat 2: Agrotait ($107.18 in chips)
frazerchi: posts small blind $1
Agrotait: posts big blind $3
*** HOLE CARDS ***
frazerchi: folds
Uncalled bet ($2) returned to Agrotait
Agrotait collected $2 from pot
Agrotait: doesn't show hand
frazerchi said, "lol"
*** SUMMARY ***
Total pot $2 | Rake $0
Seat 1: frazerchi (button) (small blind) folded before Flop
Seat 2: Agrotait (big blind) collected ($2)


PokerStars Hand #152553164954:  Hold'em Limit ($3/$6 USD) - 2016/04/28 3:33:04 ET
Table 'Dodona' 10-max Seat #2 is the button
Seat 1: frazerchi ($71.93 in chips)
Seat 2: Agrotait ($137.18 in chips)
Agrotait: posts small blind $1
frazerchi: posts big blind $3
*** HOLE CARDS ***
Agrotait: raises $3 to $6
frazerchi: calls $3
*** FLOP *** [Ks 7s 2c]
frazerchi: checks
Agrotait: bets $3
frazerchi: raises $3 to $6
Agrotait: calls $3
*** TURN *** [Ks 7s 2c] [Qc]
frazerchi: bets $6
Agrotait: raises $6 to $12
frazerchi: calls $6
*** RIVER *** [Ks 7s 2c Qc] [Jh]
MTails joins the table at seat #10
frazerchi: checks
Agrotait: bets $6
frazerchi: calls $6
*** SHOW DOWN ***
Agrotait: shows [5c 3c] (high card King)
frazerchi: shows [8h Qh] (a pair of Queens)
frazerchi collected $59.50 from pot
*** SUMMARY ***
Total pot $60 | Rake $0.50
Board [Ks 7s 2c Qc Jh]
Seat 1: frazerchi (big blind) showed [8h Qh] and won ($59.50) with a pair of Queens
Seat 2: Agrotait (button) (small blind) showed [5c 3c] and lost with high card King


PokerStars Hand #152553713997:  Hold'em Limit ($3/$6 USD) - 2016/04/28 4:04:02 ET
Table 'Dodona' 10-max Seat #4 is the button
Seat 3: stasschi ($52.14 in chips)
Seat 4: SirRomanov ($123.05 in chips)
SirRomanov: posts small blind $1
tangxueke: is sitting out
MTails: is sitting out
stasschi: posts big blind $3
*** HOLE CARDS ***
SirRomanov: folds
Uncalled bet ($2) returned to stasschi
stasschi collected $2 from pot
*** SUMMARY ***
Total pot $2 | Rake $0
Seat 3: stasschi (big blind) collected ($2)
Seat 4: SirRomanov (button) (small blind) folded before Flop


PokerStars Hand #152553728365:  Hold'em Limit ($3/$6 USD) - 2016/04/28 4:04:48 ET
Table 'Dodona' 10-max Seat #4 is the button
Seat 3: stasschi ($60.64 in chips)
Seat 4: SirRomanov ($113.69 in chips)
SirRomanov: posts small blind $1
stasschi: posts big blind $3
*** HOLE CARDS ***
SirRomanov: folds
Uncalled bet ($2) returned to stasschi
stasschi collected $2 from pot
*** SUMMARY ***
Total pot $2 | Rake $0
Seat 3: stasschi (big blind) collected ($2)
Seat 4: SirRomanov (button) (small blind) folded before Flop


PokerStars Hand #152553726848:  Hold'em Limit ($3/$6 USD) - 2016/04/28 4:04:43 ET
Table 'Dodona' 10-max Seat #3 is the button
Seat 3: stasschi ($61.64 in chips)
Seat 4: SirRomanov ($112.69 in chips)
stasschi: posts small blind $1
SirRomanov: posts big blind $3
*** HOLE CARDS ***
stasschi: folds
Uncalled bet ($2) returned to SirRomanov
SirRomanov collected $2 from pot
SirRomanov: doesn't show hand
*** SUMMARY ***
Total pot $2 | Rake $0
Seat 3: stasschi (button) (small blind) folded before Flop
Seat 4: SirRomanov (big blind) collected ($2)


PokerStars Hand #152553716719:  Hold'em Limit ($3/$6 USD) - 2016/04/28 4:04:10 ET
Table 'Dodona' 10-max Seat #3 is the button
Seat 3: stasschi ($53.14 in chips)
Seat 4: SirRomanov ($122.05 in chips)
stasschi: posts small blind $1
SirRomanov: posts big blind $3
*** HOLE CARDS ***
MTails leaves the table
stasschi: raises $3 to $6
SirRomanov: raises $3 to $9
stasschi: calls $3
*** FLOP *** [5d Ah 3h]
SirRomanov: bets $3
stasschi: folds
Uncalled bet ($3) returned to SirRomanov
SirRomanov collected $17.64 from pot
SirRomanov: doesn't show hand
*** SUMMARY ***
Total pot $18 | Rake $0.36
Board [5d Ah 3h]
Seat 3: stasschi (button) (small blind) folded on the Flop
Seat 4: SirRomanov (big blind) collected ($17.64)


PokerStars Hand #152553720478:  Hold'em Limit ($3/$6 USD) - 2016/04/28 4:04:23 ET
Table 'Dodona' 10-max Seat #4 is the button
Seat 3: stasschi ($44.14 in chips)
Seat 4: SirRomanov ($130.69 in chips)
SirRomanov: posts small blind $1
stasschi: posts big blind $3
*** HOLE CARDS ***
SirRomanov: raises $3 to $6
stasschi: calls $3
*** FLOP *** [7s 3d 2c]
stasschi: checks
SirRomanov: bets $3
stasschi: raises $3 to $6
SirRomanov: calls $3
*** TURN *** [7s 3d 2c] [5h]
stasschi: bets $6
SirRomanov: calls $6
*** RIVER *** [7s 3d 2c 5h] [5d]
stasschi: bets $6
SirRomanov: folds
Uncalled bet ($6) returned to stasschi
stasschi collected $35.50 from pot
*** SUMMARY ***
Total pot $36 | Rake $0.50
Board [7s 3d 2c 5h 5d]
Seat 3: stasschi (big blind) collected ($35.50)
Seat 4: SirRomanov (button) (small blind) folded on the River


PokerStars Hand #152553729681:  Hold'em Limit ($3/$6 USD) - 2016/04/28 4:04:52 ET
Table 'Dodona' 10-max Seat #3 is the button
Seat 3: stasschi ($61.64 in chips)
Seat 4: SirRomanov ($112.69 in chips)
stasschi: posts small blind $1
SirRomanov: posts big blind $3
*** HOLE CARDS ***
stasschi: raises $3 to $6
SirRomanov: calls $3
*** FLOP *** [2c 2h 4s]
SirRomanov: checks
stasschi: bets $3
SirRomanov: raises $3 to $6
stasschi: calls $3
*** TURN *** [2c 2h 4s] [5d]
SirRomanov: bets $6
stasschi: calls $6
*** RIVER *** [2c 2h 4s 5d] [6s]
SirRomanov: bets $6
stasschi: folds
Uncalled bet ($6) returned to SirRomanov
SirRomanov collected $35.50 from pot
SirRomanov: doesn't show hand
*** SUMMARY ***
Total pot $36 | Rake $0.50
Board [2c 2h 4s 5d 6s]
Seat 3: stasschi (button) (small blind) folded on the River
Seat 4: SirRomanov (big blind) collected ($35.50)


PokerStars Hand #152553747490:  Hold'em Limit ($3/$6 USD) - 2016/04/28 4:05:49 ET
Table 'Dodona' 10-max Seat #4 is the button
Seat 3: stasschi ($40.16 in chips)
Seat 4: SirRomanov ($132.69 in chips)
SirRomanov: posts small blind $1
stasschi: posts big blind $3
*** HOLE CARDS ***
SirRomanov: raises $3 to $6
stasschi: folds
Uncalled bet ($3) returned to SirRomanov
SirRomanov collected $6 from pot
SirRomanov: doesn't show hand
*** SUMMARY ***
Total pot $6 | Rake $0
Seat 3: stasschi (big blind) folded before Flop
Seat 4: SirRomanov (button) (small blind) collected ($6)


PokerStars Hand #152553742115:  Hold'em Limit ($3/$6 USD) - 2016/04/28 4:05:32 ET
Table 'Dodona' 10-max Seat #3 is the button
Seat 3: stasschi ($55.16 in chips)
Seat 4: SirRomanov ($118.19 in chips)
stasschi: posts small blind $1
SirRomanov: posts big blind $3
*** HOLE CARDS ***
stasschi: raises $3 to $6
SirRomanov: calls $3
*** FLOP *** [Ts 6c 8h]
SirRomanov: checks
stasschi: bets $3
SirRomanov: calls $3
*** TURN *** [Ts 6c 8h] [Jd]
SirRomanov: checks
stasschi: checks
*** RIVER *** [Ts 6c 8h Jd] [2c]
SirRomanov: bets $6
stasschi: calls $6
*** SHOW DOWN ***
SirRomanov: shows [9c 7d] (a straight, Seven to Jack)
stasschi: mucks hand
SirRomanov collected $29.50 from pot
*** SUMMARY ***
Total pot $30 | Rake $0.50
Board [Ts 6c 8h Jd 2c]
Seat 3: stasschi (button) (small blind) mucked
Seat 4: SirRomanov (big blind) showed [9c 7d] and won ($29.50) with a straight, Seven to Jack


PokerStars Hand #152553736533:  Hold'em Limit ($3/$6 USD) - 2016/04/28 4:05:14 ET
Table 'Dodona' 10-max Seat #4 is the button
Seat 3: stasschi ($43.64 in chips)
Seat 4: SirRomanov ($130.19 in chips)
SirRomanov: posts small blind $1
stasschi: posts big blind $3
*** HOLE CARDS ***
SirRomanov: raises $3 to $6
stasschi: calls $3
*** FLOP *** [2d 7c 9d]
stasschi: checks
SirRomanov: bets $3
stasschi: raises $3 to $6
SirRomanov: calls $3
*** TURN *** [2d 7c 9d] [2h]
stasschi: bets $6
SirRomanov: folds
Uncalled bet ($6) returned to stasschi
stasschi collected $23.52 from pot
*** SUMMARY ***
Total pot $24 | Rake $0.48
Board [2d 7c 9d 2h]
Seat 3: stasschi (big blind) collected ($23.52)
Seat 4: SirRomanov (button) (small blind) folded on the Turn


PokerStars Hand #152553763085:  Hold'em Limit ($3/$6 USD) - 2016/04/28 4:06:39 ET
Table 'Dodona' 10-max Seat #4 is the button
Seat 3: stasschi ($45.56 in chips)
Seat 4: SirRomanov ($126.45 in chips)
SirRomanov: posts small blind $1
stasschi: posts big blind $3
*** HOLE CARDS ***
SirRomanov: folds
Uncalled bet ($2) returned to stasschi
stasschi collected $2 from pot
*** SUMMARY ***
Total pot $2 | Rake $0
Seat 3: stasschi (big blind) collected ($2)
Seat 4: SirRomanov (button) (small blind) folded before Flop


PokerStars Hand #152553758309:  Hold'em Limit ($3/$6 USD) - 2016/04/28 4:06:24 ET
Table 'Dodona' 10-max Seat #3 is the button
Seat 3: stasschi ($42.68 in chips)
Seat 4: SirRomanov ($129.45 in chips)
stasschi: posts small blind $1
SirRomanov: posts big blind $3
*** HOLE CARDS ***
stasschi: calls $2
SirRomanov: checks
*** FLOP *** [Qs 5c 5d]
SirRomanov: checks
stasschi: checks
*** TURN *** [Qs 5c 5d] [7h]
SirRomanov: checks
stasschi: checks
*** RIVER *** [Qs 5c 5d 7h] [6d]
SirRomanov: checks
stasschi: bets $6
SirRomanov: folds
Uncalled bet ($6) returned to stasschi
stasschi collected $5.88 from pot
*** SUMMARY ***
Total pot $6 | Rake $0.12
Board [Qs 5c 5d 7h 6d]
Seat 3: stasschi (button) (small blind) collected ($5.88)
Seat 4: SirRomanov (big blind) folded on the River


PokerStars Hand #152553749814:  Hold'em Limit ($3/$6 USD) - 2016/04/28 4:05:57 ET
Table 'Dodona' 10-max Seat #3 is the button
Seat 3: stasschi ($37.16 in chips)
Seat 4: SirRomanov ($135.69 in chips)
stasschi: posts small blind $1
SirRomanov: posts big blind $3
*** HOLE CARDS ***
stasschi: raises $3 to $6
SirRomanov: calls $3
*** FLOP *** [Td 4d Kc]
SirRomanov: checks
stasschi: checks
*** TURN *** [Td 4d Kc] [Jc]
SirRomanov: checks
stasschi: checks
*** RIVER *** [Td 4d Kc Jc] [4h]
SirRomanov: bets $6
stasschi: folds
Uncalled bet ($6) returned to SirRomanov
SirRomanov collected $11.76 from pot
SirRomanov: doesn't show hand
*** SUMMARY ***
Total pot $12 | Rake $0.24
Board [Td 4d Kc Jc 4h]
Seat 3: stasschi (button) (small blind) folded on the River
Seat 4: SirRomanov (big blind) collected ($11.76)


PokerStars Hand #152553764317:  Hold'em Limit ($3/$6 USD) - 2016/04/28 4:06:43 ET
Table 'Dodona' 10-max Seat #3 is the button
Seat 3: stasschi ($46.56 in chips)
Seat 4: SirRomanov ($125.45 in chips)
stasschi: posts small blind $1
SirRomanov: posts big blind $3
*** HOLE CARDS ***
stasschi: raises $3 to $6
SirRomanov: calls $3
*** FLOP *** [4h 8s 6h]
SirRomanov: checks
stasschi: bets $3
SirRomanov: folds
Uncalled bet ($3) returned to stasschi
stasschi collected $11.76 from pot
*** SUMMARY ***
Total pot $12 | Rake $0.24
Board [4h 8s 6h]
Seat 3: stasschi (button) (small blind) collected ($11.76)
Seat 4: SirRomanov (big blind) folded on the Flop


PokerStars Hand #152553753898:  Hold'em Limit ($3/$6 USD) - 2016/04/28 4:06:10 ET
Table 'Dodona' 10-max Seat #4 is the button
Seat 3: stasschi ($31.16 in chips)
Seat 4: SirRomanov ($141.45 in chips)
SirRomanov: posts small blind $1
stasschi: posts big blind $3
*** HOLE CARDS ***
SirRomanov: raises $3 to $6
stasschi: calls $3
*** FLOP *** [Kd Qh Ah]
stasschi: checks
SirRomanov: checks
*** TURN *** [Kd Qh Ah] [2s]
stasschi: bets $6
SirRomanov: calls $6
*** RIVER *** [Kd Qh Ah 2s] [8h]
stasschi: checks
SirRomanov: checks
*** SHOW DOWN ***
stasschi: shows [9s Kc] (a pair of Kings)
SirRomanov: mucks hand
stasschi collected $23.52 from pot
*** SUMMARY ***
Total pot $24 | Rake $0.48
Board [Kd Qh Ah 2s 8h]
Seat 3: stasschi (big blind) showed [9s Kc] and won ($23.52) with a pair of Kings
Seat 4: SirRomanov (button) (small blind) mucked


PokerStars Hand #152553786271:  Hold'em Limit ($3/$6 USD) - 2016/04/28 4:07:52 ET
Table 'Dodona' 10-max Seat #4 is the button
Seat 3: stasschi ($44.82 in chips)
Seat 4: SirRomanov ($125.71 in chips)
SirRomanov: posts small blind $1
stasschi: posts big blind $3
*** HOLE CARDS ***
SirRomanov: folds
Uncalled bet ($2) returned to stasschi
stasschi collected $2 from pot
*** SUMMARY ***
Total pot $2 | Rake $0
Seat 3: stasschi (big blind) collected ($2)
Seat 4: SirRomanov (button) (small blind) folded before Flop


PokerStars Hand #152553781280:  Hold'em Limit ($3/$6 USD) - 2016/04/28 4:07:36 ET
Table 'Dodona' 10-max Seat #3 is the button
Seat 3: stasschi ($24.32 in chips)
Seat 4: SirRomanov ($146.71 in chips)
stasschi: posts small blind $1
SirRomanov: posts big blind $3
*** HOLE CARDS ***
stasschi: raises $3 to $6
SirRomanov: calls $3
*** FLOP *** [9h 7h Kd]
SirRomanov: checks
stasschi: bets $3
SirRomanov: calls $3
*** TURN *** [9h 7h Kd] [Jc]
SirRomanov: checks
stasschi: bets $6
SirRomanov: calls $6
*** RIVER *** [9h 7h Kd Jc] [4c]
SirRomanov: checks
stasschi: bets $6
SirRomanov: calls $6
*** SHOW DOWN ***
stasschi: shows [Qc Th] (a straight, Nine to King)
SirRomanov: mucks hand
stasschi collected $41.50 from pot
*** SUMMARY ***
Total pot $42 | Rake $0.50
Board [9h 7h Kd Jc 4c]
Seat 3: stasschi (button) (small blind) showed [Qc Th] and won ($41.50) with a straight, Nine to King
Seat 4: SirRomanov (big blind) mucked


PokerStars Hand #152553767555:  Hold'em Limit ($3/$6 USD) - 2016/04/28 4:06:53 ET
Table 'Dodona' 10-max Seat #4 is the button
Seat 3: stasschi ($52.32 in chips)
Seat 4: SirRomanov ($119.45 in chips)
SirRomanov: posts small blind $1
stasschi: posts big blind $3
*** HOLE CARDS ***
SirRomanov: raises $3 to $6
stasschi: calls $3
*** FLOP *** [3d 5d 8h]
stasschi: checks
SirRomanov: bets $3
stasschi: calls $3
*** TURN *** [3d 5d 8h] [Td]
stasschi: checks
SirRomanov: bets $6
stasschi: calls $6
*** RIVER *** [3d 5d 8h Td] [5c]
stasschi: checks
SirRomanov: bets $6
stasschi: calls $6
*** SHOW DOWN ***
SirRomanov: shows [Ks 5h] (three of a kind, Fives)
stasschi: mucks hand
SirRomanov collected $41.50 from pot
*** SUMMARY ***
Total pot $42 | Rake $0.50
Board [3d 5d 8h Td 5c]
Seat 3: stasschi (big blind) mucked
Seat 4: SirRomanov (button) (small blind) showed [Ks 5h] and won ($41.50) with three of a kind, Fives


PokerStars Hand #152553787521:  Hold'em Limit ($3/$6 USD) - 2016/04/28 4:07:56 ET
Table 'Dodona' 10-max Seat #3 is the button
Seat 3: stasschi ($45.82 in chips)
Seat 4: SirRomanov ($124.71 in chips)
stasschi: posts small blind $1
SirRomanov: posts big blind $3
*** HOLE CARDS ***
stasschi: raises $3 to $6
SirRomanov: folds
Uncalled bet ($3) returned to stasschi
stasschi collected $6 from pot
*** SUMMARY ***
Total pot $6 | Rake $0
Seat 3: stasschi (button) (small blind) collected ($6)
Seat 4: SirRomanov (big blind) folded before Flop


PokerStars Hand #152553777923:  Hold'em Limit ($3/$6 USD) - 2016/04/28 4:07:26 ET
Table 'Dodona' 10-max Seat #4 is the button
Seat 3: stasschi ($30.32 in chips)
Seat 4: SirRomanov ($140.95 in chips)
SirRomanov: posts small blind $1
stasschi: posts big blind $3
*** HOLE CARDS ***
SirRomanov: raises $3 to $6
stasschi: calls $3
*** FLOP *** [2s Jd As]
stasschi: checks
SirRomanov: bets $3
stasschi: folds
Uncalled bet ($3) returned to SirRomanov
SirRomanov collected $11.76 from pot
SirRomanov: doesn't show hand
*** SUMMARY ***
Total pot $12 | Rake $0.24
Board [2s Jd As]
Seat 3: stasschi (big blind) folded on the Flop
Seat 4: SirRomanov (button) (small blind) collected ($11.76)


PokerStars Hand #152553799696:  Hold'em Limit ($3/$6 USD) - 2016/04/28 4:08:34 ET
Table 'Dodona' 10-max Seat #3 is the button
Seat 3: stasschi ($87.32 in chips)
Seat 4: SirRomanov ($82.71 in chips)
stasschi: posts small blind $1
SirRomanov: posts big blind $3
*** HOLE CARDS ***
stasschi: raises $3 to $6
SirRomanov: calls $3
*** FLOP *** [9h 7d 7c]
SirRomanov: checks
stasschi: bets $3
SirRomanov: folds
Uncalled bet ($3) returned to stasschi
stasschi collected $11.76 from pot
*** SUMMARY ***
Total pot $12 | Rake $0.24
Board [9h 7d 7c]
Seat 3: stasschi (button) (small blind) collected ($11.76)
Seat 4: SirRomanov (big blind) folded on the Flop


PokerStars Hand #152553789244:  Hold'em Limit ($3/$6 USD) - 2016/04/28 4:08:01 ET
Table 'Dodona' 10-max Seat #4 is the button
Seat 3: stasschi ($48.82 in chips)
Seat 4: SirRomanov ($121.71 in chips)
SirRomanov: posts small blind $1
stasschi: posts big blind $3
*** HOLE CARDS ***
SirRomanov: raises $3 to $6
stasschi: calls $3
*** FLOP *** [6d Ks 4h]
stasschi: checks
SirRomanov: bets $3
stasschi: calls $3
*** TURN *** [6d Ks 4h] [Kh]
stasschi: checks
SirRomanov: bets $6
stasschi: raises $6 to $12
SirRomanov: raises $6 to $18
stasschi: calls $6
*** RIVER *** [6d Ks 4h Kh] [5h]
stasschi: checks
SirRomanov: bets $6
stasschi: raises $6 to $12
SirRomanov: calls $6
*** SHOW DOWN ***
stasschi: shows [9h 7h] (a flush, King high)
SirRomanov: mucks hand
stasschi collected $77.50 from pot
*** SUMMARY ***
Total pot $78 | Rake $0.50
Board [6d Ks 4h Kh 5h]
Seat 3: stasschi (big blind) showed [9h 7h] and won ($77.50) with a flush, King high
Seat 4: SirRomanov (button) (small blind) mucked


PokerStars Hand #152553804440:  Hold'em Limit ($3/$6 USD) - 2016/04/28 4:08:49 ET
Table 'Dodona' 10-max Seat #4 is the button
Seat 3: stasschi ($93.08 in chips)
Seat 4: SirRomanov ($76.71 in chips)
SirRomanov: posts small blind $1
stasschi: posts big blind $3
*** HOLE CARDS ***
SirRomanov: raises $3 to $6
stasschi: calls $3
*** FLOP *** [9h 8d 3c]
stasschi: checks
SirRomanov: bets $3
stasschi: calls $3
*** TURN *** [9h 8d 3c] [Kc]
stasschi: checks
SirRomanov: bets $6
stasschi: folds
Uncalled bet ($6) returned to SirRomanov
SirRomanov collected $17.64 from pot
SirRomanov: doesn't show hand
*** SUMMARY ***
Total pot $18 | Rake $0.36
Board [9h 8d 3c Kc]
Seat 3: stasschi (big blind) folded on the Turn
Seat 4: SirRomanov (button) (small blind) collected ($17.64)


PokerStars Hand #152553824105:  Hold'em Limit ($3/$6 USD) - 2016/04/28 4:09:50 ET
Table 'Dodona' 10-max Seat #3 is the button
Seat 3: stasschi ($42.08 in chips)
Seat 4: SirRomanov ($126.49 in chips)
stasschi: posts small blind $1
SirRomanov: posts big blind $3
*** HOLE CARDS ***
stasschi: raises $3 to $6
SirRomanov: calls $3
*** FLOP *** [Ks 6h 5c]
SirRomanov: checks
stasschi: bets $3
SirRomanov: calls $3
*** TURN *** [Ks 6h 5c] [7c]
SirRomanov: checks
stasschi: checks
*** RIVER *** [Ks 6h 5c 7c] [2d]
SirRomanov: checks
stasschi: checks
*** SHOW DOWN ***
SirRomanov: shows [Ac 3d] (high card Ace)
stasschi: shows [Ah Td] (high card Ace - King+Ten kicker)
stasschi collected $17.64 from pot
*** SUMMARY ***
Total pot $18 | Rake $0.36
Board [Ks 6h 5c 7c 2d]
Seat 3: stasschi (button) (small blind) showed [Ah Td] and won ($17.64) with high card Ace
Seat 4: SirRomanov (big blind) showed [Ac 3d] and lost with high card Ace


PokerStars Hand #152553813716:  Hold'em Limit ($3/$6 USD) - 2016/04/28 4:09:18 ET
Table 'Dodona' 10-max Seat #4 is the button
Seat 3: stasschi ($75.08 in chips)
Seat 4: SirRomanov ($93.99 in chips)
SirRomanov: posts small blind $1
stasschi: posts big blind $3
*** HOLE CARDS ***
SirRomanov: raises $3 to $6
stasschi: calls $3
*** FLOP *** [7d 5c 7c]
stasschi: checks
SirRomanov: bets $3
stasschi: calls $3
*** TURN *** [7d 5c 7c] [2h]
stasschi: checks
SirRomanov: bets $6
stasschi: raises $6 to $12
SirRomanov: raises $6 to $18
stasschi: calls $6
*** RIVER *** [7d 5c 7c 2h] [2d]
stasschi: checks
SirRomanov: bets $6
stasschi: calls $6
*** SHOW DOWN ***
SirRomanov: shows [5s 5h] (a full house, Fives full of Sevens)
stasschi: mucks hand
SirRomanov collected $65.50 from pot
*** SUMMARY ***
Total pot $66 | Rake $0.50
Board [7d 5c 7c 2h 2d]
Seat 3: stasschi (big blind) mucked
Seat 4: SirRomanov (button) (small blind) showed [5s 5h] and won ($65.50) with a full house, Fives full of Sevens


PokerStars Hand #152553809594:  Hold'em Limit ($3/$6 USD) - 2016/04/28 4:09:05 ET
Table 'Dodona' 10-max Seat #3 is the button
Seat 3: stasschi ($84.08 in chips)
Seat 4: SirRomanov ($85.35 in chips)
stasschi: posts small blind $1
SirRomanov: posts big blind $3
*** HOLE CARDS ***
stasschi: raises $3 to $6
SirRomanov: calls $3
*** FLOP *** [2h Kd Th]
SirRomanov: checks
stasschi: bets $3
SirRomanov: raises $3 to $6
stasschi: folds
Uncalled bet ($3) returned to SirRomanov
SirRomanov collected $17.64 from pot
SirRomanov: doesn't show hand
*** SUMMARY ***
Total pot $18 | Rake $0.36
Board [2h Kd Th]
Seat 3: stasschi (button) (small blind) folded on the Flop
Seat 4: SirRomanov (big blind) collected ($17.64)


PokerStars Hand #152553829048:  Hold'em Limit ($3/$6 USD) - 2016/04/28 4:10:06 ET
Table 'Dodona' 10-max Seat #4 is the button
Seat 3: stasschi ($50.72 in chips)
Seat 4: SirRomanov ($117.49 in chips)
SirRomanov: posts small blind $1
stasschi: posts big blind $3
*** HOLE CARDS ***
SirRomanov: raises $3 to $6
stasschi: raises $3 to $9
SirRomanov: calls $3
*** FLOP *** [Qc 6d 6h]
stasschi: bets $3
SirRomanov: folds
Uncalled bet ($3) returned to stasschi
stasschi collected $17.64 from pot
*** SUMMARY ***
Total pot $18 | Rake $0.36
Board [Qc 6d 6h]
Seat 3: stasschi (big blind) collected ($17.64)
Seat 4: SirRomanov (button) (small blind) folded on the Flop


PokerStars Hand #152553837462:  Hold'em Limit ($3/$6 USD) - 2016/04/28 4:10:32 ET
Table 'Dodona' 10-max Seat #3 is the button
Seat 3: stasschi ($66.12 in chips)
Seat 4: SirRomanov ($101.49 in chips)
stasschi: posts small blind $1
SirRomanov: posts big blind $3
*** HOLE CARDS ***
stasschi: folds
Uncalled bet ($2) returned to SirRomanov
SirRomanov collected $2 from pot
SirRomanov: doesn't show hand
*** SUMMARY ***
Total pot $2 | Rake $0
Seat 3: stasschi (button) (small blind) folded before Flop
Seat 4: SirRomanov (big blind) collected ($2)


PokerStars Hand #152553836171:  Hold'em Limit ($3/$6 USD) - 2016/04/28 4:10:28 ET
Table 'Dodona' 10-max Seat #4 is the button
Seat 3: stasschi ($65.12 in chips)
Seat 4: SirRomanov ($102.49 in chips)
SirRomanov: posts small blind $1
stasschi: posts big blind $3
*** HOLE CARDS ***
SirRomanov: folds
Uncalled bet ($2) returned to stasschi
stasschi collected $2 from pot
*** SUMMARY ***
Total pot $2 | Rake $0
Seat 3: stasschi (big blind) collected ($2)
Seat 4: SirRomanov (button) (small blind) folded before Flop


PokerStars Hand #152553831956:  Hold'em Limit ($3/$6 USD) - 2016/04/28 4:10:15 ET
Table 'Dodona' 10-max Seat #3 is the button
Seat 3: stasschi ($59.36 in chips)
Seat 4: SirRomanov ($108.49 in chips)
stasschi: posts small blind $1
SirRomanov: posts big blind $3
*** HOLE CARDS ***
stasschi: raises $3 to $6
SirRomanov: calls $3
*** FLOP *** [6s Ts Kd]
SirRomanov: checks
stasschi: checks
*** TURN *** [6s Ts Kd] [Kh]
SirRomanov: checks
stasschi: checks
*** RIVER *** [6s Ts Kd Kh] [7c]
SirRomanov: checks
stasschi: checks
*** SHOW DOWN ***
SirRomanov: shows [4d Qc] (a pair of Kings)
stasschi: shows [2s Ad] (a pair of Kings - Ace kicker)
stasschi collected $11.76 from pot
*** SUMMARY ***
Total pot $12 | Rake $0.24
Board [6s Ts Kd Kh 7c]
Seat 3: stasschi (button) (small blind) showed [2s Ad] and won ($11.76) with a pair of Kings
Seat 4: SirRomanov (big blind) showed [4d Qc] and lost with a pair of Kings


PokerStars Hand #152553839027:  Hold'em Limit ($3/$6 USD) - 2016/04/28 4:10:38 ET
Table 'Dodona' 10-max Seat #4 is the button
Seat 3: stasschi ($65.12 in chips)
Seat 4: SirRomanov ($102.49 in chips)
SirRomanov: posts small blind $1
stasschi: posts big blind $3
*** HOLE CARDS ***
SirRomanov: raises $3 to $6
stasschi: calls $3
*** FLOP *** [2s 6c 3c]
stasschi: checks
SirRomanov: checks
*** TURN *** [2s 6c 3c] [2h]
stasschi: checks
SirRomanov: checks
*** RIVER *** [2s 6c 3c 2h] [Qs]
stasschi: checks
SirRomanov: bets $6
stasschi: folds
Uncalled bet ($6) returned to SirRomanov
SirRomanov collected $11.76 from pot
SirRomanov: doesn't show hand
*** SUMMARY ***
Total pot $12 | Rake $0.24
Board [2s 6c 3c 2h Qs]
Seat 3: stasschi (big blind) folded on the River
Seat 4: SirRomanov (button) (small blind) collected ($11.76)


PokerStars Hand #152553863718:  Hold'em Limit ($3/$6 USD) - 2016/04/28 4:11:55 ET
Table 'Dodona' 10-max Seat #3 is the button
Seat 3: stasschi ($49.64 in chips)
Seat 4: SirRomanov ($116.51 in chips)
stasschi: posts small blind $1
SirRomanov: posts big blind $3
*** HOLE CARDS ***
stasschi: raises $3 to $6
SirRomanov: folds
Uncalled bet ($3) returned to stasschi
stasschi collected $6 from pot
*** SUMMARY ***
Total pot $6 | Rake $0
Seat 3: stasschi (button) (small blind) collected ($6)
Seat 4: SirRomanov (big blind) folded before Flop


PokerStars Hand #152553857033:  Hold'em Limit ($3/$6 USD) - 2016/04/28 4:11:34 ET
Table 'Dodona' 10-max Seat #3 is the button
Seat 3: stasschi ($38.12 in chips)
Seat 4: SirRomanov ($128.51 in chips)
stasschi: posts small blind $1
SirRomanov: posts big blind $3
*** HOLE CARDS ***
stasschi: raises $3 to $6
SirRomanov: calls $3
*** FLOP *** [9s 8s 8h]
SirRomanov: checks
stasschi: bets $3
SirRomanov: folds
Uncalled bet ($3) returned to stasschi
stasschi collected $11.76 from pot
*** SUMMARY ***
Total pot $12 | Rake $0.24
Board [9s 8s 8h]
Seat 3: stasschi (button) (small blind) collected ($11.76)
Seat 4: SirRomanov (big blind) folded on the Flop


PokerStars Hand #152553853476:  Hold'em Limit ($3/$6 USD) - 2016/04/28 4:11:23 ET
Table 'Dodona' 10-max Seat #4 is the button
Seat 3: stasschi ($44.12 in chips)
Seat 4: SirRomanov ($122.75 in chips)
SirRomanov: posts small blind $1
stasschi: posts big blind $3
*** HOLE CARDS ***
SirRomanov: raises $3 to $6
stasschi: calls $3
*** FLOP *** [3h 4h 8d]
stasschi: checks
SirRomanov: bets $3
stasschi: folds
Uncalled bet ($3) returned to SirRomanov
SirRomanov collected $11.76 from pot
SirRomanov: doesn't show hand
*** SUMMARY ***
Total pot $12 | Rake $0.24
Board [3h 4h 8d]
Seat 3: stasschi (big blind) folded on the Flop
Seat 4: SirRomanov (button) (small blind) collected ($11.76)


PokerStars Hand #152553851869:  Hold'em Limit ($3/$6 USD) - 2016/04/28 4:11:18 ET
Table 'Dodona' 10-max Seat #3 is the button
Seat 3: stasschi ($45.12 in chips)
Seat 4: SirRomanov ($121.75 in chips)
stasschi: posts small blind $1
SirRomanov: posts big blind $3
*** HOLE CARDS ***
stasschi: folds
Uncalled bet ($2) returned to SirRomanov
SirRomanov collected $2 from pot
SirRomanov: doesn't show hand
*** SUMMARY ***
Total pot $2 | Rake $0
Seat 3: stasschi (button) (small blind) folded before Flop
Seat 4: SirRomanov (big blind) collected ($2)


PokerStars Hand #152553850460:  Hold'em Limit ($3/$6 USD) - 2016/04/28 4:11:14 ET
Table 'Dodona' 10-max Seat #4 is the button
Seat 3: stasschi ($44.12 in chips)
Seat 4: SirRomanov ($122.75 in chips)
SirRomanov: posts small blind $1
stasschi: posts big blind $3
*** HOLE CARDS ***
SirRomanov: folds
Uncalled bet ($2) returned to stasschi
stasschi collected $2 from pot
*** SUMMARY ***
Total pot $2 | Rake $0
Seat 3: stasschi (big blind) collected ($2)
Seat 4: SirRomanov (button) (small blind) folded before Flop


PokerStars Hand #152553844744:  Hold'em Limit ($3/$6 USD) - 2016/04/28 4:10:55 ET
Table 'Dodona' 10-max Seat #3 is the button
Seat 3: stasschi ($59.12 in chips)
Seat 4: SirRomanov ($108.25 in chips)
stasschi: posts small blind $1
SirRomanov: posts big blind $3
*** HOLE CARDS ***
stasschi: raises $3 to $6
SirRomanov: calls $3
*** FLOP *** [Ts 7d 6c]
SirRomanov: checks
stasschi: bets $3
SirRomanov: calls $3
*** TURN *** [Ts 7d 6c] [2c]
SirRomanov: checks
stasschi: checks
*** RIVER *** [Ts 7d 6c 2c] [Th]
SirRomanov: bets $6
stasschi: calls $6
*** SHOW DOWN ***
SirRomanov: shows [9h 7c] (two pair, Tens and Sevens)
stasschi: mucks hand
SirRomanov collected $29.50 from pot
*** SUMMARY ***
Total pot $30 | Rake $0.50
Board [Ts 7d 6c 2c Th]
Seat 3: stasschi (button) (small blind) mucked
Seat 4: SirRomanov (big blind) showed [9h 7c] and won ($29.50) with two pair, Tens and Sevens


PokerStars Hand #152553860014:  Hold'em Limit ($3/$6 USD) - 2016/04/28 4:11:43 ET
Table 'Dodona' 10-max Seat #4 is the button
Seat 3: stasschi ($43.88 in chips)
Seat 4: SirRomanov ($122.51 in chips)
SirRomanov: posts small blind $1
stasschi: posts big blind $3
*** HOLE CARDS ***
SirRomanov: raises $3 to $6
stasschi: calls $3
*** FLOP *** [4d 5s 9d]
stasschi: checks
SirRomanov: checks
*** TURN *** [4d 5s 9d] [2c]
stasschi: bets $6
SirRomanov: folds
Uncalled bet ($6) returned to stasschi
stasschi collected $11.76 from pot
*** SUMMARY ***
Total pot $12 | Rake $0.24
Board [4d 5s 9d 2c]
Seat 3: stasschi (big blind) collected ($11.76)
Seat 4: SirRomanov (button) (small blind) folded on the Turn


PokerStars Hand #152553877937:  Hold'em Limit ($3/$6 USD) - 2016/04/28 4:12:40 ET
Table 'Dodona' 10-max Seat #3 is the button
Seat 3: stasschi ($26.64 in chips)
Seat 4: SirRomanov ($138.53 in chips)
stasschi: posts small blind $1
SirRomanov: posts big blind $3
*** HOLE CARDS ***
stasschi: raises $3 to $6
SirRomanov: calls $3
*** FLOP *** [Ah 2d 6c]
SirRomanov: checks
stasschi: bets $3
SirRomanov: raises $3 to $6
stasschi: calls $3
*** TURN *** [Ah 2d 6c] [Qh]
SirRomanov: bets $6
stasschi: calls $6
*** RIVER *** [Ah 2d 6c Qh] [4c]
SirRomanov: bets $6
stasschi: calls $6
*** SHOW DOWN ***
SirRomanov: shows [As 7s] (a pair of Aces)
stasschi: mucks hand
SirRomanov collected $47.50 from pot
stasschi leaves the table
*** SUMMARY ***
Total pot $48 | Rake $0.50
Board [Ah 2d 6c Qh 4c]
Seat 3: stasschi (button) (small blind) mucked
Seat 4: SirRomanov (big blind) showed [As 7s] and won ($47.50) with a pair of Aces


PokerStars Hand #152553876702:  Hold'em Limit ($3/$6 USD) - 2016/04/28 4:12:36 ET
Table 'Dodona' 10-max Seat #4 is the button
Seat 3: stasschi ($25.64 in chips)
Seat 4: SirRomanov ($139.53 in chips)
SirRomanov: posts small blind $1
stasschi: posts big blind $3
*** HOLE CARDS ***
SirRomanov: folds
Uncalled bet ($2) returned to stasschi
stasschi collected $2 from pot
*** SUMMARY ***
Total pot $2 | Rake $0
Seat 3: stasschi (big blind) collected ($2)
Seat 4: SirRomanov (button) (small blind) folded before Flop


PokerStars Hand #152553871969:  Hold'em Limit ($3/$6 USD) - 2016/04/28 4:12:21 ET
Table 'Dodona' 10-max Seat #3 is the button
Seat 3: stasschi ($37.64 in chips)
Seat 4: SirRomanov ($128.01 in chips)
stasschi: posts small blind $1
SirRomanov: posts big blind $3
*** HOLE CARDS ***
stasschi: raises $3 to $6
SirRomanov: calls $3
*** FLOP *** [3c 4c 6h]
SirRomanov: checks
stasschi: bets $3
SirRomanov: raises $3 to $6
stasschi: calls $3
*** TURN *** [3c 4c 6h] [2s]
SirRomanov: bets $6
stasschi: folds
Uncalled bet ($6) returned to SirRomanov
SirRomanov collected $23.52 from pot
SirRomanov: doesn't show hand
*** SUMMARY ***
Total pot $24 | Rake $0.48
Board [3c 4c 6h 2s]
Seat 3: stasschi (button) (small blind) folded on the Turn
Seat 4: SirRomanov (big blind) collected ($23.52)


PokerStars Hand #152553865476:  Hold'em Limit ($3/$6 USD) - 2016/04/28 4:12:01 ET
Table 'Dodona' 10-max Seat #4 is the button
Seat 3: stasschi ($52.64 in chips)
Seat 4: SirRomanov ($113.51 in chips)
SirRomanov: posts small blind $1
stasschi: posts big blind $3
*** HOLE CARDS ***
SirRomanov: raises $3 to $6
stasschi: calls $3
*** FLOP *** [3d 5h 7d]
stasschi: checks
SirRomanov: bets $3
stasschi: calls $3
*** TURN *** [3d 5h 7d] [9h]
stasschi: checks
SirRomanov: bets $6
stasschi: calls $6
*** RIVER *** [3d 5h 7d 9h] [Jc]
stasschi: checks
SirRomanov: bets $6
stasschi: folds
Uncalled bet ($6) returned to SirRomanov
SirRomanov collected $29.50 from pot
SirRomanov: doesn't show hand
*** SUMMARY ***
Total pot $30 | Rake $0.50
Board [3d 5h 7d 9h Jc]
Seat 3: stasschi (big blind) folded on the River
Seat 4: SirRomanov (button) (small blind) collected ($29.50)


