PokerStars Hand #166230351870:  Hold'em Limit ($3/$6 USD) - 2017/02/14 22:39:22 ET
Table 'Dolios' 6-max Seat #1 is the button
Seat 1: LifeisagameX ($84 in chips)
Seat 4: samy198529 ($120 in chips)
LifeisagameX: posts small blind $1
samy198529: posts big blind $3
*** HOLE CARDS ***
AzureCaper joins the table at seat #5
LifeisagameX: raises $3 to $6
samy198529: calls $3
*** FLOP *** [Qc 3d 5c]
samy198529: checks
LifeisagameX: bets $3
samy198529: raises $3 to $6
LifeisagameX: calls $3
*** TURN *** [Qc 3d 5c] [Kd]
samy198529: bets $6
LifeisagameX: calls $6
*** RIVER *** [Qc 3d 5c Kd] [9h]
samy198529: bets $6
LifeisagameX: raises $6 to $12
samy198529: folds
Uncalled bet ($6) returned to LifeisagameX
Fabulous108 joins the table at seat #2
LifeisagameX collected $47.50 from pot
LifeisagameX: doesn't show hand
*** SUMMARY ***
Total pot $48 | Rake $0.50
Board [Qc 3d 5c Kd 9h]
Seat 1: LifeisagameX (button) (small blind) collected ($47.50)
Seat 4: samy198529 (big blind) folded on the River


PokerStars Hand #166233486265:  Hold'em Limit ($3/$6 USD) - 2017/02/15 1:45:58 ET
Table 'Dolios' 6-max Seat #1 is the button
Seat 1: Speed2008 ($83.46 in chips)
Seat 6: happyshine88 ($55.64 in chips)
Speed2008: posts small blind $1
DePokeraap: is sitting out
happyshine88: posts big blind $3
*** HOLE CARDS ***
DePokeraap leaves the table
Speed2008: folds
Uncalled bet ($2) returned to happyshine88
happyshine88 collected $2 from pot
happyshine88: doesn't show hand
*** SUMMARY ***
Total pot $2 | Rake $0
Seat 1: Speed2008 (button) (small blind) folded before Flop
Seat 6: happyshine88 (big blind) collected ($2)


PokerStars Hand #166233502723:  Hold'em Limit ($3/$6 USD) - 2017/02/15 1:46:59 ET
Table 'Dolios' 6-max Seat #6 is the button
Seat 3: shawnm20 ($239.32 in chips)
Seat 6: happyshine88 ($56.64 in chips)
happyshine88: posts small blind $1
shawnm20: posts big blind $3
*** HOLE CARDS ***
happyshine88: raises $3 to $6
shawnm20: calls $3
*** FLOP *** [Qh 3s 8h]
shawnm20: checks
happyshine88: bets $3
shawnm20: folds
Uncalled bet ($3) returned to happyshine88
happyshine88 collected $11.76 from pot
happyshine88: doesn't show hand
*** SUMMARY ***
Total pot $12 | Rake $0.24
Board [Qh 3s 8h]
Seat 3: shawnm20 (big blind) folded on the Flop
Seat 6: happyshine88 (button) (small blind) collected ($11.76)


PokerStars Hand #166233501481:  Hold'em Limit ($3/$6 USD) - 2017/02/15 1:46:55 ET
Table 'Dolios' 6-max Seat #3 is the button
Seat 3: shawnm20 ($240.32 in chips)
Seat 6: happyshine88 ($55.64 in chips)
shawnm20: posts small blind $1
happyshine88: posts big blind $3
*** HOLE CARDS ***
shawnm20: folds
Uncalled bet ($2) returned to happyshine88
happyshine88 collected $2 from pot
happyshine88: doesn't show hand
*** SUMMARY ***
Total pot $2 | Rake $0
Seat 3: shawnm20 (button) (small blind) folded before Flop
Seat 6: happyshine88 (big blind) collected ($2)


PokerStars Hand #166233499329:  Hold'em Limit ($3/$6 USD) - 2017/02/15 1:46:47 ET
Table 'Dolios' 6-max Seat #6 is the button
Seat 3: shawnm20 ($239.32 in chips)
Seat 6: happyshine88 ($56.64 in chips)
happyshine88: posts small blind $1
shawnm20: posts big blind $3
*** HOLE CARDS ***
happyshine88: folds
Uncalled bet ($2) returned to shawnm20
shawnm20 collected $2 from pot
*** SUMMARY ***
Total pot $2 | Rake $0
Seat 3: shawnm20 (big blind) collected ($2)
Seat 6: happyshine88 (button) (small blind) folded before Flop


PokerStars Hand #166233527301:  Hold'em Limit ($3/$6 USD) - 2017/02/15 1:48:30 ET
Table 'Dolios' 6-max Seat #3 is the button
Seat 3: shawnm20 ($200.32 in chips)
Seat 6: happyshine88 ($94.40 in chips)
shawnm20: posts small blind $1
happyshine88: posts big blind $3
*** HOLE CARDS ***
shawnm20: folds
Uncalled bet ($2) returned to happyshine88
happyshine88 collected $2 from pot
happyshine88: doesn't show hand
*** SUMMARY ***
Total pot $2 | Rake $0
Seat 3: shawnm20 (button) (small blind) folded before Flop
Seat 6: happyshine88 (big blind) collected ($2)


PokerStars Hand #166233508249:  Hold'em Limit ($3/$6 USD) - 2017/02/15 1:47:20 ET
Table 'Dolios' 6-max Seat #3 is the button
Seat 3: shawnm20 ($233.32 in chips)
Seat 6: happyshine88 ($62.40 in chips)
shawnm20: posts small blind $1
happyshine88: posts big blind $3
*** HOLE CARDS ***
shawnm20: calls $2
happyshine88: checks
*** FLOP *** [3c 2h 5h]
happyshine88: checks
shawnm20: bets $3
happyshine88: raises $3 to $6
shawnm20: calls $3
*** TURN *** [3c 2h 5h] [4h]
happyshine88: checks
shawnm20: checks
*** RIVER *** [3c 2h 5h 4h] [6h]
happyshine88: bets $6
shawnm20: calls $6
*** SHOW DOWN ***
happyshine88: shows [4s Kh] (a flush, King high)
shawnm20: mucks hand
happyshine88 collected $29.50 from pot
*** SUMMARY ***
Total pot $30 | Rake $0.50
Board [3c 2h 5h 4h 6h]
Seat 3: shawnm20 (button) (small blind) mucked
Seat 6: happyshine88 (big blind) showed [4s Kh] and won ($29.50) with a flush, King high


PokerStars Hand #166233517864:  Hold'em Limit ($3/$6 USD) - 2017/02/15 1:47:56 ET
Table 'Dolios' 6-max Seat #6 is the button
Seat 3: shawnm20 ($218.32 in chips)
Seat 6: happyshine88 ($76.90 in chips)
happyshine88: posts small blind $1
shawnm20: posts big blind $3
*** HOLE CARDS ***
happyshine88: raises $3 to $6
shawnm20: calls $3
*** FLOP *** [7h Ts Qh]
shawnm20: checks
happyshine88: checks
*** TURN *** [7h Ts Qh] [Qs]
shawnm20: checks
happyshine88: bets $6
shawnm20: calls $6
*** RIVER *** [7h Ts Qh Qs] [Ks]
shawnm20: checks
happyshine88: bets $6
shawnm20: calls $6
*** SHOW DOWN ***
happyshine88: shows [4c Qd] (three of a kind, Queens)
shawnm20: mucks hand
happyshine88 collected $35.50 from pot
*** SUMMARY ***
Total pot $36 | Rake $0.50
Board [7h Ts Qh Qs Ks]
Seat 3: shawnm20 (big blind) mucked
Seat 6: happyshine88 (button) (small blind) showed [4c Qd] and won ($35.50) with three of a kind, Queens


PokerStars Hand #166233534870:  Hold'em Limit ($3/$6 USD) - 2017/02/15 1:48:58 ET
Table 'Dolios' 6-max Seat #3 is the button
Seat 3: shawnm20 ($193.32 in chips)
Seat 6: happyshine88 ($101.16 in chips)
shawnm20: posts small blind $1
happyshine88: posts big blind $3
*** HOLE CARDS ***
shawnm20: folds
Uncalled bet ($2) returned to happyshine88
happyshine88 collected $2 from pot
happyshine88: doesn't show hand
*** SUMMARY ***
Total pot $2 | Rake $0
Seat 3: shawnm20 (button) (small blind) folded before Flop
Seat 6: happyshine88 (big blind) collected ($2)


PokerStars Hand #166233536473:  Hold'em Limit ($3/$6 USD) - 2017/02/15 1:49:04 ET
Table 'Dolios' 6-max Seat #6 is the button
Seat 3: shawnm20 ($192.32 in chips)
Seat 6: happyshine88 ($102.16 in chips)
happyshine88: posts small blind $1
shawnm20: posts big blind $3
*** HOLE CARDS ***
happyshine88: raises $3 to $6
shawnm20: calls $3
*** FLOP *** [Qd Kd 7c]
shawnm20: checks
happyshine88: checks
*** TURN *** [Qd Kd 7c] [4c]
shawnm20: checks
happyshine88: bets $6
shawnm20: calls $6
*** RIVER *** [Qd Kd 7c 4c] [9d]
shawnm20: checks
fire852181 joins the table at seat #5
happyshine88: checks
*** SHOW DOWN ***
shawnm20: shows [8s 8c] (a pair of Eights)
happyshine88: shows [6c 9h] (a pair of Nines)
happyshine88 collected $23.52 from pot
*** SUMMARY ***
Total pot $24 | Rake $0.48
Board [Qd Kd 7c 4c 9d]
Seat 3: shawnm20 (big blind) showed [8s 8c] and lost with a pair of Eights
Seat 6: happyshine88 (button) (small blind) showed [6c 9h] and won ($23.52) with a pair of Nines


PokerStars Hand #166233528589:  Hold'em Limit ($3/$6 USD) - 2017/02/15 1:48:35 ET
Table 'Dolios' 6-max Seat #6 is the button
Seat 3: shawnm20 ($199.32 in chips)
Seat 6: happyshine88 ($95.40 in chips)
happyshine88: posts small blind $1
shawnm20: posts big blind $3
*** HOLE CARDS ***
happyshine88: raises $3 to $6
shawnm20: calls $3
*** FLOP *** [3s 9c Ad]
shawnm20: checks
happyshine88: checks
*** TURN *** [3s 9c Ad] [Kc]
shawnm20: checks
happyshine88: bets $6
shawnm20: folds
Uncalled bet ($6) returned to happyshine88
happyshine88 collected $11.76 from pot
happyshine88: doesn't show hand
*** SUMMARY ***
Total pot $12 | Rake $0.24
Board [3s 9c Ad Kc]
Seat 3: shawnm20 (big blind) folded on the Turn
Seat 6: happyshine88 (button) (small blind) collected ($11.76)


