PokerStars Hand #144629238853:  Hold'em Limit ($3/$6 USD) - 2015/11/30 16:20:55 ET
Table 'Dolios II' 6-max Seat #3 is the button
Seat 3: GoliafUa ($120 in chips)
Seat 5: baksuzzzzzz ($120 in chips)
GoliafUa: posts small blind $1
baksuzzzzzz: posts big blind $3
*** HOLE CARDS ***
vestimokrec joins the table at seat #6
GoliafUa: raises $3 to $6
baksuzzzzzz: raises $3 to $9
GoliafUa: calls $3
*** FLOP *** [7h 9h 3d]
baksuzzzzzz: bets $3
GoliafUa: calls $3
*** TURN *** [7h 9h 3d] [Jd]
iskambil joins the table at seat #2
baksuzzzzzz: bets $6
GoliafUa: calls $6
*** RIVER *** [7h 9h 3d Jd] [Ah]
baksuzzzzzz: bets $6
GoliafUa: folds
Uncalled bet ($6) returned to baksuzzzzzz
LolDnkaments joins the table at seat #4
baksuzzzzzz collected $35.50 from pot
baksuzzzzzz: doesn't show hand
*** SUMMARY ***
Total pot $36 | Rake $0.50
Board [7h 9h 3d Jd Ah]
Seat 3: GoliafUa (button) (small blind) folded on the River
Seat 5: baksuzzzzzz (big blind) collected ($35.50)


PokerStars Hand #144629314552:  Hold'em Limit ($3/$6 USD) - 2015/11/30 16:22:11 ET
Table 'Dolios II' 6-max Seat #2 is the button
Seat 2: iskambil ($84 in chips)
Seat 4: LolDnkaments ($76 in chips)
Chessnok will be allowed to play after the button
iskambil: posts small blind $1
LolDnkaments: posts big blind $3
*** HOLE CARDS ***
iskambil: raises $3 to $6
LolDnkaments: calls $3
*** FLOP *** [Tc Ah Kh]
LolDnkaments: checks
iskambil: bets $3
LolDnkaments: raises $3 to $6
iskambil: calls $3
*** TURN *** [Tc Ah Kh] [6d]
LolDnkaments: bets $6
iskambil: calls $6
*** RIVER *** [Tc Ah Kh 6d] [Kc]
LolDnkaments: bets $6
iskambil: folds
Uncalled bet ($6) returned to LolDnkaments
LolDnkaments collected $35.50 from pot
LolDnkaments: doesn't show hand
*** SUMMARY ***
Total pot $36 | Rake $0.50
Board [Tc Ah Kh 6d Kc]
Seat 2: iskambil (button) (small blind) folded on the River
Seat 4: LolDnkaments (big blind) collected ($35.50)


PokerStars Hand #144629395317:  Hold'em Limit ($3/$6 USD) - 2015/11/30 16:23:34 ET
Table 'Dolios II' 6-max Seat #4 is the button
Seat 2: iskambil ($62.03 in chips)
Seat 4: LolDnkaments ($90.50 in chips)
LolDnkaments: posts small blind $1
Chessnok: is sitting out
iskambil: posts big blind $3
*** HOLE CARDS ***
LolDnkaments: raises $3 to $6
iskambil: calls $3
*** FLOP *** [9h Ts 5d]
Chessnok leaves the table
iskambil: checks
LolDnkaments: bets $3
iskambil: raises $3 to $6
LolDnkaments: calls $3
*** TURN *** [9h Ts 5d] [Ac]
iskambil: checks
LolDnkaments: checks
*** RIVER *** [9h Ts 5d Ac] [Jh]
iskambil: checks
GoliafUa leaves the table
LolDnkaments: checks
*** SHOW DOWN ***
iskambil: shows [8s 6d] (high card Ace)
LolDnkaments: shows [9s Kc] (a pair of Nines)
LolDnkaments collected $23.52 from pot
*** SUMMARY ***
Total pot $24 | Rake $0.48
Board [9h Ts 5d Ac Jh]
Seat 2: iskambil (big blind) showed [8s 6d] and lost with high card Ace
Seat 4: LolDnkaments (button) (small blind) showed [9s Kc] and won ($23.52) with a pair of Nines


PokerStars Hand #144629419117:  Hold'em Limit ($3/$6 USD) - 2015/11/30 16:23:58 ET
Table 'Dolios II' 6-max Seat #2 is the button
Seat 2: iskambil ($50.03 in chips)
Seat 4: LolDnkaments ($102.02 in chips)
iskambil: posts small blind $1
LolDnkaments: posts big blind $3
*** HOLE CARDS ***
iskambil: raises $3 to $6
LolDnkaments: calls $3
*** FLOP *** [Ad 4d 9d]
LolDnkaments: checks
iskambil: bets $3
LolDnkaments: folds
Uncalled bet ($3) returned to iskambil
iskambil collected $11.76 from pot
*** SUMMARY ***
Total pot $12 | Rake $0.24
Board [Ad 4d 9d]
Seat 2: iskambil (button) (small blind) collected ($11.76)
Seat 4: LolDnkaments (big blind) folded on the Flop


