PokerStars Hand #157894829119:  Hold'em Limit ($3/$6 USD) - 2016/08/29 12:54:54 ET
Table 'Dolios' 6-max Seat #1 is the button
Seat 1: Ag3r0n ($72 in chips)
Seat 2: Muhamed999 ($30 in chips)
Ag3r0n: posts small blind $1
Muhamed999: posts big blind $3
*** HOLE CARDS ***
Ag3r0n: raises $3 to $6
Muhamed999: raises $3 to $9
Ag3r0n: calls $3
*** FLOP *** [9h 7c Kc]
Muhamed999: bets $3
Ag3r0n: calls $3
*** TURN *** [9h 7c Kc] [8s]
Muhamed999: bets $6
Ag3r0n: raises $6 to $12
Muhamed999: raises $6 to $18 and is all-in
Ag3r0n: calls $6
*** RIVER *** [9h 7c Kc 8s] [Ts]
*** SHOW DOWN ***
Muhamed999: shows [Ac Td] (a pair of Tens)
Ag3r0n: shows [Ks Qc] (a pair of Kings)
Ag3r0n collected $59.50 from pot
*** SUMMARY ***
Total pot $60 | Rake $0.50
Board [9h 7c Kc 8s Ts]
Seat 1: Ag3r0n (button) (small blind) showed [Ks Qc] and won ($59.50) with a pair of Kings
Seat 2: Muhamed999 (big blind) showed [Ac Td] and lost with a pair of Tens


PokerStars Hand #157894876927:  Hold'em Limit ($3/$6 USD) - 2016/08/29 12:56:16 ET
Table 'Dolios' 6-max Seat #2 is the button
Seat 1: Ag3r0n ($89.50 in chips)
Seat 2: Muhamed999 ($41.64 in chips)
Muhamed999: posts small blind $1
Ag3r0n: posts big blind $3
*** HOLE CARDS ***
Muhamed999: raises $3 to $6
Ag3r0n: folds
Uncalled bet ($3) returned to Muhamed999
Muhamed999 collected $6 from pot
Muhamed999: doesn't show hand
*** SUMMARY ***
Total pot $6 | Rake $0
Seat 1: Ag3r0n (big blind) folded before Flop
Seat 2: Muhamed999 (button) (small blind) collected ($6)


PokerStars Hand #157894852244:  Hold'em Limit ($3/$6 USD) - 2016/08/29 12:55:31 ET
Table 'Dolios' 6-max Seat #2 is the button
Seat 1: Ag3r0n ($101.50 in chips)
Seat 2: Muhamed999 ($30 in chips)
Muhamed999: posts small blind $1
Ag3r0n: posts big blind $3
*** HOLE CARDS ***
Muhamed999: folds
Uncalled bet ($2) returned to Ag3r0n
Ag3r0n collected $2 from pot
*** SUMMARY ***
Total pot $2 | Rake $0
Seat 1: Ag3r0n (big blind) collected ($2)
Seat 2: Muhamed999 (button) (small blind) folded before Flop


PokerStars Hand #157894859772:  Hold'em Limit ($3/$6 USD) - 2016/08/29 12:55:45 ET
Table 'Dolios' 6-max Seat #2 is the button
Seat 1: Ag3r0n ($101.50 in chips)
Seat 2: Muhamed999 ($30 in chips)
Muhamed999: posts small blind $1
Ag3r0n: posts big blind $3
*** HOLE CARDS ***
Muhamed999: folds
Uncalled bet ($2) returned to Ag3r0n
Ag3r0n collected $2 from pot
*** SUMMARY ***
Total pot $2 | Rake $0
Seat 1: Ag3r0n (big blind) collected ($2)
Seat 2: Muhamed999 (button) (small blind) folded before Flop


PokerStars Hand #157894856448:  Hold'em Limit ($3/$6 USD) - 2016/08/29 12:55:39 ET
Table 'Dolios' 6-max Seat #1 is the button
Seat 1: Ag3r0n ($102.50 in chips)
Seat 2: Muhamed999 ($29 in chips)
Ag3r0n: posts small blind $1
Muhamed999: posts big blind $3
*** HOLE CARDS ***
Ag3r0n: folds
Uncalled bet ($2) returned to Muhamed999
Muhamed999 collected $2 from pot
Muhamed999: doesn't show hand
*** SUMMARY ***
Total pot $2 | Rake $0
Seat 1: Ag3r0n (button) (small blind) folded before Flop
Seat 2: Muhamed999 (big blind) collected ($2)


PokerStars Hand #157894870315:  Hold'em Limit ($3/$6 USD) - 2016/08/29 12:56:04 ET
Table 'Dolios' 6-max Seat #2 is the button
Seat 1: Ag3r0n ($93.50 in chips)
Seat 2: Muhamed999 ($37.64 in chips)
Muhamed999: posts small blind $1
Ag3r0n: posts big blind $3
*** HOLE CARDS ***
Muhamed999: raises $3 to $6
Ag3r0n: folds
Uncalled bet ($3) returned to Muhamed999
Muhamed999 collected $6 from pot
Muhamed999: doesn't show hand
*** SUMMARY ***
Total pot $6 | Rake $0
Seat 1: Ag3r0n (big blind) folded before Flop
Seat 2: Muhamed999 (button) (small blind) collected ($6)


PokerStars Hand #157894862798:  Hold'em Limit ($3/$6 USD) - 2016/08/29 12:55:50 ET
Table 'Dolios' 6-max Seat #1 is the button
Seat 1: Ag3r0n ($102.50 in chips)
Seat 2: Muhamed999 ($29 in chips)
Ag3r0n: posts small blind $1
Muhamed999: posts big blind $3
*** HOLE CARDS ***
Ag3r0n: raises $3 to $6
Muhamed999: raises $3 to $9
Ag3r0n: calls $3
*** FLOP *** [2d 6d Kd]
Muhamed999: bets $3
Ag3r0n: folds
Uncalled bet ($3) returned to Muhamed999
Muhamed999 collected $17.64 from pot
Muhamed999: doesn't show hand
*** SUMMARY ***
Total pot $18 | Rake $0.36
Board [2d 6d Kd]
Seat 1: Ag3r0n (button) (small blind) folded on the Flop
Seat 2: Muhamed999 (big blind) collected ($17.64)


PokerStars Hand #157894873375:  Hold'em Limit ($3/$6 USD) - 2016/08/29 12:56:09 ET
Table 'Dolios' 6-max Seat #1 is the button
Seat 1: Ag3r0n ($90.50 in chips)
Seat 2: Muhamed999 ($40.64 in chips)
Ag3r0n: posts small blind $1
Muhamed999: posts big blind $3
*** HOLE CARDS ***
Ag3r0n: folds
Uncalled bet ($2) returned to Muhamed999
Muhamed999 collected $2 from pot
Muhamed999: doesn't show hand
*** SUMMARY ***
Total pot $2 | Rake $0
Seat 1: Ag3r0n (button) (small blind) folded before Flop
Seat 2: Muhamed999 (big blind) collected ($2)


PokerStars Hand #157894885351:  Hold'em Limit ($3/$6 USD) - 2016/08/29 12:56:30 ET
Table 'Dolios' 6-max Seat #1 is the button
Seat 1: Ag3r0n ($86.50 in chips)
Seat 2: Muhamed999 ($44.64 in chips)
Ag3r0n: posts small blind $1
Muhamed999: posts big blind $3
*** HOLE CARDS ***
Ag3r0n: raises $3 to $6
Muhamed999: raises $3 to $9
Ag3r0n: calls $3
*** FLOP *** [4h 5s 5c]
Muhamed999: bets $3
Ag3r0n: calls $3
*** TURN *** [4h 5s 5c] [7s]
Muhamed999: bets $6
Ag3r0n: raises $6 to $12
Muhamed999: calls $6
*** RIVER *** [4h 5s 5c 7s] [3c]
Muhamed999: checks
Ag3r0n: bets $6
Muhamed999: calls $6
*** SHOW DOWN ***
Ag3r0n: shows [5d Ad] (three of a kind, Fives)
Muhamed999: mucks hand
degal76 joins the table at seat #3
Ag3r0n collected $59.50 from pot
*** SUMMARY ***
Total pot $60 | Rake $0.50
Board [4h 5s 5c 7s 3c]
Seat 1: Ag3r0n (button) (small blind) showed [5d Ad] and won ($59.50) with three of a kind, Fives
Seat 2: Muhamed999 (big blind) mucked


PokerStars Hand #157895462795:  Hold'em Limit ($3/$6 USD) - 2016/08/29 13:10:38 ET
Table 'Dolios' 6-max Seat #5 is the button
Seat 3: ABATAPP ($157.05 in chips)
Seat 5: SAMIFRANC507 ($128.93 in chips)
SAMIFRANC507: posts small blind $1
ValeryRon: is sitting out
Ag3r0n: is sitting out
ABATAPP: posts big blind $3
*** HOLE CARDS ***
SAMIFRANC507: raises $3 to $6
ValeryRon leaves the table
ABATAPP: folds
Uncalled bet ($3) returned to SAMIFRANC507
SAMIFRANC507 collected $6 from pot
SAMIFRANC507: doesn't show hand
*** SUMMARY ***
Total pot $6 | Rake $0
Seat 3: ABATAPP (big blind) folded before Flop
Seat 5: SAMIFRANC507 (button) (small blind) collected ($6)


PokerStars Hand #157895468161:  Hold'em Limit ($3/$6 USD) - 2016/08/29 13:10:45 ET
Table 'Dolios' 6-max Seat #3 is the button
Seat 3: ABATAPP ($154.05 in chips)
Seat 5: SAMIFRANC507 ($131.93 in chips)
ABATAPP: posts small blind $1
SAMIFRANC507: posts big blind $3
*** HOLE CARDS ***
ABATAPP: raises $3 to $6
SAMIFRANC507: calls $3
*** FLOP *** [9s 2d 7c]
SAMIFRANC507: checks
ABATAPP: checks
*** TURN *** [9s 2d 7c] [As]
SAMIFRANC507: checks
ABATAPP: bets $6
SAMIFRANC507: folds
Uncalled bet ($6) returned to ABATAPP
ABATAPP collected $11.76 from pot
ABATAPP: doesn't show hand
*** SUMMARY ***
Total pot $12 | Rake $0.24
Board [9s 2d 7c As]
Seat 3: ABATAPP (button) (small blind) collected ($11.76)
Seat 5: SAMIFRANC507 (big blind) folded on the Turn


PokerStars Hand #157896009225:  Hold'em Limit ($3/$6 USD) - 2016/08/29 13:22:59 ET
Table 'Dolios' 6-max Seat #4 is the button
Seat 3: Rauskii ($120.81 in chips)
Seat 4: Luanto 14 ($235.86 in chips)
Luanto 14: posts small blind $1
SAMIFRANC507 was removed from the table for failing to post
7ardis: is sitting out
Rauskii: posts big blind $3
*** HOLE CARDS ***
Luanto 14: raises $3 to $6
Rauskii: raises $3 to $9
Luanto 14: calls $3
*** FLOP *** [5d Qd 8c]
Rauskii: bets $3
Luanto 14: folds
Uncalled bet ($3) returned to Rauskii
Rauskii collected $17.64 from pot
Rauskii: doesn't show hand
*** SUMMARY ***
Total pot $18 | Rake $0.36
Board [5d Qd 8c]
Seat 3: Rauskii (big blind) collected ($17.64)
Seat 4: Luanto 14 (button) (small blind) folded on the Flop


