PokerStars Hand #153122431026:  Hold'em Limit ($3/$6 USD) - 2016/05/10 14:06:27 ET
Table 'Dollfus' 6-max Seat #2 is the button
Seat 1: Siwy56 ($173.01 in chips)
Seat 2: Ale4o ($114 in chips)
Ale4o: posts small blind $1
craaa: is sitting out
Zubasa07: is sitting out
7ardis: is sitting out
Siwy56: posts big blind $3
*** HOLE CARDS ***
Ale4o: raises $3 to $6
Siwy56: calls $3
*** FLOP *** [2d 9d Js]
7ardis leaves the table
Siwy56: bets $3
Zubasa07 leaves the table
Ale4o: calls $3
*** TURN *** [2d 9d Js] [Qc]
Siwy56: bets $6
Kajind joins the table at seat #5
Ale4o: calls $6
*** RIVER *** [2d 9d Js Qc] [Tc]
Siwy56: bets $6
Ale4o: raises $6 to $12
Siwy56: raises $6 to $18
Ale4o: raises $6 to $24
Betting is capped
Siwy56: calls $6
*** SHOW DOWN ***
Ale4o: shows [Kd 9s] (a straight, Nine to King)
Siwy56: shows [Kc 8s] (a straight, Nine to King)
Siwy56 collected $38.75 from pot
Ale4o collected $38.75 from pot
*** SUMMARY ***
Total pot $78 | Rake $0.50
Board [2d 9d Js Qc Tc]
Seat 1: Siwy56 (big blind) showed [Kc 8s] and won ($38.75) with a straight, Nine to King
Seat 2: Ale4o (button) (small blind) showed [Kd 9s] and won ($38.75) with a straight, Nine to King


PokerStars Hand #153122455775:  Hold'em Limit ($3/$6 USD) - 2016/05/10 14:06:57 ET
Table 'Dollfus' 6-max Seat #1 is the button
Seat 1: Siwy56 ($172.76 in chips)
Seat 2: Ale4o ($113.75 in chips)
Siwy56: posts small blind $1
Ale4o: posts big blind $3
*** HOLE CARDS ***
Siwy56: raises $3 to $6
Ale4o: calls $3
*** FLOP *** [2s Ks 7h]
Ale4o: checks
Siwy56: bets $3
Ale4o: folds
Uncalled bet ($3) returned to Siwy56
Siwy56 collected $11.76 from pot
Siwy56: doesn't show hand
*** SUMMARY ***
Total pot $12 | Rake $0.24
Board [2s Ks 7h]
Seat 1: Siwy56 (button) (small blind) collected ($11.76)
Seat 2: Ale4o (big blind) folded on the Flop


PokerStars Hand #153122487530:  Hold'em Limit ($3/$6 USD) - 2016/05/10 14:07:36 ET
Table 'Dollfus' 6-max Seat #5 is the button
Seat 2: Ale4o ($106.75 in chips)
Seat 5: Kajind ($135.07 in chips)
Kajind: posts small blind $1
Ale4o: posts big blind $3
*** HOLE CARDS ***
Kajind: raises $3 to $6
Ale4o: calls $3
*** FLOP *** [Qs 7c Ac]
Ale4o: checks
Kajind: bets $3
Ale4o: folds
Uncalled bet ($3) returned to Kajind
Kajind collected $11.76 from pot
Kajind: doesn't show hand
*** SUMMARY ***
Total pot $12 | Rake $0.24
Board [Qs 7c Ac]
Seat 2: Ale4o (big blind) folded on the Flop
Seat 5: Kajind (button) (small blind) collected ($11.76)


PokerStars Hand #153122751185:  Hold'em Limit ($3/$6 USD) - 2016/05/10 14:12:49 ET
Table 'Dollfus' 6-max Seat #4 is the button
Seat 3: craaa ($188.35 in chips)
Seat 4: thom's666 ($100.95 in chips)
thom's666: posts small blind $1
craaa: posts big blind $3
*** HOLE CARDS ***
thom's666: folds
Uncalled bet ($2) returned to craaa
craaa collected $2 from pot
craaa: doesn't show hand
*** SUMMARY ***
Total pot $2 | Rake $0
Seat 3: craaa (big blind) collected ($2)
Seat 4: thom's666 (button) (small blind) folded before Flop


PokerStars Hand #153122757731:  Hold'em Limit ($3/$6 USD) - 2016/05/10 14:12:57 ET
Table 'Dollfus' 6-max Seat #3 is the button
Seat 3: craaa ($189.35 in chips)
Seat 4: thom's666 ($99.95 in chips)
craaa: posts small blind $1
thom's666: posts big blind $3
*** HOLE CARDS ***
craaa: raises $3 to $6
thom's666: calls $3
*** FLOP *** [Kc 8c 3c]
thom's666: checks
craaa: bets $3
thom's666: folds
Uncalled bet ($3) returned to craaa
craaa collected $11.76 from pot
craaa: doesn't show hand
*** SUMMARY ***
Total pot $12 | Rake $0.24
Board [Kc 8c 3c]
Seat 3: craaa (button) (small blind) collected ($11.76)
Seat 4: thom's666 (big blind) folded on the Flop


PokerStars Hand #153123344343:  Hold'em Limit ($3/$6 USD) - 2016/05/10 14:24:10 ET
Table 'Dollfus' 6-max Seat #4 is the button
Seat 4: thom's666 ($134.87 in chips)
Seat 6: 7ardis ($77.40 in chips)
thom's666: posts small blind $1
7ardis: posts big blind $3
*** HOLE CARDS ***
thom's666: folds
Uncalled bet ($2) returned to 7ardis
7ardis collected $2 from pot
7ardis: doesn't show hand
*** SUMMARY ***
Total pot $2 | Rake $0
Seat 4: thom's666 (button) (small blind) folded before Flop
Seat 6: 7ardis (big blind) collected ($2)


PokerStars Hand #153123334249:  Hold'em Limit ($3/$6 USD) - 2016/05/10 14:23:58 ET
Table 'Dollfus' 6-max Seat #6 is the button
Seat 4: thom's666 ($140.87 in chips)
Seat 6: 7ardis ($71.64 in chips)
7ardis: posts small blind $1
craaa: is sitting out
thom's666: posts big blind $3
*** HOLE CARDS ***
7ardis: raises $3 to $6
thom's666: calls $3
*** FLOP *** [5c 5s Ah]
craaa leaves the table
thom's666: checks
7ardis: bets $3
xRauIx joins the table at seat #3
thom's666: folds
Uncalled bet ($3) returned to 7ardis
7ardis collected $11.76 from pot
7ardis: doesn't show hand
*** SUMMARY ***
Total pot $12 | Rake $0.24
Board [5c 5s Ah]
Seat 4: thom's666 (big blind) folded on the Flop
Seat 6: 7ardis (button) (small blind) collected ($11.76)


PokerStars Hand #153128893712:  Hold'em Limit ($3/$6 USD) - 2016/05/10 16:08:06 ET
Table 'Dollfus' 6-max Seat #6 is the button
Seat 3: TheU10 ($43.54 in chips)
Seat 6: 7ardis ($359.97 in chips)
7ardis: posts small blind $1
DECAlpha: is sitting out
TheU10: posts big blind $3
*** HOLE CARDS ***
7ardis: folds
Uncalled bet ($2) returned to TheU10
TheU10 collected $2 from pot
TheU10: doesn't show hand
dobber888 joins the table at seat #5
*** SUMMARY ***
Total pot $2 | Rake $0
Seat 3: TheU10 (big blind) collected ($2)
Seat 6: 7ardis (button) (small blind) folded before Flop


PokerStars Hand #153128927224:  Hold'em Limit ($3/$6 USD) - 2016/05/10 16:08:40 ET
Table 'Dollfus' 6-max Seat #3 is the button
Seat 3: TheU10 ($74.10 in chips)
Seat 5: dobber888 ($47 in chips)
TheU10: posts small blind $1
dobber888: posts big blind $3
*** HOLE CARDS ***
TheU10: raises $3 to $6
dobber888: calls $3
*** FLOP *** [3h 5h Qh]
dobber888: checks
TheU10: bets $3
dobber888: raises $3 to $6
TheU10: raises $3 to $9
dobber888: raises $3 to $12
Betting is capped
TheU10: calls $3
*** TURN *** [3h 5h Qh] [3d]
dobber888: bets $6
TheU10: calls $6
*** RIVER *** [3h 5h Qh 3d] [2s]
dobber888: bets $6
TheU10: calls $6
*** SHOW DOWN ***
dobber888: shows [8h Th] (a flush, Queen high)
TheU10: mucks hand
dobber888 collected $59.50 from pot
*** SUMMARY ***
Total pot $60 | Rake $0.50
Board [3h 5h Qh 3d 2s]
Seat 3: TheU10 (button) (small blind) mucked
Seat 5: dobber888 (big blind) showed [8h Th] and won ($59.50) with a flush, Queen high


PokerStars Hand #153128947133:  Hold'em Limit ($3/$6 USD) - 2016/05/10 16:09:00 ET
Table 'Dollfus' 6-max Seat #5 is the button
Seat 3: TheU10 ($44.10 in chips)
Seat 5: dobber888 ($76.50 in chips)
dobber888: posts small blind $1
TheU10: posts big blind $3
*** HOLE CARDS ***
dobber888: raises $3 to $6
DECAlpha leaves the table
TheU10: raises $3 to $9
dobber888: calls $3
*** FLOP *** [Jh 2s 2d]
TheU10: bets $3
dobber888: calls $3
*** TURN *** [Jh 2s 2d] [4c]
TheU10: bets $6
dobber888: calls $6
*** RIVER *** [Jh 2s 2d 4c] [3d]
TheU10: bets $6
dobber888: calls $6
*** SHOW DOWN ***
TheU10: shows [Ks Kc] (two pair, Kings and Deuces)
dobber888: mucks hand
TheU10 collected $47.50 from pot
*** SUMMARY ***
Total pot $48 | Rake $0.50
Board [Jh 2s 2d 4c 3d]
Seat 3: TheU10 (big blind) showed [Ks Kc] and won ($47.50) with two pair, Kings and Deuces
Seat 5: dobber888 (button) (small blind) mucked


PokerStars Hand #153128921080:  Hold'em Limit ($3/$6 USD) - 2016/05/10 16:08:34 ET
Table 'Dollfus' 6-max Seat #5 is the button
Seat 3: TheU10 ($73.10 in chips)
Seat 5: dobber888 ($48 in chips)
dobber888: posts small blind $1
7ardis: is sitting out
TheU10: posts big blind $3
*** HOLE CARDS ***
7ardis leaves the table
dobber888: folds
Uncalled bet ($2) returned to TheU10
TheU10 collected $2 from pot
TheU10: doesn't show hand
*** SUMMARY ***
Total pot $2 | Rake $0
Seat 3: TheU10 (big blind) collected ($2)
Seat 5: dobber888 (button) (small blind) folded before Flop


PokerStars Hand #153128967106:  Hold'em Limit ($3/$6 USD) - 2016/05/10 16:09:21 ET
Table 'Dollfus' 6-max Seat #3 is the button
Seat 3: TheU10 ($67.60 in chips)
Seat 5: dobber888 ($52.50 in chips)
TheU10: posts small blind $1
dobber888: posts big blind $3
*** HOLE CARDS ***
TheU10: raises $3 to $6
dobber888: folds
Uncalled bet ($3) returned to TheU10
TheU10 collected $6 from pot
TheU10: doesn't show hand
*** SUMMARY ***
Total pot $6 | Rake $0
Seat 3: TheU10 (button) (small blind) collected ($6)
Seat 5: dobber888 (big blind) folded before Flop


PokerStars Hand #153129005969:  Hold'em Limit ($3/$6 USD) - 2016/05/10 16:10:00 ET
Table 'Dollfus' 6-max Seat #5 is the button
Seat 3: TheU10 ($62.60 in chips)
Seat 5: dobber888 ($57.14 in chips)
dobber888: posts small blind $1
TheU10: posts big blind $3
*** HOLE CARDS ***
dobber888: raises $3 to $6
TheU10: raises $3 to $9
dobber888: calls $3
*** FLOP *** [6s 8c 9h]
TheU10: bets $3
dobber888: raises $3 to $6
TheU10: calls $3
*** TURN *** [6s 8c 9h] [9d]
TheU10: bets $6
dobber888: folds
Uncalled bet ($6) returned to TheU10
TheU10 collected $29.50 from pot
TheU10: doesn't show hand
*** SUMMARY ***
Total pot $30 | Rake $0.50
Board [6s 8c 9h 9d]
Seat 3: TheU10 (big blind) collected ($29.50)
Seat 5: dobber888 (button) (small blind) folded on the Turn


PokerStars Hand #153128982840:  Hold'em Limit ($3/$6 USD) - 2016/05/10 16:09:37 ET
Table 'Dollfus' 6-max Seat #3 is the button
Seat 3: TheU10 ($71.60 in chips)
Seat 5: dobber888 ($48.50 in chips)
TheU10: posts small blind $1
dobber888: posts big blind $3
*** HOLE CARDS ***
TheU10: raises $3 to $6
dobber888: calls $3
*** FLOP *** [As Qs 9h]
dobber888: checks
TheU10: bets $3
dobber888: calls $3
*** TURN *** [As Qs 9h] [4h]
dobber888: checks
TheU10: checks
*** RIVER *** [As Qs 9h 4h] [2d]
dobber888: bets $6
TheU10: folds
Uncalled bet ($6) returned to dobber888
dobber888 collected $17.64 from pot
dobber888: doesn't show hand
*** SUMMARY ***
Total pot $18 | Rake $0.36
Board [As Qs 9h 4h 2d]
Seat 3: TheU10 (button) (small blind) folded on the River
Seat 5: dobber888 (big blind) collected ($17.64)


PokerStars Hand #153128977121:  Hold'em Limit ($3/$6 USD) - 2016/05/10 16:09:31 ET
Table 'Dollfus' 6-max Seat #5 is the button
Seat 3: TheU10 ($70.60 in chips)
Seat 5: dobber888 ($49.50 in chips)
dobber888: posts small blind $1
TheU10: posts big blind $3
*** HOLE CARDS ***
dobber888: folds
Uncalled bet ($2) returned to TheU10
TheU10 collected $2 from pot
TheU10: doesn't show hand
*** SUMMARY ***
Total pot $2 | Rake $0
Seat 3: TheU10 (big blind) collected ($2)
Seat 5: dobber888 (button) (small blind) folded before Flop


PokerStars Hand #153129045687:  Hold'em Limit ($3/$6 USD) - 2016/05/10 16:10:41 ET
Table 'Dollfus' 6-max Seat #3 is the button
Seat 3: TheU10 ($77.10 in chips)
Seat 5: dobber888 ($42.14 in chips)
TheU10: posts small blind $1
dobber888: posts big blind $3
*** HOLE CARDS ***
TheU10: raises $3 to $6
dobber888: calls $3
*** FLOP *** [5s 8h Js]
dobber888: checks
TheU10: bets $3
dobber888: folds
Uncalled bet ($3) returned to TheU10
TheU10 collected $11.76 from pot
TheU10: doesn't show hand
*** SUMMARY ***
Total pot $12 | Rake $0.24
Board [5s 8h Js]
Seat 3: TheU10 (button) (small blind) collected ($11.76)
Seat 5: dobber888 (big blind) folded on the Flop


PokerStars Hand #153129069811:  Hold'em Limit ($3/$6 USD) - 2016/05/10 16:11:05 ET
Table 'Dollfus' 6-max Seat #5 is the button
Seat 3: TheU10 ($82.86 in chips)
Seat 5: dobber888 ($36.14 in chips)
dobber888: posts small blind $1
TheU10: posts big blind $3
*** HOLE CARDS ***
dobber888: raises $3 to $6
TheU10: calls $3
*** FLOP *** [6c Qd Qc]
TheU10: checks
dobber888: bets $3
TheU10: calls $3
*** TURN *** [6c Qd Qc] [8h]
TheU10: checks
dobber888: bets $6
TheU10: folds
Uncalled bet ($6) returned to dobber888
dobber888 collected $17.64 from pot
dobber888: doesn't show hand
*** SUMMARY ***
Total pot $18 | Rake $0.36
Board [6c Qd Qc 8h]
Seat 3: TheU10 (big blind) folded on the Turn
Seat 5: dobber888 (button) (small blind) collected ($17.64)


PokerStars Hand #153129041188:  Hold'em Limit ($3/$6 USD) - 2016/05/10 16:10:36 ET
Table 'Dollfus' 6-max Seat #5 is the button
Seat 3: TheU10 ($76.10 in chips)
Seat 5: dobber888 ($43.14 in chips)
dobber888: posts small blind $1
TheU10: posts big blind $3
*** HOLE CARDS ***
dobber888: folds
Uncalled bet ($2) returned to TheU10
TheU10 collected $2 from pot
TheU10: doesn't show hand
*** SUMMARY ***
Total pot $2 | Rake $0
Seat 3: TheU10 (big blind) collected ($2)
Seat 5: dobber888 (button) (small blind) folded before Flop


PokerStars Hand #153129036548:  Hold'em Limit ($3/$6 USD) - 2016/05/10 16:10:31 ET
Table 'Dollfus' 6-max Seat #3 is the button
Seat 3: TheU10 ($77.10 in chips)
Seat 5: dobber888 ($42.14 in chips)
TheU10: posts small blind $1
dobber888: posts big blind $3
*** HOLE CARDS ***
TheU10: folds
Uncalled bet ($2) returned to dobber888
dobber888 collected $2 from pot
*** SUMMARY ***
Total pot $2 | Rake $0
Seat 3: TheU10 (button) (small blind) folded before Flop
Seat 5: dobber888 (big blind) collected ($2)


PokerStars Hand #153129101764:  Hold'em Limit ($3/$6 USD) - 2016/05/10 16:11:38 ET
Table 'Dollfus' 6-max Seat #5 is the button
Seat 3: TheU10 ($64.86 in chips)
Seat 5: dobber888 ($53.42 in chips)
Jordanovvv joins the table at seat #4
dobber888: posts small blind $1
TheU10: posts big blind $3
*** HOLE CARDS ***
dobber888: raises $3 to $6
TheU10: calls $3
*** FLOP *** [9c Qh 7d]
TheU10: checks
dobber888: bets $3
TheU10: folds
Uncalled bet ($3) returned to dobber888
dobber888 collected $11.76 from pot
*** SUMMARY ***
Total pot $12 | Rake $0.24
Board [9c Qh 7d]
Seat 3: TheU10 (big blind) folded on the Flop
Seat 5: dobber888 (button) (small blind) collected ($11.76)


PokerStars Hand #153129085391:  Hold'em Limit ($3/$6 USD) - 2016/05/10 16:11:21 ET
Table 'Dollfus' 6-max Seat #3 is the button
Seat 3: TheU10 ($73.86 in chips)
Seat 5: dobber888 ($44.78 in chips)
TheU10: posts small blind $1
dobber888: posts big blind $3
*** HOLE CARDS ***
TheU10: raises $3 to $6
dobber888: raises $3 to $9
TheU10: calls $3
*** FLOP *** [Ks Js 8h]
dobber888: bets $3
TheU10: folds
Uncalled bet ($3) returned to dobber888
dobber888 collected $17.64 from pot
*** SUMMARY ***
Total pot $18 | Rake $0.36
Board [Ks Js 8h]
Seat 3: TheU10 (button) (small blind) folded on the Flop
Seat 5: dobber888 (big blind) collected ($17.64)


PokerStars Hand #153133561039:  Hold'em Limit ($3/$6 USD) - 2016/05/10 17:30:12 ET
Table 'Dollfus' 6-max Seat #5 is the button
Seat 4: Jordanovvv ($74.85 in chips)
Seat 5: TinaTurner72 ($209.30 in chips)
TinaTurner72: posts small blind $1
Jordanovvv: posts big blind $3
*** HOLE CARDS ***
TinaTurner72: raises $3 to $6
Jordanovvv: folds
Uncalled bet ($3) returned to TinaTurner72
TinaTurner72 collected $6 from pot
TinaTurner72: doesn't show hand
*** SUMMARY ***
Total pot $6 | Rake $0
Seat 4: Jordanovvv (big blind) folded before Flop
Seat 5: TinaTurner72 (button) (small blind) collected ($6)


PokerStars Hand #153133533488:  Hold'em Limit ($3/$6 USD) - 2016/05/10 17:29:40 ET
Table 'Dollfus' 6-max Seat #4 is the button
Seat 4: Jordanovvv ($92.85 in chips)
Seat 5: TinaTurner72 ($191.80 in chips)
Jordanovvv: posts small blind $1
TinaTurner72: posts big blind $3
*** HOLE CARDS ***
Jordanovvv: raises $3 to $6
bentinck113 leaves the table
TinaTurner72: calls $3
*** FLOP *** [Jh Kh 8d]
TinaTurner72: checks
Jordanovvv: checks
*** TURN *** [Jh Kh 8d] [7d]
TinaTurner72: bets $6
Jordanovvv: calls $6
*** RIVER *** [Jh Kh 8d 7d] [Kd]
TinaTurner72: bets $6
Jordanovvv: calls $6
*** SHOW DOWN ***
TinaTurner72: shows [5d 8s] (two pair, Kings and Eights)
Jordanovvv: mucks hand
TinaTurner72 collected $35.50 from pot
*** SUMMARY ***
Total pot $36 | Rake $0.50
Board [Jh Kh 8d 7d Kd]
Seat 4: Jordanovvv (button) (small blind) mucked
Seat 5: TinaTurner72 (big blind) showed [5d 8s] and won ($35.50) with two pair, Kings and Eights


PokerStars Hand #153133566308:  Hold'em Limit ($3/$6 USD) - 2016/05/10 17:30:18 ET
Table 'Dollfus' 6-max Seat #4 is the button
Seat 4: Jordanovvv ($71.85 in chips)
Seat 5: TinaTurner72 ($212.30 in chips)
Jordanovvv: posts small blind $1
TinaTurner72: posts big blind $3
*** HOLE CARDS ***
Jordanovvv: raises $3 to $6
TinaTurner72: raises $3 to $9
Jordanovvv: calls $3
*** FLOP *** [8c 2s 7h]
TinaTurner72: bets $3
Jordanovvv: calls $3
*** TURN *** [8c 2s 7h] [Tc]
TinaTurner72: bets $6
Jordanovvv: calls $6
*** RIVER *** [8c 2s 7h Tc] [5s]
TinaTurner72: checks
Jordanovvv: checks
*** SHOW DOWN ***
TinaTurner72: shows [Kc Ad] (high card Ace)
Jordanovvv: shows [Ac 5c] (a pair of Fives)
Jordanovvv collected $35.50 from pot
*** SUMMARY ***
Total pot $36 | Rake $0.50
Board [8c 2s 7h Tc 5s]
Seat 4: Jordanovvv (button) (small blind) showed [Ac 5c] and won ($35.50) with a pair of Fives
Seat 5: TinaTurner72 (big blind) showed [Kc Ad] and lost with high card Ace


PokerStars Hand #153133595827:  Hold'em Limit ($3/$6 USD) - 2016/05/10 17:30:52 ET
Table 'Dollfus' 6-max Seat #5 is the button
Seat 4: Jordanovvv ($89.35 in chips)
Seat 5: TinaTurner72 ($194.30 in chips)
TinaTurner72: posts small blind $1
Jordanovvv: posts big blind $3
*** HOLE CARDS ***
TinaTurner72: raises $3 to $6
Jordanovvv: calls $3
*** FLOP *** [Ts 9h Jh]
Jordanovvv: checks
lin1rabbit joins the table at seat #6
TinaTurner72: checks
*** TURN *** [Ts 9h Jh] [4s]
Jordanovvv: checks
TinaTurner72: bets $6
Jordanovvv: folds
Uncalled bet ($6) returned to TinaTurner72
TinaTurner72 collected $11.76 from pot
TinaTurner72: doesn't show hand
*** SUMMARY ***
Total pot $12 | Rake $0.24
Board [Ts 9h Jh 4s]
Seat 4: Jordanovvv (big blind) folded on the Turn
Seat 5: TinaTurner72 (button) (small blind) collected ($11.76)


PokerStars Hand #153133679029:  Hold'em Limit ($3/$6 USD) - 2016/05/10 17:32:21 ET
Table 'Dollfus' 6-max Seat #4 is the button
Seat 4: Jordanovvv ($83.35 in chips)
Seat 5: TinaTurner72 ($200.06 in chips)
Jordanovvv: posts small blind $1
TinaTurner72: posts big blind $3
*** HOLE CARDS ***
Jordanovvv: raises $3 to $6
TinaTurner72: calls $3
*** FLOP *** [7s 6h 9s]
TinaTurner72: checks
Jordanovvv: checks
*** TURN *** [7s 6h 9s] [3s]
TinaTurner72: checks
Jordanovvv: bets $6
TinaTurner72: calls $6
*** RIVER *** [7s 6h 9s 3s] [Jh]
TinaTurner72: checks
Jordanovvv: checks
*** SHOW DOWN ***
TinaTurner72: shows [4h Ah] (high card Ace)
Jordanovvv: shows [Ad 3h] (a pair of Threes)
Jordanovvv collected $23.52 from pot
*** SUMMARY ***
Total pot $24 | Rake $0.48
Board [7s 6h 9s 3s Jh]
Seat 4: Jordanovvv (button) (small blind) showed [Ad 3h] and won ($23.52) with a pair of Threes
Seat 5: TinaTurner72 (big blind) showed [4h Ah] and lost with high card Ace


PokerStars Hand #153137387310:  Hold'em Limit ($3/$6 USD) - 2016/05/10 18:50:38 ET
Table 'Dollfus' 6-max Seat #5 is the button
Seat 3: BJ41 ($33.36 in chips)
Seat 5: mazael ($126.61 in chips)
mazael: posts small blind $1
7ardis: is sitting out
BJ41: posts big blind $3
*** HOLE CARDS ***
7ardis leaves the table
mazael: raises $3 to $6
BJ41: calls $3
*** FLOP *** [Qd Ac 4d]
BJ41: checks
mazael: checks
*** TURN *** [Qd Ac 4d] [Qs]
BJ41: bets $6
mazael: calls $6
*** RIVER *** [Qd Ac 4d Qs] [Jd]
BJ41: checks
mazael: bets $6
BJ41: calls $6
*** SHOW DOWN ***
mazael: shows [Th Kh] (a straight, Ten to Ace)
BJ41: mucks hand
mazael collected $35.50 from pot
*** SUMMARY ***
Total pot $36 | Rake $0.50
Board [Qd Ac 4d Qs Jd]
Seat 3: BJ41 (big blind) mucked
Seat 5: mazael (button) (small blind) showed [Th Kh] and won ($35.50) with a straight, Ten to Ace


PokerStars Hand #153137406526:  Hold'em Limit ($3/$6 USD) - 2016/05/10 18:51:05 ET
Table 'Dollfus' 6-max Seat #3 is the button
Seat 3: BJ41 ($15.36 in chips)
Seat 5: mazael ($144.11 in chips)
BJ41: posts small blind $1
mazael: posts big blind $3
*** HOLE CARDS ***
CleanSw33p joins the table at seat #4
BJ41: raises $3 to $6
mazael: raises $3 to $9
ABATAPP joins the table at seat #6
BJ41: raises $3 to $12
Betting is capped
mazael: calls $3
*** FLOP *** [8c 3d 9h]
mazael: bets $3
BJ41: raises $0.36 to $3.36 and is all-in
vestimokrec joins the table at seat #1
mazael: calls $0.36
*** TURN *** [8c 3d 9h] [Ts]
*** RIVER *** [8c 3d 9h Ts] [4s]
*** SHOW DOWN ***
mazael: shows [7c 7s] (a pair of Sevens)
BJ41: shows [Td Tc] (three of a kind, Tens)
BJ41 collected $30.22 from pot
*** SUMMARY ***
Total pot $30.72 | Rake $0.50
Board [8c 3d 9h Ts 4s]
Seat 3: BJ41 (button) (small blind) showed [Td Tc] and won ($30.22) with three of a kind, Tens
Seat 5: mazael (big blind) showed [7c 7s] and lost with a pair of Sevens


PokerStars Hand #153139151587:  Hold'em Limit ($3/$6 USD) - 2016/05/10 19:37:39 ET
Table 'Dollfus' 6-max Seat #4 is the button
Seat 2: 777ole77 ($187.59 in chips)
Seat 4: Zubasa07 ($536.59 in chips)
ABATAPP will be allowed to play after the button
Zubasa07: posts small blind $1
777ole77: posts big blind $3
*** HOLE CARDS ***
Zubasa07: folds
Uncalled bet ($2) returned to 777ole77
777ole77 collected $2 from pot
777ole77: doesn't show hand
*** SUMMARY ***
Total pot $2 | Rake $0
Seat 2: 777ole77 (big blind) collected ($2)
Seat 4: Zubasa07 (button) (small blind) folded before Flop


