PokerStars Hand #158604604475:  Hold'em Limit ($3/$6 USD) - 2016/09/14 15:23:02 ET
Table 'Dollfus' 6-max Seat #3 is the button
Seat 3: simper11 ($120 in chips)
Seat 4: moveoverover ($120 in chips)
simper11: posts small blind $1
moveoverover: posts big blind $3
*** HOLE CARDS ***
simper11: raises $3 to $6
moveoverover: calls $3
*** FLOP *** [9h 3h 5s]
moveoverover: checks
simper11: bets $3
moveoverover: folds
Uncalled bet ($3) returned to simper11
simper11 collected $11.76 from pot
simper11: doesn't show hand
*** SUMMARY ***
Total pot $12 | Rake $0.24
Board [9h 3h 5s]
Seat 3: simper11 (button) (small blind) collected ($11.76)
Seat 4: moveoverover (big blind) folded on the Flop


PokerStars Hand #158604613069:  Hold'em Limit ($3/$6 USD) - 2016/09/14 15:23:13 ET
Table 'Dollfus' 6-max Seat #4 is the button
Seat 3: simper11 ($125.76 in chips)
Seat 4: moveoverover ($114 in chips)
moveoverover: posts small blind $1
MLSB124 joins the table at seat #6
simper11: posts big blind $3
*** HOLE CARDS ***
moveoverover: raises $3 to $6
simper11: raises $3 to $9
moveoverover: calls $3
*** FLOP *** [2d 7h 9c]
simper11: bets $3
moveoverover: raises $3 to $6
simper11: calls $3
*** TURN *** [2d 7h 9c] [2c]
simper11: checks
jackRizzar joins the table at seat #1
moveoverover: bets $6
simper11: raises $6 to $12
moveoverover: calls $6
*** RIVER *** [2d 7h 9c 2c] [Ks]
vestimokrec joins the table at seat #2
GoliafUa leaves the table
simper11: bets $6
moveoverover: calls $6
*** SHOW DOWN ***
simper11: shows [Ts Th] (two pair, Tens and Deuces)
moveoverover: mucks hand
simper11 collected $65.50 from pot
*** SUMMARY ***
Total pot $66 | Rake $0.50
Board [2d 7h 9c 2c Ks]
Seat 3: simper11 (big blind) showed [Ts Th] and won ($65.50) with two pair, Tens and Deuces
Seat 4: moveoverover (button) (small blind) mucked


PokerStars Hand #158604628017:  Hold'em Limit ($3/$6 USD) - 2016/09/14 15:23:31 ET
Table 'Dollfus' 6-max Seat #3 is the button
Seat 3: simper11 ($158.26 in chips)
Seat 4: moveoverover ($81 in chips)
simper11: posts small blind $1
moveoverover: posts big blind $3
*** HOLE CARDS ***
win888day joins the table at seat #5
simper11: raises $3 to $6
moveoverover: raises $3 to $9
simper11: calls $3
*** FLOP *** [3d 4d Js]
moveoverover: bets $3
simper11: calls $3
*** TURN *** [3d 4d Js] [9h]
moveoverover: bets $6
simper11: calls $6
*** RIVER *** [3d 4d Js 9h] [9s]
moveoverover: checks
simper11: bets $6
moveoverover: calls $6
*** SHOW DOWN ***
simper11: shows [5s 4c] (two pair, Nines and Fours)
moveoverover: mucks hand
simper11 collected $47.50 from pot
*** SUMMARY ***
Total pot $48 | Rake $0.50
Board [3d 4d Js 9h 9s]
Seat 3: simper11 (button) (small blind) showed [5s 4c] and won ($47.50) with two pair, Nines and Fours
Seat 4: moveoverover (big blind) mucked


PokerStars Hand #158604829651:  Hold'em Limit ($3/$6 USD) - 2016/09/14 15:27:41 ET
Table 'Dollfus' 6-max Seat #1 is the button
Seat 1: jackRizzar ($183.61 in chips)
Seat 3: simper11 ($123.76 in chips)
jackRizzar: posts small blind $1
simper11: posts big blind $3
*** HOLE CARDS ***
jackRizzar: raises $3 to $6
simper11: calls $3
*** FLOP *** [Ad 2d Ts]
simper11: checks
jackRizzar: bets $3
simper11: folds
Uncalled bet ($3) returned to jackRizzar
jackRizzar collected $11.76 from pot
jackRizzar: doesn't show hand
*** SUMMARY ***
Total pot $12 | Rake $0.24
Board [Ad 2d Ts]
Seat 1: jackRizzar (button) (small blind) collected ($11.76)
Seat 3: simper11 (big blind) folded on the Flop


