PokerStars Hand #153141649796:  Hold'em Limit ($3/$6 USD) - 2016/05/10 20:59:18 ET
Table 'Dollfus' 6-max Seat #5 is the button
Seat 1: Zubasa07 ($511.01 in chips)
Seat 5: BJ41 ($45.61 in chips)
BJ41: posts small blind $1
Zubasa07: posts big blind $3
*** HOLE CARDS ***
BJ41: folds
Uncalled bet ($2) returned to Zubasa07
Zubasa07 collected $2 from pot
Zubasa07: doesn't show hand
*** SUMMARY ***
Total pot $2 | Rake $0
Seat 1: Zubasa07 (big blind) collected ($2)
Seat 5: BJ41 (button) (small blind) folded before Flop


PokerStars Hand #153141645144:  Hold'em Limit ($3/$6 USD) - 2016/05/10 20:59:06 ET
Table 'Dollfus' 6-max Seat #1 is the button
Seat 1: Zubasa07 ($508.01 in chips)
Seat 5: BJ41 ($48.61 in chips)
Zubasa07: posts small blind $1
BJ41: posts big blind $3
*** HOLE CARDS ***
hytte15lol joins the table at seat #3
Zubasa07: raises $3 to $6
BJ41: folds
Uncalled bet ($3) returned to Zubasa07
Zubasa07 collected $6 from pot
Zubasa07: doesn't show hand
*** SUMMARY ***
Total pot $6 | Rake $0
Seat 1: Zubasa07 (button) (small blind) collected ($6)
Seat 5: BJ41 (big blind) folded before Flop


PokerStars Hand #153141641744:  Hold'em Limit ($3/$6 USD) - 2016/05/10 20:58:56 ET
Table 'Dollfus' 6-max Seat #5 is the button
Seat 1: Zubasa07 ($507.01 in chips)
Seat 5: BJ41 ($49.61 in chips)
BJ41: posts small blind $1
Zubasa07: posts big blind $3
*** HOLE CARDS ***
BJ41: folds
Uncalled bet ($2) returned to Zubasa07
Zubasa07 collected $2 from pot
Zubasa07: doesn't show hand
*** SUMMARY ***
Total pot $2 | Rake $0
Seat 1: Zubasa07 (big blind) collected ($2)
Seat 5: BJ41 (button) (small blind) folded before Flop


PokerStars Hand #153141633068:  Hold'em Limit ($3/$6 USD) - 2016/05/10 20:58:33 ET
Table 'Dollfus' 6-max Seat #1 is the button
Seat 1: Zubasa07 ($501.25 in chips)
Seat 5: BJ41 ($55.61 in chips)
Zubasa07: posts small blind $1
BJ41: posts big blind $3
*** HOLE CARDS ***
Zubasa07: raises $3 to $6
BJ41: calls $3
*** FLOP *** [Qs Jc 4d]
ABATAPP leaves the table
BJ41: checks
Zubasa07: bets $3
BJ41: folds
Uncalled bet ($3) returned to Zubasa07
Zubasa07 collected $11.76 from pot
Zubasa07: doesn't show hand
*** SUMMARY ***
Total pot $12 | Rake $0.24
Board [Qs Jc 4d]
Seat 1: Zubasa07 (button) (small blind) collected ($11.76)
Seat 5: BJ41 (big blind) folded on the Flop


