PokerStars Hand #169168121585:  Hold'em Limit ($3/$6 USD) - 2017/04/17 10:35:55 ET
Table 'Dollfus' 6-max Seat #4 is the button
Seat 4: LifeisagameX ($84 in chips)
Seat 5: apx0surry9 ($114 in chips)
LifeisagameX: posts small blind $1
apx0surry9: posts big blind $3
*** HOLE CARDS ***
yayaya joins the table at seat #1
LifeisagameX: raises $3 to $6
apx0surry9: folds
Uncalled bet ($3) returned to LifeisagameX
LifeisagameX collected $6 from pot
LifeisagameX: doesn't show hand
*** SUMMARY ***
Total pot $6 | Rake $0
Seat 4: LifeisagameX (button) (small blind) collected ($6)
Seat 5: apx0surry9 (big blind) folded before Flop


PokerStars Hand #169168476512:  Hold'em Limit ($3/$6 USD) - 2017/04/17 10:44:45 ET
Table 'Dollfus' 6-max Seat #1 is the button
Seat 1: yayaya ($134.92 in chips)
Seat 2: GlamDragon ($62.69 in chips)
yayaya: posts small blind $1
GlamDragon: posts big blind $3
*** HOLE CARDS ***
yayaya: raises $3 to $6
GlamDragon: raises $3 to $9
yayaya: calls $3
*** FLOP *** [2c Jd 4s]
GlamDragon: bets $3
yayaya: calls $3
*** TURN *** [2c Jd 4s] [7h]
GlamDragon: bets $6
yayaya: folds
Uncalled bet ($6) returned to GlamDragon
GlamDragon collected $23.52 from pot
GlamDragon: doesn't show hand
*** SUMMARY ***
Total pot $24 | Rake $0.48
Board [2c Jd 4s 7h]
Seat 1: yayaya (button) (small blind) folded on the Turn
Seat 2: GlamDragon (big blind) collected ($23.52)


PokerStars Hand #169168473141:  Hold'em Limit ($3/$6 USD) - 2017/04/17 10:44:40 ET
Table 'Dollfus' 6-max Seat #2 is the button
Seat 1: yayaya ($133.92 in chips)
Seat 2: GlamDragon ($63.69 in chips)
GlamDragon: posts small blind $1
Apanage: is sitting out
yayaya: posts big blind $3
*** HOLE CARDS ***
GlamDragon: folds
Uncalled bet ($2) returned to yayaya
yayaya collected $2 from pot
yayaya: doesn't show hand
Apanage leaves the table
*** SUMMARY ***
Total pot $2 | Rake $0
Seat 1: yayaya (big blind) collected ($2)
Seat 2: GlamDragon (button) (small blind) folded before Flop


