PokerStars Hand #147208076475:  Hold'em Limit ($3/$6 USD) - 2016/01/17 13:51:48 ET
Table 'Dolon IV' 6-max Seat #4 is the button
Seat 3: Puzanchik 11 ($97.42 in chips)
Seat 4: LolDnkaments ($72 in chips)
LolDnkaments: posts small blind $1
Zubasa07: is sitting out
Puzanchik 11: posts big blind $3
*** HOLE CARDS ***
LolDnkaments: raises $3 to $6
Puzanchik 11: raises $3 to $9
LolDnkaments: calls $3
*** FLOP *** [3s 5c 8c]
Puzanchik 11: bets $3
LolDnkaments: calls $3
*** TURN *** [3s 5c 8c] [4c]
Puzanchik 11: bets $6
LolDnkaments: raises $6 to $12
Puzanchik 11: calls $6
*** RIVER *** [3s 5c 8c 4c] [7s]
Puzanchik 11: checks
LolDnkaments: bets $6
Puzanchik 11: calls $6
*** SHOW DOWN ***
LolDnkaments: shows [Ad 2s] (a straight, Ace to Five)
Puzanchik 11: mucks hand
LolDnkaments collected $59.50 from pot
*** SUMMARY ***
Total pot $60 | Rake $0.50
Board [3s 5c 8c 4c 7s]
Seat 3: Puzanchik 11 (big blind) mucked
Seat 4: LolDnkaments (button) (small blind) showed [Ad 2s] and won ($59.50) with a straight, Ace to Five


PokerStars Hand #147208149008:  Hold'em Limit ($3/$6 USD) - 2016/01/17 13:52:50 ET
Table 'Dolon IV' 6-max Seat #4 is the button
Seat 3: Puzanchik 11 ($98.92 in chips)
Seat 4: LolDnkaments ($73 in chips)
LolDnkaments: posts small blind $1
Puzanchik 11: posts big blind $3
*** HOLE CARDS ***
LolDnkaments: raises $3 to $6
Puzanchik 11: calls $3
*** FLOP *** [2d 2h 6c]
Puzanchik 11: checks
LolDnkaments: bets $3
Puzanchik 11: calls $3
*** TURN *** [2d 2h 6c] [5s]
Puzanchik 11: checks
LolDnkaments: bets $6
Puzanchik 11: raises $6 to $12
LolDnkaments: calls $6
*** RIVER *** [2d 2h 6c 5s] [Th]
Puzanchik 11: bets $6
LolDnkaments: calls $6
*** SHOW DOWN ***
Puzanchik 11: shows [9c 2c] (three of a kind, Deuces)
LolDnkaments: mucks hand
Puzanchik 11 collected $53.50 from pot
*** SUMMARY ***
Total pot $54 | Rake $0.50
Board [2d 2h 6c 5s Th]
Seat 3: Puzanchik 11 (big blind) showed [9c 2c] and won ($53.50) with three of a kind, Deuces
Seat 4: LolDnkaments (button) (small blind) mucked


PokerStars Hand #147208136242:  Hold'em Limit ($3/$6 USD) - 2016/01/17 13:52:39 ET
Table 'Dolon IV' 6-max Seat #3 is the button
Seat 3: Puzanchik 11 ($99.92 in chips)
Seat 4: LolDnkaments ($72 in chips)
Puzanchik 11: posts small blind $1
LolDnkaments: posts big blind $3
*** HOLE CARDS ***
Puzanchik 11: folds
Uncalled bet ($2) returned to LolDnkaments
LolDnkaments collected $2 from pot
LolDnkaments: doesn't show hand
*** SUMMARY ***
Total pot $2 | Rake $0
Seat 3: Puzanchik 11 (button) (small blind) folded before Flop
Seat 4: LolDnkaments (big blind) collected ($2)


PokerStars Hand #147208110361:  Hold'em Limit ($3/$6 USD) - 2016/01/17 13:52:17 ET
Table 'Dolon IV' 6-max Seat #4 is the button
Seat 3: Puzanchik 11 ($70.42 in chips)
Seat 4: LolDnkaments ($98.50 in chips)
LolDnkaments: posts small blind $1
Puzanchik 11: posts big blind $3
*** HOLE CARDS ***
LolDnkaments: raises $3 to $6
Puzanchik 11: raises $3 to $9
LolDnkaments: calls $3
*** FLOP *** [Ad 4c 8s]
Puzanchik 11: bets $3
LolDnkaments: calls $3
*** TURN *** [Ad 4c 8s] [6c]
Puzanchik 11: bets $6
LolDnkaments: raises $6 to $12
Puzanchik 11: calls $6
*** RIVER *** [Ad 4c 8s 6c] [Kd]
Puzanchik 11: checks
Zubasa07 leaves the table
LolDnkaments: bets $6
Puzanchik 11: calls $6
*** SHOW DOWN ***
LolDnkaments: shows [Ac 2c] (a pair of Aces)
Puzanchik 11: shows [Ah 9s] (a pair of Aces - King+Nine kicker)
Puzanchik 11 collected $59.50 from pot
*** SUMMARY ***
Total pot $60 | Rake $0.50
Board [Ad 4c 8s 6c Kd]
Seat 3: Puzanchik 11 (big blind) showed [Ah 9s] and won ($59.50) with a pair of Aces
Seat 4: LolDnkaments (button) (small blind) showed [Ac 2c] and lost with a pair of Aces


PokerStars Hand #147208100582:  Hold'em Limit ($3/$6 USD) - 2016/01/17 13:52:09 ET
Table 'Dolon IV' 6-max Seat #3 is the button
Seat 3: Puzanchik 11 ($67.42 in chips)
Seat 4: LolDnkaments ($101.50 in chips)
Puzanchik 11: posts small blind $1
LolDnkaments: posts big blind $3
*** HOLE CARDS ***
Puzanchik 11: raises $3 to $6
LolDnkaments: folds
Uncalled bet ($3) returned to Puzanchik 11
Puzanchik 11 collected $6 from pot
*** SUMMARY ***
Total pot $6 | Rake $0
Seat 3: Puzanchik 11 (button) (small blind) collected ($6)
Seat 4: LolDnkaments (big blind) folded before Flop


PokerStars Hand #147208205847:  Hold'em Limit ($3/$6 USD) - 2016/01/17 13:53:37 ET
Table 'Dolon IV' 6-max Seat #4 is the button
Seat 3: Puzanchik 11 ($91.42 in chips)
Seat 4: LolDnkaments ($105.50 in chips)
LolDnkaments: posts small blind $1
Puzanchik 11: posts big blind $3
*** HOLE CARDS ***
LolDnkaments: raises $3 to $6
Puzanchik 11: raises $3 to $9
LolDnkaments: calls $3
*** FLOP *** [9h Td Tc]
Puzanchik 11: bets $3
LolDnkaments: calls $3
*** TURN *** [9h Td Tc] [3c]
Puzanchik 11: bets $6
LolDnkaments: calls $6
*** RIVER *** [9h Td Tc 3c] [Ah]
Puzanchik 11: checks
LolDnkaments: checks
*** SHOW DOWN ***
Puzanchik 11: shows [Kh 3h] (two pair, Tens and Threes)
LolDnkaments: mucks hand
Puzanchik 11 collected $35.50 from pot
*** SUMMARY ***
Total pot $36 | Rake $0.50
Board [9h Td Tc 3c Ah]
Seat 3: Puzanchik 11 (big blind) showed [Kh 3h] and won ($35.50) with two pair, Tens and Threes
Seat 4: LolDnkaments (button) (small blind) mucked


PokerStars Hand #147208199737:  Hold'em Limit ($3/$6 USD) - 2016/01/17 13:53:32 ET
Table 'Dolon IV' 6-max Seat #3 is the button
Seat 3: Puzanchik 11 ($92.42 in chips)
Seat 4: LolDnkaments ($104.50 in chips)
Puzanchik 11: posts small blind $1
LolDnkaments: posts big blind $3
*** HOLE CARDS ***
Puzanchik 11: folds
Uncalled bet ($2) returned to LolDnkaments
LolDnkaments collected $2 from pot
LolDnkaments: doesn't show hand
*** SUMMARY ***
Total pot $2 | Rake $0
Seat 3: Puzanchik 11 (button) (small blind) folded before Flop
Seat 4: LolDnkaments (big blind) collected ($2)


PokerStars Hand #147208191582:  Hold'em Limit ($3/$6 USD) - 2016/01/17 13:53:25 ET
Table 'Dolon IV' 6-max Seat #4 is the button
Seat 3: Puzanchik 11 ($95.42 in chips)
Seat 4: LolDnkaments ($101.50 in chips)
LolDnkaments: posts small blind $1
Puzanchik 11: posts big blind $3
*** HOLE CARDS ***
LolDnkaments: raises $3 to $6
Puzanchik 11: folds
Uncalled bet ($3) returned to LolDnkaments
LolDnkaments collected $6 from pot
LolDnkaments: doesn't show hand
*** SUMMARY ***
Total pot $6 | Rake $0
Seat 3: Puzanchik 11 (big blind) folded before Flop
Seat 4: LolDnkaments (button) (small blind) collected ($6)


PokerStars Hand #147208170184:  Hold'em Limit ($3/$6 USD) - 2016/01/17 13:53:07 ET
Table 'Dolon IV' 6-max Seat #3 is the button
Seat 3: Puzanchik 11 ($125.42 in chips)
Seat 4: LolDnkaments ($72 in chips)
Puzanchik 11: posts small blind $1
LolDnkaments: posts big blind $3
*** HOLE CARDS ***
Puzanchik 11: raises $3 to $6
LolDnkaments: raises $3 to $9
Puzanchik 11: calls $3
*** FLOP *** [2s Qh 8h]
LolDnkaments: bets $3
Puzanchik 11: calls $3
*** TURN *** [2s Qh 8h] [Kd]
LolDnkaments: bets $6
Puzanchik 11: raises $6 to $12
LolDnkaments: calls $6
*** RIVER *** [2s Qh 8h Kd] [4h]
LolDnkaments: checks
Puzanchik 11: bets $6
LolDnkaments: calls $6
*** SHOW DOWN ***
Puzanchik 11: shows [Kh 9c] (a pair of Kings)
LolDnkaments: shows [Ks Jh] (a pair of Kings - Queen+Jack kicker)
LolDnkaments collected $59.50 from pot
*** SUMMARY ***
Total pot $60 | Rake $0.50
Board [2s Qh 8h Kd 4h]
Seat 3: Puzanchik 11 (button) (small blind) showed [Kh 9c] and lost with a pair of Kings
Seat 4: LolDnkaments (big blind) showed [Ks Jh] and won ($59.50) with a pair of Kings


PokerStars Hand #147208248683:  Hold'em Limit ($3/$6 USD) - 2016/01/17 13:54:13 ET
Table 'Dolon IV' 6-max Seat #3 is the button
Seat 3: Puzanchik 11 ($108.92 in chips)
Seat 4: LolDnkaments ($87.50 in chips)
Puzanchik 11: posts small blind $1
LolDnkaments: posts big blind $3
*** HOLE CARDS ***
Puzanchik 11: folds
Uncalled bet ($2) returned to LolDnkaments
LolDnkaments collected $2 from pot
LolDnkaments: doesn't show hand
*** SUMMARY ***
Total pot $2 | Rake $0
Seat 3: Puzanchik 11 (button) (small blind) folded before Flop
Seat 4: LolDnkaments (big blind) collected ($2)


