PokerStars Hand #158065292826:  Hold'em Limit ($3/$6 USD) - 2016/09/02 13:03:01 ET
Table 'Dolon' 6-max Seat #1 is the button
Seat 1: belik555 ($72 in chips)
Seat 6: igmade ($137.50 in chips)
belik555: posts small blind $1
igmade: posts big blind $3
*** HOLE CARDS ***
belik555: raises $3 to $6
igmade: calls $3
*** FLOP *** [Ks 8c Ts]
igmade: checks
belik555: bets $3
igmade: folds
Uncalled bet ($3) returned to belik555
belik555 collected $11.76 from pot
belik555: doesn't show hand
*** SUMMARY ***
Total pot $12 | Rake $0.24
Board [Ks 8c Ts]
Seat 1: belik555 (button) (small blind) collected ($11.76)
Seat 6: igmade (big blind) folded on the Flop


PokerStars Hand #158065278371:  Hold'em Limit ($3/$6 USD) - 2016/09/02 13:02:38 ET
Table 'Dolon' 6-max Seat #6 is the button
Seat 1: belik555 ($72 in chips)
Seat 6: igmade ($120 in chips)
igmade: posts small blind $1
belik555: posts big blind $3
*** HOLE CARDS ***
igmade: calls $2
belik555: checks
*** FLOP *** [5c 5h 3d]
belik555: bets $3
igmade: calls $3
*** TURN *** [5c 5h 3d] [4s]
belik555: bets $6
igmade: raises $6 to $12
belik555: calls $6
*** RIVER *** [5c 5h 3d 4s] [4d]
belik555: checks
igmade: bets $6
belik555: folds
Uncalled bet ($6) returned to igmade
igmade collected $35.50 from pot
*** SUMMARY ***
Total pot $36 | Rake $0.50
Board [5c 5h 3d 4s 4d]
Seat 1: belik555 (big blind) folded on the River
Seat 6: igmade (button) (small blind) collected ($35.50)


PokerStars Hand #158065320681:  Hold'em Limit ($3/$6 USD) - 2016/09/02 13:03:43 ET
Table 'Dolon' 6-max Seat #1 is the button
Seat 1: belik555 ($72 in chips)
Seat 6: igmade ($140.14 in chips)
belik555: posts small blind $1
igmade: posts big blind $3
*** HOLE CARDS ***
belik555: raises $3 to $6
igmade: calls $3
*** FLOP *** [9d 2s Qd]
igmade: checks
belik555: bets $3
igmade: calls $3
*** TURN *** [9d 2s Qd] [6s]
igmade: checks
belik555: checks
*** RIVER *** [9d 2s Qd 6s] [As]
igmade: checks
belik555: bets $6
igmade: folds
Uncalled bet ($6) returned to belik555
belik555 collected $17.64 from pot
belik555: doesn't show hand
*** SUMMARY ***
Total pot $18 | Rake $0.36
Board [9d 2s Qd 6s As]
Seat 1: belik555 (button) (small blind) collected ($17.64)
Seat 6: igmade (big blind) folded on the River


PokerStars Hand #158065299781:  Hold'em Limit ($3/$6 USD) - 2016/09/02 13:03:12 ET
Table 'Dolon' 6-max Seat #6 is the button
Seat 1: belik555 ($77.76 in chips)
Seat 6: igmade ($131.50 in chips)
igmade: posts small blind $1
belik555: posts big blind $3
*** HOLE CARDS ***
igmade: raises $3 to $6
belik555: calls $3
*** FLOP *** [Kd 8s 7h]
belik555: checks
igmade: bets $3
belik555: calls $3
*** TURN *** [Kd 8s 7h] [Ac]
belik555: checks
igmade: bets $6
belik555: folds
Uncalled bet ($6) returned to igmade
igmade collected $17.64 from pot
igmade: doesn't show hand
*** SUMMARY ***
Total pot $18 | Rake $0.36
Board [Kd 8s 7h Ac]
Seat 1: belik555 (big blind) folded on the Turn
Seat 6: igmade (button) (small blind) collected ($17.64)


PokerStars Hand #158065341452:  Hold'em Limit ($3/$6 USD) - 2016/09/02 13:04:14 ET
Table 'Dolon' 6-max Seat #6 is the button
Seat 1: belik555 ($80.64 in chips)
Seat 6: igmade ($131.14 in chips)
igmade: posts small blind $1
belik555: posts big blind $3
*** HOLE CARDS ***
igmade: raises $3 to $6
belik555: calls $3
*** FLOP *** [Qs 6s 2h]
belik555: checks
igmade: bets $3
belik555: calls $3
*** TURN *** [Qs 6s 2h] [9d]
belik555: checks
igmade: bets $6
belik555: calls $6
*** RIVER *** [Qs 6s 2h 9d] [9s]
belik555: checks
igmade: bets $6
belik555: folds
Uncalled bet ($6) returned to igmade
igmade collected $29.50 from pot
igmade: doesn't show hand
*** SUMMARY ***
Total pot $30 | Rake $0.50
Board [Qs 6s 2h 9d 9s]
Seat 1: belik555 (big blind) folded on the River
Seat 6: igmade (button) (small blind) collected ($29.50)


PokerStars Hand #158065384603:  Hold'em Limit ($3/$6 USD) - 2016/09/02 13:05:16 ET
Table 'Dolon' 6-max Seat #1 is the button
Seat 1: belik555 ($72 in chips)
Seat 6: igmade ($145.64 in chips)
belik555: posts small blind $1
igmade: posts big blind $3
*** HOLE CARDS ***
belik555: raises $3 to $6
igmade: calls $3
*** FLOP *** [Th 5h 6c]
igmade: checks
belik555: bets $3
igmade: calls $3
*** TURN *** [Th 5h 6c] [8h]
igmade: checks
belik555: bets $6
igmade: calls $6
*** RIVER *** [Th 5h 6c 8h] [2s]
igmade: checks
belik555: bets $6
igmade: folds
Uncalled bet ($6) returned to belik555
belik555 collected $29.50 from pot
belik555: doesn't show hand
*** SUMMARY ***
Total pot $30 | Rake $0.50
Board [Th 5h 6c 8h 2s]
Seat 1: belik555 (button) (small blind) collected ($29.50)
Seat 6: igmade (big blind) folded on the River


PokerStars Hand #158065399362:  Hold'em Limit ($3/$6 USD) - 2016/09/02 13:05:37 ET
Table 'Dolon' 6-max Seat #6 is the button
Seat 1: belik555 ($86.50 in chips)
Seat 6: igmade ($130.64 in chips)
igmade: posts small blind $1
belik555: posts big blind $3
*** HOLE CARDS ***
igmade: raises $3 to $6
belik555: calls $3
*** FLOP *** [6s 4c Jc]
belik555: checks
igmade: bets $3
belik555: raises $3 to $6
igmade: calls $3
*** TURN *** [6s 4c Jc] [Jh]
belik555: bets $6
igmade: calls $6
*** RIVER *** [6s 4c Jc Jh] [7s]
belik555: bets $6
igmade: raises $6 to $12
belik555: calls $6
*** SHOW DOWN ***
igmade: shows [Kd 7c] (two pair, Jacks and Sevens)
belik555: mucks hand
igmade collected $59.50 from pot
*** SUMMARY ***
Total pot $60 | Rake $0.50
Board [6s 4c Jc Jh 7s]
Seat 1: belik555 (big blind) mucked
Seat 6: igmade (button) (small blind) showed [Kd 7c] and won ($59.50) with two pair, Jacks and Sevens


PokerStars Hand #158065431043:  Hold'em Limit ($3/$6 USD) - 2016/09/02 13:06:23 ET
Table 'Dolon' 6-max Seat #1 is the button
Seat 1: belik555 ($72 in chips)
Seat 6: igmade ($160.14 in chips)
belik555: posts small blind $1
igmade: posts big blind $3
*** HOLE CARDS ***
belik555: raises $3 to $6
igmade: calls $3
*** FLOP *** [2d Ac 3c]
igmade: checks
belik555: bets $3
igmade: folds
Uncalled bet ($3) returned to belik555
belik555 collected $11.76 from pot
belik555: doesn't show hand
*** SUMMARY ***
Total pot $12 | Rake $0.24
Board [2d Ac 3c]
Seat 1: belik555 (button) (small blind) collected ($11.76)
Seat 6: igmade (big blind) folded on the Flop


