PokerStars Hand #144683742131:  Hold'em Limit ($3/$6 USD) - 2015/12/01 17:43:13 ET
Table 'Dolon II' 6-max Seat #3 is the button
Seat 3: rumataA ($120 in chips)
Seat 4: artiZzt ($72 in chips)
rumataA: posts small blind $1
artiZzt: posts big blind $3
*** HOLE CARDS ***
FlorinCatana joins the table at seat #6
rumataA: folds
Uncalled bet ($2) returned to artiZzt
artiZzt collected $2 from pot
artiZzt: doesn't show hand
*** SUMMARY ***
Total pot $2 | Rake $0
Seat 3: rumataA (button) (small blind) folded before Flop
Seat 4: artiZzt (big blind) collected ($2)


PokerStars Hand #144683777474:  Hold'em Limit ($3/$6 USD) - 2015/12/01 17:43:54 ET
Table 'Dolon II' 6-max Seat #3 is the button
Seat 3: rumataA ($112 in chips)
Seat 4: artiZzt ($80 in chips)
rumataA: posts small blind $1
artiZzt: posts big blind $3
*** HOLE CARDS ***
rumataA: raises $3 to $6
artiZzt: calls $3
*** FLOP *** [8d 2h Th]
artiZzt: checks
rumataA: bets $3
artiZzt: raises $3 to $6
rumataA: raises $3 to $9
artiZzt: calls $3
*** TURN *** [8d 2h Th] [Qh]
artiZzt: checks
rumataA: bets $6
artiZzt: calls $6
*** RIVER *** [8d 2h Th Qh] [Tc]
artiZzt: checks
rumataA: bets $6
artiZzt: folds
Uncalled bet ($6) returned to rumataA
rumataA collected $41.50 from pot
rumataA: doesn't show hand
*** SUMMARY ***
Total pot $42 | Rake $0.50
Board [8d 2h Th Qh Tc]
Seat 3: rumataA (button) (small blind) collected ($41.50)
Seat 4: artiZzt (big blind) folded on the River


PokerStars Hand #144683771677:  Hold'em Limit ($3/$6 USD) - 2015/12/01 17:43:48 ET
Table 'Dolon II' 6-max Seat #4 is the button
Seat 3: rumataA ($115 in chips)
Seat 4: artiZzt ($77 in chips)
artiZzt: posts small blind $1
rumataA: posts big blind $3
*** HOLE CARDS ***
artiZzt: raises $3 to $6
rumataA: folds
Uncalled bet ($3) returned to artiZzt
artiZzt collected $6 from pot
artiZzt: doesn't show hand
*** SUMMARY ***
Total pot $6 | Rake $0
Seat 3: rumataA (big blind) folded before Flop
Seat 4: artiZzt (button) (small blind) collected ($6)


PokerStars Hand #144683766553:  Hold'em Limit ($3/$6 USD) - 2015/12/01 17:43:42 ET
Table 'Dolon II' 6-max Seat #3 is the button
Seat 3: rumataA ($116 in chips)
Seat 4: artiZzt ($76 in chips)
rumataA: posts small blind $1
artiZzt: posts big blind $3
*** HOLE CARDS ***
rumataA: folds
Uncalled bet ($2) returned to artiZzt
artiZzt collected $2 from pot
artiZzt: doesn't show hand
*** SUMMARY ***
Total pot $2 | Rake $0
Seat 3: rumataA (button) (small blind) folded before Flop
Seat 4: artiZzt (big blind) collected ($2)


PokerStars Hand #144683758023:  Hold'em Limit ($3/$6 USD) - 2015/12/01 17:43:32 ET
Table 'Dolon II' 6-max Seat #4 is the button
Seat 3: rumataA ($119 in chips)
Seat 4: artiZzt ($73 in chips)
artiZzt: posts small blind $1
rumataA: posts big blind $3
*** HOLE CARDS ***
artiZzt: raises $3 to $6
rumataA: folds
Uncalled bet ($3) returned to artiZzt
artiZzt collected $6 from pot
artiZzt: doesn't show hand
*** SUMMARY ***
Total pot $6 | Rake $0
Seat 3: rumataA (big blind) folded before Flop
Seat 4: artiZzt (button) (small blind) collected ($6)


PokerStars Hand #144683753965:  Hold'em Limit ($3/$6 USD) - 2015/12/01 17:43:27 ET
Table 'Dolon II' 6-max Seat #3 is the button
Seat 3: rumataA ($120 in chips)
Seat 4: artiZzt ($72 in chips)
rumataA: posts small blind $1
artiZzt: posts big blind $3
*** HOLE CARDS ***
rumataA: folds
Uncalled bet ($2) returned to artiZzt
artiZzt collected $2 from pot
artiZzt: doesn't show hand
*** SUMMARY ***
Total pot $2 | Rake $0
Seat 3: rumataA (button) (small blind) folded before Flop
Seat 4: artiZzt (big blind) collected ($2)


PokerStars Hand #144683749203:  Hold'em Limit ($3/$6 USD) - 2015/12/01 17:43:22 ET
Table 'Dolon II' 6-max Seat #4 is the button
Seat 3: rumataA ($119 in chips)
Seat 4: artiZzt ($73 in chips)
artiZzt: posts small blind $1
rumataA: posts big blind $3
*** HOLE CARDS ***
artiZzt: folds
Uncalled bet ($2) returned to rumataA
FlorinCatana leaves the table
rumataA collected $2 from pot
rumataA: doesn't show hand
*** SUMMARY ***
Total pot $2 | Rake $0
Seat 3: rumataA (big blind) collected ($2)
Seat 4: artiZzt (button) (small blind) folded before Flop


PokerStars Hand #144683847400:  Hold'em Limit ($3/$6 USD) - 2015/12/01 17:45:15 ET
Table 'Dolon II' 6-max Seat #3 is the button
Seat 3: rumataA ($140.90 in chips)
Seat 4: artiZzt ($72 in chips)
rumataA: posts small blind $1
artiZzt: posts big blind $3
*** HOLE CARDS ***
rumataA: folds
Uncalled bet ($2) returned to artiZzt
artiZzt collected $2 from pot
artiZzt: doesn't show hand
*** SUMMARY ***
Total pot $2 | Rake $0
Seat 3: rumataA (button) (small blind) folded before Flop
Seat 4: artiZzt (big blind) collected ($2)


PokerStars Hand #144683824877:  Hold'em Limit ($3/$6 USD) - 2015/12/01 17:44:49 ET
Table 'Dolon II' 6-max Seat #4 is the button
Seat 3: rumataA ($132.26 in chips)
Seat 4: artiZzt ($72 in chips)
artiZzt: posts small blind $1
rumataA: posts big blind $3
*** HOLE CARDS ***
artiZzt: raises $3 to $6
rumataA: calls $3
*** FLOP *** [Kh Td Tc]
rumataA: checks
artiZzt: bets $3
rumataA: calls $3
*** TURN *** [Kh Td Tc] [9h]
rumataA: checks
artiZzt: checks
*** RIVER *** [Kh Td Tc 9h] [9d]
rumataA: bets $6
artiZzt: folds
Uncalled bet ($6) returned to rumataA
rumataA collected $17.64 from pot
rumataA: doesn't show hand
*** SUMMARY ***
Total pot $18 | Rake $0.36
Board [Kh Td Tc 9h 9d]
Seat 3: rumataA (big blind) collected ($17.64)
Seat 4: artiZzt (button) (small blind) folded on the River


PokerStars Hand #144683809197:  Hold'em Limit ($3/$6 USD) - 2015/12/01 17:44:31 ET
Table 'Dolon II' 6-max Seat #3 is the button
Seat 3: rumataA ($126.50 in chips)
Seat 4: artiZzt ($77.76 in chips)
rumataA: posts small blind $1
artiZzt: posts big blind $3
*** HOLE CARDS ***
rumataA: raises $3 to $6
artiZzt: calls $3
*** FLOP *** [Js 7d 2c]
artiZzt: checks
rumataA: bets $3
artiZzt: folds
Uncalled bet ($3) returned to rumataA
rumataA collected $11.76 from pot
rumataA: doesn't show hand
*** SUMMARY ***
Total pot $12 | Rake $0.24
Board [Js 7d 2c]
Seat 3: rumataA (button) (small blind) collected ($11.76)
Seat 4: artiZzt (big blind) folded on the Flop


PokerStars Hand #144683798122:  Hold'em Limit ($3/$6 USD) - 2015/12/01 17:44:18 ET
Table 'Dolon II' 6-max Seat #4 is the button
Seat 3: rumataA ($132.50 in chips)
Seat 4: artiZzt ($72 in chips)
artiZzt: posts small blind $1
rumataA: posts big blind $3
*** HOLE CARDS ***
artiZzt: raises $3 to $6
rumataA: calls $3
*** FLOP *** [7h 5c 3d]
rumataA: checks
artiZzt: bets $3
rumataA: folds
Uncalled bet ($3) returned to artiZzt
artiZzt collected $11.76 from pot
artiZzt: doesn't show hand
*** SUMMARY ***
Total pot $12 | Rake $0.24
Board [7h 5c 3d]
Seat 3: rumataA (big blind) folded on the Flop
Seat 4: artiZzt (button) (small blind) collected ($11.76)


PokerStars Hand #144683897496:  Hold'em Limit ($3/$6 USD) - 2015/12/01 17:46:13 ET
Table 'Dolon II' 6-max Seat #3 is the button
Seat 3: rumataA ($117.90 in chips)
Seat 4: artiZzt ($94.50 in chips)
rumataA: posts small blind $1
artiZzt: posts big blind $3
*** HOLE CARDS ***
rumataA: raises $3 to $6
artiZzt: calls $3
*** FLOP *** [9d 5d Js]
artiZzt: checks
rumataA: bets $3
artiZzt: folds
Uncalled bet ($3) returned to rumataA
rumataA collected $11.76 from pot
rumataA: doesn't show hand
*** SUMMARY ***
Total pot $12 | Rake $0.24
Board [9d 5d Js]
Seat 3: rumataA (button) (small blind) collected ($11.76)
Seat 4: artiZzt (big blind) folded on the Flop


PokerStars Hand #144683891970:  Hold'em Limit ($3/$6 USD) - 2015/12/01 17:46:07 ET
Table 'Dolon II' 6-max Seat #4 is the button
Seat 3: rumataA ($120.90 in chips)
Seat 4: artiZzt ($91.50 in chips)
artiZzt: posts small blind $1
rumataA: posts big blind $3
*** HOLE CARDS ***
artiZzt: raises $3 to $6
rumataA: folds
Uncalled bet ($3) returned to artiZzt
artiZzt collected $6 from pot
artiZzt: doesn't show hand
*** SUMMARY ***
Total pot $6 | Rake $0
Seat 3: rumataA (big blind) folded before Flop
Seat 4: artiZzt (button) (small blind) collected ($6)


PokerStars Hand #144683884104:  Hold'em Limit ($3/$6 USD) - 2015/12/01 17:45:58 ET
Table 'Dolon II' 6-max Seat #3 is the button
Seat 3: rumataA ($121.90 in chips)
Seat 4: artiZzt ($90.50 in chips)
rumataA: posts small blind $1
artiZzt: posts big blind $3
*** HOLE CARDS ***
rumataA: folds
Uncalled bet ($2) returned to artiZzt
artiZzt collected $2 from pot
artiZzt: doesn't show hand
*** SUMMARY ***
Total pot $2 | Rake $0
Seat 3: rumataA (button) (small blind) folded before Flop
Seat 4: artiZzt (big blind) collected ($2)


PokerStars Hand #144683853422:  Hold'em Limit ($3/$6 USD) - 2015/12/01 17:45:22 ET
Table 'Dolon II' 6-max Seat #4 is the button
Seat 3: rumataA ($139.90 in chips)
Seat 4: artiZzt ($73 in chips)
artiZzt: posts small blind $1
rumataA: posts big blind $3
*** HOLE CARDS ***
artiZzt: raises $3 to $6
rumataA: calls $3
*** FLOP *** [As 9c 8c]
rumataA: checks
artiZzt: bets $3
rumataA: raises $3 to $6
artiZzt: calls $3
*** TURN *** [As 9c 8c] [Qd]
rumataA: bets $6
artiZzt: calls $6
*** RIVER *** [As 9c 8c Qd] [Td]
rumataA: checks
artiZzt: bets $6
rumataA: folds
Uncalled bet ($6) returned to artiZzt
artiZzt collected $35.50 from pot
artiZzt: doesn't show hand
*** SUMMARY ***
Total pot $36 | Rake $0.50
Board [As 9c 8c Qd Td]
Seat 3: rumataA (big blind) folded on the River
Seat 4: artiZzt (button) (small blind) collected ($35.50)


PokerStars Hand #144683936540:  Hold'em Limit ($3/$6 USD) - 2015/12/01 17:46:58 ET
Table 'Dolon II' 6-max Seat #4 is the button
Seat 3: rumataA ($135.16 in chips)
Seat 4: artiZzt ($76.50 in chips)
artiZzt: posts small blind $1
rumataA: posts big blind $3
*** HOLE CARDS ***
artiZzt: raises $3 to $6
rumataA: folds
Uncalled bet ($3) returned to artiZzt
artiZzt collected $6 from pot
artiZzt: doesn't show hand
*** SUMMARY ***
Total pot $6 | Rake $0
Seat 3: rumataA (big blind) folded before Flop
Seat 4: artiZzt (button) (small blind) collected ($6)


PokerStars Hand #144683912498:  Hold'em Limit ($3/$6 USD) - 2015/12/01 17:46:30 ET
Table 'Dolon II' 6-max Seat #3 is the button
Seat 3: rumataA ($120.66 in chips)
Seat 4: artiZzt ($91.50 in chips)
rumataA: posts small blind $1
artiZzt: posts big blind $3
*** HOLE CARDS ***
rumataA: raises $3 to $6
artiZzt: calls $3
*** FLOP *** [Qs Kh 8h]
artiZzt: checks
rumataA: bets $3
artiZzt: calls $3
*** TURN *** [Qs Kh 8h] [4s]
artiZzt: checks
rumataA: bets $6
artiZzt: calls $6
*** RIVER *** [Qs Kh 8h 4s] [2h]
artiZzt: checks
rumataA: checks
*** SHOW DOWN ***
artiZzt: shows [Th 8d] (a pair of Eights)
rumataA: shows [5h Kd] (a pair of Kings)
rumataA collected $29.50 from pot
*** SUMMARY ***
Total pot $30 | Rake $0.50
Board [Qs Kh 8h 4s 2h]
Seat 3: rumataA (button) (small blind) showed [5h Kd] and won ($29.50) with a pair of Kings
Seat 4: artiZzt (big blind) showed [Th 8d] and lost with a pair of Eights


PokerStars Hand #144683905425:  Hold'em Limit ($3/$6 USD) - 2015/12/01 17:46:22 ET
Table 'Dolon II' 6-max Seat #4 is the button
Seat 3: rumataA ($123.66 in chips)
Seat 4: artiZzt ($88.50 in chips)
artiZzt: posts small blind $1
rumataA: posts big blind $3
*** HOLE CARDS ***
artiZzt: raises $3 to $6
rumataA: folds
Uncalled bet ($3) returned to artiZzt
artiZzt collected $6 from pot
artiZzt: doesn't show hand
*** SUMMARY ***
Total pot $6 | Rake $0
Seat 3: rumataA (big blind) folded before Flop
Seat 4: artiZzt (button) (small blind) collected ($6)


PokerStars Hand #144683977274:  Hold'em Limit ($3/$6 USD) - 2015/12/01 17:47:45 ET
Table 'Dolon II' 6-max Seat #3 is the button
Seat 3: rumataA ($125.80 in chips)
Seat 4: artiZzt ($85 in chips)
rumataA: posts small blind $1
artiZzt: posts big blind $3
*** HOLE CARDS ***
rumataA: raises $3 to $6
artiZzt: calls $3
*** FLOP *** [Ks Kc 6c]
artiZzt: checks
rumataA: checks
*** TURN *** [Ks Kc 6c] [Jd]
artiZzt: checks
rumataA: checks
*** RIVER *** [Ks Kc 6c Jd] [Ah]
artiZzt: checks
rumataA: bets $6
artiZzt: folds
Uncalled bet ($6) returned to rumataA
rumataA collected $11.76 from pot
rumataA: doesn't show hand
*** SUMMARY ***
Total pot $12 | Rake $0.24
Board [Ks Kc 6c Jd Ah]
Seat 3: rumataA (button) (small blind) collected ($11.76)
Seat 4: artiZzt (big blind) folded on the River


PokerStars Hand #144683963206:  Hold'em Limit ($3/$6 USD) - 2015/12/01 17:47:29 ET
Table 'Dolon II' 6-max Seat #4 is the button
Seat 3: rumataA ($117.16 in chips)
Seat 4: artiZzt ($94 in chips)
artiZzt: posts small blind $1
rumataA: posts big blind $3
*** HOLE CARDS ***
artiZzt: raises $3 to $6
rumataA: calls $3
*** FLOP *** [3c 7c 8d]
rumataA: checks
artiZzt: bets $3
rumataA: raises $3 to $6
artiZzt: folds
Uncalled bet ($3) returned to rumataA
rumataA collected $17.64 from pot
*** SUMMARY ***
Total pot $18 | Rake $0.36
Board [3c 7c 8d]
Seat 3: rumataA (big blind) collected ($17.64)
Seat 4: artiZzt (button) (small blind) folded on the Flop


PokerStars Hand #144683944784:  Hold'em Limit ($3/$6 USD) - 2015/12/01 17:47:08 ET
Table 'Dolon II' 6-max Seat #3 is the button
Seat 3: rumataA ($132.16 in chips)
Seat 4: artiZzt ($79.50 in chips)
rumataA: posts small blind $1
artiZzt: posts big blind $3
*** HOLE CARDS ***
rumataA: raises $3 to $6
artiZzt: calls $3
*** FLOP *** [Ac As 5s]
artiZzt: checks
rumataA: bets $3
artiZzt: calls $3
*** TURN *** [Ac As 5s] [4d]
artiZzt: checks
rumataA: bets $6
artiZzt: raises $6 to $12
rumataA: folds
Uncalled bet ($6) returned to artiZzt
artiZzt collected $29.50 from pot
artiZzt: doesn't show hand
*** SUMMARY ***
Total pot $30 | Rake $0.50
Board [Ac As 5s 4d]
Seat 3: rumataA (button) (small blind) folded on the Turn
Seat 4: artiZzt (big blind) collected ($29.50)


PokerStars Hand #144684024982:  Hold'em Limit ($3/$6 USD) - 2015/12/01 17:48:41 ET
Table 'Dolon II' 6-max Seat #4 is the button
Seat 3: rumataA ($145.06 in chips)
Seat 4: artiZzt ($73 in chips)
artiZzt: posts small blind $1
rumataA: posts big blind $3
*** HOLE CARDS ***
artiZzt: raises $3 to $6
rumataA: calls $3
*** FLOP *** [Jd Kc 7h]
rumataA: checks
artiZzt: bets $3
rumataA: raises $3 to $6
artiZzt: calls $3
*** TURN *** [Jd Kc 7h] [9s]
rumataA: checks
artiZzt: bets $6
rumataA: folds
Uncalled bet ($6) returned to artiZzt
artiZzt collected $23.52 from pot
artiZzt: doesn't show hand
*** SUMMARY ***
Total pot $24 | Rake $0.48
Board [Jd Kc 7h 9s]
Seat 3: rumataA (big blind) folded on the Turn
Seat 4: artiZzt (button) (small blind) collected ($23.52)


PokerStars Hand #144684020922:  Hold'em Limit ($3/$6 USD) - 2015/12/01 17:48:36 ET
Table 'Dolon II' 6-max Seat #3 is the button
Seat 3: rumataA ($146.06 in chips)
Seat 4: artiZzt ($72 in chips)
rumataA: posts small blind $1
artiZzt: posts big blind $3
*** HOLE CARDS ***
rumataA: folds
Uncalled bet ($2) returned to artiZzt
artiZzt collected $2 from pot
artiZzt: doesn't show hand
*** SUMMARY ***
Total pot $2 | Rake $0
Seat 3: rumataA (button) (small blind) folded before Flop
Seat 4: artiZzt (big blind) collected ($2)


PokerStars Hand #144683995303:  Hold'em Limit ($3/$6 USD) - 2015/12/01 17:48:06 ET
Table 'Dolon II' 6-max Seat #4 is the button
Seat 3: rumataA ($131.56 in chips)
Seat 4: artiZzt ($79 in chips)
artiZzt: posts small blind $1
rumataA: posts big blind $3
*** HOLE CARDS ***
artiZzt: raises $3 to $6
ValeryRon leaves the table
rumataA: calls $3
*** FLOP *** [9c Jh 3h]
rumataA: checks
artiZzt: bets $3
rumataA: calls $3
*** TURN *** [9c Jh 3h] [Qd]
rumataA: checks
artiZzt: checks
*** RIVER *** [9c Jh 3h Qd] [4s]
rumataA: checks
artiZzt: bets $6
rumataA: calls $6
*** SHOW DOWN ***
artiZzt: shows [2s 7d] (high card Queen)
rumataA: shows [7s Ad] (high card Ace)
rumataA collected $29.50 from pot
*** SUMMARY ***
Total pot $30 | Rake $0.50
Board [9c Jh 3h Qd 4s]
Seat 3: rumataA (big blind) showed [7s Ad] and won ($29.50) with high card Ace
Seat 4: artiZzt (button) (small blind) showed [2s 7d] and lost with high card Queen


PokerStars Hand #144686463584:  Hold'em Limit ($3/$6 USD) - 2015/12/01 18:41:00 ET
Table 'Dolon II' 6-max Seat #4 is the button
Seat 3: JTDStreet ($165.24 in chips)
Seat 4: alexslep ($248.09 in chips)
alexslep: posts small blind $1
pompier40: is sitting out
JTDStreet: posts big blind $3
*** HOLE CARDS ***
pompier40 leaves the table
alexslep: folds
Uncalled bet ($2) returned to JTDStreet
JTDStreet collected $2 from pot
JTDStreet: doesn't show hand
*** SUMMARY ***
Total pot $2 | Rake $0
Seat 3: JTDStreet (big blind) collected ($2)
Seat 4: alexslep (button) (small blind) folded before Flop


