PokerStars Hand #153380504917:  Hold'em Limit ($3/$6 USD) - 2016/05/15 22:12:40 ET
Table 'Donar' 10-max Seat #1 is the button
Seat 1: Zubasa07 ($500 in chips)
Seat 5: FabronxRJ ($118.91 in chips)
Zubasa07: posts small blind $1
FabronxRJ: posts big blind $3
*** HOLE CARDS ***
Zubasa07: raises $3 to $6
FabronxRJ: calls $3
*** FLOP *** [As 2c 7s]
FabronxRJ: checks
Zubasa07: bets $3
FabronxRJ: raises $3 to $6
Zubasa07: calls $3
*** TURN *** [As 2c 7s] [7h]
FabronxRJ: checks
Zubasa07: checks
*** RIVER *** [As 2c 7s 7h] [2s]
FabronxRJ: checks
Zubasa07: checks
*** SHOW DOWN ***
FabronxRJ: shows [8d Qd] (two pair, Sevens and Deuces)
Zubasa07: shows [Kh 4h] (two pair, Sevens and Deuces)
FabronxRJ collected $11.76 from pot
Zubasa07 collected $11.76 from pot
*** SUMMARY ***
Total pot $24 | Rake $0.48
Board [As 2c 7s 7h 2s]
Seat 1: Zubasa07 (button) (small blind) showed [Kh 4h] and won ($11.76) with two pair, Sevens and Deuces
Seat 5: FabronxRJ (big blind) showed [8d Qd] and won ($11.76) with two pair, Sevens and Deuces


PokerStars Hand #153380529592:  Hold'em Limit ($3/$6 USD) - 2016/05/15 22:13:46 ET
Table 'Donar' 10-max Seat #1 is the button
Seat 1: Zubasa07 ($493.76 in chips)
Seat 5: FabronxRJ ($124.43 in chips)
Zubasa07: posts small blind $1
FabronxRJ: posts big blind $3
*** HOLE CARDS ***
Zubasa07: raises $3 to $6
FabronxRJ: raises $3 to $9
Zubasa07: calls $3
*** FLOP *** [Qs 9h 7s]
FabronxRJ: checks
Zubasa07: checks
*** TURN *** [Qs 9h 7s] [Ac]
FabronxRJ: bets $6
Zubasa07: folds
Uncalled bet ($6) returned to FabronxRJ
FabronxRJ collected $17.64 from pot
FabronxRJ: doesn't show hand
*** SUMMARY ***
Total pot $18 | Rake $0.36
Board [Qs 9h 7s Ac]
Seat 1: Zubasa07 (button) (small blind) folded on the Turn
Seat 5: FabronxRJ (big blind) collected ($17.64)


PokerStars Hand #153380519970:  Hold'em Limit ($3/$6 USD) - 2016/05/15 22:13:20 ET
Table 'Donar' 10-max Seat #5 is the button
Seat 1: Zubasa07 ($499.76 in chips)
Seat 5: FabronxRJ ($118.67 in chips)
FabronxRJ: posts small blind $1
Zubasa07: posts big blind $3
*** HOLE CARDS ***
FabronxRJ: raises $3 to $6
Zubasa07: calls $3
*** FLOP *** [5s 8h 2s]
Zubasa07: checks
FabronxRJ: bets $3
Zubasa07: folds
Uncalled bet ($3) returned to FabronxRJ
FabronxRJ collected $11.76 from pot
FabronxRJ: doesn't show hand
*** SUMMARY ***
Total pot $12 | Rake $0.24
Board [5s 8h 2s]
Seat 1: Zubasa07 (big blind) folded on the Flop
Seat 5: FabronxRJ (button) (small blind) collected ($11.76)


PokerStars Hand #153380542511:  Hold'em Limit ($3/$6 USD) - 2016/05/15 22:14:20 ET
Table 'Donar' 10-max Seat #5 is the button
Seat 1: Zubasa07 ($484.76 in chips)
Seat 5: FabronxRJ ($133.07 in chips)
FabronxRJ: posts small blind $1
Zubasa07: posts big blind $3
*** HOLE CARDS ***
FabronxRJ: calls $2
Zubasa07: raises $3 to $6
FabronxRJ: calls $3
*** FLOP *** [Qc 2d Jd]
Zubasa07: checks
FabronxRJ: bets $3
Zubasa07: folds
Uncalled bet ($3) returned to FabronxRJ
FabronxRJ collected $11.76 from pot
FabronxRJ: doesn't show hand
*** SUMMARY ***
Total pot $12 | Rake $0.24
Board [Qc 2d Jd]
Seat 1: Zubasa07 (big blind) folded on the Flop
Seat 5: FabronxRJ (button) (small blind) collected ($11.76)


PokerStars Hand #153380550076:  Hold'em Limit ($3/$6 USD) - 2016/05/15 22:14:41 ET
Table 'Donar' 10-max Seat #1 is the button
Seat 1: Zubasa07 ($478.76 in chips)
Seat 5: FabronxRJ ($138.83 in chips)
Zubasa07: posts small blind $1
FabronxRJ: posts big blind $3
*** HOLE CARDS ***
Zubasa07: raises $3 to $6
FabronxRJ: calls $3
*** FLOP *** [4d 5h 2h]
FabronxRJ: checks
Zubasa07: checks
*** TURN *** [4d 5h 2h] [Jd]
FabronxRJ: bets $6
Zubasa07: raises $6 to $12
FabronxRJ: calls $6
*** RIVER *** [4d 5h 2h Jd] [Ac]
FabronxRJ: checks
Zubasa07: bets $6
FabronxRJ: folds
Uncalled bet ($6) returned to Zubasa07
Zubasa07 collected $35.50 from pot
Zubasa07: doesn't show hand
*** SUMMARY ***
Total pot $36 | Rake $0.50
Board [4d 5h 2h Jd Ac]
Seat 1: Zubasa07 (button) (small blind) collected ($35.50)
Seat 5: FabronxRJ (big blind) folded on the River


PokerStars Hand #153380567119:  Hold'em Limit ($3/$6 USD) - 2016/05/15 22:15:27 ET
Table 'Donar' 10-max Seat #5 is the button
Seat 1: Zubasa07 ($496.26 in chips)
Seat 5: FabronxRJ ($120.83 in chips)
FabronxRJ: posts small blind $1
Zubasa07: posts big blind $3
*** HOLE CARDS ***
FabronxRJ: raises $3 to $6
Zubasa07: raises $3 to $9
FabronxRJ: calls $3
*** FLOP *** [2h Tc Ac]
Zubasa07: bets $3
FabronxRJ: folds
Uncalled bet ($3) returned to Zubasa07
Zubasa07 collected $17.64 from pot
Zubasa07: doesn't show hand
*** SUMMARY ***
Total pot $18 | Rake $0.36
Board [2h Tc Ac]
Seat 1: Zubasa07 (big blind) collected ($17.64)
Seat 5: FabronxRJ (button) (small blind) folded on the Flop


PokerStars Hand #153380572915:  Hold'em Limit ($3/$6 USD) - 2016/05/15 22:15:43 ET
Table 'Donar' 10-max Seat #1 is the button
Seat 1: Zubasa07 ($504.90 in chips)
Seat 5: FabronxRJ ($111.83 in chips)
Zubasa07: posts small blind $1
FabronxRJ: posts big blind $3
*** HOLE CARDS ***
Zubasa07: raises $3 to $6
FabronxRJ: raises $3 to $9
Zubasa07: calls $3
*** FLOP *** [Kh Qh 9s]
FabronxRJ: checks
Zubasa07: bets $3
FabronxRJ: raises $3 to $6
Zubasa07: raises $3 to $9
FabronxRJ: raises $3 to $12
Betting is capped
Zubasa07: calls $3
*** TURN *** [Kh Qh 9s] [3c]
FabronxRJ: bets $6
Zubasa07: raises $6 to $12
FabronxRJ: raises $6 to $18
Zubasa07: raises $6 to $24
Betting is capped
FabronxRJ: calls $6
*** RIVER *** [Kh Qh 9s 3c] [Kd]
FabronxRJ: checks
Zubasa07: bets $6
FabronxRJ: raises $6 to $12
Zubasa07: calls $6
*** SHOW DOWN ***
FabronxRJ: shows [Ac Ks] (three of a kind, Kings)
Zubasa07: shows [Jc Th] (a straight, Nine to King)
Zubasa07 collected $113.50 from pot
*** SUMMARY ***
Total pot $114 | Rake $0.50
Board [Kh Qh 9s 3c Kd]
Seat 1: Zubasa07 (button) (small blind) showed [Jc Th] and won ($113.50) with a straight, Nine to King
Seat 5: FabronxRJ (big blind) showed [Ac Ks] and lost with three of a kind, Kings


PokerStars Hand #153380589627:  Hold'em Limit ($3/$6 USD) - 2016/05/15 22:16:28 ET
Table 'Donar' 10-max Seat #5 is the button
Seat 1: Zubasa07 ($561.40 in chips)
Seat 5: FabronxRJ ($54.83 in chips)
FabronxRJ: posts small blind $1
Zubasa07: posts big blind $3
*** HOLE CARDS ***
FabronxRJ: raises $3 to $6
Zubasa07: calls $3
*** FLOP *** [8h Ah Td]
Zubasa07: checks
FabronxRJ: bets $3
Zubasa07: calls $3
*** TURN *** [8h Ah Td] [7c]
Zubasa07: checks
FabronxRJ: checks
*** RIVER *** [8h Ah Td 7c] [4d]
Zubasa07: bets $6
FabronxRJ: raises $6 to $12
Zubasa07: raises $6 to $18
FabronxRJ: calls $6
*** SHOW DOWN ***
Zubasa07: shows [8d 7h] (two pair, Eights and Sevens)
FabronxRJ: mucks hand
Zubasa07 collected $53.50 from pot
FabronxRJ leaves the table
*** SUMMARY ***
Total pot $54 | Rake $0.50
Board [8h Ah Td 7c 4d]
Seat 1: Zubasa07 (big blind) showed [8d 7h] and won ($53.50) with two pair, Eights and Sevens
Seat 5: FabronxRJ (button) (small blind) mucked


