PokerStars Hand #149422969273:  Hold'em Limit ($3/$6 USD) - 2016/02/25 21:12:41 ET
Table 'Donar' 6-max Seat #4 is the button
Seat 2: manly70 ($64.69 in chips)
Seat 4: aless284 ($134.45 in chips)
aless284: posts small blind $1
manly70: posts big blind $3
*** HOLE CARDS ***
aless284: folds
Uncalled bet ($2) returned to manly70
manly70 collected $2 from pot
*** SUMMARY ***
Total pot $2 | Rake $0
Seat 2: manly70 (big blind) collected ($2)
Seat 4: aless284 (button) (small blind) folded before Flop


PokerStars Hand #149422964752:  Hold'em Limit ($3/$6 USD) - 2016/02/25 21:12:31 ET
Table 'Donar' 6-max Seat #2 is the button
Seat 2: manly70 ($65.69 in chips)
Seat 4: aless284 ($133.45 in chips)
manly70: posts small blind $1
aless284: posts big blind $3
*** HOLE CARDS ***
TinaTurner72 leaves the table
manly70: folds
Uncalled bet ($2) returned to aless284
aless284 collected $2 from pot
aless284: doesn't show hand
*** SUMMARY ***
Total pot $2 | Rake $0
Seat 2: manly70 (button) (small blind) folded before Flop
Seat 4: aless284 (big blind) collected ($2)


PokerStars Hand #149422962539:  Hold'em Limit ($3/$6 USD) - 2016/02/25 21:12:26 ET
Table 'Donar' 6-max Seat #4 is the button
Seat 2: manly70 ($64.69 in chips)
Seat 4: aless284 ($134.45 in chips)
aless284: posts small blind $1
TinaTurner72: is sitting out
manly70: posts big blind $3
*** HOLE CARDS ***
aless284: folds
Uncalled bet ($2) returned to manly70
manly70 collected $2 from pot
*** SUMMARY ***
Total pot $2 | Rake $0
Seat 2: manly70 (big blind) collected ($2)
Seat 4: aless284 (button) (small blind) folded before Flop


PokerStars Hand #149422978454:  Hold'em Limit ($3/$6 USD) - 2016/02/25 21:13:02 ET
Table 'Donar' 6-max Seat #4 is the button
Seat 2: manly70 ($68.69 in chips)
Seat 4: aless284 ($130.45 in chips)
aless284: posts small blind $1
manly70: posts big blind $3
*** HOLE CARDS ***
aless284: raises $3 to $6
manly70: folds
Uncalled bet ($3) returned to aless284
aless284 collected $6 from pot
aless284: doesn't show hand
*** SUMMARY ***
Total pot $6 | Rake $0
Seat 2: manly70 (big blind) folded before Flop
Seat 4: aless284 (button) (small blind) collected ($6)


PokerStars Hand #149422971847:  Hold'em Limit ($3/$6 USD) - 2016/02/25 21:12:47 ET
Table 'Donar' 6-max Seat #2 is the button
Seat 2: manly70 ($65.69 in chips)
Seat 4: aless284 ($133.45 in chips)
manly70: posts small blind $1
aless284: posts big blind $3
*** HOLE CARDS ***
manly70: raises $3 to $6
aless284: folds
Uncalled bet ($3) returned to manly70
manly70 collected $6 from pot
*** SUMMARY ***
Total pot $6 | Rake $0
Seat 2: manly70 (button) (small blind) collected ($6)
Seat 4: aless284 (big blind) folded before Flop


PokerStars Hand #149422985372:  Hold'em Limit ($3/$6 USD) - 2016/02/25 21:13:17 ET
Table 'Donar' 6-max Seat #4 is the button
Seat 2: manly70 ($64.69 in chips)
Seat 4: aless284 ($134.45 in chips)
aless284: posts small blind $1
manly70: posts big blind $3
*** HOLE CARDS ***
aless284: raises $3 to $6
manly70: calls $3
*** FLOP *** [4h Kh 4d]
manly70: checks
aless284: bets $3
manly70: calls $3
*** TURN *** [4h Kh 4d] [9s]
manly70: checks
aless284: bets $6
manly70: calls $6
*** RIVER *** [4h Kh 4d 9s] [6s]
manly70: checks
aless284: checks
*** SHOW DOWN ***
manly70: shows [Ah 6h] (two pair, Sixes and Fours)
aless284: mucks hand
manly70 collected $29.50 from pot
*** SUMMARY ***
Total pot $30 | Rake $0.50
Board [4h Kh 4d 9s 6s]
Seat 2: manly70 (big blind) showed [Ah 6h] and won ($29.50) with two pair, Sixes and Fours
Seat 4: aless284 (button) (small blind) mucked


PokerStars Hand #149422981893:  Hold'em Limit ($3/$6 USD) - 2016/02/25 21:13:10 ET
Table 'Donar' 6-max Seat #2 is the button
Seat 2: manly70 ($65.69 in chips)
Seat 4: aless284 ($133.45 in chips)
manly70: posts small blind $1
aless284: posts big blind $3
*** HOLE CARDS ***
manly70: folds
Uncalled bet ($2) returned to aless284
aless284 collected $2 from pot
aless284: doesn't show hand
*** SUMMARY ***
Total pot $2 | Rake $0
Seat 2: manly70 (button) (small blind) folded before Flop
Seat 4: aless284 (big blind) collected ($2)


PokerStars Hand #149423023727:  Hold'em Limit ($3/$6 USD) - 2016/02/25 21:14:44 ET
Table 'Donar' 6-max Seat #4 is the button
Seat 2: manly70 ($69.95 in chips)
Seat 4: aless284 ($127.85 in chips)
aless284: posts small blind $1
manly70: posts big blind $3
*** HOLE CARDS ***
aless284: folds
Uncalled bet ($2) returned to manly70
manly70 collected $2 from pot
*** SUMMARY ***
Total pot $2 | Rake $0
Seat 2: manly70 (big blind) collected ($2)
Seat 4: aless284 (button) (small blind) folded before Flop


PokerStars Hand #149423016059:  Hold'em Limit ($3/$6 USD) - 2016/02/25 21:14:27 ET
Table 'Donar' 6-max Seat #2 is the button
Seat 2: manly70 ($75.95 in chips)
Seat 4: aless284 ($122.09 in chips)
manly70: posts small blind $1
aless284: posts big blind $3
*** HOLE CARDS ***
manly70: raises $3 to $6
aless284: calls $3
*** FLOP *** [6h 8d Jh]
aless284: checks
manly70: checks
*** TURN *** [6h 8d Jh] [3c]
aless284: bets $6
manly70: folds
Uncalled bet ($6) returned to aless284
aless284 collected $11.76 from pot
aless284: doesn't show hand
*** SUMMARY ***
Total pot $12 | Rake $0.24
Board [6h 8d Jh 3c]
Seat 2: manly70 (button) (small blind) folded on the Turn
Seat 4: aless284 (big blind) collected ($11.76)


PokerStars Hand #149423007741:  Hold'em Limit ($3/$6 USD) - 2016/02/25 21:14:08 ET
Table 'Donar' 6-max Seat #4 is the button
Seat 2: manly70 ($84.95 in chips)
Seat 4: aless284 ($113.45 in chips)
aless284: posts small blind $1
manly70: posts big blind $3
*** HOLE CARDS ***
aless284: raises $3 to $6
manly70: calls $3
*** FLOP *** [2d Ks 8s]
manly70: checks
aless284: bets $3
manly70: calls $3
*** TURN *** [2d Ks 8s] [Kh]
manly70: checks
aless284: bets $6
manly70: folds
Uncalled bet ($6) returned to aless284
aless284 collected $17.64 from pot
aless284: doesn't show hand
*** SUMMARY ***
Total pot $18 | Rake $0.36
Board [2d Ks 8s Kh]
Seat 2: manly70 (big blind) folded on the Turn
Seat 4: aless284 (button) (small blind) collected ($17.64)


PokerStars Hand #149422997816:  Hold'em Limit ($3/$6 USD) - 2016/02/25 21:13:45 ET
Table 'Donar' 6-max Seat #2 is the button
Seat 2: manly70 ($79.19 in chips)
Seat 4: aless284 ($119.45 in chips)
manly70: posts small blind $1
aless284: posts big blind $3
*** HOLE CARDS ***
manly70: raises $3 to $6
aless284: calls $3
*** FLOP *** [4h Ac 9c]
aless284: checks
manly70: bets $3
aless284: folds
Uncalled bet ($3) returned to manly70
manly70 collected $11.76 from pot
*** SUMMARY ***
Total pot $12 | Rake $0.24
Board [4h Ac 9c]
Seat 2: manly70 (button) (small blind) collected ($11.76)
Seat 4: aless284 (big blind) folded on the Flop


PokerStars Hand #149423035496:  Hold'em Limit ($3/$6 USD) - 2016/02/25 21:15:10 ET
Table 'Donar' 6-max Seat #4 is the button
Seat 2: manly70 ($69.95 in chips)
Seat 4: aless284 ($127.85 in chips)
aless284: posts small blind $1
manly70: posts big blind $3
*** HOLE CARDS ***
aless284: raises $3 to $6
manly70: calls $3
*** FLOP *** [Qs 4d 3s]
manly70: checks
aless284: bets $3
manly70: calls $3
*** TURN *** [Qs 4d 3s] [5d]
manly70: checks
aless284: bets $6
manly70: folds
Uncalled bet ($6) returned to aless284
aless284 collected $17.64 from pot
aless284: doesn't show hand
*** SUMMARY ***
Total pot $18 | Rake $0.36
Board [Qs 4d 3s 5d]
Seat 2: manly70 (big blind) folded on the Turn
Seat 4: aless284 (button) (small blind) collected ($17.64)


PokerStars Hand #149423031783:  Hold'em Limit ($3/$6 USD) - 2016/02/25 21:15:02 ET
Table 'Donar' 6-max Seat #2 is the button
Seat 2: manly70 ($70.95 in chips)
Seat 4: aless284 ($126.85 in chips)
manly70: posts small blind $1
aless284: posts big blind $3
*** HOLE CARDS ***
manly70: folds
Uncalled bet ($2) returned to aless284
anetkaapro joins the table at seat #3
aless284 collected $2 from pot
aless284: doesn't show hand
*** SUMMARY ***
Total pot $2 | Rake $0
Seat 2: manly70 (button) (small blind) folded before Flop
Seat 4: aless284 (big blind) collected ($2)


PokerStars Hand #149423028770:  Hold'em Limit ($3/$6 USD) - 2016/02/25 21:14:55 ET
Table 'Donar' 6-max Seat #4 is the button
Seat 2: manly70 ($69.95 in chips)
Seat 4: aless284 ($127.85 in chips)
aless284: posts small blind $1
manly70: posts big blind $3
*** HOLE CARDS ***
aless284: folds
Uncalled bet ($2) returned to manly70
manly70 collected $2 from pot
*** SUMMARY ***
Total pot $2 | Rake $0
Seat 2: manly70 (big blind) collected ($2)
Seat 4: aless284 (button) (small blind) folded before Flop


PokerStars Hand #149423026220:  Hold'em Limit ($3/$6 USD) - 2016/02/25 21:14:49 ET
Table 'Donar' 6-max Seat #2 is the button
Seat 2: manly70 ($70.95 in chips)
Seat 4: aless284 ($126.85 in chips)
manly70: posts small blind $1
aless284: posts big blind $3
*** HOLE CARDS ***
manly70: folds
Uncalled bet ($2) returned to aless284
aless284 collected $2 from pot
aless284: doesn't show hand
*** SUMMARY ***
Total pot $2 | Rake $0
Seat 2: manly70 (button) (small blind) folded before Flop
Seat 4: aless284 (big blind) collected ($2)


PokerStars Hand #149427693302:  Hold'em Limit ($3/$6 USD) - 2016/02/26 1:12:51 ET
Table 'Donar' 6-max Seat #2 is the button
Seat 2: Velbor107 ($253.47 in chips)
Seat 5: Bonsey_1 ($97 in chips)
PycV will be allowed to play after the button
Velbor107: posts small blind $1
love_mmm: is sitting out
Bonsey_1: posts big blind $3
*** HOLE CARDS ***
Velbor107: raises $3 to $6
Bonsey_1: folds
Uncalled bet ($3) returned to Velbor107
Velbor107 collected $6 from pot
*** SUMMARY ***
Total pot $6 | Rake $0
Seat 2: Velbor107 (button) (small blind) collected ($6)
Seat 5: Bonsey_1 (big blind) folded before Flop


PokerStars Hand #149427704832:  Hold'em Limit ($3/$6 USD) - 2016/02/26 1:13:32 ET
Table 'Donar' 6-max Seat #1 is the button
Seat 1: PycV ($196.10 in chips)
Seat 5: Bonsey_1 ($77 in chips)
PycV: posts small blind $1
Bonsey_1: posts big blind $3
*** HOLE CARDS ***
PycV: raises $3 to $6
Bonsey_1: calls $3
*** FLOP *** [3d Qc Ah]
Bonsey_1: checks
PycV: bets $3
Bonsey_1: folds
Uncalled bet ($3) returned to PycV
PycV collected $11.76 from pot
PycV: doesn't show hand
*** SUMMARY ***
Total pot $12 | Rake $0.24
Board [3d Qc Ah]
Seat 1: PycV (button) (small blind) collected ($11.76)
Seat 5: Bonsey_1 (big blind) folded on the Flop


PokerStars Hand #149427702111:  Hold'em Limit ($3/$6 USD) - 2016/02/26 1:13:23 ET
Table 'Donar' 6-max Seat #5 is the button
Seat 1: PycV ($187.46 in chips)
Seat 5: Bonsey_1 ($86 in chips)
Bonsey_1: posts small blind $1
PycV: posts big blind $3
*** HOLE CARDS ***
Bonsey_1: raises $3 to $6
PycV: raises $3 to $9
Bonsey_1: calls $3
*** FLOP *** [Kh 6h Ks]
PycV: bets $3
Bonsey_1: folds
Uncalled bet ($3) returned to PycV
PycV collected $17.64 from pot
PycV: doesn't show hand
*** SUMMARY ***
Total pot $18 | Rake $0.36
Board [Kh 6h Ks]
Seat 1: PycV (big blind) collected ($17.64)
Seat 5: Bonsey_1 (button) (small blind) folded on the Flop


PokerStars Hand #149427707591:  Hold'em Limit ($3/$6 USD) - 2016/02/26 1:13:41 ET
Table 'Donar' 6-max Seat #5 is the button
Seat 1: PycV ($201.86 in chips)
Seat 5: Bonsey_1 ($71 in chips)
Bonsey_1: posts small blind $1
PycV: posts big blind $3
*** HOLE CARDS ***
Bonsey_1: raises $3 to $6
PycV: calls $3
*** FLOP *** [6c 8h 2s]
PycV: checks
Bonsey_1: bets $3
PycV: calls $3
*** TURN *** [6c 8h 2s] [8c]
PycV: checks
Bonsey_1: bets $6
PycV: folds
Uncalled bet ($6) returned to Bonsey_1
Bonsey_1 collected $17.64 from pot
Bonsey_1: doesn't show hand
*** SUMMARY ***
Total pot $18 | Rake $0.36
Board [6c 8h 2s 8c]
Seat 1: PycV (big blind) folded on the Turn
Seat 5: Bonsey_1 (button) (small blind) collected ($17.64)


PokerStars Hand #149427699598:  Hold'em Limit ($3/$6 USD) - 2016/02/26 1:13:14 ET
Table 'Donar' 6-max Seat #1 is the button
Seat 1: PycV ($188.46 in chips)
Seat 5: Bonsey_1 ($85 in chips)
PycV: posts small blind $1
Velbor107: is sitting out
Bonsey_1: posts big blind $3
*** HOLE CARDS ***
Velbor107 leaves the table
PycV: folds
Uncalled bet ($2) returned to Bonsey_1
Bonsey_1 collected $2 from pot
Bonsey_1: doesn't show hand
*** SUMMARY ***
Total pot $2 | Rake $0
Seat 1: PycV (button) (small blind) folded before Flop
Seat 5: Bonsey_1 (big blind) collected ($2)


PokerStars Hand #149427723029:  Hold'em Limit ($3/$6 USD) - 2016/02/26 1:14:35 ET
Table 'Donar' 6-max Seat #1 is the button
Seat 1: PycV ($177.86 in chips)
Seat 5: Bonsey_1 ($94.04 in chips)
PycV: posts small blind $1
Bonsey_1: posts big blind $3
*** HOLE CARDS ***
PycV: raises $3 to $6
Bonsey_1: calls $3
*** FLOP *** [6s 4d Td]
Bonsey_1: bets $3
PycV: calls $3
*** TURN *** [6s 4d Td] [7h]
Bonsey_1: checks
PycV: checks
*** RIVER *** [6s 4d Td 7h] [4h]
Bonsey_1: bets $6
PycV: raises $6 to $12
Bonsey_1: calls $6
*** SHOW DOWN ***
PycV: shows [4c Qc] (three of a kind, Fours)
Bonsey_1: mucks hand
PycV collected $41.50 from pot
*** SUMMARY ***
Total pot $42 | Rake $0.50
Board [6s 4d Td 7h 4h]
Seat 1: PycV (button) (small blind) showed [4c Qc] and won ($41.50) with three of a kind, Fours
Seat 5: Bonsey_1 (big blind) mucked


PokerStars Hand #149427719428:  Hold'em Limit ($3/$6 USD) - 2016/02/26 1:14:23 ET
Table 'Donar' 6-max Seat #5 is the button
Seat 1: PycV ($183.86 in chips)
Seat 5: Bonsey_1 ($88.28 in chips)
Bonsey_1: posts small blind $1
PycV: posts big blind $3
*** HOLE CARDS ***
Bonsey_1: raises $3 to $6
PycV: calls $3
*** FLOP *** [2h 7h Ad]
PycV: checks
Bonsey_1: bets $3
PycV: folds
Uncalled bet ($3) returned to Bonsey_1
Bonsey_1 collected $11.76 from pot
Bonsey_1: doesn't show hand
*** SUMMARY ***
Total pot $12 | Rake $0.24
Board [2h 7h Ad]
Seat 1: PycV (big blind) folded on the Flop
Seat 5: Bonsey_1 (button) (small blind) collected ($11.76)


PokerStars Hand #149427712604:  Hold'em Limit ($3/$6 USD) - 2016/02/26 1:13:59 ET
Table 'Donar' 6-max Seat #1 is the button
Seat 1: PycV ($192.86 in chips)
Seat 5: Bonsey_1 ($79.64 in chips)
PycV: posts small blind $1
Bonsey_1: posts big blind $3
*** HOLE CARDS ***
PycV: raises $3 to $6
Bonsey_1: calls $3
*** FLOP *** [3h 3d Jd]
Bonsey_1: checks
PycV: bets $3
Bonsey_1: raises $3 to $6
PycV: folds
Uncalled bet ($3) returned to Bonsey_1
Bonsey_1 collected $17.64 from pot
Bonsey_1: doesn't show hand
*** SUMMARY ***
Total pot $18 | Rake $0.36
Board [3h 3d Jd]
Seat 1: PycV (button) (small blind) folded on the Flop
Seat 5: Bonsey_1 (big blind) collected ($17.64)


PokerStars Hand #149427730623:  Hold'em Limit ($3/$6 USD) - 2016/02/26 1:15:02 ET
Table 'Donar' 6-max Seat #5 is the button
Seat 1: PycV ($198.36 in chips)
Seat 5: Bonsey_1 ($73.04 in chips)
Bonsey_1: posts small blind $1
PycV: posts big blind $3
*** HOLE CARDS ***
Bonsey_1: raises $3 to $6
Actionni13 joins the table at seat #6
PycV: calls $3
*** FLOP *** [Td 6d Qh]
PycV: checks
Bonsey_1: bets $3
PycV: folds
Uncalled bet ($3) returned to Bonsey_1
Bonsey_1 collected $11.76 from pot
Bonsey_1: doesn't show hand
*** SUMMARY ***
Total pot $12 | Rake $0.24
Board [Td 6d Qh]
Seat 1: PycV (big blind) folded on the Flop
Seat 5: Bonsey_1 (button) (small blind) collected ($11.76)


PokerStars Hand #149430965480:  Hold'em Limit ($3/$6 USD) - 2016/02/26 4:06:31 ET
Table 'Donar' 6-max Seat #2 is the button
Seat 1: PycV ($219.54 in chips)
Seat 2: Sagar_7 ($117.21 in chips)
Sagar_7: posts small blind $1
derdex: is sitting out
PycV: posts big blind $3
*** HOLE CARDS ***
derdex leaves the table
Sagar_7: raises $3 to $6
PycV: folds
Uncalled bet ($3) returned to Sagar_7
Sagar_7 collected $6 from pot
*** SUMMARY ***
Total pot $6 | Rake $0
Seat 1: PycV (big blind) folded before Flop
Seat 2: Sagar_7 (button) (small blind) collected ($6)


