PokerStars Hand #174255394292:  Hold'em Limit ($3/$6 USD) - 2017/08/12 17:29:09 ET
Table 'Donar' 6-max Seat #6 is the button
Seat 1: naspirkataa ($80 in chips)
Seat 6: jamtwist ($80.59 in chips)
jamtwist: posts small blind $1
naspirkataa: posts big blind $3
*** HOLE CARDS ***
jamtwist: folds
Uncalled bet ($2) returned to naspirkataa
naspirkataa collected $2 from pot
naspirkataa: doesn't show hand
*** SUMMARY ***
Total pot $2 | Rake $0
Seat 1: naspirkataa (big blind) collected ($2)
Seat 6: jamtwist (button) (small blind) folded before Flop


PokerStars Hand #174255390737:  Hold'em Limit ($3/$6 USD) - 2017/08/12 17:29:04 ET
Table 'Donar' 6-max Seat #1 is the button
Seat 1: naspirkataa ($81 in chips)
Seat 6: jamtwist ($79.59 in chips)
naspirkataa: posts small blind $1
jamtwist: posts big blind $3
*** HOLE CARDS ***
naspirkataa: folds
Uncalled bet ($2) returned to jamtwist
jamtwist collected $2 from pot
jamtwist: doesn't show hand
*** SUMMARY ***
Total pot $2 | Rake $0
Seat 1: naspirkataa (button) (small blind) folded before Flop
Seat 6: jamtwist (big blind) collected ($2)


PokerStars Hand #174255376838:  Hold'em Limit ($3/$6 USD) - 2017/08/12 17:28:44 ET
Table 'Donar' 6-max Seat #6 is the button
Seat 1: naspirkataa ($90 in chips)
Seat 6: jamtwist ($70.95 in chips)
jamtwist: posts small blind $1
naspirkataa: posts big blind $3
*** HOLE CARDS ***
jamtwist: raises $3 to $6
naspirkataa: calls $3
*** FLOP *** [6d 5h 4s]
naspirkataa: checks
jamtwist: bets $3
naspirkataa: calls $3
*** TURN *** [6d 5h 4s] [8s]
naspirkataa: checks
jamtwist: checks
*** RIVER *** [6d 5h 4s 8s] [3s]
naspirkataa: checks
jamtwist: checks
*** SHOW DOWN ***
naspirkataa: shows [Tc Kh] (high card King)
jamtwist: shows [Th Ac] (high card Ace)
jamtwist collected $17.64 from pot
*** SUMMARY ***
Total pot $18 | Rake $0.36
Board [6d 5h 4s 8s 3s]
Seat 1: naspirkataa (big blind) showed [Tc Kh] and lost with high card King
Seat 6: jamtwist (button) (small blind) showed [Th Ac] and won ($17.64) with high card Ace


PokerStars Hand #174255422990:  Hold'em Limit ($3/$6 USD) - 2017/08/12 17:29:51 ET
Table 'Donar' 6-max Seat #1 is the button
Seat 1: naspirkataa ($68 in chips)
Seat 6: jamtwist ($92.23 in chips)
naspirkataa: posts small blind $1
jamtwist: posts big blind $3
*** HOLE CARDS ***
naspirkataa: folds
Uncalled bet ($2) returned to jamtwist
jamtwist collected $2 from pot
jamtwist: doesn't show hand
*** SUMMARY ***
Total pot $2 | Rake $0
Seat 1: naspirkataa (button) (small blind) folded before Flop
Seat 6: jamtwist (big blind) collected ($2)


PokerStars Hand #174255414873:  Hold'em Limit ($3/$6 USD) - 2017/08/12 17:29:39 ET
Table 'Donar' 6-max Seat #6 is the button
Seat 1: naspirkataa ($71 in chips)
Seat 6: jamtwist ($89.35 in chips)
jamtwist: posts small blind $1
naspirkataa: posts big blind $3
*** HOLE CARDS ***
jamtwist: calls $2
naspirkataa: checks
*** FLOP *** [7d As 6d]
naspirkataa: checks
jamtwist: bets $3
naspirkataa: folds
Uncalled bet ($3) returned to jamtwist
jamtwist collected $5.88 from pot
jamtwist: doesn't show hand
*** SUMMARY ***
Total pot $6 | Rake $0.12
Board [7d As 6d]
Seat 1: naspirkataa (big blind) folded on the Flop
Seat 6: jamtwist (button) (small blind) collected ($5.88)


PokerStars Hand #174255406891:  Hold'em Limit ($3/$6 USD) - 2017/08/12 17:29:28 ET
Table 'Donar' 6-max Seat #6 is the button
Seat 1: naspirkataa ($75 in chips)
Seat 6: jamtwist ($85.35 in chips)
jamtwist: posts small blind $1
naspirkataa: posts big blind $3
*** HOLE CARDS ***
jamtwist: raises $3 to $6
naspirkataa: folds
Uncalled bet ($3) returned to jamtwist
jamtwist collected $6 from pot
jamtwist: doesn't show hand
*** SUMMARY ***
Total pot $6 | Rake $0
Seat 1: naspirkataa (big blind) folded before Flop
Seat 6: jamtwist (button) (small blind) collected ($6)


PokerStars Hand #174255398548:  Hold'em Limit ($3/$6 USD) - 2017/08/12 17:29:15 ET
Table 'Donar' 6-max Seat #1 is the button
Seat 1: naspirkataa ($81 in chips)
Seat 6: jamtwist ($79.59 in chips)
naspirkataa: posts small blind $1
jamtwist: posts big blind $3
*** HOLE CARDS ***
naspirkataa: raises $3 to $6
jamtwist: calls $3
*** FLOP *** [Kc Tc Jd]
jamtwist: bets $3
naspirkataa: folds
Uncalled bet ($3) returned to jamtwist
jamtwist collected $11.76 from pot
jamtwist: doesn't show hand
*** SUMMARY ***
Total pot $12 | Rake $0.24
Board [Kc Tc Jd]
Seat 1: naspirkataa (button) (small blind) folded on the Flop
Seat 6: jamtwist (big blind) collected ($11.76)


PokerStars Hand #174255411356:  Hold'em Limit ($3/$6 USD) - 2017/08/12 17:29:34 ET
Table 'Donar' 6-max Seat #1 is the button
Seat 1: naspirkataa ($72 in chips)
Seat 6: jamtwist ($88.35 in chips)
naspirkataa: posts small blind $1
jamtwist: posts big blind $3
*** HOLE CARDS ***
naspirkataa: folds
Uncalled bet ($2) returned to jamtwist
jamtwist collected $2 from pot
jamtwist: doesn't show hand
*** SUMMARY ***
Total pot $2 | Rake $0
Seat 1: naspirkataa (button) (small blind) folded before Flop
Seat 6: jamtwist (big blind) collected ($2)


PokerStars Hand #174255426737:  Hold'em Limit ($3/$6 USD) - 2017/08/12 17:29:56 ET
Table 'Donar' 6-max Seat #6 is the button
Seat 1: naspirkataa ($67 in chips)
Seat 6: jamtwist ($93.23 in chips)
jamtwist: posts small blind $1
naspirkataa: posts big blind $3
*** HOLE CARDS ***
jamtwist: raises $3 to $6
naspirkataa: calls $3
*** FLOP *** [9c 8s 2s]
naspirkataa: checks
jamtwist: bets $3
naspirkataa: calls $3
*** TURN *** [9c 8s 2s] [Ah]
naspirkataa: checks
jamtwist: checks
*** RIVER *** [9c 8s 2s Ah] [4s]
naspirkataa: bets $6
jamtwist: calls $6
*** SHOW DOWN ***
naspirkataa: shows [6s 5h] (high card Ace)
jamtwist: shows [Kc 2c] (a pair of Deuces)
jamtwist collected $29.50 from pot
*** SUMMARY ***
Total pot $30 | Rake $0.50
Board [9c 8s 2s Ah 4s]
Seat 1: naspirkataa (big blind) showed [6s 5h] and lost with high card Ace
Seat 6: jamtwist (button) (small blind) showed [Kc 2c] and won ($29.50) with a pair of Deuces


PokerStars Hand #174255443487:  Hold'em Limit ($3/$6 USD) - 2017/08/12 17:30:21 ET
Table 'Donar' 6-max Seat #6 is the button
Seat 1: naspirkataa ($55 in chips)
Seat 6: jamtwist ($104.73 in chips)
jamtwist: posts small blind $1
naspirkataa: posts big blind $3
*** HOLE CARDS ***
jamtwist: raises $3 to $6
naspirkataa: calls $3
*** FLOP *** [4d 6s 2h]
naspirkataa: checks
jamtwist: bets $3
naspirkataa: raises $3 to $6
jamtwist: calls $3
*** TURN *** [4d 6s 2h] [Kd]
naspirkataa: bets $6
jamtwist: calls $6
*** RIVER *** [4d 6s 2h Kd] [Qd]
naspirkataa: bets $6
jamtwist: raises $6 to $12
naspirkataa: folds
Uncalled bet ($6) returned to jamtwist
jamtwist collected $47.50 from pot
jamtwist: doesn't show hand
*** SUMMARY ***
Total pot $48 | Rake $0.50
Board [4d 6s 2h Kd Qd]
Seat 1: naspirkataa (big blind) folded on the River
Seat 6: jamtwist (button) (small blind) collected ($47.50)


PokerStars Hand #174255458319:  Hold'em Limit ($3/$6 USD) - 2017/08/12 17:30:43 ET
Table 'Donar' 6-max Seat #1 is the button
Seat 1: naspirkataa ($31 in chips)
Seat 6: jamtwist ($128.23 in chips)
naspirkataa: posts small blind $1
jamtwist: posts big blind $3
*** HOLE CARDS ***
naspirkataa: raises $3 to $6
jamtwist: calls $3
*** FLOP *** [5h Ks 5s]
jamtwist: checks
naspirkataa: bets $3
jamtwist: calls $3
*** TURN *** [5h Ks 5s] [Th]
jamtwist: checks
naspirkataa: bets $6
jamtwist: calls $6
*** RIVER *** [5h Ks 5s Th] [7d]
jamtwist: checks
naspirkataa: checks
*** SHOW DOWN ***
jamtwist: shows [Ac 3h] (a pair of Fives)
naspirkataa: shows [8c Td] (two pair, Tens and Fives)
naspirkataa collected $29.50 from pot
*** SUMMARY ***
Total pot $30 | Rake $0.50
Board [5h Ks 5s Th 7d]
Seat 1: naspirkataa (button) (small blind) showed [8c Td] and won ($29.50) with two pair, Tens and Fives
Seat 6: jamtwist (big blind) showed [Ac 3h] and lost with a pair of Fives


PokerStars Hand #174255437970:  Hold'em Limit ($3/$6 USD) - 2017/08/12 17:30:13 ET
Table 'Donar' 6-max Seat #1 is the button
Seat 1: naspirkataa ($52 in chips)
Seat 6: jamtwist ($107.73 in chips)
naspirkataa: posts small blind $1
jamtwist: posts big blind $3
*** HOLE CARDS ***
naspirkataa: raises $3 to $6
jamtwist: folds
Uncalled bet ($3) returned to naspirkataa
naspirkataa collected $6 from pot
naspirkataa: doesn't show hand
*** SUMMARY ***
Total pot $6 | Rake $0
Seat 1: naspirkataa (button) (small blind) collected ($6)
Seat 6: jamtwist (big blind) folded before Flop


PokerStars Hand #174255485828:  Hold'em Limit ($3/$6 USD) - 2017/08/12 17:31:23 ET
Table 'Donar' 6-max Seat #6 is the button
Seat 1: naspirkataa ($45.50 in chips)
Seat 6: jamtwist ($113.23 in chips)
jamtwist: posts small blind $1
naspirkataa: posts big blind $3
*** HOLE CARDS ***
jamtwist: calls $2
naspirkataa: raises $3 to $6
nashmed99 joins the table at seat #2
jamtwist: calls $3
*** FLOP *** [Qs Js 6h]
naspirkataa: bets $3
jamtwist: calls $3
*** TURN *** [Qs Js 6h] [Qc]
naspirkataa: bets $6
jamtwist: calls $6
*** RIVER *** [Qs Js 6h Qc] [Kh]
naspirkataa: checks
jamtwist: bets $6
naspirkataa: calls $6
*** SHOW DOWN ***
jamtwist: shows [Jd 7d] (two pair, Queens and Jacks)
naspirkataa: mucks hand
jamtwist collected $41.50 from pot
*** SUMMARY ***
Total pot $42 | Rake $0.50
Board [Qs Js 6h Qc Kh]
Seat 1: naspirkataa (big blind) mucked
Seat 6: jamtwist (button) (small blind) showed [Jd 7d] and won ($41.50) with two pair, Queens and Jacks


PokerStars Hand #174255481178:  Hold'em Limit ($3/$6 USD) - 2017/08/12 17:31:16 ET
Table 'Donar' 6-max Seat #1 is the button
Seat 1: naspirkataa ($46.50 in chips)
Seat 6: jamtwist ($112.23 in chips)
naspirkataa: posts small blind $1
jamtwist: posts big blind $3
*** HOLE CARDS ***
naspirkataa: folds
Uncalled bet ($2) returned to jamtwist
jamtwist collected $2 from pot
jamtwist: doesn't show hand
*** SUMMARY ***
Total pot $2 | Rake $0
Seat 1: naspirkataa (button) (small blind) folded before Flop
Seat 6: jamtwist (big blind) collected ($2)


PokerStars Hand #174255591165:  Hold'em Limit ($3/$6 USD) - 2017/08/12 17:33:47 ET
Table 'Donar' 6-max Seat #1 is the button
Seat 1: naspirkataa ($52.50 in chips)
Seat 2: nashmed99 ($276.22 in chips)
naspirkataa: posts small blind $1
nashmed99: posts big blind $3
*** HOLE CARDS ***
naspirkataa: raises $3 to $6
nashmed99: folds
Uncalled bet ($3) returned to naspirkataa
naspirkataa collected $6 from pot
naspirkataa: doesn't show hand
*** SUMMARY ***
Total pot $6 | Rake $0
Seat 1: naspirkataa (button) (small blind) collected ($6)
Seat 2: nashmed99 (big blind) folded before Flop


PokerStars Hand #174255620550:  Hold'em Limit ($3/$6 USD) - 2017/08/12 17:34:31 ET
Table 'Donar' 6-max Seat #1 is the button
Seat 1: naspirkataa ($60.14 in chips)
Seat 2: nashmed99 ($268.22 in chips)
naspirkataa: posts small blind $1
nashmed99: posts big blind $3
*** HOLE CARDS ***
naspirkataa: raises $3 to $6
nashmed99: folds
Uncalled bet ($3) returned to naspirkataa
naspirkataa collected $6 from pot
naspirkataa: doesn't show hand
*** SUMMARY ***
Total pot $6 | Rake $0
Seat 1: naspirkataa (button) (small blind) collected ($6)
Seat 2: nashmed99 (big blind) folded before Flop


PokerStars Hand #174255615075:  Hold'em Limit ($3/$6 USD) - 2017/08/12 17:34:23 ET
Table 'Donar' 6-max Seat #2 is the button
Seat 1: naspirkataa ($63.14 in chips)
Seat 2: nashmed99 ($265.22 in chips)
nashmed99: posts small blind $1
naspirkataa: posts big blind $3
*** HOLE CARDS ***
nashmed99: raises $3 to $6
naspirkataa: folds
Uncalled bet ($3) returned to nashmed99
nashmed99 collected $6 from pot
nashmed99: doesn't show hand
*** SUMMARY ***
Total pot $6 | Rake $0
Seat 1: naspirkataa (big blind) folded before Flop
Seat 2: nashmed99 (button) (small blind) collected ($6)


PokerStars Hand #174255633173:  Hold'em Limit ($3/$6 USD) - 2017/08/12 17:34:50 ET
Table 'Donar' 6-max Seat #1 is the button
Seat 1: naspirkataa ($74.66 in chips)
Seat 2: nashmed99 ($253.22 in chips)
naspirkataa: posts small blind $1
nashmed99: posts big blind $3
*** HOLE CARDS ***
naspirkataa: folds
Uncalled bet ($2) returned to nashmed99
nashmed99 collected $2 from pot
nashmed99: doesn't show hand
*** SUMMARY ***
Total pot $2 | Rake $0
Seat 1: naspirkataa (button) (small blind) folded before Flop
Seat 2: nashmed99 (big blind) collected ($2)


PokerStars Hand #174255624070:  Hold'em Limit ($3/$6 USD) - 2017/08/12 17:34:37 ET
Table 'Donar' 6-max Seat #2 is the button
Seat 1: naspirkataa ($63.14 in chips)
Seat 2: nashmed99 ($265.22 in chips)
nashmed99: posts small blind $1
naspirkataa: posts big blind $3
*** HOLE CARDS ***
nashmed99: raises $3 to $6
naspirkataa: calls $3
*** FLOP *** [3s 9h Kc]
naspirkataa: checks
nashmed99: checks
*** TURN *** [3s 9h Kc] [5s]
naspirkataa: bets $6
nashmed99: calls $6
*** RIVER *** [3s 9h Kc 5s] [Ah]
naspirkataa: checks
nashmed99: checks
*** SHOW DOWN ***
naspirkataa: shows [9d Js] (a pair of Nines)
nashmed99: mucks hand
naspirkataa collected $23.52 from pot
*** SUMMARY ***
Total pot $24 | Rake $0.48
Board [3s 9h Kc 5s Ah]
Seat 1: naspirkataa (big blind) showed [9d Js] and won ($23.52) with a pair of Nines
Seat 2: nashmed99 (button) (small blind) mucked


PokerStars Hand #174255637346:  Hold'em Limit ($3/$6 USD) - 2017/08/12 17:34:56 ET
Table 'Donar' 6-max Seat #2 is the button
Seat 1: naspirkataa ($73.66 in chips)
Seat 2: nashmed99 ($254.22 in chips)
nashmed99: posts small blind $1
naspirkataa: posts big blind $3
*** HOLE CARDS ***
nashmed99: raises $3 to $6
naspirkataa: calls $3
*** FLOP *** [3h 7c 9s]
naspirkataa: checks
nashmed99: bets $3
naspirkataa: calls $3
*** TURN *** [3h 7c 9s] [6s]
naspirkataa: checks
nashmed99: bets $6
naspirkataa: raises $6 to $12
nashmed99: calls $6
*** RIVER *** [3h 7c 9s 6s] [8d]
naspirkataa: bets $6
nashmed99: calls $6
*** SHOW DOWN ***
naspirkataa: shows [8h 5s] (a straight, Five to Nine)
nashmed99: mucks hand
naspirkataa collected $53.50 from pot
*** SUMMARY ***
Total pot $54 | Rake $0.50
Board [3h 7c 9s 6s 8d]
Seat 1: naspirkataa (big blind) showed [8h 5s] and won ($53.50) with a straight, Five to Nine
Seat 2: nashmed99 (button) (small blind) mucked


PokerStars Hand #174255650015:  Hold'em Limit ($3/$6 USD) - 2017/08/12 17:35:15 ET
Table 'Donar' 6-max Seat #1 is the button
Seat 1: naspirkataa ($100.16 in chips)
Seat 2: nashmed99 ($227.22 in chips)
naspirkataa: posts small blind $1
nashmed99: posts big blind $3
*** HOLE CARDS ***
naspirkataa: raises $3 to $6
nashmed99: raises $3 to $9
naspirkataa: calls $3
*** FLOP *** [Qd Ks 2d]
nashmed99: bets $3
naspirkataa: calls $3
*** TURN *** [Qd Ks 2d] [Td]
nashmed99: checks
naspirkataa: bets $6
nashmed99: calls $6
*** RIVER *** [Qd Ks 2d Td] [5d]
nashmed99: checks
naspirkataa: checks
*** SHOW DOWN ***
nashmed99: shows [Ac 4s] (high card Ace)
naspirkataa: shows [Tc Qh] (two pair, Queens and Tens)
naspirkataa collected $35.50 from pot
*** SUMMARY ***
Total pot $36 | Rake $0.50
Board [Qd Ks 2d Td 5d]
Seat 1: naspirkataa (button) (small blind) showed [Tc Qh] and won ($35.50) with two pair, Queens and Tens
Seat 2: nashmed99 (big blind) showed [Ac 4s] and lost with high card Ace


PokerStars Hand #174255665367:  Hold'em Limit ($3/$6 USD) - 2017/08/12 17:35:38 ET
Table 'Donar' 6-max Seat #2 is the button
Seat 1: naspirkataa ($117.66 in chips)
Seat 2: nashmed99 ($209.22 in chips)
nashmed99: posts small blind $1
naspirkataa: posts big blind $3
*** HOLE CARDS ***
nashmed99: raises $3 to $6
naspirkataa: calls $3
*** FLOP *** [Kc 7c 9s]
naspirkataa: checks
nashmed99: bets $3
naspirkataa: calls $3
*** TURN *** [Kc 7c 9s] [9d]
naspirkataa: checks
nashmed99: checks
*** RIVER *** [Kc 7c 9s 9d] [Qc]
naspirkataa: checks
nashmed99: checks
*** SHOW DOWN ***
naspirkataa: shows [6c Ad] (a pair of Nines)
nashmed99: shows [4d Ks] (two pair, Kings and Nines)
nashmed99 collected $17.64 from pot
*** SUMMARY ***
Total pot $18 | Rake $0.36
Board [Kc 7c 9s 9d Qc]
Seat 1: naspirkataa (big blind) showed [6c Ad] and lost with a pair of Nines
Seat 2: nashmed99 (button) (small blind) showed [4d Ks] and won ($17.64) with two pair, Kings and Nines


PokerStars Hand #174255674812:  Hold'em Limit ($3/$6 USD) - 2017/08/12 17:35:52 ET
Table 'Donar' 6-max Seat #1 is the button
Seat 1: naspirkataa ($108.66 in chips)
Seat 2: nashmed99 ($217.86 in chips)
naspirkataa: posts small blind $1
nashmed99: posts big blind $3
*** HOLE CARDS ***
naspirkataa: raises $3 to $6
nashmed99: calls $3
*** FLOP *** [Qs 7h 5h]
nashmed99: checks
naspirkataa: bets $3
nashmed99: calls $3
*** TURN *** [Qs 7h 5h] [Qd]
nashmed99: checks
naspirkataa: bets $6
nashmed99: folds
Uncalled bet ($6) returned to naspirkataa
naspirkataa collected $17.64 from pot
naspirkataa: doesn't show hand
*** SUMMARY ***
Total pot $18 | Rake $0.36
Board [Qs 7h 5h Qd]
Seat 1: naspirkataa (button) (small blind) collected ($17.64)
Seat 2: nashmed99 (big blind) folded on the Turn


PokerStars Hand #174255697892:  Hold'em Limit ($3/$6 USD) - 2017/08/12 17:36:25 ET
Table 'Donar' 6-max Seat #1 is the button
Seat 1: naspirkataa ($146.80 in chips)
Seat 2: nashmed99 ($178.86 in chips)
naspirkataa: posts small blind $1
nashmed99: posts big blind $3
*** HOLE CARDS ***
naspirkataa: folds
Uncalled bet ($2) returned to nashmed99
nashmed99 collected $2 from pot
nashmed99: doesn't show hand
*** SUMMARY ***
Total pot $2 | Rake $0
Seat 1: naspirkataa (button) (small blind) folded before Flop
Seat 2: nashmed99 (big blind) collected ($2)


PokerStars Hand #174255740862:  Hold'em Limit ($3/$6 USD) - 2017/08/12 17:37:28 ET
Table 'Donar' 6-max Seat #3 is the button
Seat 1: naspirkataa ($141.80 in chips)
Seat 3: belik555 ($122.20 in chips)
belik555: posts small blind $1
naspirkataa: posts big blind $3
*** HOLE CARDS ***
belik555: raises $3 to $6
naspirkataa: calls $3
*** FLOP *** [2s 2d Qd]
naspirkataa: checks
belik555: checks
*** TURN *** [2s 2d Qd] [9h]
naspirkataa: checks
nashmed99 leaves the table
belik555: bets $6
naspirkataa: folds
Uncalled bet ($6) returned to belik555
belik555 collected $11.76 from pot
belik555: doesn't show hand
*** SUMMARY ***
Total pot $12 | Rake $0.24
Board [2s 2d Qd 9h]
Seat 1: naspirkataa (big blind) folded on the Turn
Seat 3: belik555 (button) (small blind) collected ($11.76)


