PokerStars Hand #147777641364:  Hold'em Limit ($3/$6 USD) - 2016/01/27 14:12:20 ET
Table 'Donnera II' 2-max Seat #2 is the button
Seat 1: jl45259071 ($84.15 in chips)
Seat 2: krytalex ($120 in chips)
krytalex: posts small blind $1
jl45259071: posts big blind $3
*** HOLE CARDS ***
krytalex: raises $3 to $6
jl45259071: calls $3
*** FLOP *** [Ts 5s Td]
jl45259071: checks
krytalex: bets $3
jl45259071: calls $3
*** TURN *** [Ts 5s Td] [6c]
jl45259071: checks
krytalex: bets $6
jl45259071: calls $6
*** RIVER *** [Ts 5s Td 6c] [7h]
jl45259071: checks
krytalex: bets $6
jl45259071: calls $6
*** SHOW DOWN ***
krytalex: shows [Ac As] (two pair, Aces and Tens)
jl45259071: mucks hand
krytalex collected $41.50 from pot
*** SUMMARY ***
Total pot $42 | Rake $0.50
Board [Ts 5s Td 6c 7h]
Seat 1: jl45259071 (big blind) mucked
Seat 2: krytalex (button) (small blind) showed [Ac As] and won ($41.50) with two pair, Aces and Tens


PokerStars Hand #147777702610:  Hold'em Limit ($3/$6 USD) - 2016/01/27 14:13:19 ET
Table 'Donnera II' 2-max Seat #1 is the button
Seat 1: jl45259071 ($63.15 in chips)
Seat 2: krytalex ($140.50 in chips)
jl45259071: posts small blind $1
krytalex: posts big blind $3
*** HOLE CARDS ***
jl45259071: calls $2
krytalex: checks
*** FLOP *** [9d 8h 5h]
krytalex: bets $3
jl45259071: calls $3
*** TURN *** [9d 8h 5h] [2h]
krytalex: bets $6
jl45259071: calls $6
*** RIVER *** [9d 8h 5h 2h] [Ah]
krytalex: bets $6
jl45259071: calls $6
*** SHOW DOWN ***
krytalex: shows [Th 5s] (a flush, Ace high)
jl45259071: mucks hand
krytalex collected $35.50 from pot
*** SUMMARY ***
Total pot $36 | Rake $0.50
Board [9d 8h 5h 2h Ah]
Seat 1: jl45259071 (button) (small blind) mucked
Seat 2: krytalex (big blind) showed [Th 5s] and won ($35.50) with a flush, Ace high


PokerStars Hand #147777816612:  Hold'em Limit ($3/$6 USD) - 2016/01/27 14:15:09 ET
Table 'Donnera II' 2-max Seat #2 is the button
Seat 1: jl45259071 ($29.91 in chips)
Seat 2: krytalex ($172.50 in chips)
krytalex: posts small blind $1
jl45259071: posts big blind $3
*** HOLE CARDS ***
krytalex: raises $3 to $6
jl45259071: calls $3
*** FLOP *** [6c 9c 4s]
jl45259071: checks
krytalex: bets $3
jl45259071: calls $3
*** TURN *** [6c 9c 4s] [3s]
jl45259071: checks
krytalex: checks
*** RIVER *** [6c 9c 4s 3s] [Kh]
jl45259071: checks
krytalex: bets $6
jl45259071: calls $6
*** SHOW DOWN ***
krytalex: shows [Kc Js] (a pair of Kings)
jl45259071: mucks hand
krytalex collected $29.50 from pot
*** SUMMARY ***
Total pot $30 | Rake $0.50
Board [6c 9c 4s 3s Kh]
Seat 1: jl45259071 (big blind) mucked
Seat 2: krytalex (button) (small blind) showed [Kc Js] and won ($29.50) with a pair of Kings


PokerStars Hand #147777749005:  Hold'em Limit ($3/$6 USD) - 2016/01/27 14:14:04 ET
Table 'Donnera II' 2-max Seat #2 is the button
Seat 1: jl45259071 ($45.15 in chips)
Seat 2: krytalex ($158 in chips)
krytalex: posts small blind $1
jl45259071: posts big blind $3
*** HOLE CARDS ***
krytalex: raises $3 to $6
jl45259071: calls $3
*** FLOP *** [Qc Kc 6h]
jl45259071: checks
krytalex: bets $3
jl45259071: calls $3
*** TURN *** [Qc Kc 6h] [4d]
jl45259071: checks
krytalex: bets $6
jl45259071: calls $6
*** RIVER *** [Qc Kc 6h 4d] [Ks]
jl45259071: checks
krytalex: bets $6
jl45259071: calls $6
*** SHOW DOWN ***
krytalex: shows [8c 8h] (two pair, Kings and Eights)
jl45259071: mucks hand
krytalex collected $41.50 from pot
*** SUMMARY ***
Total pot $42 | Rake $0.50
Board [Qc Kc 6h 4d Ks]
Seat 1: jl45259071 (big blind) mucked
Seat 2: krytalex (button) (small blind) showed [8c 8h] and won ($41.50) with two pair, Kings and Eights


PokerStars Hand #147777865046:  Hold'em Limit ($3/$6 USD) - 2016/01/27 14:15:54 ET
Table 'Donnera II' 2-max Seat #1 is the button
Seat 1: jl45259071 ($14.91 in chips)
Seat 2: krytalex ($187 in chips)
jl45259071: posts small blind $1
krytalex: posts big blind $3
*** HOLE CARDS ***
jl45259071: raises $3 to $6
krytalex: calls $3
*** FLOP *** [6h 5d 7c]
krytalex: checks
jl45259071: bets $3
krytalex: calls $3
*** TURN *** [6h 5d 7c] [Ad]
krytalex: checks
jl45259071: bets $5.91 and is all-in
krytalex: calls $5.91
*** RIVER *** [6h 5d 7c Ad] [8h]
*** SHOW DOWN ***
krytalex: shows [4d Th] (a straight, Four to Eight)
jl45259071: shows [Tc Qc] (high card Ace)
krytalex collected $29.32 from pot
*** SUMMARY ***
Total pot $29.82 | Rake $0.50
Board [6h 5d 7c Ad 8h]
Seat 1: jl45259071 (button) (small blind) showed [Tc Qc] and lost with high card Ace
Seat 2: krytalex (big blind) showed [4d Th] and won ($29.32) with a straight, Four to Eight


PokerStars Hand #147787215787:  Hold'em Limit ($3/$6 USD) - 2016/01/27 16:44:17 ET
Table 'Donnera II' 2-max Seat #1 is the button
Seat 1: MARIBORO8 ($121 in chips)
Seat 2: krytalex ($200.41 in chips)
MARIBORO8: posts small blind $1
krytalex: posts big blind $3
*** HOLE CARDS ***
MARIBORO8: raises $3 to $6
krytalex: raises $3 to $9
MARIBORO8: calls $3
*** FLOP *** [9h 6d Tc]
krytalex: bets $3
MARIBORO8: calls $3
*** TURN *** [9h 6d Tc] [Ad]
krytalex: bets $6
MARIBORO8: calls $6
*** RIVER *** [9h 6d Tc Ad] [Qh]
krytalex: bets $6
MARIBORO8: calls $6
*** SHOW DOWN ***
krytalex: shows [Ac Ts] (two pair, Aces and Tens)
MARIBORO8: mucks hand
krytalex collected $47.50 from pot
*** SUMMARY ***
Total pot $48 | Rake $0.50
Board [9h 6d Tc Ad Qh]
Seat 1: MARIBORO8 (button) (small blind) mucked
Seat 2: krytalex (big blind) showed [Ac Ts] and won ($47.50) with two pair, Aces and Tens


