PokerStars Hand #161826535106:  Hold'em Limit ($3/$6 USD) - 2016/11/23 3:06:21 ET
Table 'Dorado' 6-max Seat #1 is the button
Seat 1: Damochka Z ($66 in chips)
Seat 2: Ale4o ($125.76 in chips)
Damochka Z: posts small blind $1
Ale4o: posts big blind $3
*** HOLE CARDS ***
Damochka Z: folds
Uncalled bet ($2) returned to Ale4o
Ale4o collected $2 from pot
Ale4o: doesn't show hand
*** SUMMARY ***
Total pot $2 | Rake $0
Seat 1: Damochka Z (button) (small blind) folded before Flop
Seat 2: Ale4o (big blind) collected ($2)


PokerStars Hand #161826529932:  Hold'em Limit ($3/$6 USD) - 2016/11/23 3:06:04 ET
Table 'Dorado' 6-max Seat #2 is the button
Seat 1: Damochka Z ($72 in chips)
Seat 2: Ale4o ($120 in chips)
Ale4o: posts small blind $1
ToDaFelt joins the table at seat #3
GoliafUa: is sitting out
Damochka Z: posts big blind $3
*** HOLE CARDS ***
Ale4o: raises $3 to $6
Damochka Z: calls $3
*** FLOP *** [7d 8h Jc]
Damochka Z: checks
Ale4o: bets $3
Damochka Z: folds
Uncalled bet ($3) returned to Ale4o
Ale4o collected $11.76 from pot
Ale4o: doesn't show hand
*** SUMMARY ***
Total pot $12 | Rake $0.24
Board [7d 8h Jc]
Seat 1: Damochka Z (big blind) folded on the Flop
Seat 2: Ale4o (button) (small blind) collected ($11.76)


