PokerStars Hand #144252472559:  Hold'em Limit ($3/$6 USD) - 2015/11/23 4:05:53 ET
Table 'Dorado II' 2-max Seat #1 is the button
Seat 1: happyshine88 ($77.76 in chips)
Seat 2: swarfiga755 ($75 in chips)
happyshine88: posts small blind $1
swarfiga755: posts big blind $3
*** HOLE CARDS ***
happyshine88: raises $3 to $6
swarfiga755: calls $3
*** FLOP *** [As Kd Kc]
swarfiga755: checks
happyshine88: bets $3
swarfiga755: folds
Uncalled bet ($3) returned to happyshine88
happyshine88 collected $11.76 from pot
happyshine88: doesn't show hand
*** SUMMARY ***
Total pot $12 | Rake $0.24
Board [As Kd Kc]
Seat 1: happyshine88 (button) (small blind) collected ($11.76)
Seat 2: swarfiga755 (big blind) folded on the Flop


PokerStars Hand #144252460957:  Hold'em Limit ($3/$6 USD) - 2015/11/23 4:05:17 ET
Table 'Dorado II' 2-max Seat #1 is the button
Seat 1: happyshine88 ($79 in chips)
Seat 2: swarfiga755 ($72 in chips)
happyshine88: posts small blind $1
swarfiga755: posts big blind $3
*** HOLE CARDS ***
happyshine88: folds
Uncalled bet ($2) returned to swarfiga755
swarfiga755 collected $2 from pot
swarfiga755: doesn't show hand
*** SUMMARY ***
Total pot $2 | Rake $0
Seat 1: happyshine88 (button) (small blind) folded before Flop
Seat 2: swarfiga755 (big blind) collected ($2)


PokerStars Hand #144252458648:  Hold'em Limit ($3/$6 USD) - 2015/11/23 4:05:10 ET
Table 'Dorado II' 2-max Seat #2 is the button
Seat 1: happyshine88 ($78 in chips)
Seat 2: swarfiga755 ($72 in chips)
swarfiga755: posts small blind $1
happyshine88: posts big blind $3
*** HOLE CARDS ***
swarfiga755: folds
Uncalled bet ($2) returned to happyshine88
happyshine88 collected $2 from pot
happyshine88: doesn't show hand
*** SUMMARY ***
Total pot $2 | Rake $0
Seat 1: happyshine88 (big blind) collected ($2)
Seat 2: swarfiga755 (button) (small blind) folded before Flop


PokerStars Hand #144252462898:  Hold'em Limit ($3/$6 USD) - 2015/11/23 4:05:24 ET
Table 'Dorado II' 2-max Seat #2 is the button
Seat 1: happyshine88 ($78 in chips)
Seat 2: swarfiga755 ($73 in chips)
swarfiga755: posts small blind $1
happyshine88: posts big blind $3
*** HOLE CARDS ***
swarfiga755: raises $3 to $6
happyshine88: folds
Uncalled bet ($3) returned to swarfiga755
swarfiga755 collected $6 from pot
swarfiga755: doesn't show hand
*** SUMMARY ***
Total pot $6 | Rake $0
Seat 1: happyshine88 (big blind) folded before Flop
Seat 2: swarfiga755 (button) (small blind) collected ($6)


PokerStars Hand #144252470241:  Hold'em Limit ($3/$6 USD) - 2015/11/23 4:05:46 ET
Table 'Dorado II' 2-max Seat #2 is the button
Seat 1: happyshine88 ($80.76 in chips)
Seat 2: swarfiga755 ($72 in chips)
swarfiga755: posts small blind $1
happyshine88: posts big blind $3
*** HOLE CARDS ***
swarfiga755: raises $3 to $6
happyshine88: folds
Uncalled bet ($3) returned to swarfiga755
swarfiga755 collected $6 from pot
swarfiga755: doesn't show hand
*** SUMMARY ***
Total pot $6 | Rake $0
Seat 1: happyshine88 (big blind) folded before Flop
Seat 2: swarfiga755 (button) (small blind) collected ($6)


PokerStars Hand #144252465328:  Hold'em Limit ($3/$6 USD) - 2015/11/23 4:05:31 ET
Table 'Dorado II' 2-max Seat #1 is the button
Seat 1: happyshine88 ($75 in chips)
Seat 2: swarfiga755 ($76 in chips)
happyshine88: posts small blind $1
swarfiga755: posts big blind $3
*** HOLE CARDS ***
happyshine88: raises $3 to $6
swarfiga755: calls $3
*** FLOP *** [7s Ts Jc]
swarfiga755: checks
happyshine88: bets $3
swarfiga755: folds
Uncalled bet ($3) returned to happyshine88
happyshine88 collected $11.76 from pot
happyshine88: doesn't show hand
*** SUMMARY ***
Total pot $12 | Rake $0.24
Board [7s Ts Jc]
Seat 1: happyshine88 (button) (small blind) collected ($11.76)
Seat 2: swarfiga755 (big blind) folded on the Flop


PokerStars Hand #144252487534:  Hold'em Limit ($3/$6 USD) - 2015/11/23 4:06:40 ET
Table 'Dorado II' 2-max Seat #1 is the button
Seat 1: happyshine88 ($62.52 in chips)
Seat 2: swarfiga755 ($92.50 in chips)
happyshine88: posts small blind $1
swarfiga755: posts big blind $3
*** HOLE CARDS ***
happyshine88: folds
Uncalled bet ($2) returned to swarfiga755
swarfiga755 collected $2 from pot
swarfiga755: doesn't show hand
*** SUMMARY ***
Total pot $2 | Rake $0
Seat 1: happyshine88 (button) (small blind) folded before Flop
Seat 2: swarfiga755 (big blind) collected ($2)


PokerStars Hand #144252476889:  Hold'em Limit ($3/$6 USD) - 2015/11/23 4:06:07 ET
Table 'Dorado II' 2-max Seat #2 is the button
Seat 1: happyshine88 ($83.52 in chips)
Seat 2: swarfiga755 ($72 in chips)
swarfiga755: posts small blind $1
happyshine88: posts big blind $3
*** HOLE CARDS ***
swarfiga755: raises $3 to $6
happyshine88: calls $3
*** FLOP *** [4c Jh 7h]
happyshine88: checks
swarfiga755: bets $3
happyshine88: calls $3
*** TURN *** [4c Jh 7h] [8c]
happyshine88: checks
swarfiga755: bets $6
happyshine88: calls $6
*** RIVER *** [4c Jh 7h 8c] [5h]
happyshine88: bets $6
swarfiga755: calls $6
*** SHOW DOWN ***
happyshine88: shows [8h Td] (a pair of Eights)
swarfiga755: shows [Js Ts] (a pair of Jacks)
swarfiga755 collected $41.50 from pot
*** SUMMARY ***
Total pot $42 | Rake $0.50
Board [4c Jh 7h 8c 5h]
Seat 1: happyshine88 (big blind) showed [8h Td] and lost with a pair of Eights
Seat 2: swarfiga755 (button) (small blind) showed [Js Ts] and won ($41.50) with a pair of Jacks


PokerStars Hand #144252489105:  Hold'em Limit ($3/$6 USD) - 2015/11/23 4:06:45 ET
Table 'Dorado II' 2-max Seat #2 is the button
Seat 1: happyshine88 ($61.52 in chips)
Seat 2: swarfiga755 ($93.50 in chips)
swarfiga755: posts small blind $1
happyshine88: posts big blind $3
*** HOLE CARDS ***
swarfiga755: raises $3 to $6
happyshine88: calls $3
*** FLOP *** [Jh 5s Ac]
happyshine88: checks
swarfiga755: bets $3
happyshine88: calls $3
*** TURN *** [Jh 5s Ac] [8s]
happyshine88: checks
swarfiga755: bets $6
happyshine88: raises $6 to $12
swarfiga755: folds
Uncalled bet ($6) returned to happyshine88
happyshine88 collected $29.50 from pot
happyshine88: doesn't show hand
*** SUMMARY ***
Total pot $30 | Rake $0.50
Board [Jh 5s Ac 8s]
Seat 1: happyshine88 (big blind) collected ($29.50)
Seat 2: swarfiga755 (button) (small blind) folded on the Turn


PokerStars Hand #144252509102:  Hold'em Limit ($3/$6 USD) - 2015/11/23 4:07:47 ET
Table 'Dorado II' 2-max Seat #1 is the button
Seat 1: happyshine88 ($61.02 in chips)
Seat 2: swarfiga755 ($93.02 in chips)
happyshine88: posts small blind $1
swarfiga755: posts big blind $3
*** HOLE CARDS ***
happyshine88: raises $3 to $6
swarfiga755: calls $3
*** FLOP *** [3s 5c Jc]
swarfiga755: checks
happyshine88: bets $3
swarfiga755: calls $3
*** TURN *** [3s 5c Jc] [4c]
swarfiga755: checks
happyshine88: bets $6
swarfiga755: calls $6
*** RIVER *** [3s 5c Jc 4c] [6c]
swarfiga755: checks
happyshine88: bets $6
swarfiga755: folds
Uncalled bet ($6) returned to happyshine88
happyshine88 collected $29.50 from pot
happyshine88: doesn't show hand
*** SUMMARY ***
Total pot $30 | Rake $0.50
Board [3s 5c Jc 4c 6c]
Seat 1: happyshine88 (button) (small blind) collected ($29.50)
Seat 2: swarfiga755 (big blind) folded on the River


PokerStars Hand #144252507321:  Hold'em Limit ($3/$6 USD) - 2015/11/23 4:07:41 ET
Table 'Dorado II' 2-max Seat #2 is the button
Seat 1: happyshine88 ($64.02 in chips)
Seat 2: swarfiga755 ($90.02 in chips)
swarfiga755: posts small blind $1
happyshine88: posts big blind $3
*** HOLE CARDS ***
swarfiga755: raises $3 to $6
happyshine88: folds
Uncalled bet ($3) returned to swarfiga755
swarfiga755 collected $6 from pot
swarfiga755: doesn't show hand
*** SUMMARY ***
Total pot $6 | Rake $0
Seat 1: happyshine88 (big blind) folded before Flop
Seat 2: swarfiga755 (button) (small blind) collected ($6)


PokerStars Hand #144252498484:  Hold'em Limit ($3/$6 USD) - 2015/11/23 4:07:14 ET
Table 'Dorado II' 2-max Seat #1 is the button
Seat 1: happyshine88 ($76.02 in chips)
Seat 2: swarfiga755 ($78.50 in chips)
happyshine88: posts small blind $1
swarfiga755: posts big blind $3
*** HOLE CARDS ***
happyshine88: raises $3 to $6
swarfiga755: raises $3 to $9
happyshine88: calls $3
*** FLOP *** [9s 5h Qs]
swarfiga755: bets $3
happyshine88: calls $3
*** TURN *** [9s 5h Qs] [5c]
swarfiga755: checks
happyshine88: checks
*** RIVER *** [9s 5h Qs 5c] [Ah]
swarfiga755: bets $6
happyshine88: folds
Uncalled bet ($6) returned to swarfiga755
swarfiga755 collected $23.52 from pot
swarfiga755: doesn't show hand
*** SUMMARY ***
Total pot $24 | Rake $0.48
Board [9s 5h Qs 5c Ah]
Seat 1: happyshine88 (button) (small blind) folded on the River
Seat 2: swarfiga755 (big blind) collected ($23.52)


PokerStars Hand #144252518253:  Hold'em Limit ($3/$6 USD) - 2015/11/23 4:08:15 ET
Table 'Dorado II' 2-max Seat #2 is the button
Seat 1: happyshine88 ($75.52 in chips)
Seat 2: swarfiga755 ($78.02 in chips)
swarfiga755: posts small blind $1
happyshine88: posts big blind $3
*** HOLE CARDS ***
swarfiga755: raises $3 to $6
happyshine88: raises $3 to $9
swarfiga755: calls $3
*** FLOP *** [Jh 4s Qh]
happyshine88: bets $3
swarfiga755: calls $3
*** TURN *** [Jh 4s Qh] [Jd]
happyshine88: bets $6
swarfiga755: calls $6
*** RIVER *** [Jh 4s Qh Jd] [7c]
happyshine88: bets $6
swarfiga755: calls $6
*** SHOW DOWN ***
happyshine88: shows [Kd As] (a pair of Jacks)
swarfiga755: shows [4h Td] (two pair, Jacks and Fours)
swarfiga755 collected $47.50 from pot
*** SUMMARY ***
Total pot $48 | Rake $0.50
Board [Jh 4s Qh Jd 7c]
Seat 1: happyshine88 (big blind) showed [Kd As] and lost with a pair of Jacks
Seat 2: swarfiga755 (button) (small blind) showed [4h Td] and won ($47.50) with two pair, Jacks and Fours


PokerStars Hand #144252533739:  Hold'em Limit ($3/$6 USD) - 2015/11/23 4:09:02 ET
Table 'Dorado II' 2-max Seat #1 is the button
Seat 1: happyshine88 ($51.40 in chips)
Seat 2: swarfiga755 ($101.52 in chips)
happyshine88: posts small blind $1
swarfiga755: posts big blind $3
*** HOLE CARDS ***
happyshine88: raises $3 to $6
swarfiga755: calls $3
*** FLOP *** [Ac Tc 9d]
swarfiga755: checks
happyshine88: bets $3
swarfiga755: folds
Uncalled bet ($3) returned to happyshine88
happyshine88 collected $11.76 from pot
happyshine88: doesn't show hand
*** SUMMARY ***
Total pot $12 | Rake $0.24
Board [Ac Tc 9d]
Seat 1: happyshine88 (button) (small blind) collected ($11.76)
Seat 2: swarfiga755 (big blind) folded on the Flop


PokerStars Hand #144252527448:  Hold'em Limit ($3/$6 USD) - 2015/11/23 4:08:43 ET
Table 'Dorado II' 2-max Seat #1 is the button
Seat 1: happyshine88 ($51.52 in chips)
Seat 2: swarfiga755 ($101.52 in chips)
happyshine88: posts small blind $1
swarfiga755: posts big blind $3
*** HOLE CARDS ***
happyshine88: calls $2
swarfiga755: checks
*** FLOP *** [5d 8s 5c]
swarfiga755: checks
happyshine88: bets $3
swarfiga755: folds
Uncalled bet ($3) returned to happyshine88
happyshine88 collected $5.88 from pot
*** SUMMARY ***
Total pot $6 | Rake $0.12
Board [5d 8s 5c]
Seat 1: happyshine88 (button) (small blind) collected ($5.88)
Seat 2: swarfiga755 (big blind) folded on the Flop


PokerStars Hand #144252531652:  Hold'em Limit ($3/$6 USD) - 2015/11/23 4:08:56 ET
Table 'Dorado II' 2-max Seat #2 is the button
Seat 1: happyshine88 ($54.40 in chips)
Seat 2: swarfiga755 ($98.52 in chips)
swarfiga755: posts small blind $1
happyshine88: posts big blind $3
*** HOLE CARDS ***
swarfiga755: raises $3 to $6
happyshine88: folds
Uncalled bet ($3) returned to swarfiga755
swarfiga755 collected $6 from pot
swarfiga755: doesn't show hand
*** SUMMARY ***
Total pot $6 | Rake $0
Seat 1: happyshine88 (big blind) folded before Flop
Seat 2: swarfiga755 (button) (small blind) collected ($6)


PokerStars Hand #144252539875:  Hold'em Limit ($3/$6 USD) - 2015/11/23 4:09:21 ET
Table 'Dorado II' 2-max Seat #1 is the button
Seat 1: happyshine88 ($54.16 in chips)
Seat 2: swarfiga755 ($98.52 in chips)
happyshine88: posts small blind $1
swarfiga755: posts big blind $3
*** HOLE CARDS ***
happyshine88: raises $3 to $6
swarfiga755: calls $3
*** FLOP *** [9d 5c 4h]
swarfiga755: checks
happyshine88: bets $3
swarfiga755: calls $3
*** TURN *** [9d 5c 4h] [5d]
swarfiga755: checks
happyshine88: bets $6
swarfiga755: calls $6
*** RIVER *** [9d 5c 4h 5d] [8d]
swarfiga755: checks
happyshine88: bets $6
swarfiga755: calls $6
*** SHOW DOWN ***
happyshine88: shows [8s 8c] (a full house, Eights full of Fives)
swarfiga755: mucks hand
happyshine88 collected $41.50 from pot
*** SUMMARY ***
Total pot $42 | Rake $0.50
Board [9d 5c 4h 5d 8d]
Seat 1: happyshine88 (button) (small blind) showed [8s 8c] and won ($41.50) with a full house, Eights full of Fives
Seat 2: swarfiga755 (big blind) mucked


PokerStars Hand #144252548192:  Hold'em Limit ($3/$6 USD) - 2015/11/23 4:09:46 ET
Table 'Dorado II' 2-max Seat #2 is the button
Seat 1: happyshine88 ($74.66 in chips)
Seat 2: swarfiga755 ($77.52 in chips)
swarfiga755: posts small blind $1
happyshine88: posts big blind $3
*** HOLE CARDS ***
swarfiga755: raises $3 to $6
happyshine88: calls $3
*** FLOP *** [7c 5d 3s]
happyshine88: checks
swarfiga755: bets $3
happyshine88: raises $3 to $6
swarfiga755: calls $3
*** TURN *** [7c 5d 3s] [Qc]
happyshine88: bets $6
swarfiga755: folds
Uncalled bet ($6) returned to happyshine88
happyshine88 collected $23.52 from pot
happyshine88: doesn't show hand
*** SUMMARY ***
Total pot $24 | Rake $0.48
Board [7c 5d 3s Qc]
Seat 1: happyshine88 (big blind) collected ($23.52)
Seat 2: swarfiga755 (button) (small blind) folded on the Turn


PokerStars Hand #144252537880:  Hold'em Limit ($3/$6 USD) - 2015/11/23 4:09:15 ET
Table 'Dorado II' 2-max Seat #2 is the button
Seat 1: happyshine88 ($57.16 in chips)
Seat 2: swarfiga755 ($95.52 in chips)
swarfiga755: posts small blind $1
happyshine88: posts big blind $3
*** HOLE CARDS ***
swarfiga755: raises $3 to $6
happyshine88: folds
Uncalled bet ($3) returned to swarfiga755
swarfiga755 collected $6 from pot
swarfiga755: doesn't show hand
*** SUMMARY ***
Total pot $6 | Rake $0
Seat 1: happyshine88 (big blind) folded before Flop
Seat 2: swarfiga755 (button) (small blind) collected ($6)


PokerStars Hand #144252558057:  Hold'em Limit ($3/$6 USD) - 2015/11/23 4:10:16 ET
Table 'Dorado II' 2-max Seat #2 is the button
Seat 1: happyshine88 ($85.18 in chips)
Seat 2: swarfiga755 ($73 in chips)
swarfiga755: posts small blind $1
happyshine88: posts big blind $3
*** HOLE CARDS ***
swarfiga755: raises $3 to $6
happyshine88: calls $3
*** FLOP *** [4c 5c Jh]
happyshine88: checks
swarfiga755: bets $3
happyshine88: folds
Uncalled bet ($3) returned to swarfiga755
swarfiga755 collected $11.76 from pot
swarfiga755: doesn't show hand
*** SUMMARY ***
Total pot $12 | Rake $0.24
Board [4c 5c Jh]
Seat 1: happyshine88 (big blind) folded on the Flop
Seat 2: swarfiga755 (button) (small blind) collected ($11.76)


PokerStars Hand #144252562411:  Hold'em Limit ($3/$6 USD) - 2015/11/23 4:10:29 ET
Table 'Dorado II' 2-max Seat #1 is the button
Seat 1: happyshine88 ($79.18 in chips)
Seat 2: swarfiga755 ($78.76 in chips)
happyshine88: posts small blind $1
swarfiga755: posts big blind $3
*** HOLE CARDS ***
happyshine88: raises $3 to $6
swarfiga755: raises $3 to $9
happyshine88: calls $3
*** FLOP *** [7s Js 6s]
swarfiga755: bets $3
happyshine88: raises $3 to $6
swarfiga755: calls $3
*** TURN *** [7s Js 6s] [9h]
swarfiga755: checks
happyshine88: bets $6
swarfiga755: raises $6 to $12
happyshine88: calls $6
*** RIVER *** [7s Js 6s 9h] [Td]
swarfiga755: checks
happyshine88: bets $6
swarfiga755: calls $6
*** SHOW DOWN ***
happyshine88: shows [6d 7d] (two pair, Sevens and Sixes)
swarfiga755: mucks hand
happyshine88 collected $65.50 from pot
*** SUMMARY ***
Total pot $66 | Rake $0.50
Board [7s Js 6s 9h Td]
Seat 1: happyshine88 (button) (small blind) showed [6d 7d] and won ($65.50) with two pair, Sevens and Sixes
Seat 2: swarfiga755 (big blind) mucked


PokerStars Hand #144252556531:  Hold'em Limit ($3/$6 USD) - 2015/11/23 4:10:12 ET
Table 'Dorado II' 2-max Seat #1 is the button
Seat 1: happyshine88 ($86.18 in chips)
Seat 2: swarfiga755 ($72 in chips)
happyshine88: posts small blind $1
swarfiga755: posts big blind $3
*** HOLE CARDS ***
happyshine88: folds
Uncalled bet ($2) returned to swarfiga755
swarfiga755 collected $2 from pot
swarfiga755: doesn't show hand
*** SUMMARY ***
Total pot $2 | Rake $0
Seat 1: happyshine88 (button) (small blind) folded before Flop
Seat 2: swarfiga755 (big blind) collected ($2)


PokerStars Hand #144252575365:  Hold'em Limit ($3/$6 USD) - 2015/11/23 4:11:09 ET
Table 'Dorado II' 2-max Seat #2 is the button
Seat 1: happyshine88 ($111.68 in chips)
Seat 2: swarfiga755 ($72 in chips)
swarfiga755: posts small blind $1
happyshine88: posts big blind $3
*** HOLE CARDS ***
swarfiga755: raises $3 to $6
happyshine88 is disconnected
happyshine88 has timed out while disconnected
happyshine88: folds
Uncalled bet ($3) returned to swarfiga755
swarfiga755 collected $6 from pot
swarfiga755: doesn't show hand
*** SUMMARY ***
Total pot $6 | Rake $0
Seat 1: happyshine88 (big blind) folded before Flop
Seat 2: swarfiga755 (button) (small blind) collected ($6)


