PokerStars Hand #165033651262:  Hold'em Limit ($3/$6 USD) - 2017/01/23 6:53:18 ET
Table 'Dorado' 6-max Seat #3 is the button
Seat 2: sim5sim5 ($72 in chips)
Seat 3: Eklund_1891 ($121 in chips)
Eklund_1891: posts small blind $1
sim5sim5: posts big blind $3
*** HOLE CARDS ***
Eklund_1891: raises $3 to $6
sim5sim5: calls $3
*** FLOP *** [8h 8d 3d]
sim5sim5: checks
Eklund_1891: checks
*** TURN *** [8h 8d 3d] [3c]
sim5sim5: bets $6
Eklund_1891: calls $6
*** RIVER *** [8h 8d 3d 3c] [Ad]
sim5sim5: bets $6
Eklund_1891: raises $6 to $12
sim5sim5: folds
Uncalled bet ($6) returned to Eklund_1891
Eklund_1891 collected $35.50 from pot
Eklund_1891: doesn't show hand
*** SUMMARY ***
Total pot $36 | Rake $0.50
Board [8h 8d 3d 3c Ad]
Seat 2: sim5sim5 (big blind) folded on the River
Seat 3: Eklund_1891 (button) (small blind) collected ($35.50)


PokerStars Hand #165033640218:  Hold'em Limit ($3/$6 USD) - 2017/01/23 6:52:56 ET
Table 'Dorado' 6-max Seat #2 is the button
Seat 2: sim5sim5 ($72 in chips)
Seat 3: Eklund_1891 ($120 in chips)
sim5sim5: posts small blind $1
Eklund_1891: posts big blind $3
*** HOLE CARDS ***
sim5sim5: folds
Uncalled bet ($2) returned to Eklund_1891
Eklund_1891 collected $2 from pot
Eklund_1891: doesn't show hand
*** SUMMARY ***
Total pot $2 | Rake $0
Seat 2: sim5sim5 (button) (small blind) folded before Flop
Seat 3: Eklund_1891 (big blind) collected ($2)


PokerStars Hand #165033663468:  Hold'em Limit ($3/$6 USD) - 2017/01/23 6:53:43 ET
Table 'Dorado' 6-max Seat #2 is the button
Seat 2: sim5sim5 ($72 in chips)
Seat 3: Eklund_1891 ($138.50 in chips)
sim5sim5: posts small blind $1
Eklund_1891: posts big blind $3
*** HOLE CARDS ***
sim5sim5: raises $3 to $6
Eklund_1891: raises $3 to $9
sim5sim5: raises $3 to $12
Betting is capped
Eklund_1891: calls $3
*** FLOP *** [Ac 6s 8c]
Eklund_1891: bets $3
sim5sim5: raises $3 to $6
Eklund_1891: calls $3
*** TURN *** [Ac 6s 8c] [2c]
Eklund_1891: checks
sim5sim5: bets $6
Eklund_1891: calls $6
*** RIVER *** [Ac 6s 8c 2c] [4h]
Eklund_1891: checks
sim5sim5: checks
*** SHOW DOWN ***
Eklund_1891: shows [Kd 8h] (a pair of Eights)
sim5sim5: mucks hand
Eklund_1891 collected $47.50 from pot
*** SUMMARY ***
Total pot $48 | Rake $0.50
Board [Ac 6s 8c 2c 4h]
Seat 2: sim5sim5 (button) (small blind) mucked
Seat 3: Eklund_1891 (big blind) showed [Kd 8h] and won ($47.50) with a pair of Eights


PokerStars Hand #165033676509:  Hold'em Limit ($3/$6 USD) - 2017/01/23 6:54:09 ET
Table 'Dorado' 6-max Seat #3 is the button
Seat 2: sim5sim5 ($72 in chips)
Seat 3: Eklund_1891 ($162 in chips)
Eklund_1891: posts small blind $1
sim5sim5: posts big blind $3
*** HOLE CARDS ***
Eklund_1891: folds
Uncalled bet ($2) returned to sim5sim5
sim5sim5 collected $2 from pot
sim5sim5: doesn't show hand
*** SUMMARY ***
Total pot $2 | Rake $0
Seat 2: sim5sim5 (big blind) collected ($2)
Seat 3: Eklund_1891 (button) (small blind) folded before Flop


PokerStars Hand #165033678861:  Hold'em Limit ($3/$6 USD) - 2017/01/23 6:54:14 ET
Table 'Dorado' 6-max Seat #2 is the button
Seat 2: sim5sim5 ($73 in chips)
Seat 3: Eklund_1891 ($161 in chips)
sim5sim5: posts small blind $1
Eklund_1891: posts big blind $3
*** HOLE CARDS ***
sim5sim5: raises $3 to $6
Eklund_1891: raises $3 to $9
sim5sim5: calls $3
*** FLOP *** [2c Qd Qh]
Eklund_1891: bets $3
sim5sim5: calls $3
*** TURN *** [2c Qd Qh] [3c]
Eklund_1891: bets $6
sim5sim5: calls $6
*** RIVER *** [2c Qd Qh 3c] [9s]
Eklund_1891: bets $6
sim5sim5: calls $6
*** SHOW DOWN ***
Eklund_1891: shows [4s 4d] (two pair, Queens and Fours)
sim5sim5: mucks hand
Eklund_1891 collected $47.50 from pot
*** SUMMARY ***
Total pot $48 | Rake $0.50
Board [2c Qd Qh 3c 9s]
Seat 2: sim5sim5 (button) (small blind) mucked
Seat 3: Eklund_1891 (big blind) showed [4s 4d] and won ($47.50) with two pair, Queens and Fours


PokerStars Hand #165033714485:  Hold'em Limit ($3/$6 USD) - 2017/01/23 6:55:29 ET
Table 'Dorado' 6-max Seat #3 is the button
Seat 2: sim5sim5 ($116 in chips)
Seat 3: Eklund_1891 ($139.50 in chips)
Eklund_1891: posts small blind $1
sim5sim5: posts big blind $3
*** HOLE CARDS ***
Eklund_1891: raises $3 to $6
sim5sim5: raises $3 to $9
Eklund_1891: calls $3
*** FLOP *** [Jd 7h 6d]
sim5sim5: bets $3
Eklund_1891: folds
Uncalled bet ($3) returned to sim5sim5
sim5sim5 collected $17.64 from pot
sim5sim5: doesn't show hand
*** SUMMARY ***
Total pot $18 | Rake $0.36
Board [Jd 7h 6d]
Seat 2: sim5sim5 (big blind) collected ($17.64)
Seat 3: Eklund_1891 (button) (small blind) folded on the Flop


PokerStars Hand #165033689143:  Hold'em Limit ($3/$6 USD) - 2017/01/23 6:54:35 ET
Table 'Dorado' 6-max Seat #3 is the button
Seat 2: sim5sim5 ($72 in chips)
Seat 3: Eklund_1891 ($184.50 in chips)
Eklund_1891: posts small blind $1
sim5sim5: posts big blind $3
*** HOLE CARDS ***
Eklund_1891: raises $3 to $6
sim5sim5: raises $3 to $9
Eklund_1891: raises $3 to $12
Betting is capped
sim5sim5: calls $3
*** FLOP *** [2s Ac 2d]
sim5sim5: checks
Eklund_1891: bets $3
sim5sim5: raises $3 to $6
Eklund_1891: calls $3
*** TURN *** [2s Ac 2d] [7h]
sim5sim5: bets $6
Eklund_1891: calls $6
*** RIVER *** [2s Ac 2d 7h] [8c]
sim5sim5: bets $6
Eklund_1891: calls $6
*** SHOW DOWN ***
sim5sim5: shows [9d As] (two pair, Aces and Deuces)
Eklund_1891: mucks hand
sim5sim5 collected $59.50 from pot
*** SUMMARY ***
Total pot $60 | Rake $0.50
Board [2s Ac 2d 7h 8c]
Seat 2: sim5sim5 (big blind) showed [9d As] and won ($59.50) with two pair, Aces and Deuces
Seat 3: Eklund_1891 (button) (small blind) mucked


PokerStars Hand #165033718829:  Hold'em Limit ($3/$6 USD) - 2017/01/23 6:55:39 ET
Table 'Dorado' 6-max Seat #2 is the button
Seat 2: sim5sim5 ($124.64 in chips)
Seat 3: Eklund_1891 ($130.50 in chips)
sim5sim5: posts small blind $1
Eklund_1891: posts big blind $3
*** HOLE CARDS ***
sim5sim5: folds
Uncalled bet ($2) returned to Eklund_1891
Eklund_1891 collected $2 from pot
Eklund_1891: doesn't show hand
*** SUMMARY ***
Total pot $2 | Rake $0
Seat 2: sim5sim5 (button) (small blind) folded before Flop
Seat 3: Eklund_1891 (big blind) collected ($2)


PokerStars Hand #165033730219:  Hold'em Limit ($3/$6 USD) - 2017/01/23 6:56:05 ET
Table 'Dorado' 6-max Seat #2 is the button
Seat 2: sim5sim5 ($132.28 in chips)
Seat 3: Eklund_1891 ($122.50 in chips)
sim5sim5: posts small blind $1
Eklund_1891: posts big blind $3
*** HOLE CARDS ***
sim5sim5: raises $3 to $6
Eklund_1891: calls $3
*** FLOP *** [Js 2c 6h]
Eklund_1891: checks
sim5sim5: bets $3
Eklund_1891: raises $3 to $6
sim5sim5: calls $3
*** TURN *** [Js 2c 6h] [7d]
Eklund_1891: bets $6
sim5sim5: folds
Uncalled bet ($6) returned to Eklund_1891
Eklund_1891 collected $23.52 from pot
Eklund_1891: doesn't show hand
*** SUMMARY ***
Total pot $24 | Rake $0.48
Board [Js 2c 6h 7d]
Seat 2: sim5sim5 (button) (small blind) folded on the Turn
Seat 3: Eklund_1891 (big blind) collected ($23.52)


PokerStars Hand #165033757189:  Hold'em Limit ($3/$6 USD) - 2017/01/23 6:57:07 ET
Table 'Dorado' 6-max Seat #2 is the button
Seat 2: sim5sim5 ($120.03 in chips)
Seat 3: Eklund_1891 ($133.77 in chips)
sim5sim5: posts small blind $1
Eklund_1891: posts big blind $3
*** HOLE CARDS ***
sim5sim5: raises $3 to $6
Eklund_1891: raises $3 to $9
sim5sim5: calls $3
*** FLOP *** [8s 2h Js]
Eklund_1891: bets $3
sim5sim5: raises $3 to $6
Eklund_1891: raises $3 to $9
sim5sim5: calls $3
*** TURN *** [8s 2h Js] [7h]
Eklund_1891: bets $6
NAR74 joins the table at seat #4
sim5sim5: raises $6 to $12
Eklund_1891: raises $6 to $18
volkovsky joins the table at seat #5
sim5sim5: calls $6
*** RIVER *** [8s 2h Js 7h] [9c]
Eklund_1891: checks
sim5sim5: checks
*** SHOW DOWN ***
Eklund_1891: shows [Jh Ah] (a pair of Jacks)
sim5sim5: mucks hand
Eklund_1891 collected $71.50 from pot
*** SUMMARY ***
Total pot $72 | Rake $0.50
Board [8s 2h Js 7h 9c]
Seat 2: sim5sim5 (button) (small blind) mucked
Seat 3: Eklund_1891 (big blind) showed [Jh Ah] and won ($71.50) with a pair of Jacks


PokerStars Hand #165034410929:  Hold'em Limit ($3/$6 USD) - 2017/01/23 7:18:46 ET
Table 'Dorado' 6-max Seat #4 is the button
Seat 1: DePokeraap ($173.55 in chips)
Seat 4: Speed2008 ($47 in chips)
Speed2008: posts small blind $1
volkovsky: is sitting out
Adrian900123: is sitting out
DePokeraap: posts big blind $3
*** HOLE CARDS ***
Adrian900123 leaves the table
Speed2008: raises $3 to $6
volkovsky leaves the table
DePokeraap: calls $3
*** FLOP *** [8c 2h Jh]
DePokeraap: checks
Speed2008: bets $3
DePokeraap: folds
Uncalled bet ($3) returned to Speed2008
Speed2008 collected $11.76 from pot
*** SUMMARY ***
Total pot $12 | Rake $0.24
Board [8c 2h Jh]
Seat 1: DePokeraap (big blind) folded on the Flop
Seat 4: Speed2008 (button) (small blind) collected ($11.76)


