PokerStars Hand #144628941447:  Hold'em Limit ($3/$6 USD) - 2015/11/30 16:15:57 ET
Table 'Dorado III' 6-max Seat #2 is the button
Seat 2: Fess7791 ($73.92 in chips)
Seat 6: iskambil ($93 in chips)
Fess7791: posts small blind $1
iskambil: posts big blind $3
*** HOLE CARDS ***
Fess7791: raises $3 to $6
iskambil: calls $3
*** FLOP *** [3c Qh 6d]
iskambil: checks
Fess7791: bets $3
iskambil: folds
Uncalled bet ($3) returned to Fess7791
Fess7791 collected $11.76 from pot
Fess7791: doesn't show hand
*** SUMMARY ***
Total pot $12 | Rake $0.24
Board [3c Qh 6d]
Seat 2: Fess7791 (button) (small blind) collected ($11.76)
Seat 6: iskambil (big blind) folded on the Flop


PokerStars Hand #144628933028:  Hold'em Limit ($3/$6 USD) - 2015/11/30 16:15:49 ET
Table 'Dorado III' 6-max Seat #6 is the button
Seat 2: Fess7791 ($76.92 in chips)
Seat 6: iskambil ($90 in chips)
iskambil: posts small blind $1
mdif: is sitting out
Fess7791: posts big blind $3
*** HOLE CARDS ***
iskambil: raises $3 to $6
Fess7791: folds
Uncalled bet ($3) returned to iskambil
iskambil collected $6 from pot
*** SUMMARY ***
Total pot $6 | Rake $0
Seat 2: Fess7791 (big blind) folded before Flop
Seat 6: iskambil (button) (small blind) collected ($6)


