PokerStars Hand #147405785810:  Hold'em Limit ($3/$6 USD) - 2016/01/21 1:10:28 ET
Table 'Doris' 6-max Seat #1 is the button
Seat 1: jiajia88 ($94.17 in chips)
Seat 4: Agrotait ($72 in chips)
jiajia88: posts small blind $1
Agrotait: posts big blind $3
*** HOLE CARDS ***
jiajia88: raises $3 to $6
Agrotait: calls $3
*** FLOP *** [9s 3c Jh]
Agrotait: checks
jiajia88: bets $3
Agrotait: calls $3
*** TURN *** [9s 3c Jh] [7c]
Agrotait: checks
jiajia88: bets $6
Agrotait: folds
Uncalled bet ($6) returned to jiajia88
jiajia88 collected $17.64 from pot
*** SUMMARY ***
Total pot $18 | Rake $0.36
Board [9s 3c Jh 7c]
Seat 1: jiajia88 (button) (small blind) collected ($17.64)
Seat 4: Agrotait (big blind) folded on the Turn


PokerStars Hand #147405795693:  Hold'em Limit ($3/$6 USD) - 2016/01/21 1:11:02 ET
Table 'Doris' 6-max Seat #4 is the button
Seat 1: jiajia88 ($102.81 in chips)
Seat 4: Agrotait ($63 in chips)
Agrotait: posts small blind $1
jiajia88: posts big blind $3
*** HOLE CARDS ***
Agrotait: raises $3 to $6
jiajia88: raises $3 to $9
Agrotait: calls $3
*** FLOP *** [8c 2c 5h]
jiajia88: bets $3
Agrotait: folds
Uncalled bet ($3) returned to jiajia88
jiajia88 collected $17.64 from pot
*** SUMMARY ***
Total pot $18 | Rake $0.36
Board [8c 2c 5h]
Seat 1: jiajia88 (big blind) collected ($17.64)
Seat 4: Agrotait (button) (small blind) folded on the Flop


PokerStars Hand #147405803747:  Hold'em Limit ($3/$6 USD) - 2016/01/21 1:11:29 ET
Table 'Doris' 6-max Seat #1 is the button
Seat 1: jiajia88 ($111.45 in chips)
Seat 4: Agrotait ($72 in chips)
jiajia88: posts small blind $1
Agrotait: posts big blind $3
*** HOLE CARDS ***
jiajia88: raises $3 to $6
Agrotait: calls $3
*** FLOP *** [5d 5h 8s]
Agrotait: checks
jiajia88: bets $3
Agrotait: folds
Uncalled bet ($3) returned to jiajia88
jiajia88 collected $11.76 from pot
*** SUMMARY ***
Total pot $12 | Rake $0.24
Board [5d 5h 8s]
Seat 1: jiajia88 (button) (small blind) collected ($11.76)
Seat 4: Agrotait (big blind) folded on the Flop


PokerStars Hand #147405813732:  Hold'em Limit ($3/$6 USD) - 2016/01/21 1:12:03 ET
Table 'Doris' 6-max Seat #4 is the button
Seat 1: jiajia88 ($117.21 in chips)
Seat 4: Agrotait ($66 in chips)
Agrotait: posts small blind $1
jiajia88: posts big blind $3
*** HOLE CARDS ***
Agrotait: raises $3 to $6
jiajia88: calls $3
*** FLOP *** [Qs 3c Tc]
jiajia88: checks
Agrotait: bets $3
jiajia88: folds
Uncalled bet ($3) returned to Agrotait
Agrotait collected $11.76 from pot
Agrotait: doesn't show hand
*** SUMMARY ***
Total pot $12 | Rake $0.24
Board [Qs 3c Tc]
Seat 1: jiajia88 (big blind) folded on the Flop
Seat 4: Agrotait (button) (small blind) collected ($11.76)


PokerStars Hand #147405821358:  Hold'em Limit ($3/$6 USD) - 2016/01/21 1:12:29 ET
Table 'Doris' 6-max Seat #4 is the button
Seat 1: jiajia88 ($102.21 in chips)
Seat 4: Agrotait ($80.40 in chips)
Agrotait: posts small blind $1
jiajia88: posts big blind $3
*** HOLE CARDS ***
Agrotait: folds
Uncalled bet ($2) returned to jiajia88
jiajia88 collected $2 from pot
*** SUMMARY ***
Total pot $2 | Rake $0
Seat 1: jiajia88 (big blind) collected ($2)
Seat 4: Agrotait (button) (small blind) folded before Flop


PokerStars Hand #147405818112:  Hold'em Limit ($3/$6 USD) - 2016/01/21 1:12:18 ET
Table 'Doris' 6-max Seat #1 is the button
Seat 1: jiajia88 ($111.21 in chips)
Seat 4: Agrotait ($71.76 in chips)
jiajia88: posts small blind $1
Agrotait: posts big blind $3
*** HOLE CARDS ***
jiajia88: raises $3 to $6
Agrotait: raises $3 to $9
jiajia88: calls $3
*** FLOP *** [3d 8c Tc]
Agrotait: bets $3
jiajia88: folds
Uncalled bet ($3) returned to Agrotait
Agrotait collected $17.64 from pot
Agrotait: doesn't show hand
*** SUMMARY ***
Total pot $18 | Rake $0.36
Board [3d 8c Tc]
Seat 1: jiajia88 (button) (small blind) folded on the Flop
Seat 4: Agrotait (big blind) collected ($17.64)


PokerStars Hand #147405823081:  Hold'em Limit ($3/$6 USD) - 2016/01/21 1:12:35 ET
Table 'Doris' 6-max Seat #1 is the button
Seat 1: jiajia88 ($103.21 in chips)
Seat 4: Agrotait ($79.40 in chips)
jiajia88: posts small blind $1
Agrotait: posts big blind $3
*** HOLE CARDS ***
jiajia88: folds
Uncalled bet ($2) returned to Agrotait
Agrotait collected $2 from pot
Agrotait: doesn't show hand
*** SUMMARY ***
Total pot $2 | Rake $0
Seat 1: jiajia88 (button) (small blind) folded before Flop
Seat 4: Agrotait (big blind) collected ($2)


PokerStars Hand #147405842082:  Hold'em Limit ($3/$6 USD) - 2016/01/21 1:13:40 ET
Table 'Doris' 6-max Seat #4 is the button
Seat 1: jiajia88 ($101.85 in chips)
Seat 4: Agrotait ($79.92 in chips)
Agrotait: posts small blind $1
jiajia88: posts big blind $3
*** HOLE CARDS ***
Agrotait: folds
Uncalled bet ($2) returned to jiajia88
jiajia88 collected $2 from pot
*** SUMMARY ***
Total pot $2 | Rake $0
Seat 1: jiajia88 (big blind) collected ($2)
Seat 4: Agrotait (button) (small blind) folded before Flop


PokerStars Hand #147405837043:  Hold'em Limit ($3/$6 USD) - 2016/01/21 1:13:23 ET
Table 'Doris' 6-max Seat #1 is the button
Seat 1: jiajia88 ($107.85 in chips)
Seat 4: Agrotait ($74.16 in chips)
jiajia88: posts small blind $1
Agrotait: posts big blind $3
*** HOLE CARDS ***
jiajia88: raises $3 to $6
Agrotait: calls $3
*** FLOP *** [3d 8c 7h]
Agrotait: checks
jiajia88: checks
*** TURN *** [3d 8c 7h] [Qd]
Agrotait: bets $6
jiajia88: folds
Uncalled bet ($6) returned to Agrotait
Agrotait collected $11.76 from pot
Agrotait: doesn't show hand
*** SUMMARY ***
Total pot $12 | Rake $0.24
Board [3d 8c 7h Qd]
Seat 1: jiajia88 (button) (small blind) folded on the Turn
Seat 4: Agrotait (big blind) collected ($11.76)


PokerStars Hand #147405824646:  Hold'em Limit ($3/$6 USD) - 2016/01/21 1:12:40 ET
Table 'Doris' 6-max Seat #4 is the button
Seat 1: jiajia88 ($102.21 in chips)
Seat 4: Agrotait ($80.40 in chips)
Agrotait: posts small blind $1
jiajia88: posts big blind $3
*** HOLE CARDS ***
Agrotait: raises $3 to $6
jiajia88: calls $3
*** FLOP *** [8d 7d 9c]
jiajia88: checks
Agrotait: bets $3
jiajia88: calls $3
*** TURN *** [8d 7d 9c] [4s]
jiajia88: checks
Agrotait: checks
*** RIVER *** [8d 7d 9c 4s] [Qd]
jiajia88: checks
Agrotait: checks
*** SHOW DOWN ***
jiajia88: shows [5c 4h] (a pair of Fours)
Agrotait: mucks hand
jiajia88 collected $17.64 from pot
*** SUMMARY ***
Total pot $18 | Rake $0.36
Board [8d 7d 9c 4s Qd]
Seat 1: jiajia88 (big blind) showed [5c 4h] and won ($17.64) with a pair of Fours
Seat 4: Agrotait (button) (small blind) mucked


PokerStars Hand #147405830798:  Hold'em Limit ($3/$6 USD) - 2016/01/21 1:13:01 ET
Table 'Doris' 6-max Seat #1 is the button
Seat 1: jiajia88 ($110.85 in chips)
Seat 4: Agrotait ($71.40 in chips)
jiajia88: posts small blind $1
Agrotait: posts big blind $3
*** HOLE CARDS ***
jiajia88: raises $3 to $6
Agrotait: folds
Uncalled bet ($3) returned to jiajia88
jiajia88 collected $6 from pot
*** SUMMARY ***
Total pot $6 | Rake $0
Seat 1: jiajia88 (button) (small blind) collected ($6)
Seat 4: Agrotait (big blind) folded before Flop


PokerStars Hand #147405833029:  Hold'em Limit ($3/$6 USD) - 2016/01/21 1:13:09 ET
Table 'Doris' 6-max Seat #4 is the button
Seat 1: jiajia88 ($113.85 in chips)
Seat 4: Agrotait ($68.40 in chips)
Agrotait: posts small blind $1
jiajia88: posts big blind $3
*** HOLE CARDS ***
Agrotait: raises $3 to $6
jiajia88: calls $3
*** FLOP *** [8s 6d Ah]
jiajia88: checks
Agrotait: bets $3
jiajia88: folds
Uncalled bet ($3) returned to Agrotait
Agrotait collected $11.76 from pot
Agrotait: doesn't show hand
*** SUMMARY ***
Total pot $12 | Rake $0.24
Board [8s 6d Ah]
Seat 1: jiajia88 (big blind) folded on the Flop
Seat 4: Agrotait (button) (small blind) collected ($11.76)


PokerStars Hand #147405843458:  Hold'em Limit ($3/$6 USD) - 2016/01/21 1:13:45 ET
Table 'Doris' 6-max Seat #1 is the button
Seat 1: jiajia88 ($102.85 in chips)
Seat 4: Agrotait ($78.92 in chips)
jiajia88: posts small blind $1
Agrotait: posts big blind $3
*** HOLE CARDS ***
jiajia88: folds
Uncalled bet ($2) returned to Agrotait
Agrotait collected $2 from pot
Agrotait: doesn't show hand
*** SUMMARY ***
Total pot $2 | Rake $0
Seat 1: jiajia88 (button) (small blind) folded before Flop
Seat 4: Agrotait (big blind) collected ($2)


PokerStars Hand #147405845201:  Hold'em Limit ($3/$6 USD) - 2016/01/21 1:13:51 ET
Table 'Doris' 6-max Seat #4 is the button
Seat 1: jiajia88 ($101.85 in chips)
Seat 4: Agrotait ($79.92 in chips)
Agrotait: posts small blind $1
jiajia88: posts big blind $3
*** HOLE CARDS ***
Agrotait: raises $3 to $6
Krazy90 joins the table at seat #2
jiajia88: calls $3
*** FLOP *** [4h Qs Kd]
jiajia88: checks
Agrotait: bets $3
jiajia88: calls $3
*** TURN *** [4h Qs Kd] [4d]
jiajia88: checks
Agrotait: checks
*** RIVER *** [4h Qs Kd 4d] [7c]
jiajia88: checks
Agrotait: bets $6
jiajia88: calls $6
*** SHOW DOWN ***
Agrotait: shows [9c Jd] (a pair of Fours)
jiajia88: shows [Ac 8s] (a pair of Fours - Ace kicker)
jiajia88 collected $29.50 from pot
*** SUMMARY ***
Total pot $30 | Rake $0.50
Board [4h Qs Kd 4d 7c]
Seat 1: jiajia88 (big blind) showed [Ac 8s] and won ($29.50) with a pair of Fours
Seat 4: Agrotait (button) (small blind) showed [9c Jd] and lost with a pair of Fours


PokerStars Hand #147407046334:  Hold'em Limit ($3/$6 USD) - 2016/01/21 2:23:13 ET
Table 'Doris' 6-max Seat #1 is the button
Seat 1: jiajia88 ($80.39 in chips)
Seat 2: Krazy90 ($143.39 in chips)
jiajia88: posts small blind $1
Krazy90: posts big blind $3
*** HOLE CARDS ***
vladal 888 joins the table at seat #3
jiajia88: raises $3 to $6
Krazy90: folds
Uncalled bet ($3) returned to jiajia88
jiajia88 collected $6 from pot
*** SUMMARY ***
Total pot $6 | Rake $0
Seat 1: jiajia88 (button) (small blind) collected ($6)
Seat 2: Krazy90 (big blind) folded before Flop


PokerStars Hand #147407040495:  Hold'em Limit ($3/$6 USD) - 2016/01/21 2:22:53 ET
Table 'Doris' 6-max Seat #2 is the button
Seat 1: jiajia88 ($62.89 in chips)
Seat 2: Krazy90 ($161.39 in chips)
Krazy90: posts small blind $1
Johnliu: is sitting out
jiajia88: posts big blind $3
*** HOLE CARDS ***
Krazy90: raises $3 to $6
jiajia88: calls $3
*** FLOP *** [4h Tc Ks]
jiajia88: checks
Krazy90: bets $3
jiajia88: raises $3 to $6
Krazy90: calls $3
*** TURN *** [4h Tc Ks] [9d]
jiajia88: bets $6
Krazy90: calls $6
*** RIVER *** [4h Tc Ks 9d] [8h]
jiajia88: checks
Krazy90: checks
*** SHOW DOWN ***
jiajia88: shows [Td 6d] (a pair of Tens)
Krazy90: mucks hand
jiajia88 collected $35.50 from pot
*** SUMMARY ***
Total pot $36 | Rake $0.50
Board [4h Tc Ks 9d 8h]
Seat 1: jiajia88 (big blind) showed [Td 6d] and won ($35.50) with a pair of Tens
Seat 2: Krazy90 (button) (small blind) mucked


PokerStars Hand #147408679388:  Hold'em Limit ($3/$6 USD) - 2016/01/21 3:45:35 ET
Table 'Doris' 6-max Seat #3 is the button
Seat 3: ME HAPPYBEE ($120.91 in chips)
Seat 6: Johnliu ($343.37 in chips)
ME HAPPYBEE: posts small blind $1
VegasPat17: is sitting out
Johnliu: posts big blind $3
*** HOLE CARDS ***
ME HAPPYBEE: folds
Uncalled bet ($2) returned to Johnliu
Johnliu collected $2 from pot
Johnliu: doesn't show hand
*** SUMMARY ***
Total pot $2 | Rake $0
Seat 3: ME HAPPYBEE (button) (small blind) folded before Flop
Seat 6: Johnliu (big blind) collected ($2)


PokerStars Hand #147408898050:  Hold'em Limit ($3/$6 USD) - 2016/01/21 3:55:28 ET
Table 'Doris' 6-max Seat #3 is the button
Seat 1: jiajia88 ($154.93 in chips)
Seat 3: ME HAPPYBEE ($113.91 in chips)
ME HAPPYBEE: posts small blind $1
jiajia88: posts big blind $3
*** HOLE CARDS ***
ME HAPPYBEE: folds
Uncalled bet ($2) returned to jiajia88
jiajia88 collected $2 from pot
*** SUMMARY ***
Total pot $2 | Rake $0
Seat 1: jiajia88 (big blind) collected ($2)
Seat 3: ME HAPPYBEE (button) (small blind) folded before Flop


PokerStars Hand #147408889319:  Hold'em Limit ($3/$6 USD) - 2016/01/21 3:55:02 ET
Table 'Doris' 6-max Seat #1 is the button
Seat 1: jiajia88 ($149.17 in chips)
Seat 3: ME HAPPYBEE ($119.91 in chips)
jiajia88: posts small blind $1
ME HAPPYBEE: posts big blind $3
*** HOLE CARDS ***
jiajia88: calls $2
ME HAPPYBEE: checks
*** FLOP *** [4d 5c 5h]
ME HAPPYBEE: bets $3
jiajia88: raises $3 to $6
ME HAPPYBEE: folds
Uncalled bet ($3) returned to jiajia88
jiajia88 collected $11.76 from pot
*** SUMMARY ***
Total pot $12 | Rake $0.24
Board [4d 5c 5h]
Seat 1: jiajia88 (button) (small blind) collected ($11.76)
Seat 3: ME HAPPYBEE (big blind) folded on the Flop


PokerStars Hand #147408911360:  Hold'em Limit ($3/$6 USD) - 2016/01/21 3:56:09 ET
Table 'Doris' 6-max Seat #3 is the button
Seat 1: jiajia88 ($164.57 in chips)
Seat 3: ME HAPPYBEE ($103.91 in chips)
ME HAPPYBEE: posts small blind $1
jiajia88: posts big blind $3
*** HOLE CARDS ***
ME HAPPYBEE: raises $3 to $6
jiajia88: calls $3
*** FLOP *** [4c 8h Tc]
jiajia88: checks
ME HAPPYBEE: checks
*** TURN *** [4c 8h Tc] [Ah]
jiajia88: bets $6
ME HAPPYBEE: folds
Uncalled bet ($6) returned to jiajia88
jiajia88 collected $11.76 from pot
*** SUMMARY ***
Total pot $12 | Rake $0.24
Board [4c 8h Tc Ah]
Seat 1: jiajia88 (big blind) collected ($11.76)
Seat 3: ME HAPPYBEE (button) (small blind) folded on the Turn


PokerStars Hand #147408899593:  Hold'em Limit ($3/$6 USD) - 2016/01/21 3:55:33 ET
Table 'Doris' 6-max Seat #1 is the button
Seat 1: jiajia88 ($155.93 in chips)
Seat 3: ME HAPPYBEE ($112.91 in chips)
jiajia88: posts small blind $1
ME HAPPYBEE: posts big blind $3
*** HOLE CARDS ***
jiajia88: calls $2
ME HAPPYBEE: checks
*** FLOP *** [6d 7c 8s]
ME HAPPYBEE: bets $3
jiajia88: raises $3 to $6
ME HAPPYBEE: calls $3
*** TURN *** [6d 7c 8s] [8c]
ME HAPPYBEE: checks
jiajia88: bets $6
ME HAPPYBEE: folds
Uncalled bet ($6) returned to jiajia88
jiajia88 collected $17.64 from pot
*** SUMMARY ***
Total pot $18 | Rake $0.36
Board [6d 7c 8s 8c]
Seat 1: jiajia88 (button) (small blind) collected ($17.64)
Seat 3: ME HAPPYBEE (big blind) folded on the Turn


PokerStars Hand #147408930630:  Hold'em Limit ($3/$6 USD) - 2016/01/21 3:57:09 ET
Table 'Doris' 6-max Seat #1 is the button
Seat 1: jiajia88 ($178.97 in chips)
Seat 3: ME HAPPYBEE ($90 in chips)
jiajia88: posts small blind $1
ME HAPPYBEE: posts big blind $3
*** HOLE CARDS ***
jiajia88: calls $2
ME HAPPYBEE: checks
*** FLOP *** [4c Ac 3c]
ME HAPPYBEE: checks
jiajia88: checks
*** TURN *** [4c Ac 3c] [7h]
ME HAPPYBEE: checks
jiajia88: bets $6
ME HAPPYBEE: calls $6
*** RIVER *** [4c Ac 3c 7h] [Kc]
ME HAPPYBEE: checks
jiajia88: bets $6
ME HAPPYBEE: calls $6
*** SHOW DOWN ***
jiajia88: shows [8s 6h] (high card Ace)
ME HAPPYBEE: shows [Jc 7d] (a flush, Ace high)
ME HAPPYBEE collected $29.50 from pot
*** SUMMARY ***
Total pot $30 | Rake $0.50
Board [4c Ac 3c 7h Kc]
Seat 1: jiajia88 (button) (small blind) showed [8s 6h] and lost with high card Ace
Seat 3: ME HAPPYBEE (big blind) showed [Jc 7d] and won ($29.50) with a flush, Ace high


PokerStars Hand #147408921356:  Hold'em Limit ($3/$6 USD) - 2016/01/21 3:56:40 ET
Table 'Doris' 6-max Seat #1 is the button
Seat 1: jiajia88 ($170.33 in chips)
Seat 3: ME HAPPYBEE ($97.91 in chips)
jiajia88: posts small blind $1
ME HAPPYBEE: posts big blind $3
*** HOLE CARDS ***
jiajia88: calls $2
ME HAPPYBEE: checks
*** FLOP *** [4c Th 3c]
ME HAPPYBEE: checks
jiajia88: bets $3
ME HAPPYBEE: folds
Uncalled bet ($3) returned to jiajia88
jiajia88 collected $5.88 from pot
*** SUMMARY ***
Total pot $6 | Rake $0.12
Board [4c Th 3c]
Seat 1: jiajia88 (button) (small blind) collected ($5.88)
Seat 3: ME HAPPYBEE (big blind) folded on the Flop


PokerStars Hand #147408925708:  Hold'em Limit ($3/$6 USD) - 2016/01/21 3:56:54 ET
Table 'Doris' 6-max Seat #3 is the button
Seat 1: jiajia88 ($173.21 in chips)
Seat 3: ME HAPPYBEE ($94.91 in chips)
ME HAPPYBEE: posts small blind $1
jiajia88: posts big blind $3
*** HOLE CARDS ***
ME HAPPYBEE: raises $3 to $6
jiajia88: calls $3
*** FLOP *** [3s 9h Qs]
jiajia88: checks
ME HAPPYBEE: checks
*** TURN *** [3s 9h Qs] [Th]
jiajia88: bets $6
ME HAPPYBEE: folds
Uncalled bet ($6) returned to jiajia88
jiajia88 collected $11.76 from pot
*** SUMMARY ***
Total pot $12 | Rake $0.24
Board [3s 9h Qs Th]
Seat 1: jiajia88 (big blind) collected ($11.76)
Seat 3: ME HAPPYBEE (button) (small blind) folded on the Turn


PokerStars Hand #147408953842:  Hold'em Limit ($3/$6 USD) - 2016/01/21 3:58:07 ET
Table 'Doris' 6-max Seat #1 is the button
Seat 1: jiajia88 ($164.97 in chips)
Seat 3: ME HAPPYBEE ($103.50 in chips)
jiajia88: posts small blind $1
ME HAPPYBEE: posts big blind $3
*** HOLE CARDS ***
jiajia88: folds
Uncalled bet ($2) returned to ME HAPPYBEE
ME HAPPYBEE collected $2 from pot
ME HAPPYBEE: doesn't show hand
*** SUMMARY ***
Total pot $2 | Rake $0
Seat 1: jiajia88 (button) (small blind) folded before Flop
Seat 3: ME HAPPYBEE (big blind) collected ($2)


PokerStars Hand #147408943243:  Hold'em Limit ($3/$6 USD) - 2016/01/21 3:57:47 ET
Table 'Doris' 6-max Seat #3 is the button
Seat 1: jiajia88 ($163.97 in chips)
Seat 3: ME HAPPYBEE ($104.50 in chips)
ME HAPPYBEE: posts small blind $1
jiajia88: posts big blind $3
*** HOLE CARDS ***
ME HAPPYBEE has timed out
ME HAPPYBEE: folds
Uncalled bet ($2) returned to jiajia88
jiajia88 collected $2 from pot
*** SUMMARY ***
Total pot $2 | Rake $0
Seat 1: jiajia88 (big blind) collected ($2)
Seat 3: ME HAPPYBEE (button) (small blind) folded before Flop


PokerStars Hand #147408956466:  Hold'em Limit ($3/$6 USD) - 2016/01/21 3:58:14 ET
Table 'Doris' 6-max Seat #3 is the button
Seat 1: jiajia88 ($163.97 in chips)
Seat 3: ME HAPPYBEE ($104.50 in chips)
ME HAPPYBEE: posts small blind $1
jiajia88: posts big blind $3
*** HOLE CARDS ***
ME HAPPYBEE: raises $3 to $6
jiajia88: calls $3
*** FLOP *** [8c As 5c]
jiajia88: checks
ME HAPPYBEE: bets $3
jiajia88: raises $3 to $6
ME HAPPYBEE: calls $3
*** TURN *** [8c As 5c] [6h]
jiajia88: bets $6
ME HAPPYBEE: folds
Uncalled bet ($6) returned to jiajia88
jiajia88 collected $23.52 from pot
*** SUMMARY ***
Total pot $24 | Rake $0.48
Board [8c As 5c 6h]
Seat 1: jiajia88 (big blind) collected ($23.52)
Seat 3: ME HAPPYBEE (button) (small blind) folded on the Turn


PokerStars Hand #147408976123:  Hold'em Limit ($3/$6 USD) - 2016/01/21 3:58:56 ET
Table 'Doris' 6-max Seat #1 is the button
Seat 1: jiajia88 ($175.49 in chips)
Seat 3: ME HAPPYBEE ($92.50 in chips)
jiajia88: posts small blind $1
ME HAPPYBEE: posts big blind $3
*** HOLE CARDS ***
jiajia88: calls $2
ME HAPPYBEE: raises $3 to $6
jiajia88: calls $3
*** FLOP *** [Js 9d 5d]
ME HAPPYBEE: bets $3
jiajia88: raises $3 to $6
ME HAPPYBEE: calls $3
*** TURN *** [Js 9d 5d] [Qs]
ME HAPPYBEE: checks
jiajia88: bets $6
ME HAPPYBEE: calls $6
*** RIVER *** [Js 9d 5d Qs] [4c]
ME HAPPYBEE: checks
jiajia88: bets $6
ME HAPPYBEE has timed out
ME HAPPYBEE: folds
Uncalled bet ($6) returned to jiajia88
jiajia88 collected $35.50 from pot
*** SUMMARY ***
Total pot $36 | Rake $0.50
Board [Js 9d 5d Qs 4c]
Seat 1: jiajia88 (button) (small blind) collected ($35.50)
Seat 3: ME HAPPYBEE (big blind) folded on the River


PokerStars Hand #147409025980:  Hold'em Limit ($3/$6 USD) - 2016/01/21 4:01:20 ET
Table 'Doris' 6-max Seat #3 is the button
Seat 1: jiajia88 ($189.75 in chips)
Seat 3: ME HAPPYBEE ($98.64 in chips)
ME HAPPYBEE: posts small blind $1
jiajia88: posts big blind $3
*** HOLE CARDS ***
ME HAPPYBEE: raises $3 to $6
jiajia88: raises $3 to $9
ME HAPPYBEE: calls $3
*** FLOP *** [8h 4c 7c]
jiajia88: bets $3
ME HAPPYBEE: folds
Uncalled bet ($3) returned to jiajia88
jiajia88 collected $17.64 from pot
*** SUMMARY ***
Total pot $18 | Rake $0.36
Board [8h 4c 7c]
Seat 1: jiajia88 (big blind) collected ($17.64)
Seat 3: ME HAPPYBEE (button) (small blind) folded on the Flop


PokerStars Hand #147409016444:  Hold'em Limit ($3/$6 USD) - 2016/01/21 4:00:54 ET
Table 'Doris' 6-max Seat #1 is the button
Seat 1: jiajia88 ($198.75 in chips)
Seat 3: ME HAPPYBEE ($90 in chips)
jiajia88: posts small blind $1
ME HAPPYBEE: posts big blind $3
*** HOLE CARDS ***
jiajia88: calls $2
ME HAPPYBEE: raises $3 to $6
jiajia88: calls $3
*** FLOP *** [2d Ts Qd]
ME HAPPYBEE: bets $3
jiajia88: calls $3
*** TURN *** [2d Ts Qd] [3d]
ME HAPPYBEE: bets $6
jiajia88: folds
Uncalled bet ($6) returned to ME HAPPYBEE
ME HAPPYBEE collected $17.64 from pot
ME HAPPYBEE: doesn't show hand
*** SUMMARY ***
Total pot $18 | Rake $0.36
Board [2d Ts Qd 3d]
Seat 1: jiajia88 (button) (small blind) folded on the Turn
Seat 3: ME HAPPYBEE (big blind) collected ($17.64)


PokerStars Hand #147409001593:  Hold'em Limit ($3/$6 USD) - 2016/01/21 4:00:13 ET
Table 'Doris' 6-max Seat #3 is the button
Seat 1: jiajia88 ($192.99 in chips)
Seat 3: ME HAPPYBEE ($90 in chips)
ME HAPPYBEE: posts small blind $1
jiajia88: posts big blind $3
*** HOLE CARDS ***
ME HAPPYBEE: raises $3 to $6
jiajia88: calls $3
*** FLOP *** [8h Kh Th]
jiajia88: checks
ME HAPPYBEE: checks
*** TURN *** [8h Kh Th] [Jc]
jiajia88: bets $6
ME HAPPYBEE: folds
Uncalled bet ($6) returned to jiajia88
jiajia88 collected $11.76 from pot
jiajia88: shows [8s 8c] (three of a kind, Eights)
*** SUMMARY ***
Total pot $12 | Rake $0.24
Board [8h Kh Th Jc]
Seat 1: jiajia88 (big blind) collected ($11.76)
Seat 3: ME HAPPYBEE (button) (small blind) folded on the Turn


PokerStars Hand #147409037180:  Hold'em Limit ($3/$6 USD) - 2016/01/21 4:01:49 ET
Table 'Doris' 6-max Seat #1 is the button
Seat 1: jiajia88 ($198.39 in chips)
Seat 3: ME HAPPYBEE ($90 in chips)
jiajia88: posts small blind $1
ME HAPPYBEE: posts big blind $3
*** HOLE CARDS ***
jiajia88: folds
Uncalled bet ($2) returned to ME HAPPYBEE
ME HAPPYBEE collected $2 from pot
ME HAPPYBEE: doesn't show hand
*** SUMMARY ***
Total pot $2 | Rake $0
Seat 1: jiajia88 (button) (small blind) folded before Flop
Seat 3: ME HAPPYBEE (big blind) collected ($2)


PokerStars Hand #147409039522:  Hold'em Limit ($3/$6 USD) - 2016/01/21 4:01:55 ET
Table 'Doris' 6-max Seat #3 is the button
Seat 1: jiajia88 ($197.39 in chips)
Seat 3: ME HAPPYBEE ($91 in chips)
ME HAPPYBEE: posts small blind $1
jiajia88: posts big blind $3
*** HOLE CARDS ***
ME HAPPYBEE: raises $3 to $6
jiajia88: calls $3
*** FLOP *** [7d 2h 9h]
jiajia88: checks
ME HAPPYBEE: bets $3
jiajia88: calls $3
*** TURN *** [7d 2h 9h] [2c]
jiajia88: checks
ME HAPPYBEE: bets $6
jiajia88: calls $6
*** RIVER *** [7d 2h 9h 2c] [5h]
jiajia88: checks
ME HAPPYBEE: checks
*** SHOW DOWN ***
jiajia88: shows [4d Ac] (a pair of Deuces)
ME HAPPYBEE: mucks hand
jiajia88 collected $29.50 from pot
*** SUMMARY ***
Total pot $30 | Rake $0.50
Board [7d 2h 9h 2c 5h]
Seat 1: jiajia88 (big blind) showed [4d Ac] and won ($29.50) with a pair of Deuces
Seat 3: ME HAPPYBEE (button) (small blind) mucked


PokerStars Hand #147409051343:  Hold'em Limit ($3/$6 USD) - 2016/01/21 4:02:26 ET
Table 'Doris' 6-max Seat #1 is the button
Seat 1: jiajia88 ($211.89 in chips)
Seat 3: ME HAPPYBEE ($90 in chips)
jiajia88: posts small blind $1
ME HAPPYBEE: posts big blind $3
*** HOLE CARDS ***
jiajia88: raises $3 to $6
ME HAPPYBEE: calls $3
*** FLOP *** [Ad 3d 4s]
ME HAPPYBEE: checks
jiajia88: bets $3
ME HAPPYBEE: folds
Uncalled bet ($3) returned to jiajia88
jiajia88 collected $11.76 from pot
*** SUMMARY ***
Total pot $12 | Rake $0.24
Board [Ad 3d 4s]
Seat 1: jiajia88 (button) (small blind) collected ($11.76)
Seat 3: ME HAPPYBEE (big blind) folded on the Flop


PokerStars Hand #147409073388:  Hold'em Limit ($3/$6 USD) - 2016/01/21 4:03:23 ET
Table 'Doris' 6-max Seat #1 is the button
Seat 1: jiajia88 ($223.41 in chips)
Seat 3: ME HAPPYBEE ($90 in chips)
jiajia88: posts small blind $1
ME HAPPYBEE: posts big blind $3
*** HOLE CARDS ***
jiajia88: folds
Uncalled bet ($2) returned to ME HAPPYBEE
ME HAPPYBEE collected $2 from pot
ME HAPPYBEE: doesn't show hand
*** SUMMARY ***
Total pot $2 | Rake $0
Seat 1: jiajia88 (button) (small blind) folded before Flop
Seat 3: ME HAPPYBEE (big blind) collected ($2)


PokerStars Hand #147409063946:  Hold'em Limit ($3/$6 USD) - 2016/01/21 4:02:59 ET
Table 'Doris' 6-max Seat #3 is the button
Seat 1: jiajia88 ($217.65 in chips)
Seat 3: ME HAPPYBEE ($91 in chips)
ME HAPPYBEE: posts small blind $1
jiajia88: posts big blind $3
*** HOLE CARDS ***
ME HAPPYBEE: raises $3 to $6
jiajia88: calls $3
*** FLOP *** [4d Qs Kh]
jiajia88: checks
ME HAPPYBEE: checks
*** TURN *** [4d Qs Kh] [Js]
jiajia88: checks
ME HAPPYBEE: checks
*** RIVER *** [4d Qs Kh Js] [7c]
jiajia88: checks
ME HAPPYBEE: checks
*** SHOW DOWN ***
jiajia88: shows [7s 3s] (a pair of Sevens)
ME HAPPYBEE: mucks hand
jiajia88 collected $11.76 from pot
*** SUMMARY ***
Total pot $12 | Rake $0.24
Board [4d Qs Kh Js 7c]
Seat 1: jiajia88 (big blind) showed [7s 3s] and won ($11.76) with a pair of Sevens
Seat 3: ME HAPPYBEE (button) (small blind) mucked


PokerStars Hand #147409061854:  Hold'em Limit ($3/$6 USD) - 2016/01/21 4:02:54 ET
Table 'Doris' 6-max Seat #1 is the button
Seat 1: jiajia88 ($218.65 in chips)
Seat 3: ME HAPPYBEE ($90 in chips)
jiajia88: posts small blind $1
ME HAPPYBEE: posts big blind $3
*** HOLE CARDS ***
jiajia88: folds
Uncalled bet ($2) returned to ME HAPPYBEE
ME HAPPYBEE collected $2 from pot
ME HAPPYBEE: doesn't show hand
*** SUMMARY ***
Total pot $2 | Rake $0
Seat 1: jiajia88 (button) (small blind) folded before Flop
Seat 3: ME HAPPYBEE (big blind) collected ($2)


PokerStars Hand #147409060121:  Hold'em Limit ($3/$6 USD) - 2016/01/21 4:02:49 ET
Table 'Doris' 6-max Seat #3 is the button
Seat 1: jiajia88 ($217.65 in chips)
Seat 3: ME HAPPYBEE ($90 in chips)
ME HAPPYBEE: posts small blind $1
jiajia88: posts big blind $3
*** HOLE CARDS ***
ME HAPPYBEE: folds
Uncalled bet ($2) returned to jiajia88
jiajia88 collected $2 from pot
*** SUMMARY ***
Total pot $2 | Rake $0
Seat 1: jiajia88 (big blind) collected ($2)
Seat 3: ME HAPPYBEE (button) (small blind) folded before Flop


PokerStars Hand #147409081931:  Hold'em Limit ($3/$6 USD) - 2016/01/21 4:03:45 ET
Table 'Doris' 6-max Seat #1 is the button
Seat 1: jiajia88 ($248.91 in chips)
Seat 3: ME HAPPYBEE ($90 in chips)
jiajia88: posts small blind $1
ME HAPPYBEE: posts big blind $3
*** HOLE CARDS ***
jiajia88: folds
Uncalled bet ($2) returned to ME HAPPYBEE
ME HAPPYBEE collected $2 from pot
ME HAPPYBEE: doesn't show hand
*** SUMMARY ***
Total pot $2 | Rake $0
Seat 1: jiajia88 (button) (small blind) folded before Flop
Seat 3: ME HAPPYBEE (big blind) collected ($2)


PokerStars Hand #147409075378:  Hold'em Limit ($3/$6 USD) - 2016/01/21 4:03:28 ET
Table 'Doris' 6-max Seat #3 is the button
Seat 1: jiajia88 ($222.41 in chips)
Seat 3: ME HAPPYBEE ($91 in chips)
ME HAPPYBEE: posts small blind $1
jiajia88: posts big blind $3
*** HOLE CARDS ***
ME HAPPYBEE: raises $3 to $6
jiajia88: calls $3
*** FLOP *** [4s Kd 2d]
jiajia88: checks
ME HAPPYBEE: bets $3
jiajia88: calls $3
*** TURN *** [4s Kd 2d] [Ah]
jiajia88: checks
ME HAPPYBEE: bets $6
jiajia88: raises $6 to $12
ME HAPPYBEE: calls $6
*** RIVER *** [4s Kd 2d Ah] [7s]
jiajia88: bets $6
ME HAPPYBEE: calls $6
*** SHOW DOWN ***
jiajia88: shows [Kh 4c] (two pair, Kings and Fours)
ME HAPPYBEE: mucks hand
jiajia88 collected $53.50 from pot
*** SUMMARY ***
Total pot $54 | Rake $0.50
Board [4s Kd 2d Ah 7s]
Seat 1: jiajia88 (big blind) showed [Kh 4c] and won ($53.50) with two pair, Kings and Fours
Seat 3: ME HAPPYBEE (button) (small blind) mucked


PokerStars Hand #147409086323:  Hold'em Limit ($3/$6 USD) - 2016/01/21 4:03:56 ET
Table 'Doris' 6-max Seat #1 is the button
Seat 1: jiajia88 ($248.91 in chips)
Seat 3: ME HAPPYBEE ($90 in chips)
jiajia88: posts small blind $1
ME HAPPYBEE: posts big blind $3
*** HOLE CARDS ***
jiajia88: calls $2
ME HAPPYBEE: checks
*** FLOP *** [Ad 4h Ah]
ME HAPPYBEE: checks
jiajia88: bets $3
ME HAPPYBEE: folds
Uncalled bet ($3) returned to jiajia88
jiajia88 collected $5.88 from pot
*** SUMMARY ***
Total pot $6 | Rake $0.12
Board [Ad 4h Ah]
Seat 1: jiajia88 (button) (small blind) collected ($5.88)
Seat 3: ME HAPPYBEE (big blind) folded on the Flop


PokerStars Hand #147409083858:  Hold'em Limit ($3/$6 USD) - 2016/01/21 4:03:50 ET
Table 'Doris' 6-max Seat #3 is the button
Seat 1: jiajia88 ($247.91 in chips)
Seat 3: ME HAPPYBEE ($91 in chips)
ME HAPPYBEE: posts small blind $1
jiajia88: posts big blind $3
*** HOLE CARDS ***
ME HAPPYBEE: folds
Uncalled bet ($2) returned to jiajia88
jiajia88 collected $2 from pot
*** SUMMARY ***
Total pot $2 | Rake $0
Seat 1: jiajia88 (big blind) collected ($2)
Seat 3: ME HAPPYBEE (button) (small blind) folded before Flop


PokerStars Hand #147409094054:  Hold'em Limit ($3/$6 USD) - 2016/01/21 4:04:16 ET
Table 'Doris' 6-max Seat #3 is the button
Seat 1: jiajia88 ($251.79 in chips)
Seat 3: ME HAPPYBEE ($90 in chips)
ME HAPPYBEE: posts small blind $1
jiajia88: posts big blind $3
*** HOLE CARDS ***
ME HAPPYBEE: raises $3 to $6
jiajia88: calls $3
*** FLOP *** [Tc 8c 4s]
jiajia88: checks
ME HAPPYBEE: bets $3
jiajia88: raises $3 to $6
ME HAPPYBEE: calls $3
*** TURN *** [Tc 8c 4s] [4h]
jiajia88: bets $6
ME HAPPYBEE: calls $6
*** RIVER *** [Tc 8c 4s 4h] [4d]
jiajia88: bets $6
ME HAPPYBEE: folds
Uncalled bet ($6) returned to jiajia88
jiajia88 collected $35.50 from pot
*** SUMMARY ***
Total pot $36 | Rake $0.50
Board [Tc 8c 4s 4h 4d]
Seat 1: jiajia88 (big blind) collected ($35.50)
Seat 3: ME HAPPYBEE (button) (small blind) folded on the River


PokerStars Hand #147409129496:  Hold'em Limit ($3/$6 USD) - 2016/01/21 4:05:46 ET
Table 'Doris' 6-max Seat #1 is the button
Seat 1: jiajia88 ($247.79 in chips)
Seat 3: ME HAPPYBEE ($125.02 in chips)
jiajia88: posts small blind $1
ME HAPPYBEE: posts big blind $3
*** HOLE CARDS ***
jiajia88: folds
Uncalled bet ($2) returned to ME HAPPYBEE
ME HAPPYBEE collected $2 from pot
ME HAPPYBEE: doesn't show hand
*** SUMMARY ***
Total pot $2 | Rake $0
Seat 1: jiajia88 (button) (small blind) folded before Flop
Seat 3: ME HAPPYBEE (big blind) collected ($2)


PokerStars Hand #147409125264:  Hold'em Limit ($3/$6 USD) - 2016/01/21 4:05:35 ET
Table 'Doris' 6-max Seat #3 is the button
Seat 1: jiajia88 ($253.79 in chips)
Seat 3: ME HAPPYBEE ($119.26 in chips)
ME HAPPYBEE: posts small blind $1
jiajia88: posts big blind $3
*** HOLE CARDS ***
ME HAPPYBEE: raises $3 to $6
jiajia88: calls $3
*** FLOP *** [Js 3s 7c]
jiajia88: checks
ME HAPPYBEE: bets $3
jiajia88: folds
Uncalled bet ($3) returned to ME HAPPYBEE
ME HAPPYBEE collected $11.76 from pot
ME HAPPYBEE: doesn't show hand
*** SUMMARY ***
Total pot $12 | Rake $0.24
Board [Js 3s 7c]
Seat 1: jiajia88 (big blind) folded on the Flop
Seat 3: ME HAPPYBEE (button) (small blind) collected ($11.76)


PokerStars Hand #147409109786:  Hold'em Limit ($3/$6 USD) - 2016/01/21 4:04:56 ET
Table 'Doris' 6-max Seat #3 is the button
Seat 1: jiajia88 ($283.79 in chips)
Seat 3: ME HAPPYBEE ($90 in chips)
ME HAPPYBEE: posts small blind $1
jiajia88: posts big blind $3
*** HOLE CARDS ***
ME HAPPYBEE: raises $3 to $6
jiajia88: calls $3
*** FLOP *** [4c Th 9h]
jiajia88: checks
ME HAPPYBEE: checks
*** TURN *** [4c Th 9h] [9s]
jiajia88: checks
ME HAPPYBEE: bets $6
jiajia88: folds
Uncalled bet ($6) returned to ME HAPPYBEE
ME HAPPYBEE collected $11.76 from pot
ME HAPPYBEE: doesn't show hand
*** SUMMARY ***
Total pot $12 | Rake $0.24
Board [4c Th 9h 9s]
Seat 1: jiajia88 (big blind) folded on the Turn
Seat 3: ME HAPPYBEE (button) (small blind) collected ($11.76)


PokerStars Hand #147409115481:  Hold'em Limit ($3/$6 USD) - 2016/01/21 4:05:10 ET
Table 'Doris' 6-max Seat #1 is the button
Seat 1: jiajia88 ($277.79 in chips)
Seat 3: ME HAPPYBEE ($95.76 in chips)
jiajia88: posts small blind $1
ME HAPPYBEE: posts big blind $3
*** HOLE CARDS ***
jiajia88: raises $3 to $6
ME HAPPYBEE: calls $3
*** FLOP *** [5c Jd Qh]
ME HAPPYBEE: checks
jiajia88: bets $3
ME HAPPYBEE: raises $3 to $6
jiajia88: calls $3
*** TURN *** [5c Jd Qh] [8s]
ME HAPPYBEE: bets $6
jiajia88: calls $6
*** RIVER *** [5c Jd Qh 8s] [4d]
ME HAPPYBEE: bets $6
jiajia88: calls $6
*** SHOW DOWN ***
ME HAPPYBEE: shows [6h Qc] (a pair of Queens)
jiajia88: mucks hand
ME HAPPYBEE collected $47.50 from pot
*** SUMMARY ***
Total pot $48 | Rake $0.50
Board [5c Jd Qh 8s 4d]
Seat 1: jiajia88 (button) (small blind) mucked
Seat 3: ME HAPPYBEE (big blind) showed [6h Qc] and won ($47.50) with a pair of Queens


PokerStars Hand #147409131440:  Hold'em Limit ($3/$6 USD) - 2016/01/21 4:05:51 ET
Table 'Doris' 6-max Seat #3 is the button
Seat 1: jiajia88 ($246.79 in chips)
Seat 3: ME HAPPYBEE ($126.02 in chips)
ME HAPPYBEE: posts small blind $1
jiajia88: posts big blind $3
*** HOLE CARDS ***
ME HAPPYBEE: raises $3 to $6
jiajia88: calls $3
*** FLOP *** [Kd 7c 2d]
jiajia88: checks
ME HAPPYBEE: bets $3
jiajia88: raises $3 to $6
ME HAPPYBEE: calls $3
*** TURN *** [Kd 7c 2d] [7h]
jiajia88: bets $6
ME HAPPYBEE: raises $6 to $12
jiajia88: raises $6 to $18
ME HAPPYBEE: calls $6
*** RIVER *** [Kd 7c 2d 7h] [8s]
jiajia88: bets $6
ME HAPPYBEE: raises $6 to $12
jiajia88: calls $6
*** SHOW DOWN ***
ME HAPPYBEE: shows [8h 7d] (a full house, Sevens full of Eights)
jiajia88: mucks hand
ME HAPPYBEE collected $83.50 from pot
*** SUMMARY ***
Total pot $84 | Rake $0.50
Board [Kd 7c 2d 7h 8s]
Seat 1: jiajia88 (big blind) mucked
Seat 3: ME HAPPYBEE (button) (small blind) showed [8h 7d] and won ($83.50) with a full house, Sevens full of Eights


PokerStars Hand #147409141775:  Hold'em Limit ($3/$6 USD) - 2016/01/21 4:06:17 ET
Table 'Doris' 6-max Seat #1 is the button
Seat 1: jiajia88 ($204.79 in chips)
Seat 3: ME HAPPYBEE ($167.52 in chips)
jiajia88: posts small blind $1
ME HAPPYBEE: posts big blind $3
*** HOLE CARDS ***
jiajia88: raises $3 to $6
ME HAPPYBEE: raises $3 to $9
jiajia88: calls $3
*** FLOP *** [7c 3s 7d]
ME HAPPYBEE: bets $3
jiajia88: calls $3
*** TURN *** [7c 3s 7d] [Ah]
ME HAPPYBEE: bets $6
jiajia88: folds
Uncalled bet ($6) returned to ME HAPPYBEE
ME HAPPYBEE collected $23.52 from pot
ME HAPPYBEE: doesn't show hand
*** SUMMARY ***
Total pot $24 | Rake $0.48
Board [7c 3s 7d Ah]
Seat 1: jiajia88 (button) (small blind) folded on the Turn
Seat 3: ME HAPPYBEE (big blind) collected ($23.52)


PokerStars Hand #147409158876:  Hold'em Limit ($3/$6 USD) - 2016/01/21 4:06:59 ET
Table 'Doris' 6-max Seat #3 is the button
Seat 1: jiajia88 ($189.79 in chips)
Seat 3: ME HAPPYBEE ($181.80 in chips)
ME HAPPYBEE: posts small blind $1
jiajia88: posts big blind $3
*** HOLE CARDS ***
ME HAPPYBEE: raises $3 to $6
jiajia88: calls $3
*** FLOP *** [2d Jc 4c]
jiajia88: checks
ME HAPPYBEE: bets $3
jiajia88: calls $3
*** TURN *** [2d Jc 4c] [Ad]
jiajia88: checks
ME HAPPYBEE: bets $6
jiajia88: folds
Uncalled bet ($6) returned to ME HAPPYBEE
ME HAPPYBEE collected $17.64 from pot
ME HAPPYBEE: doesn't show hand
*** SUMMARY ***
Total pot $18 | Rake $0.36
Board [2d Jc 4c Ad]
Seat 1: jiajia88 (big blind) folded on the Turn
Seat 3: ME HAPPYBEE (button) (small blind) collected ($17.64)


PokerStars Hand #147409164891:  Hold'em Limit ($3/$6 USD) - 2016/01/21 4:07:15 ET
Table 'Doris' 6-max Seat #1 is the button
Seat 1: jiajia88 ($180.79 in chips)
Seat 3: ME HAPPYBEE ($190.44 in chips)
jiajia88: posts small blind $1
ME HAPPYBEE: posts big blind $3
*** HOLE CARDS ***
jiajia88: calls $2
ME HAPPYBEE: checks
*** FLOP *** [2h 3s 7c]
ME HAPPYBEE: checks
jiajia88: checks
*** TURN *** [2h 3s 7c] [2c]
ME HAPPYBEE: bets $6
jiajia88: calls $6
*** RIVER *** [2h 3s 7c 2c] [4c]
ME HAPPYBEE: checks
jiajia88: checks
*** SHOW DOWN ***
ME HAPPYBEE: shows [2d Kh] (three of a kind, Deuces)
jiajia88: mucks hand
ME HAPPYBEE collected $17.64 from pot
*** SUMMARY ***
Total pot $18 | Rake $0.36
Board [2h 3s 7c 2c 4c]
Seat 1: jiajia88 (button) (small blind) mucked
Seat 3: ME HAPPYBEE (big blind) showed [2d Kh] and won ($17.64) with three of a kind, Deuces


PokerStars Hand #147409156386:  Hold'em Limit ($3/$6 USD) - 2016/01/21 4:06:53 ET
Table 'Doris' 6-max Seat #1 is the button
Seat 1: jiajia88 ($186.79 in chips)
Seat 3: ME HAPPYBEE ($184.80 in chips)
jiajia88: posts small blind $1
ME HAPPYBEE: posts big blind $3
*** HOLE CARDS ***
jiajia88: raises $3 to $6
ME HAPPYBEE: folds
Uncalled bet ($3) returned to jiajia88
jiajia88 collected $6 from pot
*** SUMMARY ***
Total pot $6 | Rake $0
Seat 1: jiajia88 (button) (small blind) collected ($6)
Seat 3: ME HAPPYBEE (big blind) folded before Flop


PokerStars Hand #147409148768:  Hold'em Limit ($3/$6 USD) - 2016/01/21 4:06:34 ET
Table 'Doris' 6-max Seat #3 is the button
Seat 1: jiajia88 ($192.79 in chips)
Seat 3: ME HAPPYBEE ($179.04 in chips)
ME HAPPYBEE: posts small blind $1
jiajia88: posts big blind $3
*** HOLE CARDS ***
ME HAPPYBEE: raises $3 to $6
jiajia88: calls $3
*** FLOP *** [9c Qh 7s]
jiajia88: checks
ME HAPPYBEE: checks
*** TURN *** [9c Qh 7s] [7c]
jiajia88: checks
ME HAPPYBEE: bets $6
jiajia88: folds
Uncalled bet ($6) returned to ME HAPPYBEE
ME HAPPYBEE collected $11.76 from pot
ME HAPPYBEE: doesn't show hand
*** SUMMARY ***
Total pot $12 | Rake $0.24
Board [9c Qh 7s 7c]
Seat 1: jiajia88 (big blind) folded on the Turn
Seat 3: ME HAPPYBEE (button) (small blind) collected ($11.76)


PokerStars Hand #147409175667:  Hold'em Limit ($3/$6 USD) - 2016/01/21 4:07:42 ET
Table 'Doris' 6-max Seat #3 is the button
Seat 1: jiajia88 ($171.79 in chips)
Seat 3: ME HAPPYBEE ($199.08 in chips)
ME HAPPYBEE: posts small blind $1
jiajia88: posts big blind $3
*** HOLE CARDS ***
ME HAPPYBEE: raises $3 to $6
jiajia88: calls $3
*** FLOP *** [3s 4s 5h]
jiajia88: checks
ME HAPPYBEE: bets $3
jiajia88: calls $3
*** TURN *** [3s 4s 5h] [7h]
jiajia88: checks
ME HAPPYBEE: bets $6
jiajia88: calls $6
*** RIVER *** [3s 4s 5h 7h] [Jc]
jiajia88: checks
ME HAPPYBEE: bets $6
jiajia88: folds
Uncalled bet ($6) returned to ME HAPPYBEE
ME HAPPYBEE collected $29.50 from pot
ME HAPPYBEE: doesn't show hand
*** SUMMARY ***
Total pot $30 | Rake $0.50
Board [3s 4s 5h 7h Jc]
Seat 1: jiajia88 (big blind) folded on the River
Seat 3: ME HAPPYBEE (button) (small blind) collected ($29.50)


PokerStars Hand #147409183699:  Hold'em Limit ($3/$6 USD) - 2016/01/21 4:08:02 ET
Table 'Doris' 6-max Seat #3 is the button
Seat 1: jiajia88 ($155.79 in chips)
Seat 3: ME HAPPYBEE ($214.58 in chips)
ME HAPPYBEE: posts small blind $1
jiajia88: posts big blind $3
*** HOLE CARDS ***
ME HAPPYBEE: raises $3 to $6
jiajia88: calls $3
*** FLOP *** [Jc 3h Js]
jiajia88: checks
ME HAPPYBEE: bets $3
jiajia88: calls $3
*** TURN *** [Jc 3h Js] [3s]
jiajia88: checks
ME HAPPYBEE: checks
*** RIVER *** [Jc 3h Js 3s] [2s]
jiajia88: bets $6
ME HAPPYBEE: folds
Uncalled bet ($6) returned to jiajia88
jiajia88 collected $17.64 from pot
*** SUMMARY ***
Total pot $18 | Rake $0.36
Board [Jc 3h Js 3s 2s]
Seat 1: jiajia88 (big blind) collected ($17.64)
Seat 3: ME HAPPYBEE (button) (small blind) folded on the River


PokerStars Hand #147409181773:  Hold'em Limit ($3/$6 USD) - 2016/01/21 4:07:57 ET
Table 'Doris' 6-max Seat #1 is the button
Seat 1: jiajia88 ($156.79 in chips)
Seat 3: ME HAPPYBEE ($213.58 in chips)
jiajia88: posts small blind $1
ME HAPPYBEE: posts big blind $3
*** HOLE CARDS ***
jiajia88: folds
Uncalled bet ($2) returned to ME HAPPYBEE
ME HAPPYBEE collected $2 from pot
ME HAPPYBEE: doesn't show hand
*** SUMMARY ***
Total pot $2 | Rake $0
Seat 1: jiajia88 (button) (small blind) folded before Flop
Seat 3: ME HAPPYBEE (big blind) collected ($2)


PokerStars Hand #147409206981:  Hold'em Limit ($3/$6 USD) - 2016/01/21 4:09:01 ET
Table 'Doris' 6-max Seat #1 is the button
Seat 1: jiajia88 ($159.43 in chips)
Seat 3: ME HAPPYBEE ($210.34 in chips)
jiajia88: posts small blind $1
ME HAPPYBEE: posts big blind $3
*** HOLE CARDS ***
jiajia88: raises $3 to $6
ME HAPPYBEE: folds
Uncalled bet ($3) returned to jiajia88
jiajia88 collected $6 from pot
*** SUMMARY ***
Total pot $6 | Rake $0
Seat 1: jiajia88 (button) (small blind) collected ($6)
Seat 3: ME HAPPYBEE (big blind) folded before Flop


PokerStars Hand #147409209896:  Hold'em Limit ($3/$6 USD) - 2016/01/21 4:09:08 ET
Table 'Doris' 6-max Seat #3 is the button
Seat 1: jiajia88 ($162.43 in chips)
Seat 3: ME HAPPYBEE ($207.34 in chips)
ME HAPPYBEE: posts small blind $1
jiajia88: posts big blind $3
*** HOLE CARDS ***
ME HAPPYBEE: raises $3 to $6
jiajia88: calls $3
*** FLOP *** [2s Js 2d]
jiajia88: checks
ME HAPPYBEE: bets $3
jiajia88: calls $3
*** TURN *** [2s Js 2d] [6d]
jiajia88: checks
ME HAPPYBEE: bets $6
jiajia88: calls $6
*** RIVER *** [2s Js 2d 6d] [7h]
jiajia88: checks
ME HAPPYBEE: bets $6
jiajia88: calls $6
*** SHOW DOWN ***
ME HAPPYBEE: shows [Qd Qc] (two pair, Queens and Deuces)
jiajia88: mucks hand
ME HAPPYBEE collected $41.50 from pot
*** SUMMARY ***
Total pot $42 | Rake $0.50
Board [2s Js 2d 6d 7h]
Seat 1: jiajia88 (big blind) mucked
Seat 3: ME HAPPYBEE (button) (small blind) showed [Qd Qc] and won ($41.50) with two pair, Queens and Deuces


PokerStars Hand #147409221625:  Hold'em Limit ($3/$6 USD) - 2016/01/21 4:09:37 ET
Table 'Doris' 6-max Seat #3 is the button
Seat 1: jiajia88 ($144.31 in chips)
Seat 3: ME HAPPYBEE ($224.84 in chips)
ME HAPPYBEE: posts small blind $1
jiajia88: posts big blind $3
*** HOLE CARDS ***
ME HAPPYBEE: folds
Uncalled bet ($2) returned to jiajia88
jiajia88 collected $2 from pot
*** SUMMARY ***
Total pot $2 | Rake $0
Seat 1: jiajia88 (big blind) collected ($2)
Seat 3: ME HAPPYBEE (button) (small blind) folded before Flop


PokerStars Hand #147409217099:  Hold'em Limit ($3/$6 USD) - 2016/01/21 4:09:26 ET
Table 'Doris' 6-max Seat #1 is the button
Seat 1: jiajia88 ($141.43 in chips)
Seat 3: ME HAPPYBEE ($227.84 in chips)
jiajia88: posts small blind $1
ME HAPPYBEE: posts big blind $3
*** HOLE CARDS ***
jiajia88: calls $2
ME HAPPYBEE: checks
*** FLOP *** [3c 5d Th]
ME HAPPYBEE: checks
jiajia88: bets $3
ME HAPPYBEE: folds
Uncalled bet ($3) returned to jiajia88
jiajia88 collected $5.88 from pot
*** SUMMARY ***
Total pot $6 | Rake $0.12
Board [3c 5d Th]
Seat 1: jiajia88 (button) (small blind) collected ($5.88)
Seat 3: ME HAPPYBEE (big blind) folded on the Flop


PokerStars Hand #147409204968:  Hold'em Limit ($3/$6 USD) - 2016/01/21 4:08:56 ET
Table 'Doris' 6-max Seat #3 is the button
Seat 1: jiajia88 ($158.43 in chips)
Seat 3: ME HAPPYBEE ($211.34 in chips)
ME HAPPYBEE: posts small blind $1
jiajia88: posts big blind $3
*** HOLE CARDS ***
ME HAPPYBEE: folds
Uncalled bet ($2) returned to jiajia88
jiajia88 collected $2 from pot
*** SUMMARY ***
Total pot $2 | Rake $0
Seat 1: jiajia88 (big blind) collected ($2)
Seat 3: ME HAPPYBEE (button) (small blind) folded before Flop


PokerStars Hand #147409193216:  Hold'em Limit ($3/$6 USD) - 2016/01/21 4:08:26 ET
Table 'Doris' 6-max Seat #1 is the button
Seat 1: jiajia88 ($164.43 in chips)
Seat 3: ME HAPPYBEE ($205.58 in chips)
jiajia88: posts small blind $1
ME HAPPYBEE: posts big blind $3
*** HOLE CARDS ***
jiajia88: calls $2
ME HAPPYBEE: raises $3 to $6
jiajia88: calls $3
*** FLOP *** [6c Kd Ah]
ME HAPPYBEE: bets $3
jiajia88: folds
Uncalled bet ($3) returned to ME HAPPYBEE
ME HAPPYBEE collected $11.76 from pot
ME HAPPYBEE: doesn't show hand
*** SUMMARY ***
Total pot $12 | Rake $0.24
Board [6c Kd Ah]
Seat 1: jiajia88 (button) (small blind) folded on the Flop
Seat 3: ME HAPPYBEE (big blind) collected ($11.76)


PokerStars Hand #147409240123:  Hold'em Limit ($3/$6 USD) - 2016/01/21 4:10:23 ET
Table 'Doris' 6-max Seat #3 is the button
Seat 1: jiajia88 ($164.57 in chips)
Seat 3: ME HAPPYBEE ($203.84 in chips)
ME HAPPYBEE: posts small blind $1
jiajia88: posts big blind $3
*** HOLE CARDS ***
ME HAPPYBEE: raises $3 to $6
jiajia88: calls $3
*** FLOP *** [6h 6s Kd]
jiajia88: checks
ME HAPPYBEE: bets $3
jiajia88: calls $3
*** TURN *** [6h 6s Kd] [5s]
jiajia88: checks
ME HAPPYBEE: bets $6
jiajia88: raises $6 to $12
ME HAPPYBEE: calls $6
*** RIVER *** [6h 6s Kd 5s] [Jh]
jiajia88: bets $6
ME HAPPYBEE: raises $6 to $12
jiajia88: raises $6 to $18
ME HAPPYBEE: calls $6
*** SHOW DOWN ***
jiajia88: shows [6c 9s] (three of a kind, Sixes)
ME HAPPYBEE: shows [6d Js] (a full house, Sixes full of Jacks)
ME HAPPYBEE collected $77.50 from pot
*** SUMMARY ***
Total pot $78 | Rake $0.50
Board [6h 6s Kd 5s Jh]
Seat 1: jiajia88 (big blind) showed [6c 9s] and lost with three of a kind, Sixes
Seat 3: ME HAPPYBEE (button) (small blind) showed [6d Js] and won ($77.50) with a full house, Sixes full of Jacks


PokerStars Hand #147409223374:  Hold'em Limit ($3/$6 USD) - 2016/01/21 4:09:42 ET
Table 'Doris' 6-max Seat #1 is the button
Seat 1: jiajia88 ($145.31 in chips)
Seat 3: ME HAPPYBEE ($223.84 in chips)
jiajia88: posts small blind $1
ME HAPPYBEE: posts big blind $3
*** HOLE CARDS ***
jiajia88: raises $3 to $6
ME HAPPYBEE: raises $3 to $9
jiajia88: calls $3
*** FLOP *** [Jh 9s 6s]
ME HAPPYBEE: bets $3
jiajia88: raises $3 to $6
ME HAPPYBEE: calls $3
*** TURN *** [Jh 9s 6s] [3d]
ME HAPPYBEE: checks
jiajia88: checks
*** RIVER *** [Jh 9s 6s 3d] [8s]
ME HAPPYBEE: checks
jiajia88: bets $6
ME HAPPYBEE: folds
Uncalled bet ($6) returned to jiajia88
jiajia88 collected $29.50 from pot
*** SUMMARY ***
Total pot $30 | Rake $0.50
Board [Jh 9s 6s 3d 8s]
Seat 1: jiajia88 (button) (small blind) collected ($29.50)
Seat 3: ME HAPPYBEE (big blind) folded on the River


PokerStars Hand #147409233468:  Hold'em Limit ($3/$6 USD) - 2016/01/21 4:10:06 ET
Table 'Doris' 6-max Seat #3 is the button
Seat 1: jiajia88 ($159.81 in chips)
Seat 3: ME HAPPYBEE ($208.84 in chips)
ME HAPPYBEE: posts small blind $1
jiajia88: posts big blind $3
*** HOLE CARDS ***
ME HAPPYBEE: raises $3 to $6
jiajia88: calls $3
*** FLOP *** [9c Jh 8h]
jiajia88: checks
ME HAPPYBEE: checks
*** TURN *** [9c Jh 8h] [Tc]
jiajia88: bets $6
ME HAPPYBEE: folds
Uncalled bet ($6) returned to jiajia88
jiajia88 collected $11.76 from pot
*** SUMMARY ***
Total pot $12 | Rake $0.24
Board [9c Jh 8h Tc]
Seat 1: jiajia88 (big blind) collected ($11.76)
Seat 3: ME HAPPYBEE (button) (small blind) folded on the Turn


PokerStars Hand #147409238237:  Hold'em Limit ($3/$6 USD) - 2016/01/21 4:10:18 ET
Table 'Doris' 6-max Seat #1 is the button
Seat 1: jiajia88 ($165.57 in chips)
Seat 3: ME HAPPYBEE ($202.84 in chips)
jiajia88: posts small blind $1
ME HAPPYBEE: posts big blind $3
*** HOLE CARDS ***
jiajia88: folds
Uncalled bet ($2) returned to ME HAPPYBEE
ME HAPPYBEE collected $2 from pot
ME HAPPYBEE: doesn't show hand
*** SUMMARY ***
Total pot $2 | Rake $0
Seat 1: jiajia88 (button) (small blind) folded before Flop
Seat 3: ME HAPPYBEE (big blind) collected ($2)


PokerStars Hand #147409262296:  Hold'em Limit ($3/$6 USD) - 2016/01/21 4:11:17 ET
Table 'Doris' 6-max Seat #1 is the button
Seat 1: jiajia88 ($122.45 in chips)
Seat 3: ME HAPPYBEE ($245.10 in chips)
jiajia88: posts small blind $1
ME HAPPYBEE: posts big blind $3
*** HOLE CARDS ***
jiajia88: folds
Uncalled bet ($2) returned to ME HAPPYBEE
ME HAPPYBEE collected $2 from pot
ME HAPPYBEE: doesn't show hand
*** SUMMARY ***
Total pot $2 | Rake $0
Seat 1: jiajia88 (button) (small blind) folded before Flop
Seat 3: ME HAPPYBEE (big blind) collected ($2)


PokerStars Hand #147409264452:  Hold'em Limit ($3/$6 USD) - 2016/01/21 4:11:23 ET
Table 'Doris' 6-max Seat #3 is the button
Seat 1: jiajia88 ($121.45 in chips)
Seat 3: ME HAPPYBEE ($246.10 in chips)
ME HAPPYBEE: posts small blind $1
jiajia88: posts big blind $3
*** HOLE CARDS ***
ME HAPPYBEE: raises $3 to $6
jiajia88: calls $3
*** FLOP *** [6h Jh Js]
jiajia88: checks
ME HAPPYBEE: bets $3
jiajia88: folds
Uncalled bet ($3) returned to ME HAPPYBEE
ME HAPPYBEE collected $11.76 from pot
ME HAPPYBEE: doesn't show hand
*** SUMMARY ***
Total pot $12 | Rake $0.24
Board [6h Jh Js]
Seat 1: jiajia88 (big blind) folded on the Flop
Seat 3: ME HAPPYBEE (button) (small blind) collected ($11.76)


PokerStars Hand #147409250422:  Hold'em Limit ($3/$6 USD) - 2016/01/21 4:10:48 ET
Table 'Doris' 6-max Seat #1 is the button
Seat 1: jiajia88 ($125.57 in chips)
Seat 3: ME HAPPYBEE ($242.34 in chips)
jiajia88: posts small blind $1
ME HAPPYBEE: posts big blind $3
*** HOLE CARDS ***
jiajia88: calls $2
ME HAPPYBEE: checks
*** FLOP *** [9h Th Kd]
ME HAPPYBEE: checks
jiajia88: bets $3
ME HAPPYBEE: folds
Uncalled bet ($3) returned to jiajia88
jiajia88 collected $5.88 from pot
*** SUMMARY ***
Total pot $6 | Rake $0.12
Board [9h Th Kd]
Seat 1: jiajia88 (button) (small blind) collected ($5.88)
Seat 3: ME HAPPYBEE (big blind) folded on the Flop


PokerStars Hand #147409255919:  Hold'em Limit ($3/$6 USD) - 2016/01/21 4:11:02 ET
Table 'Doris' 6-max Seat #3 is the button
Seat 1: jiajia88 ($128.45 in chips)
Seat 3: ME HAPPYBEE ($239.34 in chips)
ME HAPPYBEE: posts small blind $1
jiajia88: posts big blind $3
*** HOLE CARDS ***
ME HAPPYBEE: raises $3 to $6
jiajia88: calls $3
*** FLOP *** [7d 8s Ac]
jiajia88: checks
ME HAPPYBEE: checks
*** TURN *** [7d 8s Ac] [Jh]
jiajia88: checks
ME HAPPYBEE: bets $6
jiajia88: folds
Uncalled bet ($6) returned to ME HAPPYBEE
ME HAPPYBEE collected $11.76 from pot
ME HAPPYBEE: doesn't show hand
*** SUMMARY ***
Total pot $12 | Rake $0.24
Board [7d 8s Ac Jh]
Seat 1: jiajia88 (big blind) folded on the Turn
Seat 3: ME HAPPYBEE (button) (small blind) collected ($11.76)


PokerStars Hand #147409268481:  Hold'em Limit ($3/$6 USD) - 2016/01/21 4:11:33 ET
Table 'Doris' 6-max Seat #1 is the button
Seat 1: jiajia88 ($115.45 in chips)
Seat 3: ME HAPPYBEE ($251.86 in chips)
jiajia88: posts small blind $1
ME HAPPYBEE: posts big blind $3
*** HOLE CARDS ***
jiajia88: raises $3 to $6
ME HAPPYBEE: calls $3
*** FLOP *** [Jd 9d 7h]
ME HAPPYBEE: checks
jiajia88: checks
*** TURN *** [Jd 9d 7h] [Kd]
ME HAPPYBEE: checks
jiajia88: bets $6
ME HAPPYBEE: calls $6
*** RIVER *** [Jd 9d 7h Kd] [8h]
ME HAPPYBEE: bets $6
jiajia88: calls $6
*** SHOW DOWN ***
ME HAPPYBEE: shows [4c Td] (a straight, Seven to Jack)
jiajia88: mucks hand
ME HAPPYBEE collected $35.50 from pot
*** SUMMARY ***
Total pot $36 | Rake $0.50
Board [Jd 9d 7h Kd 8h]
Seat 1: jiajia88 (button) (small blind) mucked
Seat 3: ME HAPPYBEE (big blind) showed [4c Td] and won ($35.50) with a straight, Seven to Jack


PokerStars Hand #147409297110:  Hold'em Limit ($3/$6 USD) - 2016/01/21 4:12:43 ET
Table 'Doris' 6-max Seat #1 is the button
Seat 1: jiajia88 ($67.45 in chips)
Seat 3: ME HAPPYBEE ($298.86 in chips)
jiajia88: posts small blind $1
ME HAPPYBEE: posts big blind $3
*** HOLE CARDS ***
jiajia88: folds
Uncalled bet ($2) returned to ME HAPPYBEE
ME HAPPYBEE collected $2 from pot
ME HAPPYBEE: doesn't show hand
*** SUMMARY ***
Total pot $2 | Rake $0
Seat 1: jiajia88 (button) (small blind) folded before Flop
Seat 3: ME HAPPYBEE (big blind) collected ($2)


PokerStars Hand #147409281480:  Hold'em Limit ($3/$6 USD) - 2016/01/21 4:12:05 ET
Table 'Doris' 6-max Seat #3 is the button
Seat 1: jiajia88 ($97.45 in chips)
Seat 3: ME HAPPYBEE ($269.36 in chips)
ME HAPPYBEE: posts small blind $1
jiajia88: posts big blind $3
*** HOLE CARDS ***
ME HAPPYBEE: raises $3 to $6
jiajia88: calls $3
*** FLOP *** [Qd 7d As]
jiajia88: checks
ME HAPPYBEE: bets $3
jiajia88: raises $3 to $6
ME HAPPYBEE: calls $3
*** TURN *** [Qd 7d As] [5c]
jiajia88: bets $6
ME HAPPYBEE: raises $6 to $12
jiajia88: calls $6
*** RIVER *** [Qd 7d As 5c] [3d]
jiajia88: checks
ME HAPPYBEE: bets $6
jiajia88: calls $6
*** SHOW DOWN ***
ME HAPPYBEE: shows [Qh 7s] (two pair, Queens and Sevens)
jiajia88: mucks hand
ME HAPPYBEE collected $59.50 from pot
*** SUMMARY ***
Total pot $60 | Rake $0.50
Board [Qd 7d As 5c 3d]
Seat 1: jiajia88 (big blind) mucked
Seat 3: ME HAPPYBEE (button) (small blind) showed [Qh 7s] and won ($59.50) with two pair, Queens and Sevens


PokerStars Hand #147409311522:  Hold'em Limit ($3/$6 USD) - 2016/01/21 4:13:18 ET
Table 'Doris' 6-max Seat #3 is the button
Seat 1: jiajia88 ($52.45 in chips)
Seat 3: ME HAPPYBEE ($313.36 in chips)
ME HAPPYBEE: posts small blind $1
jiajia88: posts big blind $3
*** HOLE CARDS ***
ME HAPPYBEE: raises $3 to $6
jiajia88: calls $3
*** FLOP *** [Td 9c 5s]
jiajia88: checks
ME HAPPYBEE: checks
*** TURN *** [Td 9c 5s] [4c]
jiajia88: bets $6
ME HAPPYBEE: folds
Uncalled bet ($6) returned to jiajia88
jiajia88 collected $11.76 from pot
*** SUMMARY ***
Total pot $12 | Rake $0.24
Board [Td 9c 5s 4c]
Seat 1: jiajia88 (big blind) collected ($11.76)
Seat 3: ME HAPPYBEE (button) (small blind) folded on the Turn


PokerStars Hand #147409315529:  Hold'em Limit ($3/$6 USD) - 2016/01/21 4:13:28 ET
Table 'Doris' 6-max Seat #1 is the button
Seat 1: jiajia88 ($58.21 in chips)
Seat 3: ME HAPPYBEE ($307.36 in chips)
jiajia88: posts small blind $1
ME HAPPYBEE: posts big blind $3
*** HOLE CARDS ***
jiajia88: calls $2
ME HAPPYBEE: raises $3 to $6
jiajia88: calls $3
*** FLOP *** [4s As 2h]
ME HAPPYBEE: bets $3
jiajia88: folds
Uncalled bet ($3) returned to ME HAPPYBEE
ME HAPPYBEE collected $11.76 from pot
ME HAPPYBEE: doesn't show hand
*** SUMMARY ***
Total pot $12 | Rake $0.24
Board [4s As 2h]
Seat 1: jiajia88 (button) (small blind) folded on the Flop
Seat 3: ME HAPPYBEE (big blind) collected ($11.76)


PokerStars Hand #147409320800:  Hold'em Limit ($3/$6 USD) - 2016/01/21 4:13:41 ET
Table 'Doris' 6-max Seat #3 is the button
Seat 1: jiajia88 ($52.21 in chips)
Seat 3: ME HAPPYBEE ($313.12 in chips)
ME HAPPYBEE: posts small blind $1
jiajia88: posts big blind $3
*** HOLE CARDS ***
ME HAPPYBEE: folds
Uncalled bet ($2) returned to jiajia88
jiajia88 collected $2 from pot
*** SUMMARY ***
Total pot $2 | Rake $0
Seat 1: jiajia88 (big blind) collected ($2)
Seat 3: ME HAPPYBEE (button) (small blind) folded before Flop


PokerStars Hand #147409299274:  Hold'em Limit ($3/$6 USD) - 2016/01/21 4:12:49 ET
Table 'Doris' 6-max Seat #3 is the button
Seat 1: jiajia88 ($66.45 in chips)
Seat 3: ME HAPPYBEE ($299.86 in chips)
ME HAPPYBEE: posts small blind $1
jiajia88: posts big blind $3
*** HOLE CARDS ***
ME HAPPYBEE: folds
Uncalled bet ($2) returned to jiajia88
jiajia88 collected $2 from pot
*** SUMMARY ***
Total pot $2 | Rake $0
Seat 1: jiajia88 (big blind) collected ($2)
Seat 3: ME HAPPYBEE (button) (small blind) folded before Flop


PokerStars Hand #147409301205:  Hold'em Limit ($3/$6 USD) - 2016/01/21 4:12:53 ET
Table 'Doris' 6-max Seat #1 is the button
Seat 1: jiajia88 ($67.45 in chips)
Seat 3: ME HAPPYBEE ($298.86 in chips)
jiajia88: posts small blind $1
ME HAPPYBEE: posts big blind $3
*** HOLE CARDS ***
jiajia88: raises $3 to $6
ME HAPPYBEE: calls $3
*** FLOP *** [Ac 4c Ad]
ME HAPPYBEE: checks
jiajia88: bets $3
ME HAPPYBEE: calls $3
*** TURN *** [Ac 4c Ad] [4d]
ME HAPPYBEE: checks
jiajia88: checks
*** RIVER *** [Ac 4c Ad 4d] [Qd]
ME HAPPYBEE: bets $6
jiajia88: calls $6
*** SHOW DOWN ***
ME HAPPYBEE: shows [4h 8s] (a full house, Fours full of Aces)
jiajia88: mucks hand
ME HAPPYBEE collected $29.50 from pot
*** SUMMARY ***
Total pot $30 | Rake $0.50
Board [Ac 4c Ad 4d Qd]
Seat 1: jiajia88 (button) (small blind) mucked
Seat 3: ME HAPPYBEE (big blind) showed [4h 8s] and won ($29.50) with a full house, Fours full of Aces


PokerStars Hand #147409322767:  Hold'em Limit ($3/$6 USD) - 2016/01/21 4:13:46 ET
Table 'Doris' 6-max Seat #1 is the button
Seat 1: jiajia88 ($53.21 in chips)
Seat 3: ME HAPPYBEE ($312.12 in chips)
jiajia88: posts small blind $1
ME HAPPYBEE: posts big blind $3
*** HOLE CARDS ***
jiajia88: calls $2
ME HAPPYBEE: checks
*** FLOP *** [9c Jh 8s]
ME HAPPYBEE: bets $3
jiajia88: calls $3
*** TURN *** [9c Jh 8s] [3h]
ME HAPPYBEE: bets $6
jiajia88: calls $6
*** RIVER *** [9c Jh 8s 3h] [4c]
ME HAPPYBEE: bets $6
jiajia88: calls $6
*** SHOW DOWN ***
ME HAPPYBEE: shows [5c Jd] (a pair of Jacks)
jiajia88: mucks hand
ME HAPPYBEE collected $35.50 from pot
*** SUMMARY ***
Total pot $36 | Rake $0.50
Board [9c Jh 8s 3h 4c]
Seat 1: jiajia88 (button) (small blind) mucked
Seat 3: ME HAPPYBEE (big blind) showed [5c Jd] and won ($35.50) with a pair of Jacks


PokerStars Hand #147409329459:  Hold'em Limit ($3/$6 USD) - 2016/01/21 4:14:02 ET
Table 'Doris' 6-max Seat #3 is the button
Seat 1: jiajia88 ($35.21 in chips)
Seat 3: ME HAPPYBEE ($329.62 in chips)
ME HAPPYBEE: posts small blind $1
jiajia88: posts big blind $3
*** HOLE CARDS ***
ME HAPPYBEE: raises $3 to $6
jiajia88: calls $3
*** FLOP *** [7d Tc Qc]
jiajia88: checks
ME HAPPYBEE: bets $3
jiajia88: folds
Uncalled bet ($3) returned to ME HAPPYBEE
ME HAPPYBEE collected $11.76 from pot
ME HAPPYBEE: doesn't show hand
*** SUMMARY ***
Total pot $12 | Rake $0.24
Board [7d Tc Qc]
Seat 1: jiajia88 (big blind) folded on the Flop
Seat 3: ME HAPPYBEE (button) (small blind) collected ($11.76)


PokerStars Hand #147409334331:  Hold'em Limit ($3/$6 USD) - 2016/01/21 4:14:14 ET
Table 'Doris' 6-max Seat #1 is the button
Seat 1: jiajia88 ($29.21 in chips)
Seat 3: ME HAPPYBEE ($335.38 in chips)
jiajia88: posts small blind $1
ME HAPPYBEE: posts big blind $3
*** HOLE CARDS ***
jiajia88: calls $2
ME HAPPYBEE: checks
*** FLOP *** [6s 7s 6d]
ME HAPPYBEE: checks
jiajia88: checks
*** TURN *** [6s 7s 6d] [Qh]
ME HAPPYBEE: checks
jiajia88: bets $6
ME HAPPYBEE: folds
Uncalled bet ($6) returned to jiajia88
jiajia88 collected $5.88 from pot
*** SUMMARY ***
Total pot $6 | Rake $0.12
Board [6s 7s 6d Qh]
Seat 1: jiajia88 (button) (small blind) collected ($5.88)
Seat 3: ME HAPPYBEE (big blind) folded on the Turn


PokerStars Hand #147409341519:  Hold'em Limit ($3/$6 USD) - 2016/01/21 4:14:32 ET
Table 'Doris' 6-max Seat #3 is the button
Seat 1: jiajia88 ($32.09 in chips)
Seat 3: ME HAPPYBEE ($332.38 in chips)
ME HAPPYBEE: posts small blind $1
jiajia88: posts big blind $3
*** HOLE CARDS ***
ME HAPPYBEE: raises $3 to $6
jiajia88: calls $3
*** FLOP *** [As 7d 8s]
jiajia88: checks
ME HAPPYBEE: checks
*** TURN *** [As 7d 8s] [8c]
jiajia88: checks
ME HAPPYBEE: checks
*** RIVER *** [As 7d 8s 8c] [9c]
RockKillerTY joins the table at seat #2
jiajia88: checks
ME HAPPYBEE: checks
*** SHOW DOWN ***
jiajia88: shows [4s Th] (a pair of Eights)
ME HAPPYBEE: shows [Qs Tc] (a pair of Eights - Ace+Queen kicker)
ME HAPPYBEE collected $11.76 from pot
*** SUMMARY ***
Total pot $12 | Rake $0.24
Board [As 7d 8s 8c 9c]
Seat 1: jiajia88 (big blind) showed [4s Th] and lost with a pair of Eights
Seat 3: ME HAPPYBEE (button) (small blind) showed [Qs Tc] and won ($11.76) with a pair of Eights


PokerStars Hand #147413087684:  Hold'em Limit ($3/$6 USD) - 2016/01/21 6:25:29 ET
Table 'Doris' 6-max Seat #3 is the button
Seat 3: ME HAPPYBEE ($144.29 in chips)
Seat 5: VolkovDmitri ($208.04 in chips)
ME HAPPYBEE: posts small blind $1
VolkovDmitri: posts big blind $3
*** HOLE CARDS ***
ME HAPPYBEE: raises $3 to $6
VolkovDmitri: raises $3 to $9
ME HAPPYBEE: calls $3
*** FLOP *** [4s 4d 4c]
VolkovDmitri: bets $3
ME HAPPYBEE: calls $3
*** TURN *** [4s 4d 4c] [6c]
VolkovDmitri: bets $6
ME HAPPYBEE: folds
Uncalled bet ($6) returned to VolkovDmitri
VolkovDmitri collected $23.52 from pot
VolkovDmitri: doesn't show hand
*** SUMMARY ***
Total pot $24 | Rake $0.48
Board [4s 4d 4c 6c]
Seat 3: ME HAPPYBEE (button) (small blind) folded on the Turn
Seat 5: VolkovDmitri (big blind) collected ($23.52)


PokerStars Hand #147413102333:  Hold'em Limit ($3/$6 USD) - 2016/01/21 6:25:57 ET
Table 'Doris' 6-max Seat #5 is the button
Seat 3: ME HAPPYBEE ($132.29 in chips)
Seat 5: VolkovDmitri ($219.56 in chips)
VolkovDmitri: posts small blind $1
ME HAPPYBEE: posts big blind $3
*** HOLE CARDS ***
VolkovDmitri: raises $3 to $6
ME HAPPYBEE: raises $3 to $9
VolkovDmitri: calls $3
*** FLOP *** [2d 5s 3c]
ME HAPPYBEE: bets $3
VolkovDmitri: raises $3 to $6
ME HAPPYBEE: calls $3
*** TURN *** [2d 5s 3c] [2s]
ME HAPPYBEE: checks
VolkovDmitri: bets $6
ME HAPPYBEE: calls $6
*** RIVER *** [2d 5s 3c 2s] [Jh]
ME HAPPYBEE: checks
VolkovDmitri: checks
*** SHOW DOWN ***
ME HAPPYBEE: shows [Kc Js] (two pair, Jacks and Deuces)
VolkovDmitri: mucks hand
ME HAPPYBEE collected $41.50 from pot
*** SUMMARY ***
Total pot $42 | Rake $0.50
Board [2d 5s 3c 2s Jh]
Seat 3: ME HAPPYBEE (big blind) showed [Kc Js] and won ($41.50) with two pair, Jacks and Deuces
Seat 5: VolkovDmitri (button) (small blind) mucked


PokerStars Hand #147413132661:  Hold'em Limit ($3/$6 USD) - 2016/01/21 6:26:53 ET
Table 'Doris' 6-max Seat #5 is the button
Seat 3: ME HAPPYBEE ($176.29 in chips)
Seat 5: VolkovDmitri ($174.56 in chips)
VolkovDmitri: posts small blind $1
ME HAPPYBEE: posts big blind $3
*** HOLE CARDS ***
VolkovDmitri: raises $3 to $6
ME HAPPYBEE: folds
Uncalled bet ($3) returned to VolkovDmitri
VolkovDmitri collected $6 from pot
VolkovDmitri: doesn't show hand
*** SUMMARY ***
Total pot $6 | Rake $0
Seat 3: ME HAPPYBEE (big blind) folded before Flop
Seat 5: VolkovDmitri (button) (small blind) collected ($6)


PokerStars Hand #147413121058:  Hold'em Limit ($3/$6 USD) - 2016/01/21 6:26:31 ET
Table 'Doris' 6-max Seat #3 is the button
Seat 3: ME HAPPYBEE ($152.79 in chips)
Seat 5: VolkovDmitri ($198.56 in chips)
ME HAPPYBEE: posts small blind $1
VolkovDmitri: posts big blind $3
*** HOLE CARDS ***
ME HAPPYBEE: raises $3 to $6
VolkovDmitri: raises $3 to $9
ME HAPPYBEE: calls $3
*** FLOP *** [Qh As 6h]
VolkovDmitri: bets $3
ME HAPPYBEE: calls $3
*** TURN *** [Qh As 6h] [8d]
VolkovDmitri: bets $6
ME HAPPYBEE: raises $6 to $12
VolkovDmitri: calls $6
*** RIVER *** [Qh As 6h 8d] [8c]
VolkovDmitri: checks
ME HAPPYBEE: checks
*** SHOW DOWN ***
VolkovDmitri: shows [Ts Th] (two pair, Tens and Eights)
ME HAPPYBEE: shows [6s Qs] (two pair, Queens and Eights)
ME HAPPYBEE collected $47.50 from pot
*** SUMMARY ***
Total pot $48 | Rake $0.50
Board [Qh As 6h 8d 8c]
Seat 3: ME HAPPYBEE (button) (small blind) showed [6s Qs] and won ($47.50) with two pair, Queens and Eights
Seat 5: VolkovDmitri (big blind) showed [Ts Th] and lost with two pair, Tens and Eights


PokerStars Hand #147413159359:  Hold'em Limit ($3/$6 USD) - 2016/01/21 6:27:43 ET
Table 'Doris' 6-max Seat #5 is the button
Seat 3: ME HAPPYBEE ($146.29 in chips)
Seat 5: VolkovDmitri ($203.82 in chips)
VolkovDmitri: posts small blind $1
ME HAPPYBEE: posts big blind $3
*** HOLE CARDS ***
VolkovDmitri: folds
Uncalled bet ($2) returned to ME HAPPYBEE
ME HAPPYBEE collected $2 from pot
ME HAPPYBEE: doesn't show hand
*** SUMMARY ***
Total pot $2 | Rake $0
Seat 3: ME HAPPYBEE (big blind) collected ($2)
Seat 5: VolkovDmitri (button) (small blind) folded before Flop


PokerStars Hand #147413155317:  Hold'em Limit ($3/$6 USD) - 2016/01/21 6:27:36 ET
Table 'Doris' 6-max Seat #3 is the button
Seat 3: ME HAPPYBEE ($143.29 in chips)
Seat 5: VolkovDmitri ($206.82 in chips)
ME HAPPYBEE: posts small blind $1
VolkovDmitri: posts big blind $3
*** HOLE CARDS ***
ME HAPPYBEE: raises $3 to $6
VolkovDmitri: folds
Uncalled bet ($3) returned to ME HAPPYBEE
ME HAPPYBEE collected $6 from pot
ME HAPPYBEE: doesn't show hand
*** SUMMARY ***
Total pot $6 | Rake $0
Seat 3: ME HAPPYBEE (button) (small blind) collected ($6)
Seat 5: VolkovDmitri (big blind) folded before Flop


PokerStars Hand #147413143431:  Hold'em Limit ($3/$6 USD) - 2016/01/21 6:27:13 ET
Table 'Doris' 6-max Seat #5 is the button
Seat 3: ME HAPPYBEE ($149.29 in chips)
Seat 5: VolkovDmitri ($201.06 in chips)
VolkovDmitri: posts small blind $1
ME HAPPYBEE: posts big blind $3
*** HOLE CARDS ***
VolkovDmitri: raises $3 to $6
ME HAPPYBEE: calls $3
*** FLOP *** [9s As Qd]
ME HAPPYBEE: checks
VolkovDmitri: bets $3
ME HAPPYBEE: folds
Uncalled bet ($3) returned to VolkovDmitri
VolkovDmitri collected $11.76 from pot
VolkovDmitri: doesn't show hand
*** SUMMARY ***
Total pot $12 | Rake $0.24
Board [9s As Qd]
Seat 3: ME HAPPYBEE (big blind) folded on the Flop
Seat 5: VolkovDmitri (button) (small blind) collected ($11.76)


PokerStars Hand #147413135727:  Hold'em Limit ($3/$6 USD) - 2016/01/21 6:26:59 ET
Table 'Doris' 6-max Seat #3 is the button
Seat 3: ME HAPPYBEE ($173.29 in chips)
Seat 5: VolkovDmitri ($177.56 in chips)
ME HAPPYBEE: posts small blind $1
VolkovDmitri: posts big blind $3
*** HOLE CARDS ***
ME HAPPYBEE: raises $3 to $6
VolkovDmitri: raises $3 to $9
ME HAPPYBEE: calls $3
*** FLOP *** [2s 7d 5h]
VolkovDmitri: bets $3
ME HAPPYBEE: calls $3
*** TURN *** [2s 7d 5h] [Qd]
VolkovDmitri: bets $6
ME HAPPYBEE: calls $6
*** RIVER *** [2s 7d 5h Qd] [4h]
VolkovDmitri: bets $6
ME HAPPYBEE: calls $6
*** SHOW DOWN ***
VolkovDmitri: shows [Td Qs] (a pair of Queens)
ME HAPPYBEE: mucks hand
VolkovDmitri collected $47.50 from pot
*** SUMMARY ***
Total pot $48 | Rake $0.50
Board [2s 7d 5h Qd 4h]
Seat 3: ME HAPPYBEE (button) (small blind) mucked
Seat 5: VolkovDmitri (big blind) showed [Td Qs] and won ($47.50) with a pair of Queens


PokerStars Hand #147413162677:  Hold'em Limit ($3/$6 USD) - 2016/01/21 6:27:49 ET
Table 'Doris' 6-max Seat #3 is the button
Seat 3: ME HAPPYBEE ($147.29 in chips)
Seat 5: VolkovDmitri ($202.82 in chips)
ME HAPPYBEE: posts small blind $1
VolkovDmitri: posts big blind $3
*** HOLE CARDS ***
ME HAPPYBEE: folds
Uncalled bet ($2) returned to VolkovDmitri
VolkovDmitri collected $2 from pot
VolkovDmitri: doesn't show hand
*** SUMMARY ***
Total pot $2 | Rake $0
Seat 3: ME HAPPYBEE (button) (small blind) folded before Flop
Seat 5: VolkovDmitri (big blind) collected ($2)


PokerStars Hand #147413169496:  Hold'em Limit ($3/$6 USD) - 2016/01/21 6:28:02 ET
Table 'Doris' 6-max Seat #5 is the button
Seat 3: ME HAPPYBEE ($146.29 in chips)
Seat 5: VolkovDmitri ($203.82 in chips)
VolkovDmitri: posts small blind $1
ME HAPPYBEE: posts big blind $3
*** HOLE CARDS ***
VolkovDmitri: raises $3 to $6
ME HAPPYBEE: calls $3
*** FLOP *** [Tc 4s 5c]
ME HAPPYBEE: checks
VolkovDmitri: bets $3
ME HAPPYBEE: calls $3
*** TURN *** [Tc 4s 5c] [Qh]
ME HAPPYBEE: checks
VolkovDmitri: checks
*** RIVER *** [Tc 4s 5c Qh] [4h]
ME HAPPYBEE: checks
VolkovDmitri: checks
*** SHOW DOWN ***
ME HAPPYBEE: shows [Kd Js] (a pair of Fours)
VolkovDmitri: mucks hand
ME HAPPYBEE collected $17.64 from pot
*** SUMMARY ***
Total pot $18 | Rake $0.36
Board [Tc 4s 5c Qh 4h]
Seat 3: ME HAPPYBEE (big blind) showed [Kd Js] and won ($17.64) with a pair of Fours
Seat 5: VolkovDmitri (button) (small blind) mucked


PokerStars Hand #147413196607:  Hold'em Limit ($3/$6 USD) - 2016/01/21 6:28:53 ET
Table 'Doris' 6-max Seat #3 is the button
Seat 3: ME HAPPYBEE ($154.93 in chips)
Seat 5: VolkovDmitri ($194.82 in chips)
ME HAPPYBEE: posts small blind $1
VolkovDmitri: posts big blind $3
*** HOLE CARDS ***
ME HAPPYBEE: folds
Uncalled bet ($2) returned to VolkovDmitri
VolkovDmitri collected $2 from pot
VolkovDmitri: doesn't show hand
*** SUMMARY ***
Total pot $2 | Rake $0
Seat 3: ME HAPPYBEE (button) (small blind) folded before Flop
Seat 5: VolkovDmitri (big blind) collected ($2)


PokerStars Hand #147413194057:  Hold'em Limit ($3/$6 USD) - 2016/01/21 6:28:48 ET
Table 'Doris' 6-max Seat #5 is the button
Seat 3: ME HAPPYBEE ($153.93 in chips)
Seat 5: VolkovDmitri ($195.82 in chips)
VolkovDmitri: posts small blind $1
ME HAPPYBEE: posts big blind $3
*** HOLE CARDS ***
VolkovDmitri: folds
Uncalled bet ($2) returned to ME HAPPYBEE
ME HAPPYBEE collected $2 from pot
ME HAPPYBEE: doesn't show hand
*** SUMMARY ***
Total pot $2 | Rake $0
Seat 3: ME HAPPYBEE (big blind) collected ($2)
Seat 5: VolkovDmitri (button) (small blind) folded before Flop


PokerStars Hand #147413189637:  Hold'em Limit ($3/$6 USD) - 2016/01/21 6:28:40 ET
Table 'Doris' 6-max Seat #3 is the button
Seat 3: ME HAPPYBEE ($154.93 in chips)
Seat 5: VolkovDmitri ($194.82 in chips)
ME HAPPYBEE: posts small blind $1
VolkovDmitri: posts big blind $3
*** HOLE CARDS ***
ME HAPPYBEE: folds
Uncalled bet ($2) returned to VolkovDmitri
VolkovDmitri collected $2 from pot
VolkovDmitri: doesn't show hand
*** SUMMARY ***
Total pot $2 | Rake $0
Seat 3: ME HAPPYBEE (button) (small blind) folded before Flop
Seat 5: VolkovDmitri (big blind) collected ($2)


PokerStars Hand #147413199159:  Hold'em Limit ($3/$6 USD) - 2016/01/21 6:28:58 ET
Table 'Doris' 6-max Seat #5 is the button
Seat 3: ME HAPPYBEE ($153.93 in chips)
Seat 5: VolkovDmitri ($195.82 in chips)
VolkovDmitri: posts small blind $1
ME HAPPYBEE: posts big blind $3
*** HOLE CARDS ***
VolkovDmitri: raises $3 to $6
ME HAPPYBEE: calls $3
*** FLOP *** [Td Tc 5h]
ME HAPPYBEE: checks
VolkovDmitri: bets $3
ME HAPPYBEE: raises $3 to $6
VolkovDmitri: calls $3
*** TURN *** [Td Tc 5h] [4c]
ME HAPPYBEE: bets $6
VolkovDmitri: folds
Uncalled bet ($6) returned to ME HAPPYBEE
ME HAPPYBEE collected $23.52 from pot
ME HAPPYBEE: doesn't show hand
*** SUMMARY ***
Total pot $24 | Rake $0.48
Board [Td Tc 5h 4c]
Seat 3: ME HAPPYBEE (big blind) collected ($23.52)
Seat 5: VolkovDmitri (button) (small blind) folded on the Turn


PokerStars Hand #147413237257:  Hold'em Limit ($3/$6 USD) - 2016/01/21 6:30:08 ET
Table 'Doris' 6-max Seat #5 is the button
Seat 3: ME HAPPYBEE ($159.45 in chips)
Seat 5: VolkovDmitri ($189.58 in chips)
VolkovDmitri: posts small blind $1
ME HAPPYBEE: posts big blind $3
*** HOLE CARDS ***
VolkovDmitri: raises $3 to $6
ME HAPPYBEE: calls $3
*** FLOP *** [4d 7s Ah]
ME HAPPYBEE: checks
VolkovDmitri: bets $3
ME HAPPYBEE: folds
Uncalled bet ($3) returned to VolkovDmitri
VolkovDmitri collected $11.76 from pot
VolkovDmitri: doesn't show hand
*** SUMMARY ***
Total pot $12 | Rake $0.24
Board [4d 7s Ah]
Seat 3: ME HAPPYBEE (big blind) folded on the Flop
Seat 5: VolkovDmitri (button) (small blind) collected ($11.76)


PokerStars Hand #147413219806:  Hold'em Limit ($3/$6 USD) - 2016/01/21 6:29:37 ET
Table 'Doris' 6-max Seat #3 is the button
Seat 3: ME HAPPYBEE ($165.45 in chips)
Seat 5: VolkovDmitri ($183.82 in chips)
ME HAPPYBEE: posts small blind $1
VolkovDmitri: posts big blind $3
*** HOLE CARDS ***
ME HAPPYBEE: raises $3 to $6
VolkovDmitri: calls $3
*** FLOP *** [9s Jh Td]
VolkovDmitri: bets $3
ME HAPPYBEE: folds
Uncalled bet ($3) returned to VolkovDmitri
VolkovDmitri collected $11.76 from pot
VolkovDmitri: doesn't show hand
*** SUMMARY ***
Total pot $12 | Rake $0.24
Board [9s Jh Td]
Seat 3: ME HAPPYBEE (button) (small blind) folded on the Flop
Seat 5: VolkovDmitri (big blind) collected ($11.76)


