PokerStars Hand #171580033570:  Hold'em Limit ($3/$6 USD) - 2017/06/10 2:13:26 ET
Table 'Doris' 6-max Seat #2 is the button
Seat 2: Kosova1968 ($90 in chips)
Seat 3: shushlo ($72 in chips)
Kosova1968: posts small blind $1
shushlo: posts big blind $3
*** HOLE CARDS ***
Kosova1968: raises $3 to $6
shushlo: raises $3 to $9
Kosova1968: calls $3
*** FLOP *** [8s Td 8c]
shushlo: bets $3
Kosova1968: calls $3
*** TURN *** [8s Td 8c] [6c]
shushlo: bets $6
Kosova1968: calls $6
*** RIVER *** [8s Td 8c 6c] [9h]
shushlo: bets $6
Kosova1968: raises $6 to $12
shushlo: folds
Uncalled bet ($6) returned to Kosova1968
Kosova1968 collected $47.50 from pot
*** SUMMARY ***
Total pot $48 | Rake $0.50
Board [8s Td 8c 6c 9h]
Seat 2: Kosova1968 (button) (small blind) collected ($47.50)
Seat 3: shushlo (big blind) folded on the River


PokerStars Hand #171580062002:  Hold'em Limit ($3/$6 USD) - 2017/06/10 2:15:08 ET
Table 'Doris' 6-max Seat #3 is the button
Seat 2: Kosova1968 ($113.50 in chips)
Seat 3: shushlo ($72 in chips)
shushlo: posts small blind $1
Kosova1968: posts big blind $3
*** HOLE CARDS ***
shushlo: raises $3 to $6
Kosova1968: raises $3 to $9
shushlo: calls $3
*** FLOP *** [Ah Td 6s]
Kosova1968: bets $3
shushlo: calls $3
*** TURN *** [Ah Td 6s] [Ts]
Kosova1968: checks
shushlo: checks
*** RIVER *** [Ah Td 6s Ts] [6c]
Kosova1968: bets $6
shushlo: raises $6 to $12
Kosova1968: calls $6
*** SHOW DOWN ***
shushlo: shows [3c 3s] (two pair, Tens and Sixes)
Kosova1968: shows [Qc As] (two pair, Aces and Tens)
Kosova1968 collected $47.50 from pot
*** SUMMARY ***
Total pot $48 | Rake $0.50
Board [Ah Td 6s Ts 6c]
Seat 2: Kosova1968 (big blind) showed [Qc As] and won ($47.50) with two pair, Aces and Tens
Seat 3: shushlo (button) (small blind) showed [3c 3s] and lost with two pair, Tens and Sixes


PokerStars Hand #171580637444:  Hold'em Limit ($3/$6 USD) - 2017/06/10 2:49:04 ET
Table 'Doris' 6-max Seat #3 is the button
Seat 3: ahshouta ($9.20 in chips)
Seat 4: TinaTurner72 ($146.26 in chips)
ahshouta: posts small blind $1
TinaTurner72: posts big blind $3
*** HOLE CARDS ***
ahshouta: raises $3 to $6
TinaTurner72: raises $3 to $9
ahshouta: raises $0.20 to $9.20 and is all-in
Betting is capped
TinaTurner72: calls $0.20
*** FLOP *** [6h 2d 3d]
*** TURN *** [6h 2d 3d] [Ah]
*** RIVER *** [6h 2d 3d Ah] [Ks]
*** SHOW DOWN ***
TinaTurner72: shows [Kc 7c] (a pair of Kings)
ahshouta: shows [8c 4c] (high card Ace)
TinaTurner72 collected $18.03 from pot
*** SUMMARY ***
Total pot $18.40 | Rake $0.37
Board [6h 2d 3d Ah Ks]
Seat 3: ahshouta (button) (small blind) showed [8c 4c] and lost with high card Ace
Seat 4: TinaTurner72 (big blind) showed [Kc 7c] and won ($18.03) with a pair of Kings


PokerStars Hand #171580624709:  Hold'em Limit ($3/$6 USD) - 2017/06/10 2:48:19 ET
Table 'Doris' 6-max Seat #3 is the button
Seat 3: ahshouta ($36.20 in chips)
Seat 4: TinaTurner72 ($120 in chips)
ahshouta: posts small blind $1
TinaTurner72: posts big blind $3
*** HOLE CARDS ***
ahshouta: raises $3 to $6
TinaTurner72: calls $3
*** FLOP *** [8d Kd Ah]
TinaTurner72: checks
ahshouta: bets $3
TinaTurner72: calls $3
*** TURN *** [8d Kd Ah] [Ts]
TinaTurner72: checks
ahshouta: checks
*** RIVER *** [8d Kd Ah Ts] [6h]
TinaTurner72: bets $6
ahshouta: raises $6 to $12
TinaTurner72: calls $6
*** SHOW DOWN ***
ahshouta: shows [5s Qc] (high card Ace)
TinaTurner72: shows [4h Kc] (a pair of Kings)
TinaTurner72 collected $41.50 from pot
*** SUMMARY ***
Total pot $42 | Rake $0.50
Board [8d Kd Ah Ts 6h]
Seat 3: ahshouta (button) (small blind) showed [5s Qc] and lost with high card Ace
Seat 4: TinaTurner72 (big blind) showed [4h Kc] and won ($41.50) with a pair of Kings


PokerStars Hand #171580634586:  Hold'em Limit ($3/$6 USD) - 2017/06/10 2:48:54 ET
Table 'Doris' 6-max Seat #4 is the button
Seat 3: ahshouta ($15.20 in chips)
Seat 4: TinaTurner72 ($140.50 in chips)
TinaTurner72: posts small blind $1
ahshouta: posts big blind $3
*** HOLE CARDS ***
TinaTurner72: raises $3 to $6
ahshouta: calls $3
*** FLOP *** [Qd 5d Kh]
ahshouta: checks
TinaTurner72: bets $3
ahshouta: folds
Uncalled bet ($3) returned to TinaTurner72
TinaTurner72 collected $11.76 from pot
TinaTurner72: doesn't show hand
*** SUMMARY ***
Total pot $12 | Rake $0.24
Board [Qd 5d Kh]
Seat 3: ahshouta (big blind) folded on the Flop
Seat 4: TinaTurner72 (button) (small blind) collected ($11.76)


