PokerStars Hand #147278661658:  Hold'em Limit ($3/$6 USD) - 2016/01/18 17:20:54 ET
Table 'Doris' 6-max Seat #4 is the button
Seat 3: TSzalay ($103.08 in chips)
Seat 4: AzureCaper ($72 in chips)
AzureCaper: posts small blind $1
TSzalay: posts big blind $3
*** HOLE CARDS ***
AzureCaper: folds
Uncalled bet ($2) returned to TSzalay
TSzalay collected $2 from pot
TSzalay: doesn't show hand
*** SUMMARY ***
Total pot $2 | Rake $0
Seat 3: TSzalay (big blind) collected ($2)
Seat 4: AzureCaper (button) (small blind) folded before Flop


PokerStars Hand #147278666267:  Hold'em Limit ($3/$6 USD) - 2016/01/18 17:20:59 ET
Table 'Doris' 6-max Seat #3 is the button
Seat 3: TSzalay ($104.08 in chips)
Seat 4: AzureCaper ($72 in chips)
TSzalay: posts small blind $1
AzureCaper: posts big blind $3
*** HOLE CARDS ***
TSzalay: raises $3 to $6
AzureCaper: raises $3 to $9
TSzalay: calls $3
*** FLOP *** [8c 6s 4s]
AzureCaper: bets $3
TSzalay: raises $3 to $6
AzureCaper: calls $3
*** TURN *** [8c 6s 4s] [Jc]
AzureCaper: checks
TSzalay: bets $6
AzureCaper: calls $6
*** RIVER *** [8c 6s 4s Jc] [8h]
AzureCaper: checks
TSzalay: bets $6
AzureCaper: calls $6
*** SHOW DOWN ***
TSzalay: shows [9d 9s] (two pair, Nines and Eights)
AzureCaper: mucks hand
TSzalay collected $53.50 from pot
*** SUMMARY ***
Total pot $54 | Rake $0.50
Board [8c 6s 4s Jc 8h]
Seat 3: TSzalay (button) (small blind) showed [9d 9s] and won ($53.50) with two pair, Nines and Eights
Seat 4: AzureCaper (big blind) mucked


