PokerStars Hand #155927238102:  Hold'em Limit ($3/$6 USD) - 2016/07/13 14:24:04 ET
Table 'Doris II' 10-max Seat #4 is the button
Seat 3: TinaTurner72 ($140.50 in chips)
Seat 4: BábaPapa ($99 in chips)
BábaPapa: posts small blind $1
TinaTurner72: posts big blind $3
*** HOLE CARDS ***
BábaPapa: folds
Uncalled bet ($2) returned to TinaTurner72
TinaTurner72 collected $2 from pot
TinaTurner72: doesn't show hand
*** SUMMARY ***
Total pot $2 | Rake $0
Seat 3: TinaTurner72 (big blind) collected ($2)
Seat 4: BábaPapa (button) (small blind) folded before Flop


PokerStars Hand #155927215477:  Hold'em Limit ($3/$6 USD) - 2016/07/13 14:23:33 ET
Table 'Doris II' 10-max Seat #3 is the button
Seat 3: TinaTurner72 ($120 in chips)
Seat 4: BábaPapa ($120 in chips)
TinaTurner72: posts small blind $1
BábaPapa: posts big blind $3
*** HOLE CARDS ***
TinaTurner72: raises $3 to $6
BábaPapa: raises $3 to $9
TinaTurner72: calls $3
*** FLOP *** [Ks 3d 3h]
BábaPapa: checks
TinaTurner72: checks
*** TURN *** [Ks 3d 3h] [Td]
BábaPapa: bets $6
TinaTurner72: calls $6
*** RIVER *** [Ks 3d 3h Td] [As]
BábaPapa: checks
TinaTurner72: bets $6
BábaPapa: calls $6
*** SHOW DOWN ***
TinaTurner72: shows [4d Ah] (two pair, Aces and Threes)
BábaPapa: mucks hand
TinaTurner72 collected $41.50 from pot
*** SUMMARY ***
Total pot $42 | Rake $0.50
Board [Ks 3d 3h Td As]
Seat 3: TinaTurner72 (button) (small blind) showed [4d Ah] and won ($41.50) with two pair, Aces and Threes
Seat 4: BábaPapa (big blind) mucked


PokerStars Hand #155927242006:  Hold'em Limit ($3/$6 USD) - 2016/07/13 14:24:09 ET
Table 'Doris II' 10-max Seat #3 is the button
Seat 3: TinaTurner72 ($141.50 in chips)
Seat 4: BábaPapa ($98 in chips)
TinaTurner72: posts small blind $1
BábaPapa: posts big blind $3
*** HOLE CARDS ***
TinaTurner72: folds
Uncalled bet ($2) returned to BábaPapa
BábaPapa collected $2 from pot
BábaPapa: doesn't show hand
*** SUMMARY ***
Total pot $2 | Rake $0
Seat 3: TinaTurner72 (button) (small blind) folded before Flop
Seat 4: BábaPapa (big blind) collected ($2)


PokerStars Hand #155927246690:  Hold'em Limit ($3/$6 USD) - 2016/07/13 14:24:15 ET
Table 'Doris II' 10-max Seat #4 is the button
Seat 3: TinaTurner72 ($140.50 in chips)
Seat 4: BábaPapa ($99 in chips)
BábaPapa: posts small blind $1
TinaTurner72: posts big blind $3
*** HOLE CARDS ***
BábaPapa: raises $3 to $6
TinaTurner72: calls $3
*** FLOP *** [2s 5d 5s]
TinaTurner72: checks
BábaPapa: bets $3
TinaTurner72: raises $3 to $6
BábaPapa: raises $3 to $9
TinaTurner72: calls $3
*** TURN *** [2s 5d 5s] [5h]
TinaTurner72: bets $6
BábaPapa: calls $6
*** RIVER *** [2s 5d 5s 5h] [8d]
TinaTurner72: bets $6
BábaPapa: folds
Uncalled bet ($6) returned to TinaTurner72
TinaTurner72 collected $41.50 from pot
TinaTurner72: doesn't show hand
*** SUMMARY ***
Total pot $42 | Rake $0.50
Board [2s 5d 5s 5h 8d]
Seat 3: TinaTurner72 (big blind) collected ($41.50)
Seat 4: BábaPapa (button) (small blind) folded on the River


PokerStars Hand #155927276696:  Hold'em Limit ($3/$6 USD) - 2016/07/13 14:24:56 ET
Table 'Doris II' 10-max Seat #4 is the button
Seat 3: TinaTurner72 ($152 in chips)
Seat 4: BábaPapa ($86.64 in chips)
BábaPapa: posts small blind $1
TinaTurner72: posts big blind $3
*** HOLE CARDS ***
BábaPapa: folds
Uncalled bet ($2) returned to TinaTurner72
TinaTurner72 collected $2 from pot
TinaTurner72: doesn't show hand
*** SUMMARY ***
Total pot $2 | Rake $0
Seat 3: TinaTurner72 (big blind) collected ($2)
Seat 4: BábaPapa (button) (small blind) folded before Flop


PokerStars Hand #155927266152:  Hold'em Limit ($3/$6 USD) - 2016/07/13 14:24:42 ET
Table 'Doris II' 10-max Seat #3 is the button
Seat 3: TinaTurner72 ($161 in chips)
Seat 4: BábaPapa ($78 in chips)
TinaTurner72: posts small blind $1
BábaPapa: posts big blind $3
*** HOLE CARDS ***
TinaTurner72: raises $3 to $6
BábaPapa: raises $3 to $9
TinaTurner72: calls $3
*** FLOP *** [8d Ad Kc]
BábaPapa: bets $3
TinaTurner72: folds
Uncalled bet ($3) returned to BábaPapa
BábaPapa collected $17.64 from pot
BábaPapa: doesn't show hand
*** SUMMARY ***
Total pot $18 | Rake $0.36
Board [8d Ad Kc]
Seat 3: TinaTurner72 (button) (small blind) folded on the Flop
Seat 4: BábaPapa (big blind) collected ($17.64)


PokerStars Hand #155927327830:  Hold'em Limit ($3/$6 USD) - 2016/07/13 14:26:05 ET
Table 'Doris II' 10-max Seat #3 is the button
Seat 3: TinaTurner72 ($164.50 in chips)
Seat 4: BábaPapa ($73.40 in chips)
TinaTurner72: posts small blind $1
BábaPapa: posts big blind $3
*** HOLE CARDS ***
TinaTurner72: raises $3 to $6
BábaPapa: folds
Uncalled bet ($3) returned to TinaTurner72
TinaTurner72 collected $6 from pot
TinaTurner72: doesn't show hand
*** SUMMARY ***
Total pot $6 | Rake $0
Seat 3: TinaTurner72 (button) (small blind) collected ($6)
Seat 4: BábaPapa (big blind) folded before Flop


PokerStars Hand #155927311678:  Hold'em Limit ($3/$6 USD) - 2016/07/13 14:25:43 ET
Table 'Doris II' 10-max Seat #4 is the button
Seat 3: TinaTurner72 ($170.50 in chips)
Seat 4: BábaPapa ($67.64 in chips)
BábaPapa: posts small blind $1
TinaTurner72: posts big blind $3
*** HOLE CARDS ***
BábaPapa: raises $3 to $6
TinaTurner72: calls $3
*** FLOP *** [8c Kc 2s]
TinaTurner72: checks
BábaPapa: checks
*** TURN *** [8c Kc 2s] [8s]
TinaTurner72: checks
BábaPapa: bets $6
TinaTurner72: folds
Uncalled bet ($6) returned to BábaPapa
BábaPapa collected $11.76 from pot
BábaPapa: doesn't show hand
*** SUMMARY ***
Total pot $12 | Rake $0.24
Board [8c Kc 2s 8s]
Seat 3: TinaTurner72 (big blind) folded on the Turn
Seat 4: BábaPapa (button) (small blind) collected ($11.76)


PokerStars Hand #155927284769:  Hold'em Limit ($3/$6 USD) - 2016/07/13 14:25:07 ET
Table 'Doris II' 10-max Seat #3 is the button
Seat 3: TinaTurner72 ($153 in chips)
Seat 4: BábaPapa ($85.64 in chips)
TinaTurner72: posts small blind $1
BábaPapa: posts big blind $3
*** HOLE CARDS ***
TinaTurner72: raises $3 to $6
BábaPapa: raises $3 to $9
TinaTurner72: calls $3
*** FLOP *** [As 4h Ks]
BábaPapa: bets $3
TinaTurner72: calls $3
*** TURN *** [As 4h Ks] [Ts]
BábaPapa: bets $6
TinaTurner72: calls $6
*** RIVER *** [As 4h Ks Ts] [Qh]
BábaPapa: checks
TinaTurner72: checks
*** SHOW DOWN ***
BábaPapa: shows [7c 7d] (a pair of Sevens)
TinaTurner72: shows [6h Qs] (a pair of Queens)
TinaTurner72 collected $35.50 from pot
*** SUMMARY ***
Total pot $36 | Rake $0.50
Board [As 4h Ks Ts Qh]
Seat 3: TinaTurner72 (button) (small blind) showed [6h Qs] and won ($35.50) with a pair of Queens
Seat 4: BábaPapa (big blind) showed [7c 7d] and lost with a pair of Sevens


PokerStars Hand #155927332848:  Hold'em Limit ($3/$6 USD) - 2016/07/13 14:26:12 ET
Table 'Doris II' 10-max Seat #4 is the button
Seat 3: TinaTurner72 ($167.50 in chips)
Seat 4: BábaPapa ($70.40 in chips)
BábaPapa: posts small blind $1
TinaTurner72: posts big blind $3
*** HOLE CARDS ***
BábaPapa: raises $3 to $6
TinaTurner72: calls $3
*** FLOP *** [As 2h 9c]
TinaTurner72: checks
BábaPapa: bets $3
TinaTurner72: raises $3 to $6
BábaPapa: raises $3 to $9
TinaTurner72: calls $3
*** TURN *** [As 2h 9c] [Ah]
TinaTurner72: checks
BábaPapa: bets $6
TinaTurner72: calls $6
*** RIVER *** [As 2h 9c Ah] [8s]
TinaTurner72: checks
BábaPapa: bets $6
TinaTurner72: calls $6
*** SHOW DOWN ***
BábaPapa: shows [9h Th] (two pair, Aces and Nines)
TinaTurner72: mucks hand
BábaPapa collected $53.50 from pot
*** SUMMARY ***
Total pot $54 | Rake $0.50
Board [As 2h 9c Ah 8s]
Seat 3: TinaTurner72 (big blind) mucked
Seat 4: BábaPapa (button) (small blind) showed [9h Th] and won ($53.50) with two pair, Aces and Nines


PokerStars Hand #155927358554:  Hold'em Limit ($3/$6 USD) - 2016/07/13 14:26:47 ET
Table 'Doris II' 10-max Seat #3 is the button
Seat 3: TinaTurner72 ($140.50 in chips)
Seat 4: BábaPapa ($96.90 in chips)
TinaTurner72: posts small blind $1
BábaPapa: posts big blind $3
*** HOLE CARDS ***
TinaTurner72: raises $3 to $6
BábaPapa: raises $3 to $9
TinaTurner72: calls $3
*** FLOP *** [3d Jc 2d]
BábaPapa: bets $3
TinaTurner72: folds
Uncalled bet ($3) returned to BábaPapa
BábaPapa collected $17.64 from pot
BábaPapa: doesn't show hand
*** SUMMARY ***
Total pot $18 | Rake $0.36
Board [3d Jc 2d]
Seat 3: TinaTurner72 (button) (small blind) folded on the Flop
Seat 4: BábaPapa (big blind) collected ($17.64)


PokerStars Hand #155927370137:  Hold'em Limit ($3/$6 USD) - 2016/07/13 14:27:03 ET
Table 'Doris II' 10-max Seat #4 is the button
Seat 3: TinaTurner72 ($131.50 in chips)
Seat 4: BábaPapa ($105.54 in chips)
BábaPapa: posts small blind $1
TinaTurner72: posts big blind $3
*** HOLE CARDS ***
BábaPapa: raises $3 to $6
TinaTurner72: calls $3
*** FLOP *** [Jh 4d Th]
TinaTurner72: checks
BábaPapa: checks
*** TURN *** [Jh 4d Th] [Ah]
TinaTurner72: checks
BábaPapa: bets $6
TinaTurner72: folds
Uncalled bet ($6) returned to BábaPapa
BábaPapa collected $11.76 from pot
BábaPapa: doesn't show hand
*** SUMMARY ***
Total pot $12 | Rake $0.24
Board [Jh 4d Th Ah]
Seat 3: TinaTurner72 (big blind) folded on the Turn
Seat 4: BábaPapa (button) (small blind) collected ($11.76)


