PokerStars Hand #168991263360:  Hold'em Limit ($3/$6 USD) - 2017/04/13 15:19:58 ET
Table 'Doris' 6-max Seat #4 is the button
Seat 3: Fetish73 ($10.06 in chips)
Seat 4: AzureCaper ($92.50 in chips)
AzureCaper: posts small blind $1
Fetish73: posts big blind $3
*** HOLE CARDS ***
AzureCaper: raises $3 to $6
Fetish73: raises $3 to $9
AzureCaper: calls $3
*** FLOP *** [5d 5s 6h]
Fetish73: bets $1.06 and is all-in
AzureCaper: calls $1.06
*** TURN *** [5d 5s 6h] [3d]
*** RIVER *** [5d 5s 6h 3d] [5c]
*** SHOW DOWN ***
Fetish73: shows [Ks 6s] (a full house, Fives full of Sixes)
AzureCaper: shows [Qh 8h] (three of a kind, Fives)
Fetish73 collected $19.72 from pot
*** SUMMARY ***
Total pot $20.12 | Rake $0.40
Board [5d 5s 6h 3d 5c]
Seat 3: Fetish73 (big blind) showed [Ks 6s] and won ($19.72) with a full house, Fives full of Sixes
Seat 4: AzureCaper (button) (small blind) showed [Qh 8h] and lost with three of a kind, Fives


PokerStars Hand #168996592847:  Hold'em Limit ($3/$6 USD) - 2017/04/13 17:06:00 ET
Table 'Doris' 6-max Seat #5 is the button
Seat 3: Kristine222 ($119 in chips)
Seat 5: GoliafUa ($121 in chips)
GoliafUa: posts small blind $1
Kristine222: posts big blind $3
*** HOLE CARDS ***
GoliafUa: raises $3 to $6
Kristine222: calls $3
*** FLOP *** [Tc 5s Js]
Kristine222: checks
GoliafUa: bets $3
Kristine222: folds
Uncalled bet ($3) returned to GoliafUa
GoliafUa collected $11.76 from pot
GoliafUa: doesn't show hand
*** SUMMARY ***
Total pot $12 | Rake $0.24
Board [Tc 5s Js]
Seat 3: Kristine222 (big blind) folded on the Flop
Seat 5: GoliafUa (button) (small blind) collected ($11.76)


PokerStars Hand #168996604361:  Hold'em Limit ($3/$6 USD) - 2017/04/13 17:06:13 ET
Table 'Doris' 6-max Seat #3 is the button
Seat 3: Kristine222 ($113 in chips)
Seat 5: GoliafUa ($126.76 in chips)
Kristine222: posts small blind $1
GoliafUa: posts big blind $3
*** HOLE CARDS ***
Kristine222: calls $2
GoliafUa: checks
*** FLOP *** [5c 9s Th]
GoliafUa: checks
Kristine222: checks
*** TURN *** [5c 9s Th] [4c]
GoliafUa: checks
Kristine222: checks
*** RIVER *** [5c 9s Th 4c] [8s]
GoliafUa: bets $6
Kristine222: calls $6
*** SHOW DOWN ***
GoliafUa: shows [4d 8d] (two pair, Eights and Fours)
Kristine222: mucks hand
GoliafUa collected $17.64 from pot
*** SUMMARY ***
Total pot $18 | Rake $0.36
Board [5c 9s Th 4c 8s]
Seat 3: Kristine222 (button) (small blind) mucked
Seat 5: GoliafUa (big blind) showed [4d 8d] and won ($17.64) with two pair, Eights and Fours


PokerStars Hand #168996631065:  Hold'em Limit ($3/$6 USD) - 2017/04/13 17:06:44 ET
Table 'Doris' 6-max Seat #3 is the button
Seat 3: Kristine222 ($112.64 in chips)
Seat 5: GoliafUa ($126.40 in chips)
Kristine222: posts small blind $1
GoliafUa: posts big blind $3
*** HOLE CARDS ***
Kristine222: calls $2
GoliafUa: raises $3 to $6
Kristine222: calls $3
*** FLOP *** [Kh As 5s]
GoliafUa: bets $3
Kristine222: calls $3
*** TURN *** [Kh As 5s] [Kc]
GoliafUa: bets $6
Kristine222: calls $6
*** RIVER *** [Kh As 5s Kc] [5h]
GoliafUa: bets $6
Kristine222: folds
Uncalled bet ($6) returned to GoliafUa
GoliafUa collected $29.50 from pot
GoliafUa: doesn't show hand
*** SUMMARY ***
Total pot $30 | Rake $0.50
Board [Kh As 5s Kc 5h]
Seat 3: Kristine222 (button) (small blind) folded on the River
Seat 5: GoliafUa (big blind) collected ($29.50)


PokerStars Hand #168996646026:  Hold'em Limit ($3/$6 USD) - 2017/04/13 17:07:02 ET
Table 'Doris' 6-max Seat #5 is the button
Seat 3: Kristine222 ($97.64 in chips)
Seat 5: GoliafUa ($140.90 in chips)
GoliafUa: posts small blind $1
Kristine222: posts big blind $3
*** HOLE CARDS ***
GoliafUa: raises $3 to $6
Kristine222: folds
Uncalled bet ($3) returned to GoliafUa
GoliafUa collected $6 from pot
GoliafUa: doesn't show hand
*** SUMMARY ***
Total pot $6 | Rake $0
Seat 3: Kristine222 (big blind) folded before Flop
Seat 5: GoliafUa (button) (small blind) collected ($6)


PokerStars Hand #168996652716:  Hold'em Limit ($3/$6 USD) - 2017/04/13 17:07:10 ET
Table 'Doris' 6-max Seat #3 is the button
Seat 3: Kristine222 ($94.64 in chips)
Seat 5: GoliafUa ($143.90 in chips)
Kristine222: posts small blind $1
GoliafUa: posts big blind $3
*** HOLE CARDS ***
Kristine222: calls $2
GoliafUa: raises $3 to $6
Kristine222: calls $3
*** FLOP *** [6s 2d 8c]
GoliafUa: bets $3
Kristine222: calls $3
*** TURN *** [6s 2d 8c] [5s]
GoliafUa: checks
Kristine222: bets $6
GoliafUa: folds
Uncalled bet ($6) returned to Kristine222
Kristine222 collected $17.64 from pot
Kristine222: doesn't show hand
*** SUMMARY ***
Total pot $18 | Rake $0.36
Board [6s 2d 8c 5s]
Seat 3: Kristine222 (button) (small blind) collected ($17.64)
Seat 5: GoliafUa (big blind) folded on the Turn


PokerStars Hand #168996617244:  Hold'em Limit ($3/$6 USD) - 2017/04/13 17:06:28 ET
Table 'Doris' 6-max Seat #5 is the button
Seat 3: Kristine222 ($104 in chips)
Seat 5: GoliafUa ($135.40 in chips)
GoliafUa: posts small blind $1
Kristine222: posts big blind $3
*** HOLE CARDS ***
GoliafUa: raises $3 to $6
Kristine222: calls $3
*** FLOP *** [Ts 7d 3h]
Kristine222: checks
GoliafUa: bets $3
Kristine222: calls $3
*** TURN *** [Ts 7d 3h] [Jc]
Kristine222: checks
GoliafUa: checks
*** RIVER *** [Ts 7d 3h Jc] [4s]
Kristine222: checks
GoliafUa: checks
*** SHOW DOWN ***
Kristine222: shows [5h 3d] (a pair of Threes)
GoliafUa: mucks hand
Kristine222 collected $17.64 from pot
*** SUMMARY ***
Total pot $18 | Rake $0.36
Board [Ts 7d 3h Jc 4s]
Seat 3: Kristine222 (big blind) showed [5h 3d] and won ($17.64) with a pair of Threes
Seat 5: GoliafUa (button) (small blind) mucked


PokerStars Hand #168996686961:  Hold'em Limit ($3/$6 USD) - 2017/04/13 17:07:49 ET
Table 'Doris' 6-max Seat #5 is the button
Seat 3: Kristine222 ($110.92 in chips)
Seat 5: GoliafUa ($126.90 in chips)
GoliafUa: posts small blind $1
Kristine222: posts big blind $3
*** HOLE CARDS ***
GoliafUa: raises $3 to $6
Kristine222: calls $3
*** FLOP *** [5s Qs 8h]
Kristine222: checks
GoliafUa: bets $3
Kristine222: calls $3
*** TURN *** [5s Qs 8h] [3d]
Kristine222: checks
GoliafUa: bets $6
Kristine222: calls $6
*** RIVER *** [5s Qs 8h 3d] [6h]
Kristine222: checks
GoliafUa: checks
*** SHOW DOWN ***
Kristine222: shows [Ad 9c] (high card Ace)
GoliafUa: shows [Kh 3h] (a pair of Threes)
GoliafUa collected $29.50 from pot
*** SUMMARY ***
Total pot $30 | Rake $0.50
Board [5s Qs 8h 3d 6h]
Seat 3: Kristine222 (big blind) showed [Ad 9c] and lost with high card Ace
Seat 5: GoliafUa (button) (small blind) showed [Kh 3h] and won ($29.50) with a pair of Threes


PokerStars Hand #168996699828:  Hold'em Limit ($3/$6 USD) - 2017/04/13 17:08:04 ET
Table 'Doris' 6-max Seat #3 is the button
Seat 3: Kristine222 ($95.92 in chips)
Seat 5: GoliafUa ($141.40 in chips)
Kristine222: posts small blind $1
GoliafUa: posts big blind $3
*** HOLE CARDS ***
Kristine222: calls $2
GoliafUa: raises $3 to $6
Kristine222: calls $3
*** FLOP *** [5c 5s 9h]
GoliafUa: bets $3
Kristine222: calls $3
*** TURN *** [5c 5s 9h] [Ac]
boony444 joins the table at seat #4
GoliafUa: bets $6
Kristine222: folds
Uncalled bet ($6) returned to GoliafUa
GoliafUa collected $17.64 from pot
GoliafUa: doesn't show hand
*** SUMMARY ***
Total pot $18 | Rake $0.36
Board [5c 5s 9h Ac]
Seat 3: Kristine222 (button) (small blind) folded on the Turn
Seat 5: GoliafUa (big blind) collected ($17.64)


PokerStars Hand #168996709938:  Hold'em Limit ($3/$6 USD) - 2017/04/13 17:08:16 ET
Table 'Doris' 6-max Seat #5 is the button
Seat 3: Kristine222 ($86.92 in chips)
Seat 5: GoliafUa ($150.04 in chips)
GoliafUa: posts small blind $1
Kristine222: posts big blind $3
*** HOLE CARDS ***
GoliafUa: raises $3 to $6
Kristine222: folds
Uncalled bet ($3) returned to GoliafUa
GoliafUa collected $6 from pot
GoliafUa: doesn't show hand
*** SUMMARY ***
Total pot $6 | Rake $0
Seat 3: Kristine222 (big blind) folded before Flop
Seat 5: GoliafUa (button) (small blind) collected ($6)


PokerStars Hand #168996683024:  Hold'em Limit ($3/$6 USD) - 2017/04/13 17:07:45 ET
Table 'Doris' 6-max Seat #3 is the button
Seat 3: Kristine222 ($111.92 in chips)
Seat 5: GoliafUa ($125.90 in chips)
Kristine222: posts small blind $1
GoliafUa: posts big blind $3
*** HOLE CARDS ***
Kristine222: folds
Uncalled bet ($2) returned to GoliafUa
GoliafUa collected $2 from pot
GoliafUa: doesn't show hand
*** SUMMARY ***
Total pot $2 | Rake $0
Seat 3: Kristine222 (button) (small blind) folded before Flop
Seat 5: GoliafUa (big blind) collected ($2)


PokerStars Hand #168996668279:  Hold'em Limit ($3/$6 USD) - 2017/04/13 17:07:28 ET
Table 'Doris' 6-max Seat #5 is the button
Seat 3: Kristine222 ($103.28 in chips)
Seat 5: GoliafUa ($134.90 in chips)
GoliafUa: posts small blind $1
Kristine222: posts big blind $3
*** HOLE CARDS ***
GoliafUa: raises $3 to $6
Kristine222: calls $3
*** FLOP *** [2d Qd 4c]
Kristine222: checks
GoliafUa: bets $3
Kristine222: calls $3
*** TURN *** [2d Qd 4c] [7d]
Kristine222: checks
GoliafUa: checks
*** RIVER *** [2d Qd 4c 7d] [Kd]
Kristine222: bets $6
GoliafUa: folds
Uncalled bet ($6) returned to Kristine222
Kristine222 collected $17.64 from pot
Kristine222: doesn't show hand
*** SUMMARY ***
Total pot $18 | Rake $0.36
Board [2d Qd 4c 7d Kd]
Seat 3: Kristine222 (big blind) collected ($17.64)
Seat 5: GoliafUa (button) (small blind) folded on the River


PokerStars Hand #168996857964:  Hold'em Limit ($3/$6 USD) - 2017/04/13 17:11:11 ET
Table 'Doris' 6-max Seat #5 is the button
Seat 4: boony444 ($133.28 in chips)
Seat 5: GoliafUa ($196.59 in chips)
GoliafUa: posts small blind $1
boony444: posts big blind $3
*** HOLE CARDS ***
Kristine222 leaves the table
GoliafUa: folds
Uncalled bet ($2) returned to boony444
boony444 collected $2 from pot
boony444: doesn't show hand
*** SUMMARY ***
Total pot $2 | Rake $0
Seat 4: boony444 (big blind) collected ($2)
Seat 5: GoliafUa (button) (small blind) folded before Flop


PokerStars Hand #168997090433:  Hold'em Limit ($3/$6 USD) - 2017/04/13 17:15:45 ET
Table 'Doris' 6-max Seat #5 is the button
Seat 3: Kristine222 ($111 in chips)
Seat 5: GoliafUa ($204.23 in chips)
GoliafUa: posts small blind $1
Kristine222: posts big blind $3
*** HOLE CARDS ***
GoliafUa: folds
Uncalled bet ($2) returned to Kristine222
Kristine222 collected $2 from pot
Kristine222: doesn't show hand
*** SUMMARY ***
Total pot $2 | Rake $0
Seat 3: Kristine222 (big blind) collected ($2)
Seat 5: GoliafUa (button) (small blind) folded before Flop


PokerStars Hand #168997060280:  Hold'em Limit ($3/$6 USD) - 2017/04/13 17:15:10 ET
Table 'Doris' 6-max Seat #3 is the button
Seat 3: Kristine222 ($120 in chips)
Seat 5: GoliafUa ($195.59 in chips)
Kristine222: posts small blind $1
GoliafUa: posts big blind $3
*** HOLE CARDS ***
Kristine222: calls $2
GoliafUa: raises $3 to $6
Kristine222: calls $3
*** FLOP *** [6d 3c 7c]
GoliafUa: bets $3
Kristine222: calls $3
*** TURN *** [6d 3c 7c] [2s]
GoliafUa: checks
Kristine222: checks
*** RIVER *** [6d 3c 7c 2s] [8s]
GoliafUa: checks
Kristine222: checks
*** SHOW DOWN ***
GoliafUa: shows [Jd Tc] (high card Jack)
Kristine222: mucks hand
GoliafUa collected $17.64 from pot
*** SUMMARY ***
Total pot $18 | Rake $0.36
Board [6d 3c 7c 2s 8s]
Seat 3: Kristine222 (button) (small blind) mucked
Seat 5: GoliafUa (big blind) showed [Jd Tc] and won ($17.64) with high card Jack


PokerStars Hand #168997094447:  Hold'em Limit ($3/$6 USD) - 2017/04/13 17:15:50 ET
Table 'Doris' 6-max Seat #3 is the button
Seat 3: Kristine222 ($112 in chips)
Seat 5: GoliafUa ($203.23 in chips)
Kristine222: posts small blind $1
GoliafUa: posts big blind $3
*** HOLE CARDS ***
Kristine222: folds
Uncalled bet ($2) returned to GoliafUa
GoliafUa collected $2 from pot
GoliafUa: doesn't show hand
*** SUMMARY ***
Total pot $2 | Rake $0
Seat 3: Kristine222 (button) (small blind) folded before Flop
Seat 5: GoliafUa (big blind) collected ($2)


PokerStars Hand #168997175228:  Hold'em Limit ($3/$6 USD) - 2017/04/13 17:17:26 ET
Table 'Doris' 6-max Seat #5 is the button
Seat 3: Kristine222 ($104.64 in chips)
Seat 5: GoliafUa ($209.73 in chips)
GoliafUa: posts small blind $1
Kristine222: posts big blind $3
*** HOLE CARDS ***
GoliafUa: raises $3 to $6
Kristine222: calls $3
*** FLOP *** [9d 5h Qh]
Kristine222: checks
GoliafUa: checks
*** TURN *** [9d 5h Qh] [4d]
Kristine222: checks
GoliafUa: bets $6
Kristine222: folds
Uncalled bet ($6) returned to GoliafUa
GoliafUa collected $11.76 from pot
GoliafUa: doesn't show hand
*** SUMMARY ***
Total pot $12 | Rake $0.24
Board [9d 5h Qh 4d]
Seat 3: Kristine222 (big blind) folded on the Turn
Seat 5: GoliafUa (button) (small blind) collected ($11.76)


PokerStars Hand #168997142977:  Hold'em Limit ($3/$6 USD) - 2017/04/13 17:16:47 ET
Table 'Doris' 6-max Seat #3 is the button
Seat 3: Kristine222 ($96 in chips)
Seat 5: GoliafUa ($218.73 in chips)
Kristine222: posts small blind $1
GoliafUa: posts big blind $3
*** HOLE CARDS ***
Kristine222: calls $2
GoliafUa: checks
*** FLOP *** [8c 3s 5c]
GoliafUa: checks
Kristine222: checks
*** TURN *** [8c 3s 5c] [7h]
GoliafUa: bets $6
Kristine222: calls $6
*** RIVER *** [8c 3s 5c 7h] [Kd]
GoliafUa: checks
Kristine222: bets $6
GoliafUa: folds
Uncalled bet ($6) returned to Kristine222
Kristine222 collected $17.64 from pot
Kristine222: doesn't show hand
*** SUMMARY ***
Total pot $18 | Rake $0.36
Board [8c 3s 5c 7h Kd]
Seat 3: Kristine222 (button) (small blind) collected ($17.64)
Seat 5: GoliafUa (big blind) folded on the River


PokerStars Hand #168997098489:  Hold'em Limit ($3/$6 USD) - 2017/04/13 17:15:54 ET
Table 'Doris' 6-max Seat #5 is the button
Seat 3: Kristine222 ($111 in chips)
Seat 5: GoliafUa ($204.23 in chips)
GoliafUa: posts small blind $1
Kristine222: posts big blind $3
*** HOLE CARDS ***
GoliafUa: raises $3 to $6
Kristine222: calls $3
*** FLOP *** [6d 5c 4d]
Kristine222: checks
GoliafUa: bets $3
Kristine222: calls $3
*** TURN *** [6d 5c 4d] [8c]
Kristine222: checks
GoliafUa: checks
*** RIVER *** [6d 5c 4d 8c] [3d]
Kristine222: bets $6
GoliafUa: calls $6
*** SHOW DOWN ***
Kristine222: shows [Qc 3h] (a pair of Threes)
GoliafUa: shows [Ks 2h] (a straight, Deuce to Six)
GoliafUa collected $29.50 from pot
*** SUMMARY ***
Total pot $30 | Rake $0.50
Board [6d 5c 4d 8c 3d]
Seat 3: Kristine222 (big blind) showed [Qc 3h] and lost with a pair of Threes
Seat 5: GoliafUa (button) (small blind) showed [Ks 2h] and won ($29.50) with a straight, Deuce to Six


PokerStars Hand #168997196222:  Hold'em Limit ($3/$6 USD) - 2017/04/13 17:17:50 ET
Table 'Doris' 6-max Seat #3 is the button
Seat 3: Kristine222 ($98.64 in chips)
Seat 5: GoliafUa ($215.49 in chips)
Kristine222: posts small blind $1
GoliafUa: posts big blind $3
*** HOLE CARDS ***
Kristine222: folds
Uncalled bet ($2) returned to GoliafUa
GoliafUa collected $2 from pot
GoliafUa: doesn't show hand
*** SUMMARY ***
Total pot $2 | Rake $0
Seat 3: Kristine222 (button) (small blind) folded before Flop
Seat 5: GoliafUa (big blind) collected ($2)


PokerStars Hand #168997192029:  Hold'em Limit ($3/$6 USD) - 2017/04/13 17:17:45 ET
Table 'Doris' 6-max Seat #5 is the button
Seat 3: Kristine222 ($97.64 in chips)
Seat 5: GoliafUa ($216.49 in chips)
GoliafUa: posts small blind $1
Kristine222: posts big blind $3
*** HOLE CARDS ***
GoliafUa: folds
Uncalled bet ($2) returned to Kristine222
Kristine222 collected $2 from pot
Kristine222: doesn't show hand
*** SUMMARY ***
Total pot $2 | Rake $0
Seat 3: Kristine222 (big blind) collected ($2)
Seat 5: GoliafUa (button) (small blind) folded before Flop


PokerStars Hand #168997187898:  Hold'em Limit ($3/$6 USD) - 2017/04/13 17:17:40 ET
Table 'Doris' 6-max Seat #3 is the button
Seat 3: Kristine222 ($98.64 in chips)
Seat 5: GoliafUa ($215.49 in chips)
Kristine222: posts small blind $1
GoliafUa: posts big blind $3
*** HOLE CARDS ***
Kristine222: folds
Uncalled bet ($2) returned to GoliafUa
GoliafUa collected $2 from pot
GoliafUa: doesn't show hand
*** SUMMARY ***
Total pot $2 | Rake $0
Seat 3: Kristine222 (button) (small blind) folded before Flop
Seat 5: GoliafUa (big blind) collected ($2)


PokerStars Hand #168997232311:  Hold'em Limit ($3/$6 USD) - 2017/04/13 17:18:33 ET
Table 'Doris' 6-max Seat #3 is the button
Seat 3: Kristine222 ($76.64 in chips)
Seat 5: GoliafUa ($236.99 in chips)
Kristine222: posts small blind $1
GoliafUa: posts big blind $3
*** HOLE CARDS ***
Kristine222: folds
Uncalled bet ($2) returned to GoliafUa
GoliafUa collected $2 from pot
GoliafUa: doesn't show hand
*** SUMMARY ***
Total pot $2 | Rake $0
Seat 3: Kristine222 (button) (small blind) folded before Flop
Seat 5: GoliafUa (big blind) collected ($2)


PokerStars Hand #168997200641:  Hold'em Limit ($3/$6 USD) - 2017/04/13 17:17:55 ET
Table 'Doris' 6-max Seat #5 is the button
Seat 3: Kristine222 ($97.64 in chips)
Seat 5: GoliafUa ($216.49 in chips)
GoliafUa: posts small blind $1
Kristine222: posts big blind $3
*** HOLE CARDS ***
GoliafUa: raises $3 to $6
Kristine222: calls $3
*** FLOP *** [8h Jd 3c]
Kristine222: checks
LotsaBalls12 joins the table at seat #6
GoliafUa: bets $3
Kristine222: calls $3
*** TURN *** [8h Jd 3c] [Qs]
Kristine222: checks
zxkz joins the table at seat #1
GoliafUa: checks
*** RIVER *** [8h Jd 3c Qs] [Th]
Kristine222: bets $6
GoliafUa: raises $6 to $12
Kristine222: calls $6
*** SHOW DOWN ***
GoliafUa: shows [7d 9h] (a straight, Eight to Queen)
Kristine222: mucks hand
GoliafUa collected $41.50 from pot
*** SUMMARY ***
Total pot $42 | Rake $0.50
Board [8h Jd 3c Qs Th]
Seat 3: Kristine222 (big blind) mucked
Seat 5: GoliafUa (button) (small blind) showed [7d 9h] and won ($41.50) with a straight, Eight to Queen


