PokerStars Hand #162624312775:  Hold'em Limit ($3/$6 USD) - 2016/12/08 14:46:20 ET
Table 'Doris III' 10-max Seat #1 is the button
Seat 1: anebodil ($258.21 in chips)
Seat 2: vestimokrec ($105 in chips)
anebodil: posts small blind $1
vestimokrec: posts big blind $3
*** HOLE CARDS ***
anebodil: folds
Uncalled bet ($2) returned to vestimokrec
vestimokrec collected $2 from pot
vestimokrec: doesn't show hand
*** SUMMARY ***
Total pot $2 | Rake $0
Seat 1: anebodil (button) (small blind) folded before Flop
Seat 2: vestimokrec (big blind) collected ($2)


PokerStars Hand #162624444633:  Hold'em Limit ($3/$6 USD) - 2016/12/08 14:48:36 ET
Table 'Doris III' 10-max Seat #2 is the button
Seat 2: vestimokrec ($90.55 in chips)
Seat 5: DenVDV ($70.56 in chips)
vestimokrec: posts small blind $1
DenVDV: posts big blind $3
*** HOLE CARDS ***
vestimokrec: raises $3 to $6
DenVDV: calls $3
*** FLOP *** [9s Td Qs]
DenVDV: checks
vestimokrec: checks
*** TURN *** [9s Td Qs] [4d]
DenVDV: checks
vestimokrec: bets $6
DenVDV: folds
Uncalled bet ($6) returned to vestimokrec
vestimokrec collected $11.76 from pot
vestimokrec: doesn't show hand
*** SUMMARY ***
Total pot $12 | Rake $0.24
Board [9s Td Qs 4d]
Seat 2: vestimokrec (button) (small blind) collected ($11.76)
Seat 5: DenVDV (big blind) folded on the Turn


PokerStars Hand #162624416175:  Hold'em Limit ($3/$6 USD) - 2016/12/08 14:48:07 ET
Table 'Doris III' 10-max Seat #5 is the button
Seat 2: vestimokrec ($96.55 in chips)
Seat 5: DenVDV ($64.80 in chips)
DenVDV: posts small blind $1
vestimokrec: posts big blind $3
*** HOLE CARDS ***
DenVDV: raises $3 to $6
vestimokrec: calls $3
*** FLOP *** [Ad 9s 9c]
vestimokrec: checks
DenVDV: bets $3
vestimokrec: folds
Uncalled bet ($3) returned to DenVDV
DenVDV collected $11.76 from pot
DenVDV: doesn't show hand
*** SUMMARY ***
Total pot $12 | Rake $0.24
Board [Ad 9s 9c]
Seat 2: vestimokrec (big blind) folded on the Flop
Seat 5: DenVDV (button) (small blind) collected ($11.76)


PokerStars Hand #162624477326:  Hold'em Limit ($3/$6 USD) - 2016/12/08 14:49:10 ET
Table 'Doris III' 10-max Seat #5 is the button
Seat 2: vestimokrec ($96.31 in chips)
Seat 5: DenVDV ($64.56 in chips)
DenVDV: posts small blind $1
vestimokrec: posts big blind $3
*** HOLE CARDS ***
DenVDV: raises $3 to $6
vestimokrec: raises $3 to $9
DenVDV: calls $3
*** FLOP *** [Ks 9s 7d]
vestimokrec: bets $3
DenVDV: folds
Uncalled bet ($3) returned to vestimokrec
vestimokrec collected $17.64 from pot
vestimokrec: doesn't show hand
*** SUMMARY ***
Total pot $18 | Rake $0.36
Board [Ks 9s 7d]
Seat 2: vestimokrec (big blind) collected ($17.64)
Seat 5: DenVDV (button) (small blind) folded on the Flop


PokerStars Hand #162624501307:  Hold'em Limit ($3/$6 USD) - 2016/12/08 14:49:35 ET
Table 'Doris III' 10-max Seat #2 is the button
Seat 2: vestimokrec ($104.95 in chips)
Seat 5: DenVDV ($55.56 in chips)
vestimokrec: posts small blind $1
DenVDV: posts big blind $3
*** HOLE CARDS ***
vestimokrec: raises $3 to $6
DenVDV: calls $3
*** FLOP *** [Ks 8d Kc]
DenVDV: checks
vestimokrec: bets $3
DenVDV: calls $3
*** TURN *** [Ks 8d Kc] [2h]
DenVDV: checks
GoliafUa leaves the table
vestimokrec: checks
*** RIVER *** [Ks 8d Kc 2h] [4d]
DenVDV: bets $6
vestimokrec: folds
Uncalled bet ($6) returned to DenVDV
DenVDV collected $17.64 from pot
DenVDV: doesn't show hand
*** SUMMARY ***
Total pot $18 | Rake $0.36
Board [Ks 8d Kc 2h 4d]
Seat 2: vestimokrec (button) (small blind) folded on the River
Seat 5: DenVDV (big blind) collected ($17.64)


PokerStars Hand #162624560411:  Hold'em Limit ($3/$6 USD) - 2016/12/08 14:50:36 ET
Table 'Doris III' 10-max Seat #5 is the button
Seat 2: vestimokrec ($95.95 in chips)
Seat 5: DenVDV ($64.20 in chips)
DenVDV: posts small blind $1
vestimokrec: posts big blind $3
*** HOLE CARDS ***
DenVDV: raises $3 to $6
vestimokrec: calls $3
*** FLOP *** [2d Kc Ks]
vestimokrec: checks
DenVDV: bets $3
vestimokrec: folds
Uncalled bet ($3) returned to DenVDV
DenVDV collected $11.76 from pot
DenVDV: doesn't show hand
*** SUMMARY ***
Total pot $12 | Rake $0.24
Board [2d Kc Ks]
Seat 2: vestimokrec (big blind) folded on the Flop
Seat 5: DenVDV (button) (small blind) collected ($11.76)


PokerStars Hand #162624583131:  Hold'em Limit ($3/$6 USD) - 2016/12/08 14:50:59 ET
Table 'Doris III' 10-max Seat #2 is the button
Seat 2: vestimokrec ($89.95 in chips)
Seat 5: DenVDV ($69.96 in chips)
vestimokrec: posts small blind $1
DenVDV: posts big blind $3
*** HOLE CARDS ***
vestimokrec: raises $3 to $6
DenVDV: raises $3 to $9
vestimokrec: calls $3
*** FLOP *** [Td Kd 6h]
DenVDV: bets $3
vestimokrec: calls $3
*** TURN *** [Td Kd 6h] [7c]
DenVDV: bets $6
vestimokrec: calls $6
*** RIVER *** [Td Kd 6h 7c] [Ad]
DenVDV: bets $6
vestimokrec: calls $6
*** SHOW DOWN ***
DenVDV: shows [Kh Ah] (two pair, Aces and Kings)
vestimokrec: mucks hand
DenVDV collected $47.50 from pot
*** SUMMARY ***
Total pot $48 | Rake $0.50
Board [Td Kd 6h 7c Ad]
Seat 2: vestimokrec (button) (small blind) mucked
Seat 5: DenVDV (big blind) showed [Kh Ah] and won ($47.50) with two pair, Aces and Kings


PokerStars Hand #162624623235:  Hold'em Limit ($3/$6 USD) - 2016/12/08 14:51:41 ET
Table 'Doris III' 10-max Seat #5 is the button
Seat 2: vestimokrec ($65.95 in chips)
Seat 5: DenVDV ($93.46 in chips)
DenVDV: posts small blind $1
vestimokrec: posts big blind $3
*** HOLE CARDS ***
DenVDV: raises $3 to $6
vestimokrec: calls $3
*** FLOP *** [Kd 4c Kc]
vestimokrec: checks
DenVDV: bets $3
vestimokrec: calls $3
*** TURN *** [Kd 4c Kc] [Td]
vestimokrec: checks
DenVDV: bets $6
vestimokrec: calls $6
*** RIVER *** [Kd 4c Kc Td] [Qd]
vestimokrec: checks
DenVDV: checks
*** SHOW DOWN ***
vestimokrec: shows [9c Ts] (two pair, Kings and Tens)
DenVDV: shows [Tc 6d] (two pair, Kings and Tens)
vestimokrec collected $14.75 from pot
DenVDV collected $14.75 from pot
*** SUMMARY ***
Total pot $30 | Rake $0.50
Board [Kd 4c Kc Td Qd]
Seat 2: vestimokrec (big blind) showed [9c Ts] and won ($14.75) with two pair, Kings and Tens
Seat 5: DenVDV (button) (small blind) showed [Tc 6d] and won ($14.75) with two pair, Kings and Tens


PokerStars Hand #162624658602:  Hold'em Limit ($3/$6 USD) - 2016/12/08 14:52:17 ET
Table 'Doris III' 10-max Seat #2 is the button
Seat 2: vestimokrec ($65.70 in chips)
Seat 5: DenVDV ($93.21 in chips)
vestimokrec: posts small blind $1
DenVDV: posts big blind $3
*** HOLE CARDS ***
vestimokrec: raises $3 to $6
DenVDV: raises $3 to $9
vestimokrec: calls $3
*** FLOP *** [Qd 2c Qs]
DenVDV: bets $3
vestimokrec: calls $3
*** TURN *** [Qd 2c Qs] [2s]
DenVDV: bets $6
vestimokrec: folds
Uncalled bet ($6) returned to DenVDV
DenVDV collected $23.52 from pot
DenVDV: doesn't show hand
*** SUMMARY ***
Total pot $24 | Rake $0.48
Board [Qd 2c Qs 2s]
Seat 2: vestimokrec (button) (small blind) folded on the Turn
Seat 5: DenVDV (big blind) collected ($23.52)


PokerStars Hand #162624694215:  Hold'em Limit ($3/$6 USD) - 2016/12/08 14:52:54 ET
Table 'Doris III' 10-max Seat #5 is the button
Seat 2: vestimokrec ($120 in chips)
Seat 5: DenVDV ($104.73 in chips)
DenVDV: posts small blind $1
vestimokrec: posts big blind $3
*** HOLE CARDS ***
DenVDV: raises $3 to $6
vestimokrec: calls $3
*** FLOP *** [Ks 7h Qd]
vestimokrec: checks
DenVDV: checks
*** TURN *** [Ks 7h Qd] [4h]
vestimokrec: checks
DenVDV: checks
*** RIVER *** [Ks 7h Qd 4h] [5s]
vestimokrec: checks
DenVDV: checks
*** SHOW DOWN ***
vestimokrec: shows [2d As] (high card Ace)
DenVDV: mucks hand
vestimokrec collected $11.76 from pot
*** SUMMARY ***
Total pot $12 | Rake $0.24
Board [Ks 7h Qd 4h 5s]
Seat 2: vestimokrec (big blind) showed [2d As] and won ($11.76) with high card Ace
Seat 5: DenVDV (button) (small blind) mucked


PokerStars Hand #162624713323:  Hold'em Limit ($3/$6 USD) - 2016/12/08 14:53:15 ET
Table 'Doris III' 10-max Seat #2 is the button
Seat 2: vestimokrec ($125.76 in chips)
Seat 5: DenVDV ($98.73 in chips)
vestimokrec: posts small blind $1
DenVDV: posts big blind $3
*** HOLE CARDS ***
vestimokrec: raises $3 to $6
DenVDV: calls $3
*** FLOP *** [2c Kd 8d]
DenVDV: checks
vestimokrec: bets $3
DenVDV: folds
Uncalled bet ($3) returned to vestimokrec
vestimokrec collected $11.76 from pot
vestimokrec: doesn't show hand
*** SUMMARY ***
Total pot $12 | Rake $0.24
Board [2c Kd 8d]
Seat 2: vestimokrec (button) (small blind) collected ($11.76)
Seat 5: DenVDV (big blind) folded on the Flop


PokerStars Hand #162624733878:  Hold'em Limit ($3/$6 USD) - 2016/12/08 14:53:36 ET
Table 'Doris III' 10-max Seat #5 is the button
Seat 2: vestimokrec ($131.52 in chips)
Seat 5: DenVDV ($92.73 in chips)
DenVDV: posts small blind $1
vestimokrec: posts big blind $3
*** HOLE CARDS ***
DenVDV: raises $3 to $6
vestimokrec: calls $3
*** FLOP *** [Qh 8h 5s]
vestimokrec: checks
DenVDV: bets $3
vestimokrec: folds
Uncalled bet ($3) returned to DenVDV
DenVDV collected $11.76 from pot
DenVDV: doesn't show hand
*** SUMMARY ***
Total pot $12 | Rake $0.24
Board [Qh 8h 5s]
Seat 2: vestimokrec (big blind) folded on the Flop
Seat 5: DenVDV (button) (small blind) collected ($11.76)


PokerStars Hand #162624753957:  Hold'em Limit ($3/$6 USD) - 2016/12/08 14:53:57 ET
Table 'Doris III' 10-max Seat #2 is the button
Seat 2: vestimokrec ($125.52 in chips)
Seat 5: DenVDV ($98.49 in chips)
vestimokrec: posts small blind $1
DenVDV: posts big blind $3
*** HOLE CARDS ***
vestimokrec: raises $3 to $6
DenVDV: raises $3 to $9
vestimokrec: calls $3
*** FLOP *** [2d 4h Jc]
DenVDV: bets $3
vestimokrec: calls $3
*** TURN *** [2d 4h Jc] [4c]
DenVDV: bets $6
vestimokrec: calls $6
*** RIVER *** [2d 4h Jc 4c] [2h]
DenVDV: bets $6
vestimokrec: calls $6
*** SHOW DOWN ***
DenVDV: shows [Qs 8s] (two pair, Fours and Deuces)
vestimokrec: shows [Qd Kc] (two pair, Fours and Deuces - King kicker)
vestimokrec collected $47.50 from pot
*** SUMMARY ***
Total pot $48 | Rake $0.50
Board [2d 4h Jc 4c 2h]
Seat 2: vestimokrec (button) (small blind) showed [Qd Kc] and won ($47.50) with two pair, Fours and Deuces
Seat 5: DenVDV (big blind) showed [Qs 8s] and lost with two pair, Fours and Deuces


PokerStars Hand #162624881228:  Hold'em Limit ($3/$6 USD) - 2016/12/08 14:56:26 ET
Table 'Doris III' 10-max Seat #2 is the button
Seat 2: vestimokrec ($154.57 in chips)
Seat 5: DenVDV ($72.49 in chips)
vestimokrec: posts small blind $1
DenVDV: posts big blind $3
*** HOLE CARDS ***
vestimokrec: raises $3 to $6
DenVDV: calls $3
*** FLOP *** [4d 7c 7s]
DenVDV: bets $3
vestimokrec: folds
Uncalled bet ($3) returned to DenVDV
DenVDV collected $11.76 from pot
DenVDV: doesn't show hand
*** SUMMARY ***
Total pot $12 | Rake $0.24
Board [4d 7c 7s]
Seat 2: vestimokrec (button) (small blind) folded on the Flop
Seat 5: DenVDV (big blind) collected ($11.76)


PokerStars Hand #162633659456:  Hold'em Limit ($3/$6 USD) - 2016/12/08 17:26:26 ET
Table 'Doris III' 10-max Seat #5 is the button
Seat 3: GRAILKO ($232.39 in chips)
Seat 5: komornik ($132.07 in chips)
komornik: posts small blind $1
Pyas: is sitting out
ToDaFelt: is sitting out
GRAILKO: posts big blind $3
*** HOLE CARDS ***
Pyas leaves the table
komornik: folds
Uncalled bet ($2) returned to GRAILKO
GRAILKO collected $2 from pot
GRAILKO: doesn't show hand
ToDaFelt leaves the table
*** SUMMARY ***
Total pot $2 | Rake $0
Seat 3: GRAILKO (big blind) collected ($2)
Seat 5: komornik (button) (small blind) folded before Flop


