PokerStars Hand #149066470350:  Hold'em Limit ($3/$6 USD) - 2016/02/19 11:21:28 ET
Table 'Dorothea III' 6-max Seat #5 is the button
Seat 3: vovojc ($135.26 in chips)
Seat 5: julenchu ($64.59 in chips)
B_loJkl will be allowed to play after the button
julenchu: posts small blind $1
Great_Kang: is sitting out
DismasX: is sitting out
vovojc: posts big blind $3
*** HOLE CARDS ***
julenchu: calls $2
vovojc: checks
*** FLOP *** [7h 3s Kc]
rizzi008 said, "idiot"
vovojc: checks
rizzi008 leaves the table
julenchu: checks
*** TURN *** [7h 3s Kc] [Qd]
vovojc: checks
julenchu: checks
*** RIVER *** [7h 3s Kc Qd] [Ks]
vovojc: checks
julenchu: checks
*** SHOW DOWN ***
vovojc: shows [Td 5d] (a pair of Kings)
julenchu: shows [Jh 8s] (a pair of Kings - Queen+Jack kicker)
julenchu collected $5.88 from pot
*** SUMMARY ***
Total pot $6 | Rake $0.12
Board [7h 3s Kc Qd Ks]
Seat 3: vovojc (big blind) showed [Td 5d] and lost with a pair of Kings
Seat 5: julenchu (button) (small blind) showed [Jh 8s] and won ($5.88) with a pair of Kings


PokerStars Hand #149066507851:  Hold'em Limit ($3/$6 USD) - 2016/02/19 11:22:14 ET
Table 'Dorothea III' 6-max Seat #4 is the button
Seat 4: B_loJkl ($141 in chips)
Seat 5: julenchu ($67.47 in chips)
B_loJkl: posts small blind $1
julenchu: posts big blind $3
*** HOLE CARDS ***
B_loJkl: folds
Uncalled bet ($2) returned to julenchu
Pelurile joins the table at seat #1
julenchu collected $2 from pot
julenchu: doesn't show hand
*** SUMMARY ***
Total pot $2 | Rake $0
Seat 4: B_loJkl (button) (small blind) folded before Flop
Seat 5: julenchu (big blind) collected ($2)


PokerStars Hand #149066491976:  Hold'em Limit ($3/$6 USD) - 2016/02/19 11:21:54 ET
Table 'Dorothea III' 6-max Seat #3 is the button
Seat 3: vovojc ($132.26 in chips)
Seat 4: B_loJkl ($150 in chips)
vovojc: posts small blind $1
B_loJkl: posts big blind $3
*** HOLE CARDS ***
julenchu said, "u fkng ahole"
vovojc: raises $3 to $6
B_loJkl: calls $3
*** FLOP *** [Ac Qd 8c]
B_loJkl: checks
vovojc: bets $3
B_loJkl: calls $3
*** TURN *** [Ac Qd 8c] [5c]
B_loJkl: checks
vovojc: checks
*** RIVER *** [Ac Qd 8c 5c] [Ad]
B_loJkl: checks
vovojc: checks
*** SHOW DOWN ***
B_loJkl: shows [3h Kc] (a pair of Aces)
vovojc: shows [9s 5s] (two pair, Aces and Fives)
vovojc collected $17.64 from pot
*** SUMMARY ***
Total pot $18 | Rake $0.36
Board [Ac Qd 8c 5c Ad]
Seat 3: vovojc (button) (small blind) showed [9s 5s] and won ($17.64) with two pair, Aces and Fives
Seat 4: B_loJkl (big blind) showed [3h Kc] and lost with a pair of Aces


PokerStars Hand #149066883630:  Hold'em Limit ($3/$6 USD) - 2016/02/19 11:30:00 ET
Table 'Dorothea III' 6-max Seat #5 is the button
Seat 1: Pelurile ($92.48 in chips)
Seat 5: julenchu ($122.71 in chips)
B_loJkl will be allowed to play after the button
superYan3 will be allowed to play after the button
julenchu: posts small blind $1
Great_Kang was removed from the table for failing to post
Pelurile: posts big blind $3
*** HOLE CARDS ***
julenchu: folds
Uncalled bet ($2) returned to Pelurile
Pelurile collected $2 from pot
Pelurile: doesn't show hand
*** SUMMARY ***
Total pot $2 | Rake $0
Seat 1: Pelurile (big blind) collected ($2)
Seat 5: julenchu (button) (small blind) folded before Flop


PokerStars Hand #149069019489:  Hold'em Limit ($3/$6 USD) - 2016/02/19 12:12:55 ET
Table 'Dorothea III' 6-max Seat #3 is the button
Seat 2: wiezel0172 ($103.88 in chips)
Seat 3: krytalex ($101.27 in chips)
krytalex: posts small blind $1
wiezel0172: posts big blind $3
*** HOLE CARDS ***
TinaTurner72 leaves the table
krytalex: raises $3 to $6
wiezel0172: calls $3
*** FLOP *** [9s 3h Jh]
wiezel0172: checks
krytalex: checks
*** TURN *** [9s 3h Jh] [3d]
wiezel0172: bets $6
krytalex: folds
Uncalled bet ($6) returned to wiezel0172
wiezel0172 collected $11.76 from pot
wiezel0172: doesn't show hand
*** SUMMARY ***
Total pot $12 | Rake $0.24
Board [9s 3h Jh 3d]
Seat 2: wiezel0172 (big blind) collected ($11.76)
Seat 3: krytalex (button) (small blind) folded on the Turn


PokerStars Hand #149069042127:  Hold'em Limit ($3/$6 USD) - 2016/02/19 12:13:21 ET
Table 'Dorothea III' 6-max Seat #2 is the button
Seat 2: wiezel0172 ($109.64 in chips)
Seat 3: krytalex ($95.27 in chips)
wiezel0172: posts small blind $1
krytalex: posts big blind $3
*** HOLE CARDS ***
wiezel0172: raises $3 to $6
krytalex: calls $3
*** FLOP *** [3c 8d 3s]
krytalex: checks
wiezel0172: bets $3
krytalex: calls $3
*** TURN *** [3c 8d 3s] [Kc]
krytalex: checks
wiezel0172: bets $6
krytalex: folds
Uncalled bet ($6) returned to wiezel0172
wiezel0172 collected $17.64 from pot
wiezel0172: doesn't show hand
*** SUMMARY ***
Total pot $18 | Rake $0.36
Board [3c 8d 3s Kc]
Seat 2: wiezel0172 (button) (small blind) collected ($17.64)
Seat 3: krytalex (big blind) folded on the Turn


PokerStars Hand #149069114329:  Hold'em Limit ($3/$6 USD) - 2016/02/19 12:14:47 ET
Table 'Dorothea III' 6-max Seat #2 is the button
Seat 2: wiezel0172 ($144.78 in chips)
Seat 3: krytalex ($72 in chips)
wiezel0172: posts small blind $1
krytalex: posts big blind $3
*** HOLE CARDS ***
wiezel0172: raises $3 to $6
krytalex: folds
Uncalled bet ($3) returned to wiezel0172
wiezel0172 collected $6 from pot
wiezel0172: doesn't show hand
*** SUMMARY ***
Total pot $6 | Rake $0
Seat 2: wiezel0172 (button) (small blind) collected ($6)
Seat 3: krytalex (big blind) folded before Flop


PokerStars Hand #149069069852:  Hold'em Limit ($3/$6 USD) - 2016/02/19 12:13:54 ET
Table 'Dorothea III' 6-max Seat #3 is the button
Seat 2: wiezel0172 ($118.28 in chips)
Seat 3: krytalex ($86.27 in chips)
krytalex: posts small blind $1
wiezel0172: posts big blind $3
*** HOLE CARDS ***
krytalex: raises $3 to $6
B_loJkl leaves the table
wiezel0172: calls $3
*** FLOP *** [Ac Qd 5d]
Harry River joins the table at seat #5
wiezel0172: checks
krytalex: bets $3
wiezel0172: calls $3
*** TURN *** [Ac Qd 5d] [Qc]
DismasX leaves the table
wiezel0172: checks
krytalex: bets $6
wiezel0172: raises $6 to $12
krytalex: calls $6
*** RIVER *** [Ac Qd 5d Qc] [Ks]
wiezel0172: bets $6
krytalex: calls $6
*** SHOW DOWN ***
wiezel0172: shows [Qs 2s] (three of a kind, Queens)
krytalex: mucks hand
wiezel0172 collected $53.50 from pot
*** SUMMARY ***
Total pot $54 | Rake $0.50
Board [Ac Qd 5d Qc Ks]
Seat 2: wiezel0172 (big blind) showed [Qs 2s] and won ($53.50) with three of a kind, Queens
Seat 3: krytalex (button) (small blind) mucked


PokerStars Hand #149074683102:  Hold'em Limit ($3/$6 USD) - 2016/02/19 13:57:45 ET
Table 'Dorothea III' 6-max Seat #2 is the button
Seat 1: Arsenavet ($192.09 in chips)
Seat 2: B_loJkl ($101.89 in chips)
B_loJkl: posts small blind $1
krytalex: is sitting out
DismasX: is sitting out
Arsenavet: posts big blind $3
*** HOLE CARDS ***
B_loJkl: folds
Uncalled bet ($2) returned to Arsenavet
Arsenavet collected $2 from pot
Arsenavet: doesn't show hand
*** SUMMARY ***
Total pot $2 | Rake $0
Seat 1: Arsenavet (big blind) collected ($2)
Seat 2: B_loJkl (button) (small blind) folded before Flop


