PokerStars Hand #152521771481:  Hold'em Limit ($3/$6 USD) - 2016/04/27 11:46:45 ET
Table 'Dorothea' 6-max Seat #2 is the button
Seat 1: davyyyyyyy ($63.28 in chips)
Seat 2: craaa ($105.88 in chips)
craaa: posts small blind $1
davyyyyyyy: posts big blind $3
*** HOLE CARDS ***
craaa: folds
Uncalled bet ($2) returned to davyyyyyyy
davyyyyyyy collected $2 from pot
*** SUMMARY ***
Total pot $2 | Rake $0
Seat 1: davyyyyyyy (big blind) collected ($2)
Seat 2: craaa (button) (small blind) folded before Flop


PokerStars Hand #152521768069:  Hold'em Limit ($3/$6 USD) - 2016/04/27 11:46:40 ET
Table 'Dorothea' 6-max Seat #1 is the button
Seat 1: davyyyyyyy ($64.28 in chips)
Seat 2: craaa ($104.88 in chips)
davyyyyyyy: posts small blind $1
craaa: posts big blind $3
*** HOLE CARDS ***
davyyyyyyy: folds
Uncalled bet ($2) returned to craaa
craaa collected $2 from pot
craaa: doesn't show hand
*** SUMMARY ***
Total pot $2 | Rake $0
Seat 1: davyyyyyyy (button) (small blind) folded before Flop
Seat 2: craaa (big blind) collected ($2)


PokerStars Hand #152521758002:  Hold'em Limit ($3/$6 USD) - 2016/04/27 11:46:26 ET
Table 'Dorothea' 6-max Seat #2 is the button
Seat 1: davyyyyyyy ($55.64 in chips)
Seat 2: craaa ($113.88 in chips)
craaa: posts small blind $1
davyyyyyyy: posts big blind $3
*** HOLE CARDS ***
craaa: raises $3 to $6
davyyyyyyy: calls $3
*** FLOP *** [Kd Js 8h]
davyyyyyyy: checks
craaa: bets $3
davyyyyyyy: raises $3 to $6
craaa: folds
Uncalled bet ($3) returned to davyyyyyyy
davyyyyyyy collected $17.64 from pot
*** SUMMARY ***
Total pot $18 | Rake $0.36
Board [Kd Js 8h]
Seat 1: davyyyyyyy (big blind) collected ($17.64)
Seat 2: craaa (button) (small blind) folded on the Flop


PokerStars Hand #152521743256:  Hold'em Limit ($3/$6 USD) - 2016/04/27 11:46:05 ET
Table 'Dorothea' 6-max Seat #1 is the button
Seat 1: davyyyyyyy ($58.64 in chips)
Seat 2: craaa ($111 in chips)
davyyyyyyy: posts small blind $1
craaa: posts big blind $3
*** HOLE CARDS ***
davyyyyyyy: calls $2
craaa: checks
*** FLOP *** [3s Kd 9c]
craaa: bets $3
davyyyyyyy: folds
Uncalled bet ($3) returned to craaa
craaa collected $5.88 from pot
craaa: doesn't show hand
*** SUMMARY ***
Total pot $6 | Rake $0.12
Board [3s Kd 9c]
Seat 1: davyyyyyyy (button) (small blind) folded on the Flop
Seat 2: craaa (big blind) collected ($5.88)


PokerStars Hand #152521717216:  Hold'em Limit ($3/$6 USD) - 2016/04/27 11:45:27 ET
Table 'Dorothea' 6-max Seat #2 is the button
Seat 1: davyyyyyyy ($50 in chips)
Seat 2: craaa ($120 in chips)
craaa: posts small blind $1
Agrotait: is sitting out
davyyyyyyy: posts big blind $3
*** HOLE CARDS ***
craaa: raises $3 to $6
davyyyyyyy: calls $3
*** FLOP *** [Qd 5s Th]
davyyyyyyy: checks
Agrotait leaves the table
craaa: bets $3
davyyyyyyy: raises $3 to $6
craaa: folds
Uncalled bet ($3) returned to davyyyyyyy
davyyyyyyy collected $17.64 from pot
*** SUMMARY ***
Total pot $18 | Rake $0.36
Board [Qd 5s Th]
Seat 1: davyyyyyyy (big blind) collected ($17.64)
Seat 2: craaa (button) (small blind) folded on the Flop


PokerStars Hand #152521805364:  Hold'em Limit ($3/$6 USD) - 2016/04/27 11:47:34 ET
Table 'Dorothea' 6-max Seat #1 is the button
Seat 1: davyyyyyyy ($52.28 in chips)
Seat 2: craaa ($116.52 in chips)
davyyyyyyy: posts small blind $1
craaa: posts big blind $3
*** HOLE CARDS ***
davyyyyyyy: raises $3 to $6
craaa: raises $3 to $9
davyyyyyyy: calls $3
*** FLOP *** [2d 7s 2c]
craaa: bets $3
davyyyyyyy: folds
Uncalled bet ($3) returned to craaa
craaa collected $17.64 from pot
craaa: doesn't show hand
*** SUMMARY ***
Total pot $18 | Rake $0.36
Board [2d 7s 2c]
Seat 1: davyyyyyyy (button) (small blind) folded on the Flop
Seat 2: craaa (big blind) collected ($17.64)


PokerStars Hand #152521801871:  Hold'em Limit ($3/$6 USD) - 2016/04/27 11:47:29 ET
Table 'Dorothea' 6-max Seat #2 is the button
Seat 1: davyyyyyyy ($55.28 in chips)
Seat 2: craaa ($113.52 in chips)
craaa: posts small blind $1
davyyyyyyy: posts big blind $3
*** HOLE CARDS ***
craaa: raises $3 to $6
davyyyyyyy: folds
Uncalled bet ($3) returned to craaa
craaa collected $6 from pot
craaa: doesn't show hand
*** SUMMARY ***
Total pot $6 | Rake $0
Seat 1: davyyyyyyy (big blind) folded before Flop
Seat 2: craaa (button) (small blind) collected ($6)


PokerStars Hand #152521775711:  Hold'em Limit ($3/$6 USD) - 2016/04/27 11:46:51 ET
Table 'Dorothea' 6-max Seat #1 is the button
Seat 1: davyyyyyyy ($64.28 in chips)
Seat 2: craaa ($104.88 in chips)
davyyyyyyy: posts small blind $1
craaa: posts big blind $3
*** HOLE CARDS ***
davyyyyyyy: raises $3 to $6
craaa: calls $3
*** FLOP *** [Ks 2h Js]
craaa: checks
davyyyyyyy: bets $3
craaa: calls $3
*** TURN *** [Ks 2h Js] [5h]
craaa: checks
davyyyyyyy: checks
*** RIVER *** [Ks 2h Js 5h] [2s]
craaa: bets $6
davyyyyyyy: folds
Uncalled bet ($6) returned to craaa
craaa collected $17.64 from pot
craaa: doesn't show hand
*** SUMMARY ***
Total pot $18 | Rake $0.36
Board [Ks 2h Js 5h 2s]
Seat 1: davyyyyyyy (button) (small blind) folded on the River
Seat 2: craaa (big blind) collected ($17.64)


PokerStars Hand #152521846760:  Hold'em Limit ($3/$6 USD) - 2016/04/27 11:48:34 ET
Table 'Dorothea' 6-max Seat #2 is the button
Seat 1: davyyyyyyy ($63.78 in chips)
Seat 2: craaa ($104.16 in chips)
craaa: posts small blind $1
davyyyyyyy: posts big blind $3
*** HOLE CARDS ***
craaa: folds
Uncalled bet ($2) returned to davyyyyyyy
davyyyyyyy collected $2 from pot
*** SUMMARY ***
Total pot $2 | Rake $0
Seat 1: davyyyyyyy (big blind) collected ($2)
Seat 2: craaa (button) (small blind) folded before Flop


PokerStars Hand #152521842407:  Hold'em Limit ($3/$6 USD) - 2016/04/27 11:48:28 ET
Table 'Dorothea' 6-max Seat #1 is the button
Seat 1: davyyyyyyy ($60.78 in chips)
Seat 2: craaa ($107.16 in chips)
davyyyyyyy: posts small blind $1
craaa: posts big blind $3
*** HOLE CARDS ***
davyyyyyyy: raises $3 to $6
craaa: folds
Uncalled bet ($3) returned to davyyyyyyy
davyyyyyyy collected $6 from pot
*** SUMMARY ***
Total pot $6 | Rake $0
Seat 1: davyyyyyyy (button) (small blind) collected ($6)
Seat 2: craaa (big blind) folded before Flop


PokerStars Hand #152521831584:  Hold'em Limit ($3/$6 USD) - 2016/04/27 11:48:12 ET
Table 'Dorothea' 6-max Seat #2 is the button
Seat 1: davyyyyyyy ($59.78 in chips)
Seat 2: craaa ($108.16 in chips)
craaa: posts small blind $1
davyyyyyyy: posts big blind $3
*** HOLE CARDS ***
craaa: folds
Uncalled bet ($2) returned to davyyyyyyy
davyyyyyyy collected $2 from pot
*** SUMMARY ***
Total pot $2 | Rake $0
Seat 1: davyyyyyyy (big blind) collected ($2)
Seat 2: craaa (button) (small blind) folded before Flop


PokerStars Hand #152521825803:  Hold'em Limit ($3/$6 USD) - 2016/04/27 11:48:04 ET
Table 'Dorothea' 6-max Seat #1 is the button
Seat 1: davyyyyyyy ($60.78 in chips)
Seat 2: craaa ($107.16 in chips)
davyyyyyyy: posts small blind $1
craaa: posts big blind $3
*** HOLE CARDS ***
davyyyyyyy: folds
Uncalled bet ($2) returned to craaa
craaa collected $2 from pot
craaa: doesn't show hand
*** SUMMARY ***
Total pot $2 | Rake $0
Seat 1: davyyyyyyy (button) (small blind) folded before Flop
Seat 2: craaa (big blind) collected ($2)


PokerStars Hand #152521814896:  Hold'em Limit ($3/$6 USD) - 2016/04/27 11:47:48 ET
Table 'Dorothea' 6-max Seat #2 is the button
Seat 1: davyyyyyyy ($43.28 in chips)
Seat 2: craaa ($125.16 in chips)
craaa: posts small blind $1
davyyyyyyy: posts big blind $3
*** HOLE CARDS ***
craaa: raises $3 to $6
davyyyyyyy: calls $3
*** FLOP *** [Ah 6c 4h]
davyyyyyyy: checks
craaa: bets $3
davyyyyyyy: raises $3 to $6
craaa: calls $3
*** TURN *** [Ah 6c 4h] [2s]
davyyyyyyy: bets $6
craaa: calls $6
*** RIVER *** [Ah 6c 4h 2s] [9h]
davyyyyyyy: bets $6
craaa: folds
Uncalled bet ($6) returned to davyyyyyyy
davyyyyyyy collected $35.50 from pot
*** SUMMARY ***
Total pot $36 | Rake $0.50
Board [Ah 6c 4h 2s 9h]
Seat 1: davyyyyyyy (big blind) collected ($35.50)
Seat 2: craaa (button) (small blind) folded on the River


PokerStars Hand #152521889383:  Hold'em Limit ($3/$6 USD) - 2016/04/27 11:49:35 ET
Table 'Dorothea' 6-max Seat #1 is the button
Seat 1: davyyyyyyy ($67.54 in chips)
Seat 2: craaa ($100.16 in chips)
davyyyyyyy: posts small blind $1
craaa: posts big blind $3
*** HOLE CARDS ***
davyyyyyyy: raises $3 to $6
craaa: calls $3
*** FLOP *** [3s Qc 9d]
craaa: checks
davyyyyyyy: checks
*** TURN *** [3s Qc 9d] [Kc]
craaa: bets $6
davyyyyyyy: calls $6
*** RIVER *** [3s Qc 9d Kc] [Ks]
craaa: checks
davyyyyyyy: bets $6
craaa: folds
Uncalled bet ($6) returned to davyyyyyyy
davyyyyyyy collected $23.52 from pot
*** SUMMARY ***
Total pot $24 | Rake $0.48
Board [3s Qc 9d Kc Ks]
Seat 1: davyyyyyyy (button) (small blind) collected ($23.52)
Seat 2: craaa (big blind) folded on the River


PokerStars Hand #152521881550:  Hold'em Limit ($3/$6 USD) - 2016/04/27 11:49:23 ET
Table 'Dorothea' 6-max Seat #2 is the button
Seat 1: davyyyyyyy ($70.54 in chips)
Seat 2: craaa ($97.16 in chips)
craaa: posts small blind $1
davyyyyyyy: posts big blind $3
*** HOLE CARDS ***
craaa: raises $3 to $6
davyyyyyyy: folds
Uncalled bet ($3) returned to craaa
craaa collected $6 from pot
craaa: doesn't show hand
*** SUMMARY ***
Total pot $6 | Rake $0
Seat 1: davyyyyyyy (big blind) folded before Flop
Seat 2: craaa (button) (small blind) collected ($6)


PokerStars Hand #152521850597:  Hold'em Limit ($3/$6 USD) - 2016/04/27 11:48:39 ET
Table 'Dorothea' 6-max Seat #1 is the button
Seat 1: davyyyyyyy ($64.78 in chips)
Seat 2: craaa ($103.16 in chips)
davyyyyyyy: posts small blind $1
craaa: posts big blind $3
*** HOLE CARDS ***
davyyyyyyy: raises $3 to $6
craaa: calls $3
*** FLOP *** [As Kh 9s]
craaa: checks
davyyyyyyy: checks
*** TURN *** [As Kh 9s] [Kc]
craaa: checks
davyyyyyyy: bets $6
craaa: folds
Uncalled bet ($6) returned to davyyyyyyy
davyyyyyyy collected $11.76 from pot
*** SUMMARY ***
Total pot $12 | Rake $0.24
Board [As Kh 9s Kc]
Seat 1: davyyyyyyy (button) (small blind) collected ($11.76)
Seat 2: craaa (big blind) folded on the Turn


PokerStars Hand #152521937759:  Hold'em Limit ($3/$6 USD) - 2016/04/27 11:50:45 ET
Table 'Dorothea' 6-max Seat #1 is the button
Seat 1: davyyyyyyy ($87.70 in chips)
Seat 2: craaa ($79.16 in chips)
davyyyyyyy: posts small blind $1
craaa: posts big blind $3
*** HOLE CARDS ***
davyyyyyyy: raises $3 to $6
craaa: folds
Uncalled bet ($3) returned to davyyyyyyy
davyyyyyyy collected $6 from pot
SmellyToes4u joins the table at seat #4
*** SUMMARY ***
Total pot $6 | Rake $0
Seat 1: davyyyyyyy (button) (small blind) collected ($6)
Seat 2: craaa (big blind) folded before Flop


PokerStars Hand #152521904366:  Hold'em Limit ($3/$6 USD) - 2016/04/27 11:49:57 ET
Table 'Dorothea' 6-max Seat #2 is the button
Seat 1: davyyyyyyy ($79.06 in chips)
Seat 2: craaa ($88.16 in chips)
craaa: posts small blind $1
davyyyyyyy: posts big blind $3
*** HOLE CARDS ***
Thijsje1200 joins the table at seat #3
craaa: raises $3 to $6
davyyyyyyy: calls $3
*** FLOP *** [3d 2c Jc]
davyyyyyyy: checks
craaa: bets $3
davyyyyyyy: calls $3
*** TURN *** [3d 2c Jc] [2h]
davyyyyyyy: checks
craaa: checks
*** RIVER *** [3d 2c Jc 2h] [Ah]
davyyyyyyy: checks
craaa: checks
*** SHOW DOWN ***
davyyyyyyy: shows [Jd Qd] (two pair, Jacks and Deuces)
craaa: mucks hand
davyyyyyyy collected $17.64 from pot
*** SUMMARY ***
Total pot $18 | Rake $0.36
Board [3d 2c Jc 2h Ah]
Seat 1: davyyyyyyy (big blind) showed [Jd Qd] and won ($17.64) with two pair, Jacks and Deuces
Seat 2: craaa (button) (small blind) mucked


PokerStars Hand #152522803211:  Hold'em Limit ($3/$6 USD) - 2016/04/27 12:11:43 ET
Table 'Dorothea' 6-max Seat #3 is the button
Seat 3: Grieserix ($173.24 in chips)
Seat 5: LolDnkaments ($72 in chips)
Grieserix: posts small blind $1
SmellyToes4u: is sitting out
LolDnkaments: posts big blind $3
*** HOLE CARDS ***
Grieserix: folds
Uncalled bet ($2) returned to LolDnkaments
LolDnkaments collected $2 from pot
LolDnkaments: doesn't show hand
SmellyToes4u leaves the table
*** SUMMARY ***
Total pot $2 | Rake $0
Seat 3: Grieserix (button) (small blind) folded before Flop
Seat 5: LolDnkaments (big blind) collected ($2)


PokerStars Hand #152522806485:  Hold'em Limit ($3/$6 USD) - 2016/04/27 12:11:47 ET
Table 'Dorothea' 6-max Seat #5 is the button
Seat 3: Grieserix ($172.24 in chips)
Seat 5: LolDnkaments ($73 in chips)
LolDnkaments: posts small blind $1
Grieserix: posts big blind $3
*** HOLE CARDS ***
LolDnkaments: raises $3 to $6
Grieserix: calls $3
*** FLOP *** [Qs 4s 2h]
Grieserix: checks
LolDnkaments: bets $3
Grieserix: folds
Uncalled bet ($3) returned to LolDnkaments
davyyyyyyy joins the table at seat #6
LolDnkaments collected $11.76 from pot
LolDnkaments: doesn't show hand
*** SUMMARY ***
Total pot $12 | Rake $0.24
Board [Qs 4s 2h]
Seat 3: Grieserix (big blind) folded on the Flop
Seat 5: LolDnkaments (button) (small blind) collected ($11.76)


PokerStars Hand #152524935398:  Hold'em Limit ($3/$6 USD) - 2016/04/27 12:59:34 ET
Table 'Dorothea' 6-max Seat #1 is the button
Seat 1: kitchikarpov ($55.65 in chips)
Seat 4: vestimokrec ($152.75 in chips)
kitchikarpov: posts small blind $1
vestimokrec: posts big blind $3
*** HOLE CARDS ***
kitchikarpov: folds
Uncalled bet ($2) returned to vestimokrec
vestimokrec collected $2 from pot
vestimokrec: doesn't show hand
*** SUMMARY ***
Total pot $2 | Rake $0
Seat 1: kitchikarpov (button) (small blind) folded before Flop
Seat 4: vestimokrec (big blind) collected ($2)


PokerStars Hand #152524912045:  Hold'em Limit ($3/$6 USD) - 2016/04/27 12:58:58 ET
Table 'Dorothea' 6-max Seat #4 is the button
Seat 1: kitchikarpov ($76.65 in chips)
Seat 4: vestimokrec ($132.25 in chips)
vestimokrec: posts small blind $1
LolDnkaments: is sitting out
SmellyToes4u: is sitting out
kitchikarpov: posts big blind $3
*** HOLE CARDS ***
SmellyToes4u leaves the table
LolDnkaments leaves the table
vestimokrec: raises $3 to $6
kitchikarpov: calls $3
*** FLOP *** [3d 4s 2h]
kitchikarpov: checks
vestimokrec: bets $3
kitchikarpov: calls $3
*** TURN *** [3d 4s 2h] [8h]
kitchikarpov: checks
vestimokrec: checks
*** RIVER *** [3d 4s 2h 8h] [9s]
kitchikarpov: bets $6
vestimokrec: raises $6 to $12
kitchikarpov: calls $6
*** SHOW DOWN ***
vestimokrec: shows [9d Jd] (a pair of Nines)
kitchikarpov: mucks hand
vestimokrec collected $41.50 from pot
*** SUMMARY ***
Total pot $42 | Rake $0.50
Board [3d 4s 2h 8h 9s]
Seat 1: kitchikarpov (big blind) mucked
Seat 4: vestimokrec (button) (small blind) showed [9d Jd] and won ($41.50) with a pair of Nines


PokerStars Hand #152524966853:  Hold'em Limit ($3/$6 USD) - 2016/04/27 13:00:22 ET
Table 'Dorothea' 6-max Seat #1 is the button
Seat 1: kitchikarpov ($78.15 in chips)
Seat 4: vestimokrec ($129.75 in chips)
kitchikarpov: posts small blind $1
vestimokrec: posts big blind $3
*** HOLE CARDS ***
kitchikarpov: raises $3 to $6
vestimokrec: calls $3
*** FLOP *** [4c 8s 9d]
vestimokrec: checks
kitchikarpov: bets $3
vestimokrec: folds
Uncalled bet ($3) returned to kitchikarpov
kitchikarpov collected $11.76 from pot
*** SUMMARY ***
Total pot $12 | Rake $0.24
Board [4c 8s 9d]
Seat 1: kitchikarpov (button) (small blind) collected ($11.76)
Seat 4: vestimokrec (big blind) folded on the Flop


PokerStars Hand #152524974567:  Hold'em Limit ($3/$6 USD) - 2016/04/27 13:00:34 ET
Table 'Dorothea' 6-max Seat #4 is the button
Seat 1: kitchikarpov ($83.91 in chips)
Seat 4: vestimokrec ($123.75 in chips)
vestimokrec: posts small blind $1
kitchikarpov: posts big blind $3
*** HOLE CARDS ***
vestimokrec: raises $3 to $6
kitchikarpov: calls $3
*** FLOP *** [7c 6d 2s]
kitchikarpov: checks
vestimokrec: checks
*** TURN *** [7c 6d 2s] [9d]
kitchikarpov: bets $6
vestimokrec: calls $6
*** RIVER *** [7c 6d 2s 9d] [4d]
kitchikarpov: bets $6
vestimokrec: folds
Uncalled bet ($6) returned to kitchikarpov
kitchikarpov collected $23.52 from pot
*** SUMMARY ***
Total pot $24 | Rake $0.48
Board [7c 6d 2s 9d 4d]
Seat 1: kitchikarpov (big blind) collected ($23.52)
Seat 4: vestimokrec (button) (small blind) folded on the River


PokerStars Hand #152524938358:  Hold'em Limit ($3/$6 USD) - 2016/04/27 12:59:39 ET
Table 'Dorothea' 6-max Seat #4 is the button
Seat 1: kitchikarpov ($54.65 in chips)
Seat 4: vestimokrec ($153.75 in chips)
vestimokrec: posts small blind $1
kitchikarpov: posts big blind $3
*** HOLE CARDS ***
vestimokrec: raises $3 to $6
kitchikarpov: raises $3 to $9
vestimokrec: calls $3
*** FLOP *** [3s Jh 7c]
kitchikarpov: bets $3
vestimokrec: calls $3
*** TURN *** [3s Jh 7c] [8s]
kitchikarpov: checks
vestimokrec: bets $6
kitchikarpov: raises $6 to $12
vestimokrec: calls $6
*** RIVER *** [3s Jh 7c 8s] [Ts]
kitchikarpov: bets $6
vestimokrec: folds
Uncalled bet ($6) returned to kitchikarpov
kitchikarpov collected $47.50 from pot
*** SUMMARY ***
Total pot $48 | Rake $0.50
Board [3s Jh 7c 8s Ts]
Seat 1: kitchikarpov (big blind) collected ($47.50)
Seat 4: vestimokrec (button) (small blind) folded on the River


PokerStars Hand #152524995321:  Hold'em Limit ($3/$6 USD) - 2016/04/27 13:01:04 ET
Table 'Dorothea' 6-max Seat #1 is the button
Seat 1: kitchikarpov ($95.43 in chips)
Seat 4: vestimokrec ($120 in chips)
kitchikarpov: posts small blind $1
vestimokrec: posts big blind $3
*** HOLE CARDS ***
kitchikarpov: calls $2
vestimokrec: checks
*** FLOP *** [7d 5s 3d]
vestimokrec: checks
kitchikarpov: bets $3
vestimokrec: raises $3 to $6
kitchikarpov: calls $3
*** TURN *** [7d 5s 3d] [2d]
vestimokrec: bets $6
kitchikarpov: raises $6 to $12
vestimokrec: calls $6
*** RIVER *** [7d 5s 3d 2d] [6h]
vestimokrec: checks
kitchikarpov: bets $6
vestimokrec: folds
Uncalled bet ($6) returned to kitchikarpov
kitchikarpov collected $41.50 from pot
*** SUMMARY ***
Total pot $42 | Rake $0.50
Board [7d 5s 3d 2d 6h]
Seat 1: kitchikarpov (button) (small blind) collected ($41.50)
Seat 4: vestimokrec (big blind) folded on the River


PokerStars Hand #152525033719:  Hold'em Limit ($3/$6 USD) - 2016/04/27 13:01:57 ET
Table 'Dorothea' 6-max Seat #4 is the button
Seat 1: kitchikarpov ($115.93 in chips)
Seat 4: vestimokrec ($120 in chips)
vestimokrec: posts small blind $1
kitchikarpov: posts big blind $3
*** HOLE CARDS ***
vestimokrec: raises $3 to $6
kitchikarpov: calls $3
*** FLOP *** [2h 4d 7h]
kitchikarpov: checks
vestimokrec: bets $3
kitchikarpov: calls $3
*** TURN *** [2h 4d 7h] [2s]
kitchikarpov: checks
vestimokrec: bets $6
kitchikarpov: raises $6 to $12
vestimokrec: calls $6
*** RIVER *** [2h 4d 7h 2s] [Tc]
kitchikarpov: bets $6
vestimokrec: calls $6
*** SHOW DOWN ***
kitchikarpov: shows [9h 7d] (two pair, Sevens and Deuces)
vestimokrec: mucks hand
kitchikarpov collected $53.50 from pot
*** SUMMARY ***
Total pot $54 | Rake $0.50
Board [2h 4d 7h 2s Tc]
Seat 1: kitchikarpov (big blind) showed [9h 7d] and won ($53.50) with two pair, Sevens and Deuces
Seat 4: vestimokrec (button) (small blind) mucked


