PokerStars Hand #173107389432:  Hold'em Limit ($3/$6 USD) - 2017/07/16 11:35:58 ET
Table 'Draco' 6-max Seat #4 is the button
Seat 3: 4iginark ($77 in chips)
Seat 4: Agrotait ($73 in chips)
Agrotait: posts small blind $1
4iginark: posts big blind $3
*** HOLE CARDS ***
Agrotait: raises $3 to $6
4iginark: folds
Uncalled bet ($3) returned to Agrotait
Agrotait collected $6 from pot
Agrotait: doesn't show hand
*** SUMMARY ***
Total pot $6 | Rake $0
Seat 3: 4iginark (big blind) folded before Flop
Seat 4: Agrotait (button) (small blind) collected ($6)


PokerStars Hand #173107384231:  Hold'em Limit ($3/$6 USD) - 2017/07/16 11:35:50 ET
Table 'Draco' 6-max Seat #3 is the button
Seat 3: 4iginark ($78 in chips)
Seat 4: Agrotait ($72 in chips)
4iginark: posts small blind $1
Agrotait: posts big blind $3
*** HOLE CARDS ***
4iginark: folds
Uncalled bet ($2) returned to Agrotait
Agrotait collected $2 from pot
Agrotait: doesn't show hand
*** SUMMARY ***
Total pot $2 | Rake $0
Seat 3: 4iginark (button) (small blind) folded before Flop
Seat 4: Agrotait (big blind) collected ($2)


PokerStars Hand #173107393692:  Hold'em Limit ($3/$6 USD) - 2017/07/16 11:36:04 ET
Table 'Draco' 6-max Seat #3 is the button
Seat 3: 4iginark ($74 in chips)
Seat 4: Agrotait ($76 in chips)
4iginark: posts small blind $1
Agrotait: posts big blind $3
*** HOLE CARDS ***
4iginark: calls $2
Agrotait: checks
*** FLOP *** [5h 3s Ac]
Agrotait: bets $3
4iginark: calls $3
*** TURN *** [5h 3s Ac] [5c]
Agrotait: checks
4iginark: bets $6
Agrotait: calls $6
*** RIVER *** [5h 3s Ac 5c] [3c]
Agrotait: checks
4iginark: checks
*** SHOW DOWN ***
Agrotait: shows [9d 3d] (a full house, Threes full of Fives)
4iginark: mucks hand
Agrotait collected $23.52 from pot
*** SUMMARY ***
Total pot $24 | Rake $0.48
Board [5h 3s Ac 5c 3c]
Seat 3: 4iginark (button) (small blind) mucked
Seat 4: Agrotait (big blind) showed [9d 3d] and won ($23.52) with a full house, Threes full of Fives


PokerStars Hand #173107412200:  Hold'em Limit ($3/$6 USD) - 2017/07/16 11:36:31 ET
Table 'Draco' 6-max Seat #4 is the button
Seat 3: 4iginark ($62 in chips)
Seat 4: Agrotait ($87.52 in chips)
Agrotait: posts small blind $1
4iginark: posts big blind $3
*** HOLE CARDS ***
Agrotait: folds
Uncalled bet ($2) returned to 4iginark
4iginark collected $2 from pot
4iginark: doesn't show hand
*** SUMMARY ***
Total pot $2 | Rake $0
Seat 3: 4iginark (big blind) collected ($2)
Seat 4: Agrotait (button) (small blind) folded before Flop


PokerStars Hand #173107416745:  Hold'em Limit ($3/$6 USD) - 2017/07/16 11:36:38 ET
Table 'Draco' 6-max Seat #3 is the button
Seat 3: 4iginark ($63 in chips)
Seat 4: Agrotait ($86.52 in chips)
4iginark: posts small blind $1
Agrotait: posts big blind $3
*** HOLE CARDS ***
4iginark: raises $3 to $6
Agrotait: calls $3
*** FLOP *** [Ad Qh 7d]
Agrotait: checks
4iginark: bets $3
Agrotait: folds
Uncalled bet ($3) returned to 4iginark
4iginark collected $11.76 from pot
4iginark: doesn't show hand
*** SUMMARY ***
Total pot $12 | Rake $0.24
Board [Ad Qh 7d]
Seat 3: 4iginark (button) (small blind) collected ($11.76)
Seat 4: Agrotait (big blind) folded on the Flop


PokerStars Hand #173107425538:  Hold'em Limit ($3/$6 USD) - 2017/07/16 11:36:50 ET
Table 'Draco' 6-max Seat #4 is the button
Seat 3: 4iginark ($68.76 in chips)
Seat 4: Agrotait ($80.52 in chips)
Agrotait: posts small blind $1
4iginark: posts big blind $3
*** HOLE CARDS ***
Agrotait: raises $3 to $6
4iginark: calls $3
*** FLOP *** [8h Ks Qs]
4iginark: checks
Agrotait: bets $3
4iginark: folds
Uncalled bet ($3) returned to Agrotait
Agrotait collected $11.76 from pot
Agrotait: doesn't show hand
*** SUMMARY ***
Total pot $12 | Rake $0.24
Board [8h Ks Qs]
Seat 3: 4iginark (big blind) folded on the Flop
Seat 4: Agrotait (button) (small blind) collected ($11.76)


PokerStars Hand #173107452261:  Hold'em Limit ($3/$6 USD) - 2017/07/16 11:37:29 ET
Table 'Draco' 6-max Seat #3 is the button
Seat 3: 4iginark ($83.26 in chips)
Seat 4: Agrotait ($65.28 in chips)
4iginark: posts small blind $1
Agrotait: posts big blind $3
*** HOLE CARDS ***
4iginark: raises $3 to $6
Agrotait: raises $3 to $9
4iginark: raises $3 to $12
Betting is capped
Agrotait: calls $3
*** FLOP *** [7h Ad Qh]
Agrotait: checks
4iginark: bets $3
Agrotait: calls $3
*** TURN *** [7h Ad Qh] [8d]
Agrotait: checks
4iginark: checks
*** RIVER *** [7h Ad Qh 8d] [4s]
Agrotait: checks
4iginark: checks
*** SHOW DOWN ***
Agrotait: shows [9h 8h] (a pair of Eights)
4iginark: shows [Kh Qd] (a pair of Queens)
4iginark collected $29.50 from pot
*** SUMMARY ***
Total pot $30 | Rake $0.50
Board [7h Ad Qh 8d 4s]
Seat 3: 4iginark (button) (small blind) showed [Kh Qd] and won ($29.50) with a pair of Queens
Seat 4: Agrotait (big blind) showed [9h 8h] and lost with a pair of Eights


PokerStars Hand #173107498821:  Hold'em Limit ($3/$6 USD) - 2017/07/16 11:38:37 ET
Table 'Draco' 6-max Seat #3 is the button
Seat 3: 4iginark ($145.76 in chips)
Seat 4: Agrotait ($71 in chips)
4iginark: posts small blind $1
Agrotait: posts big blind $3
*** HOLE CARDS ***
4iginark: folds
Uncalled bet ($2) returned to Agrotait
Agrotait collected $2 from pot
Agrotait: doesn't show hand
*** SUMMARY ***
Total pot $2 | Rake $0
Seat 3: 4iginark (button) (small blind) folded before Flop
Seat 4: Agrotait (big blind) collected ($2)


PokerStars Hand #173107495230:  Hold'em Limit ($3/$6 USD) - 2017/07/16 11:38:32 ET
Table 'Draco' 6-max Seat #4 is the button
Seat 3: 4iginark ($144.76 in chips)
Seat 4: Agrotait ($72 in chips)
Agrotait: posts small blind $1
4iginark: posts big blind $3
*** HOLE CARDS ***
Agrotait: folds
Uncalled bet ($2) returned to 4iginark
4iginark collected $2 from pot
4iginark: doesn't show hand
*** SUMMARY ***
Total pot $2 | Rake $0
Seat 3: 4iginark (big blind) collected ($2)
Seat 4: Agrotait (button) (small blind) folded before Flop


PokerStars Hand #173107480976:  Hold'em Limit ($3/$6 USD) - 2017/07/16 11:38:11 ET
Table 'Draco' 6-max Seat #3 is the button
Seat 3: 4iginark ($124.26 in chips)
Seat 4: Agrotait ($72 in chips)
4iginark: posts small blind $1
Agrotait: posts big blind $3
*** HOLE CARDS ***
4iginark: raises $3 to $6
Agrotait: calls $3
*** FLOP *** [Ac Qc 7c]
Agrotait: checks
4iginark: bets $3
Agrotait: calls $3
*** TURN *** [Ac Qc 7c] [9h]
Agrotait: checks
4iginark: bets $6
Agrotait: calls $6
*** RIVER *** [Ac Qc 7c 9h] [2s]
Agrotait: checks
4iginark: bets $6
Agrotait: calls $6
*** SHOW DOWN ***
4iginark: shows [4d Ah] (a pair of Aces)
Agrotait: mucks hand
4iginark collected $41.50 from pot
*** SUMMARY ***
Total pot $42 | Rake $0.50
Board [Ac Qc 7c 9h 2s]
Seat 3: 4iginark (button) (small blind) showed [4d Ah] and won ($41.50) with a pair of Aces
Seat 4: Agrotait (big blind) mucked


PokerStars Hand #173107502223:  Hold'em Limit ($3/$6 USD) - 2017/07/16 11:38:42 ET
Table 'Draco' 6-max Seat #4 is the button
Seat 3: 4iginark ($144.76 in chips)
Seat 4: Agrotait ($72 in chips)
Agrotait: posts small blind $1
4iginark: posts big blind $3
*** HOLE CARDS ***
Agrotait: raises $3 to $6
4iginark: folds
Uncalled bet ($3) returned to Agrotait
Agrotait collected $6 from pot
Agrotait: doesn't show hand
*** SUMMARY ***
Total pot $6 | Rake $0
Seat 3: 4iginark (big blind) folded before Flop
Seat 4: Agrotait (button) (small blind) collected ($6)


PokerStars Hand #173107530638:  Hold'em Limit ($3/$6 USD) - 2017/07/16 11:39:23 ET
Table 'Draco' 6-max Seat #4 is the button
Seat 3: 4iginark ($146.26 in chips)
Seat 4: Agrotait ($69.64 in chips)
Agrotait: posts small blind $1
4iginark: posts big blind $3
*** HOLE CARDS ***
Agrotait: folds
Uncalled bet ($2) returned to 4iginark
4iginark collected $2 from pot
4iginark: doesn't show hand
*** SUMMARY ***
Total pot $2 | Rake $0
Seat 3: 4iginark (big blind) collected ($2)
Seat 4: Agrotait (button) (small blind) folded before Flop


PokerStars Hand #173107527369:  Hold'em Limit ($3/$6 USD) - 2017/07/16 11:39:18 ET
Table 'Draco' 6-max Seat #3 is the button
Seat 3: 4iginark ($147.26 in chips)
Seat 4: Agrotait ($68.64 in chips)
4iginark: posts small blind $1
Agrotait: posts big blind $3
*** HOLE CARDS ***
4iginark: folds
Uncalled bet ($2) returned to Agrotait
Agrotait collected $2 from pot
Agrotait: doesn't show hand
*** SUMMARY ***
Total pot $2 | Rake $0
Seat 3: 4iginark (button) (small blind) folded before Flop
Seat 4: Agrotait (big blind) collected ($2)


PokerStars Hand #173107517733:  Hold'em Limit ($3/$6 USD) - 2017/07/16 11:39:04 ET
Table 'Draco' 6-max Seat #4 is the button
Seat 3: 4iginark ($132.76 in chips)
Seat 4: Agrotait ($83.64 in chips)
Agrotait: posts small blind $1
4iginark: posts big blind $3
*** HOLE CARDS ***
Agrotait: raises $3 to $6
4iginark: calls $3
*** FLOP *** [8s 4h 9h]
4iginark: checks
Agrotait: bets $3
4iginark: calls $3
*** TURN *** [8s 4h 9h] [6s]
4iginark: checks
Agrotait: checks
*** RIVER *** [8s 4h 9h 6s] [Js]
4iginark: bets $6
Agrotait: calls $6
*** SHOW DOWN ***
4iginark: shows [8h Ks] (a pair of Eights)
Agrotait: mucks hand
4iginark collected $29.50 from pot
*** SUMMARY ***
Total pot $30 | Rake $0.50
Board [8s 4h 9h 6s Js]
Seat 3: 4iginark (big blind) showed [8h Ks] and won ($29.50) with a pair of Eights
Seat 4: Agrotait (button) (small blind) mucked


PokerStars Hand #173107509929:  Hold'em Limit ($3/$6 USD) - 2017/07/16 11:38:53 ET
Table 'Draco' 6-max Seat #3 is the button
Seat 3: 4iginark ($141.76 in chips)
Seat 4: Agrotait ($75 in chips)
4iginark: posts small blind $1
Agrotait: posts big blind $3
*** HOLE CARDS ***
4iginark: raises $3 to $6
Agrotait: raises $3 to $9
4iginark: calls $3
*** FLOP *** [6h Ks Qd]
Agrotait: bets $3
4iginark: folds
Uncalled bet ($3) returned to Agrotait
Agrotait collected $17.64 from pot
Agrotait: doesn't show hand
*** SUMMARY ***
Total pot $18 | Rake $0.36
Board [6h Ks Qd]
Seat 3: 4iginark (button) (small blind) folded on the Flop
Seat 4: Agrotait (big blind) collected ($17.64)


PokerStars Hand #173107552611:  Hold'em Limit ($3/$6 USD) - 2017/07/16 11:39:55 ET
Table 'Draco' 6-max Seat #4 is the button
Seat 3: 4iginark ($158.78 in chips)
Seat 4: Agrotait ($72 in chips)
Agrotait: posts small blind $1
4iginark: posts big blind $3
*** HOLE CARDS ***
Agrotait: raises $3 to $6
4iginark: calls $3
*** FLOP *** [5s 8c 2h]
4iginark: checks
Agrotait: bets $3
4iginark: calls $3
*** TURN *** [5s 8c 2h] [5c]
4iginark: checks
Agrotait: bets $6
4iginark: raises $6 to $12
Agrotait: raises $6 to $18
4iginark: calls $6
*** RIVER *** [5s 8c 2h 5c] [Kd]
4iginark: checks
Agrotait: bets $6
4iginark: calls $6
*** SHOW DOWN ***
Agrotait: shows [5h Qs] (three of a kind, Fives)
4iginark: mucks hand
Agrotait collected $65.50 from pot
*** SUMMARY ***
Total pot $66 | Rake $0.50
Board [5s 8c 2h 5c Kd]
Seat 3: 4iginark (big blind) mucked
Seat 4: Agrotait (button) (small blind) showed [5h Qs] and won ($65.50) with three of a kind, Fives


PokerStars Hand #173107575067:  Hold'em Limit ($3/$6 USD) - 2017/07/16 11:40:28 ET
Table 'Draco' 6-max Seat #4 is the button
Seat 3: 4iginark ($128.78 in chips)
Seat 4: Agrotait ($101.50 in chips)
Agrotait: posts small blind $1
4iginark: posts big blind $3
*** HOLE CARDS ***
Agrotait: raises $3 to $6
4iginark: raises $3 to $9
Agrotait: calls $3
*** FLOP *** [Ah Js 4s]
4iginark: bets $3
Agrotait: calls $3
*** TURN *** [Ah Js 4s] [8s]
4iginark: bets $6
Agrotait: calls $6
*** RIVER *** [Ah Js 4s 8s] [3c]
4iginark: bets $6
Agrotait: calls $6
*** SHOW DOWN ***
4iginark: shows [7s Ad] (a pair of Aces)
Agrotait: mucks hand
4iginark collected $47.50 from pot
*** SUMMARY ***
Total pot $48 | Rake $0.50
Board [Ah Js 4s 8s 3c]
Seat 3: 4iginark (big blind) showed [7s Ad] and won ($47.50) with a pair of Aces
Seat 4: Agrotait (button) (small blind) mucked


PokerStars Hand #173107534671:  Hold'em Limit ($3/$6 USD) - 2017/07/16 11:39:29 ET
Table 'Draco' 6-max Seat #3 is the button
Seat 3: 4iginark ($147.26 in chips)
Seat 4: Agrotait ($68.64 in chips)
4iginark: posts small blind $1
Agrotait: posts big blind $3
*** HOLE CARDS ***
4iginark: raises $3 to $6
Agrotait: calls $3
*** FLOP *** [7h 6h 5h]
Agrotait: checks
4iginark: bets $3
Agrotait: raises $3 to $6
4iginark: calls $3
*** TURN *** [7h 6h 5h] [7d]
Agrotait: checks
4iginark: checks
*** RIVER *** [7h 6h 5h 7d] [6d]
Agrotait: checks
4iginark: bets $6
Agrotait: folds
Uncalled bet ($6) returned to 4iginark
4iginark collected $23.52 from pot
4iginark: doesn't show hand
*** SUMMARY ***
Total pot $24 | Rake $0.48
Board [7h 6h 5h 7d 6d]
Seat 3: 4iginark (button) (small blind) collected ($23.52)
Seat 4: Agrotait (big blind) folded on the River


PokerStars Hand #173107590224:  Hold'em Limit ($3/$6 USD) - 2017/07/16 11:40:50 ET
Table 'Draco' 6-max Seat #4 is the button
Seat 3: 4iginark ($151.28 in chips)
Seat 4: Agrotait ($78.50 in chips)
Agrotait: posts small blind $1
4iginark: posts big blind $3
*** HOLE CARDS ***
Agrotait: raises $3 to $6
4iginark: folds
Uncalled bet ($3) returned to Agrotait
Agrotait collected $6 from pot
Agrotait: doesn't show hand
4iginark leaves the table
*** SUMMARY ***
Total pot $6 | Rake $0
Seat 3: 4iginark (big blind) folded before Flop
Seat 4: Agrotait (button) (small blind) collected ($6)


PokerStars Hand #173107586917:  Hold'em Limit ($3/$6 USD) - 2017/07/16 11:40:45 ET
Table 'Draco' 6-max Seat #3 is the button
Seat 3: 4iginark ($152.28 in chips)
Seat 4: Agrotait ($77.50 in chips)
4iginark: posts small blind $1
Agrotait: posts big blind $3
*** HOLE CARDS ***
4iginark: folds
Uncalled bet ($2) returned to Agrotait
Agrotait collected $2 from pot
Agrotait: doesn't show hand
*** SUMMARY ***
Total pot $2 | Rake $0
Seat 3: 4iginark (button) (small blind) folded before Flop
Seat 4: Agrotait (big blind) collected ($2)


