PokerStars Hand #147137200374:  Hold'em Limit ($3/$6 USD) - 2016/01/16 10:38:47 ET
Table 'Draco II' 2-max Seat #1 is the button
Seat 1: vityapops ($128.64 in chips)
Seat 2: Bastenok ($231 in chips)
vityapops: posts small blind $1
Bastenok: posts big blind $3
*** HOLE CARDS ***
vityapops: raises $3 to $6
Bastenok: folds
Uncalled bet ($3) returned to vityapops
vityapops collected $6 from pot
vityapops: doesn't show hand
*** SUMMARY ***
Total pot $6 | Rake $0
Seat 1: vityapops (button) (small blind) collected ($6)
Seat 2: Bastenok (big blind) folded before Flop


PokerStars Hand #147137173173:  Hold'em Limit ($3/$6 USD) - 2016/01/16 10:38:16 ET
Table 'Draco II' 2-max Seat #2 is the button
Seat 1: vityapops ($120 in chips)
Seat 2: Bastenok ($240 in chips)
Bastenok: posts small blind $1
vityapops: posts big blind $3
*** HOLE CARDS ***
Bastenok: raises $3 to $6
vityapops: calls $3
*** FLOP *** [7d 5c 4c]
vityapops: checks
Bastenok: bets $3
vityapops: calls $3
*** TURN *** [7d 5c 4c] [Tc]
vityapops: checks
Bastenok: checks
*** RIVER *** [7d 5c 4c Tc] [Qs]
vityapops: checks
Bastenok: checks
*** SHOW DOWN ***
vityapops: shows [3d 3h] (a pair of Threes)
Bastenok: mucks hand
vityapops collected $17.64 from pot
*** SUMMARY ***
Total pot $18 | Rake $0.36
Board [7d 5c 4c Tc Qs]
Seat 1: vityapops (big blind) showed [3d 3h] and won ($17.64) with a pair of Threes
Seat 2: Bastenok (button) (small blind) mucked


PokerStars Hand #147137243794:  Hold'em Limit ($3/$6 USD) - 2016/01/16 10:39:37 ET
Table 'Draco II' 2-max Seat #2 is the button
Seat 1: vityapops ($119.40 in chips)
Seat 2: Bastenok ($239.50 in chips)
Bastenok: posts small blind $1
vityapops: posts big blind $3
*** HOLE CARDS ***
Bastenok: raises $3 to $6
vityapops: folds
Uncalled bet ($3) returned to Bastenok
Bastenok collected $6 from pot
Bastenok: doesn't show hand
*** SUMMARY ***
Total pot $6 | Rake $0
Seat 1: vityapops (big blind) folded before Flop
Seat 2: Bastenok (button) (small blind) collected ($6)


PokerStars Hand #147137230238:  Hold'em Limit ($3/$6 USD) - 2016/01/16 10:39:21 ET
Table 'Draco II' 2-max Seat #1 is the button
Seat 1: vityapops ($113.64 in chips)
Seat 2: Bastenok ($245.50 in chips)
vityapops: posts small blind $1
Bastenok: posts big blind $3
*** HOLE CARDS ***
vityapops: raises $3 to $6
Bastenok: calls $3
*** FLOP *** [Jh Ts Jd]
Bastenok: checks
vityapops: checks
*** TURN *** [Jh Ts Jd] [Ac]
Bastenok: checks
vityapops: bets $6
Bastenok: folds
Uncalled bet ($6) returned to vityapops
vityapops collected $11.76 from pot
vityapops: doesn't show hand
*** SUMMARY ***
Total pot $12 | Rake $0.24
Board [Jh Ts Jd Ac]
Seat 1: vityapops (button) (small blind) collected ($11.76)
Seat 2: Bastenok (big blind) folded on the Turn


PokerStars Hand #147137224825:  Hold'em Limit ($3/$6 USD) - 2016/01/16 10:39:15 ET
Table 'Draco II' 2-max Seat #2 is the button
Seat 1: vityapops ($116.64 in chips)
Seat 2: Bastenok ($242.50 in chips)
Bastenok: posts small blind $1
vityapops: posts big blind $3
*** HOLE CARDS ***
Bastenok: raises $3 to $6
vityapops: folds
Uncalled bet ($3) returned to Bastenok
Bastenok collected $6 from pot
Bastenok: doesn't show hand
*** SUMMARY ***
Total pot $6 | Rake $0
Seat 1: vityapops (big blind) folded before Flop
Seat 2: Bastenok (button) (small blind) collected ($6)


PokerStars Hand #147137219768:  Hold'em Limit ($3/$6 USD) - 2016/01/16 10:39:09 ET
Table 'Draco II' 2-max Seat #1 is the button
Seat 1: vityapops ($113.64 in chips)
Seat 2: Bastenok ($245.50 in chips)
vityapops: posts small blind $1
Bastenok: posts big blind $3
*** HOLE CARDS ***
vityapops: raises $3 to $6
Bastenok: folds
Uncalled bet ($3) returned to vityapops
vityapops collected $6 from pot
vityapops: doesn't show hand
*** SUMMARY ***
Total pot $6 | Rake $0
Seat 1: vityapops (button) (small blind) collected ($6)
Seat 2: Bastenok (big blind) folded before Flop


PokerStars Hand #147137205339:  Hold'em Limit ($3/$6 USD) - 2016/01/16 10:38:53 ET
Table 'Draco II' 2-max Seat #2 is the button
Seat 1: vityapops ($131.64 in chips)
Seat 2: Bastenok ($228 in chips)
Bastenok: posts small blind $1
vityapops: posts big blind $3
*** HOLE CARDS ***
Bastenok: raises $3 to $6
vityapops: calls $3
*** FLOP *** [7c Kd 3s]
vityapops: checks
Bastenok: bets $3
vityapops: raises $3 to $6
Bastenok: calls $3
*** TURN *** [7c Kd 3s] [7d]
vityapops: bets $6
Bastenok: calls $6
*** RIVER *** [7c Kd 3s 7d] [Ac]
vityapops: checks
Bastenok: checks
*** SHOW DOWN ***
vityapops: shows [Td Jc] (a pair of Sevens)
Bastenok: shows [3d Qc] (two pair, Sevens and Threes)
Bastenok collected $35.50 from pot
*** SUMMARY ***
Total pot $36 | Rake $0.50
Board [7c Kd 3s 7d Ac]
Seat 1: vityapops (big blind) showed [Td Jc] and lost with a pair of Sevens
Seat 2: Bastenok (button) (small blind) showed [3d Qc] and won ($35.50) with two pair, Sevens and Threes


PokerStars Hand #147137295598:  Hold'em Limit ($3/$6 USD) - 2016/01/16 10:40:37 ET
Table 'Draco II' 2-max Seat #2 is the button
Seat 1: vityapops ($107.80 in chips)
Seat 2: Bastenok ($249.64 in chips)
Bastenok: posts small blind $1
vityapops: posts big blind $3
*** HOLE CARDS ***
Bastenok: raises $3 to $6
vityapops: calls $3
*** FLOP *** [9s 5s 2d]
vityapops: checks
Bastenok: bets $3
vityapops: calls $3
*** TURN *** [9s 5s 2d] [2h]
vityapops: checks
Bastenok: checks
*** RIVER *** [9s 5s 2d 2h] [5d]
vityapops: bets $6
Bastenok: calls $6
*** SHOW DOWN ***
vityapops: shows [4s Qh] (two pair, Fives and Deuces)
Bastenok: shows [Kh Ts] (two pair, Fives and Deuces - King kicker)
Bastenok collected $29.50 from pot
*** SUMMARY ***
Total pot $30 | Rake $0.50
Board [9s 5s 2d 2h 5d]
Seat 1: vityapops (big blind) showed [4s Qh] and lost with two pair, Fives and Deuces
Seat 2: Bastenok (button) (small blind) showed [Kh Ts] and won ($29.50) with two pair, Fives and Deuces


PokerStars Hand #147137288214:  Hold'em Limit ($3/$6 USD) - 2016/01/16 10:40:29 ET
Table 'Draco II' 2-max Seat #1 is the button
Seat 1: vityapops ($102.04 in chips)
Seat 2: Bastenok ($255.64 in chips)
vityapops: posts small blind $1
Bastenok: posts big blind $3
*** HOLE CARDS ***
vityapops: raises $3 to $6
Bastenok: calls $3
*** FLOP *** [4c 9c Kh]
Bastenok: checks
vityapops: bets $3
Bastenok: folds
Uncalled bet ($3) returned to vityapops
vityapops collected $11.76 from pot
vityapops: doesn't show hand
*** SUMMARY ***
Total pot $12 | Rake $0.24
Board [4c 9c Kh]
Seat 1: vityapops (button) (small blind) collected ($11.76)
Seat 2: Bastenok (big blind) folded on the Flop


PokerStars Hand #147137284349:  Hold'em Limit ($3/$6 USD) - 2016/01/16 10:40:24 ET
Table 'Draco II' 2-max Seat #2 is the button
Seat 1: vityapops ($101.04 in chips)
Seat 2: Bastenok ($256.64 in chips)
Bastenok: posts small blind $1
vityapops: posts big blind $3
*** HOLE CARDS ***
Bastenok: folds
Uncalled bet ($2) returned to vityapops
vityapops collected $2 from pot
vityapops: doesn't show hand
*** SUMMARY ***
Total pot $2 | Rake $0
Seat 1: vityapops (big blind) collected ($2)
Seat 2: Bastenok (button) (small blind) folded before Flop


PokerStars Hand #147137272881:  Hold'em Limit ($3/$6 USD) - 2016/01/16 10:40:11 ET
Table 'Draco II' 2-max Seat #1 is the button
Seat 1: vityapops ($110.04 in chips)
Seat 2: Bastenok ($248 in chips)
vityapops: posts small blind $1
Bastenok: posts big blind $3
*** HOLE CARDS ***
vityapops: raises $3 to $6
Bastenok: calls $3
*** FLOP *** [Ks 2s Tc]
Bastenok: checks
vityapops: bets $3
Bastenok: calls $3
*** TURN *** [Ks 2s Tc] [Kc]
Bastenok: checks
vityapops: checks
*** RIVER *** [Ks 2s Tc Kc] [8h]
Bastenok: bets $6
vityapops: folds
Uncalled bet ($6) returned to Bastenok
Bastenok collected $17.64 from pot
Bastenok: doesn't show hand
*** SUMMARY ***
Total pot $18 | Rake $0.36
Board [Ks 2s Tc Kc 8h]
Seat 1: vityapops (button) (small blind) folded on the River
Seat 2: Bastenok (big blind) collected ($17.64)


PokerStars Hand #147137261258:  Hold'em Limit ($3/$6 USD) - 2016/01/16 10:39:57 ET
Table 'Draco II' 2-max Seat #2 is the button
Seat 1: vityapops ($101.40 in chips)
Seat 2: Bastenok ($257 in chips)
Bastenok: posts small blind $1
vityapops: posts big blind $3
*** HOLE CARDS ***
Bastenok: raises $3 to $6
vityapops: calls $3
*** FLOP *** [2c Jc 6s]
vityapops: checks
Bastenok: bets $3
vityapops: calls $3
*** TURN *** [2c Jc 6s] [Ah]
vityapops: checks
Bastenok: checks
*** RIVER *** [2c Jc 6s Ah] [9c]
vityapops: checks
Bastenok: checks
*** SHOW DOWN ***
vityapops: shows [8s Kc] (high card Ace)
Bastenok: mucks hand
vityapops collected $17.64 from pot
*** SUMMARY ***
Total pot $18 | Rake $0.36
Board [2c Jc 6s Ah 9c]
Seat 1: vityapops (big blind) showed [8s Kc] and won ($17.64) with high card Ace
Seat 2: Bastenok (button) (small blind) mucked


PokerStars Hand #147137248780:  Hold'em Limit ($3/$6 USD) - 2016/01/16 10:39:43 ET
Table 'Draco II' 2-max Seat #1 is the button
Seat 1: vityapops ($116.40 in chips)
Seat 2: Bastenok ($242.50 in chips)
vityapops: posts small blind $1
Bastenok: posts big blind $3
*** HOLE CARDS ***
vityapops: raises $3 to $6
Bastenok: calls $3
*** FLOP *** [Qc Ac 3c]
Bastenok: checks
vityapops: bets $3
Bastenok: calls $3
*** TURN *** [Qc Ac 3c] [7d]
Bastenok: checks
vityapops: bets $6
Bastenok: calls $6
*** RIVER *** [Qc Ac 3c 7d] [7c]
Bastenok: bets $6
vityapops: folds
Uncalled bet ($6) returned to Bastenok
Bastenok collected $29.50 from pot
Bastenok: doesn't show hand
*** SUMMARY ***
Total pot $30 | Rake $0.50
Board [Qc Ac 3c 7d 7c]
Seat 1: vityapops (button) (small blind) folded on the River
Seat 2: Bastenok (big blind) collected ($29.50)


PokerStars Hand #147137349230:  Hold'em Limit ($3/$6 USD) - 2016/01/16 10:41:39 ET
Table 'Draco II' 2-max Seat #2 is the button
Seat 1: vityapops ($83.31 in chips)
Seat 2: Bastenok ($272.39 in chips)
Bastenok: posts small blind $1
vityapops: posts big blind $3
*** HOLE CARDS ***
Bastenok: raises $3 to $6
vityapops: raises $3 to $9
Bastenok: calls $3
*** FLOP *** [Jc 4d 5c]
vityapops: bets $3
Bastenok: calls $3
*** TURN *** [Jc 4d 5c] [7s]
vityapops: bets $6
Bastenok: calls $6
*** RIVER *** [Jc 4d 5c 7s] [5d]
vityapops: bets $6
Bastenok: calls $6
*** SHOW DOWN ***
vityapops: shows [9c 9d] (two pair, Nines and Fives)
Bastenok: mucks hand
vityapops collected $47.50 from pot
*** SUMMARY ***
Total pot $48 | Rake $0.50
Board [Jc 4d 5c 7s 5d]
Seat 1: vityapops (big blind) showed [9c 9d] and won ($47.50) with two pair, Nines and Fives
Seat 2: Bastenok (button) (small blind) mucked


PokerStars Hand #147137337815:  Hold'em Limit ($3/$6 USD) - 2016/01/16 10:41:26 ET
Table 'Draco II' 2-max Seat #1 is the button
Seat 1: vityapops ($98.31 in chips)
Seat 2: Bastenok ($257.89 in chips)
vityapops: posts small blind $1
Bastenok: posts big blind $3
*** HOLE CARDS ***
vityapops: raises $3 to $6
Bastenok: calls $3
*** FLOP *** [4s 2h 4d]
Bastenok: checks
vityapops: bets $3
Bastenok: calls $3
*** TURN *** [4s 2h 4d] [Tc]
Bastenok: checks
vityapops: checks
*** RIVER *** [4s 2h 4d Tc] [2d]
Bastenok: bets $6
vityapops: calls $6
*** SHOW DOWN ***
Bastenok: shows [6h As] (two pair, Fours and Deuces)
vityapops: mucks hand
Bastenok collected $29.50 from pot
*** SUMMARY ***
Total pot $30 | Rake $0.50
Board [4s 2h 4d Tc 2d]
Seat 1: vityapops (button) (small blind) mucked
Seat 2: Bastenok (big blind) showed [6h As] and won ($29.50) with two pair, Fours and Deuces


PokerStars Hand #147137325010:  Hold'em Limit ($3/$6 USD) - 2016/01/16 10:41:11 ET
Table 'Draco II' 2-max Seat #2 is the button
Seat 1: vityapops ($98.56 in chips)
Seat 2: Bastenok ($258.14 in chips)
Bastenok: posts small blind $1
vityapops: posts big blind $3
*** HOLE CARDS ***
Bastenok: raises $3 to $6
vityapops: calls $3
*** FLOP *** [Kh Td 8d]
vityapops: checks
Bastenok: bets $3
vityapops: calls $3
*** TURN *** [Kh Td 8d] [5c]
vityapops: checks
Bastenok: checks
*** RIVER *** [Kh Td 8d 5c] [Jh]
vityapops: bets $6
Bastenok: calls $6
*** SHOW DOWN ***
vityapops: shows [4d Js] (a pair of Jacks)
Bastenok: shows [Jc 4s] (a pair of Jacks)
vityapops collected $14.75 from pot
Bastenok collected $14.75 from pot
*** SUMMARY ***
Total pot $30 | Rake $0.50
Board [Kh Td 8d 5c Jh]
Seat 1: vityapops (big blind) showed [4d Js] and won ($14.75) with a pair of Jacks
Seat 2: Bastenok (button) (small blind) showed [Jc 4s] and won ($14.75) with a pair of Jacks


PokerStars Hand #147137316229:  Hold'em Limit ($3/$6 USD) - 2016/01/16 10:41:01 ET
Table 'Draco II' 2-max Seat #1 is the button
Seat 1: vityapops ($92.80 in chips)
Seat 2: Bastenok ($264.14 in chips)
vityapops: posts small blind $1
Bastenok: posts big blind $3
*** HOLE CARDS ***
vityapops: raises $3 to $6
Bastenok: calls $3
*** FLOP *** [7c Qd Kc]
Bastenok: checks
vityapops: checks
*** TURN *** [7c Qd Kc] [9d]
Bastenok: checks
vityapops: bets $6
Bastenok: folds
Uncalled bet ($6) returned to vityapops
vityapops collected $11.76 from pot
vityapops: doesn't show hand
*** SUMMARY ***
Total pot $12 | Rake $0.24
Board [7c Qd Kc 9d]
Seat 1: vityapops (button) (small blind) collected ($11.76)
Seat 2: Bastenok (big blind) folded on the Turn


PokerStars Hand #147137307419:  Hold'em Limit ($3/$6 USD) - 2016/01/16 10:40:51 ET
Table 'Draco II' 2-max Seat #1 is the button
Seat 1: vityapops ($92.80 in chips)
Seat 2: Bastenok ($264.14 in chips)
vityapops: posts small blind $1
Bastenok: posts big blind $3
*** HOLE CARDS ***
vityapops: raises $3 to $6
Bastenok: folds
Uncalled bet ($3) returned to vityapops
vityapops collected $6 from pot
vityapops: doesn't show hand
*** SUMMARY ***
Total pot $6 | Rake $0
Seat 1: vityapops (button) (small blind) collected ($6)
Seat 2: Bastenok (big blind) folded before Flop


