PokerStars Hand #144967433244:  Hold'em Limit ($3/$6 USD) - 2015/12/07 10:16:05 ET
Table 'Draco II' 2-max Seat #1 is the button
Seat 1: DiggErr555 ($83.52 in chips)
Seat 2: Daenarys T ($18 in chips)
DiggErr555: posts small blind $1
Daenarys T: posts big blind $3
*** HOLE CARDS ***
DiggErr555: raises $3 to $6
Daenarys T: calls $3
*** FLOP *** [5h 3s 5c]
Daenarys T: checks
DiggErr555: bets $3
Daenarys T: raises $3 to $6
DiggErr555: calls $3
*** TURN *** [5h 3s 5c] [4d]
Daenarys T: bets $6 and is all-in
DiggErr555: folds
Uncalled bet ($6) returned to Daenarys T
Daenarys T collected $23.52 from pot
*** SUMMARY ***
Total pot $24 | Rake $0.48
Board [5h 3s 5c 4d]
Seat 1: DiggErr555 (button) (small blind) folded on the Turn
Seat 2: Daenarys T (big blind) collected ($23.52)


PokerStars Hand #144967450701:  Hold'em Limit ($3/$6 USD) - 2015/12/07 10:16:28 ET
Table 'Draco II' 2-max Seat #2 is the button
Seat 1: DiggErr555 ($72 in chips)
Seat 2: Daenarys T ($29.52 in chips)
Daenarys T: posts small blind $1
DiggErr555: posts big blind $3
*** HOLE CARDS ***
Daenarys T: raises $3 to $6
DiggErr555: folds
Uncalled bet ($3) returned to Daenarys T
Daenarys T collected $6 from pot
*** SUMMARY ***
Total pot $6 | Rake $0
Seat 1: DiggErr555 (big blind) folded before Flop
Seat 2: Daenarys T (button) (small blind) collected ($6)


PokerStars Hand #144967462334:  Hold'em Limit ($3/$6 USD) - 2015/12/07 10:16:42 ET
Table 'Draco II' 2-max Seat #2 is the button
Seat 1: DiggErr555 ($77.76 in chips)
Seat 2: Daenarys T ($26.52 in chips)
Daenarys T: posts small blind $1
DiggErr555: posts big blind $3
*** HOLE CARDS ***
Daenarys T: raises $3 to $6
DiggErr555: folds
Uncalled bet ($3) returned to Daenarys T
Daenarys T collected $6 from pot
*** SUMMARY ***
Total pot $6 | Rake $0
Seat 1: DiggErr555 (big blind) folded before Flop
Seat 2: Daenarys T (button) (small blind) collected ($6)


PokerStars Hand #144967455571:  Hold'em Limit ($3/$6 USD) - 2015/12/07 10:16:34 ET
Table 'Draco II' 2-max Seat #1 is the button
Seat 1: DiggErr555 ($72 in chips)
Seat 2: Daenarys T ($32.52 in chips)
DiggErr555: posts small blind $1
Daenarys T: posts big blind $3
*** HOLE CARDS ***
DiggErr555: raises $3 to $6
Daenarys T: calls $3
*** FLOP *** [As Qd Ah]
Daenarys T: checks
DiggErr555: bets $3
Daenarys T: folds
Uncalled bet ($3) returned to DiggErr555
DiggErr555 collected $11.76 from pot
DiggErr555: doesn't show hand
*** SUMMARY ***
Total pot $12 | Rake $0.24
Board [As Qd Ah]
Seat 1: DiggErr555 (button) (small blind) collected ($11.76)
Seat 2: Daenarys T (big blind) folded on the Flop


PokerStars Hand #144967471363:  Hold'em Limit ($3/$6 USD) - 2015/12/07 10:16:54 ET
Table 'Draco II' 2-max Seat #2 is the button
Seat 1: DiggErr555 ($73.76 in chips)
Seat 2: Daenarys T ($30.52 in chips)
Daenarys T: posts small blind $1
DiggErr555: posts big blind $3
*** HOLE CARDS ***
Daenarys T: raises $3 to $6
DiggErr555: folds
Uncalled bet ($3) returned to Daenarys T
Daenarys T collected $6 from pot
*** SUMMARY ***
Total pot $6 | Rake $0
Seat 1: DiggErr555 (big blind) folded before Flop
Seat 2: Daenarys T (button) (small blind) collected ($6)


PokerStars Hand #144967467382:  Hold'em Limit ($3/$6 USD) - 2015/12/07 10:16:49 ET
Table 'Draco II' 2-max Seat #1 is the button
Seat 1: DiggErr555 ($74.76 in chips)
Seat 2: Daenarys T ($29.52 in chips)
DiggErr555: posts small blind $1
Daenarys T: posts big blind $3
*** HOLE CARDS ***
DiggErr555: folds
Uncalled bet ($2) returned to Daenarys T
Daenarys T collected $2 from pot
*** SUMMARY ***
Total pot $2 | Rake $0
Seat 1: DiggErr555 (button) (small blind) folded before Flop
Seat 2: Daenarys T (big blind) collected ($2)


PokerStars Hand #144967475997:  Hold'em Limit ($3/$6 USD) - 2015/12/07 10:17:00 ET
Table 'Draco II' 2-max Seat #1 is the button
Seat 1: DiggErr555 ($72 in chips)
Seat 2: Daenarys T ($33.52 in chips)
DiggErr555: posts small blind $1
Daenarys T: posts big blind $3
*** HOLE CARDS ***
DiggErr555: raises $3 to $6
Daenarys T: calls $3
*** FLOP *** [4c 8d Ad]
Daenarys T: checks
DiggErr555: bets $3
Daenarys T: calls $3
*** TURN *** [4c 8d Ad] [Ah]
Daenarys T: checks
DiggErr555: checks
*** RIVER *** [4c 8d Ad Ah] [6c]
Daenarys T: bets $6
DiggErr555: calls $6
*** SHOW DOWN ***
Daenarys T: shows [8h 5h] (two pair, Aces and Eights)
DiggErr555: mucks hand
Daenarys T collected $29.50 from pot
*** SUMMARY ***
Total pot $30 | Rake $0.50
Board [4c 8d Ad Ah 6c]
Seat 1: DiggErr555 (button) (small blind) mucked
Seat 2: Daenarys T (big blind) showed [8h 5h] and won ($29.50) with two pair, Aces and Eights


PokerStars Hand #144967490345:  Hold'em Limit ($3/$6 USD) - 2015/12/07 10:17:18 ET
Table 'Draco II' 2-max Seat #2 is the button
Seat 1: DiggErr555 ($72 in chips)
Seat 2: Daenarys T ($48.02 in chips)
Daenarys T: posts small blind $1
DiggErr555: posts big blind $3
*** HOLE CARDS ***
Daenarys T: folds
Uncalled bet ($2) returned to DiggErr555
DiggErr555 collected $2 from pot
DiggErr555: doesn't show hand
*** SUMMARY ***
Total pot $2 | Rake $0
Seat 1: DiggErr555 (big blind) collected ($2)
Seat 2: Daenarys T (button) (small blind) folded before Flop


PokerStars Hand #144967494465:  Hold'em Limit ($3/$6 USD) - 2015/12/07 10:17:23 ET
Table 'Draco II' 2-max Seat #1 is the button
Seat 1: DiggErr555 ($73 in chips)
Seat 2: Daenarys T ($47.02 in chips)
DiggErr555: posts small blind $1
Daenarys T: posts big blind $3
*** HOLE CARDS ***
DiggErr555: raises $3 to $6
Daenarys T: calls $3
*** FLOP *** [6s 3d 9c]
Daenarys T: checks
DiggErr555: bets $3
Daenarys T: folds
Uncalled bet ($3) returned to DiggErr555
DiggErr555 collected $11.76 from pot
DiggErr555: doesn't show hand
*** SUMMARY ***
Total pot $12 | Rake $0.24
Board [6s 3d 9c]
Seat 1: DiggErr555 (button) (small blind) collected ($11.76)
Seat 2: Daenarys T (big blind) folded on the Flop


PokerStars Hand #144967517529:  Hold'em Limit ($3/$6 USD) - 2015/12/07 10:17:52 ET
Table 'Draco II' 2-max Seat #1 is the button
Seat 1: DiggErr555 ($90.28 in chips)
Seat 2: Daenarys T ($29.02 in chips)
DiggErr555: posts small blind $1
Daenarys T: posts big blind $3
*** HOLE CARDS ***
DiggErr555: folds
Uncalled bet ($2) returned to Daenarys T
Daenarys T collected $2 from pot
*** SUMMARY ***
Total pot $2 | Rake $0
Seat 1: DiggErr555 (button) (small blind) folded before Flop
Seat 2: Daenarys T (big blind) collected ($2)


