PokerStars Hand #172888838168:  Hold'em Limit ($3/$6 USD) - 2017/07/11 8:34:11 ET
Table 'Drakonia II' 6-max Seat #4 is the button
Seat 3: liza3008 ($60 in chips)
Seat 4: AzureCaper ($72 in chips)
BigBadWex joins the table at seat #5
AzureCaper: posts small blind $1
sim5sim5: is sitting out
liza3008: posts big blind $3
*** HOLE CARDS ***
AzureCaper: folds
Uncalled bet ($2) returned to liza3008
liza3008 collected $2 from pot
liza3008: doesn't show hand
*** SUMMARY ***
Total pot $2 | Rake $0
Seat 3: liza3008 (big blind) collected ($2)
Seat 4: AzureCaper (button) (small blind) folded before Flop


PokerStars Hand #172888843853:  Hold'em Limit ($3/$6 USD) - 2017/07/11 8:34:23 ET
Table 'Drakonia II' 6-max Seat #3 is the button
Seat 3: liza3008 ($61 in chips)
Seat 4: AzureCaper ($72 in chips)
liza3008: posts small blind $1
AzureCaper: posts big blind $3
*** HOLE CARDS ***
liza3008: raises $3 to $6
sim5sim5 leaves the table
AzureCaper: raises $3 to $9
liza3008: calls $3
*** FLOP *** [Js Jc 3c]
AzureCaper: bets $3
liza3008: calls $3
*** TURN *** [Js Jc 3c] [9c]
AzureCaper: bets $6
liza3008: calls $6
*** RIVER *** [Js Jc 3c 9c] [Kd]
AzureCaper: checks
liza3008: checks
*** SHOW DOWN ***
AzureCaper: shows [Qd Qh] (two pair, Queens and Jacks)
liza3008: mucks hand
AzureCaper collected $35.50 from pot
*** SUMMARY ***
Total pot $36 | Rake $0.50
Board [Js Jc 3c 9c Kd]
Seat 3: liza3008 (button) (small blind) mucked
Seat 4: AzureCaper (big blind) showed [Qd Qh] and won ($35.50) with two pair, Queens and Jacks


PokerStars Hand #172890726248:  Hold'em Limit ($3/$6 USD) - 2017/07/11 9:36:30 ET
Table 'Drakonia II' 6-max Seat #2 is the button
Seat 2: Trezzure ($93.40 in chips)
Seat 3: kiwi/mike ($212.71 in chips)
Trezzure: posts small blind $1
kiwi/mike: posts big blind $3
*** HOLE CARDS ***
Trezzure: raises $3 to $6
kiwi/mike: raises $3 to $9
Trezzure: raises $3 to $12
Betting is capped
kiwi/mike: calls $3
*** FLOP *** [9c 5d 7h]
kiwi/mike: checks
Trezzure: bets $3
kiwi/mike: calls $3
*** TURN *** [9c 5d 7h] [Kd]
kiwi/mike: checks
Trezzure: bets $6
kiwi/mike: folds
Uncalled bet ($6) returned to Trezzure
Trezzure collected $29.50 from pot
Trezzure: doesn't show hand
*** SUMMARY ***
Total pot $30 | Rake $0.50
Board [9c 5d 7h Kd]
Seat 2: Trezzure (button) (small blind) collected ($29.50)
Seat 3: kiwi/mike (big blind) folded on the Turn


PokerStars Hand #172890719176:  Hold'em Limit ($3/$6 USD) - 2017/07/11 9:36:16 ET
Table 'Drakonia II' 6-max Seat #3 is the button
Seat 2: Trezzure ($99.40 in chips)
Seat 3: kiwi/mike ($206.95 in chips)
kiwi/mike: posts small blind $1
Trezzure: posts big blind $3
*** HOLE CARDS ***
kiwi/mike: raises $3 to $6
Trezzure: calls $3
*** FLOP *** [2s Kd 2c]
Trezzure: checks
kiwi/mike: bets $3
Trezzure: folds
Uncalled bet ($3) returned to kiwi/mike
kiwi/mike collected $11.76 from pot
kiwi/mike: doesn't show hand
*** SUMMARY ***
Total pot $12 | Rake $0.24
Board [2s Kd 2c]
Seat 2: Trezzure (big blind) folded on the Flop
Seat 3: kiwi/mike (button) (small blind) collected ($11.76)


PokerStars Hand #172890715961:  Hold'em Limit ($3/$6 USD) - 2017/07/11 9:36:10 ET
Table 'Drakonia II' 6-max Seat #2 is the button
Seat 2: Trezzure ($100.40 in chips)
Seat 3: kiwi/mike ($205.95 in chips)
Trezzure: posts small blind $1
kiwi/mike: posts big blind $3
*** HOLE CARDS ***
Trezzure: folds
Uncalled bet ($2) returned to kiwi/mike
kiwi/mike collected $2 from pot
kiwi/mike: doesn't show hand
*** SUMMARY ***
Total pot $2 | Rake $0
Seat 2: Trezzure (button) (small blind) folded before Flop
Seat 3: kiwi/mike (big blind) collected ($2)


PokerStars Hand #172890737908:  Hold'em Limit ($3/$6 USD) - 2017/07/11 9:36:52 ET
Table 'Drakonia II' 6-max Seat #3 is the button
Seat 2: Trezzure ($107.90 in chips)
Seat 3: kiwi/mike ($197.71 in chips)
kiwi/mike: posts small blind $1
Trezzure: posts big blind $3
*** HOLE CARDS ***
kiwi/mike: folds
Uncalled bet ($2) returned to Trezzure
Trezzure collected $2 from pot
Trezzure: doesn't show hand
*** SUMMARY ***
Total pot $2 | Rake $0
Seat 2: Trezzure (big blind) collected ($2)
Seat 3: kiwi/mike (button) (small blind) folded before Flop


PokerStars Hand #172890711365:  Hold'em Limit ($3/$6 USD) - 2017/07/11 9:36:02 ET
Table 'Drakonia II' 6-max Seat #3 is the button
Seat 2: Trezzure ($103.40 in chips)
Seat 3: kiwi/mike ($202.95 in chips)
kiwi/mike: posts small blind $1
Pelurile: is sitting out
TheCRIdol was removed from the table for failing to post
Trezzure: posts big blind $3
*** HOLE CARDS ***
kiwi/mike: raises $3 to $6
Trezzure: folds
Uncalled bet ($3) returned to kiwi/mike
kiwi/mike collected $6 from pot
kiwi/mike: doesn't show hand
*** SUMMARY ***
Total pot $6 | Rake $0
Seat 2: Trezzure (big blind) folded before Flop
Seat 3: kiwi/mike (button) (small blind) collected ($6)


PokerStars Hand #172890765463:  Hold'em Limit ($3/$6 USD) - 2017/07/11 9:37:43 ET
Table 'Drakonia II' 6-max Seat #3 is the button
Seat 2: Trezzure ($136.16 in chips)
Seat 3: kiwi/mike ($168.71 in chips)
kiwi/mike: posts small blind $1
Trezzure: posts big blind $3
*** HOLE CARDS ***
kiwi/mike: folds
Uncalled bet ($2) returned to Trezzure
Trezzure collected $2 from pot
Trezzure: doesn't show hand
*** SUMMARY ***
Total pot $2 | Rake $0
Seat 2: Trezzure (big blind) collected ($2)
Seat 3: kiwi/mike (button) (small blind) folded before Flop


PokerStars Hand #172890752244:  Hold'em Limit ($3/$6 USD) - 2017/07/11 9:37:19 ET
Table 'Drakonia II' 6-max Seat #2 is the button
Seat 2: Trezzure ($115.66 in chips)
Seat 3: kiwi/mike ($189.71 in chips)
Trezzure: posts small blind $1
kiwi/mike: posts big blind $3
*** HOLE CARDS ***
Trezzure: raises $3 to $6
kiwi/mike: calls $3
*** FLOP *** [3h 2h 7h]
kiwi/mike: checks
Trezzure: bets $3
kiwi/mike: calls $3
*** TURN *** [3h 2h 7h] [4h]
kiwi/mike: checks
Trezzure: checks
*** RIVER *** [3h 2h 7h 4h] [6c]
Pelurile leaves the table
kiwi/mike: bets $6
Trezzure: raises $6 to $12
kiwi/mike: calls $6
*** SHOW DOWN ***
Trezzure: shows [4d Ah] (a flush, Ace high)
kiwi/mike: mucks hand
Trezzure collected $41.50 from pot
*** SUMMARY ***
Total pot $42 | Rake $0.50
Board [3h 2h 7h 4h 6c]
Seat 2: Trezzure (button) (small blind) showed [4d Ah] and won ($41.50) with a flush, Ace high
Seat 3: kiwi/mike (big blind) mucked


PokerStars Hand #172890748607:  Hold'em Limit ($3/$6 USD) - 2017/07/11 9:37:12 ET
Table 'Drakonia II' 6-max Seat #3 is the button
Seat 2: Trezzure ($114.66 in chips)
Seat 3: kiwi/mike ($190.71 in chips)
kiwi/mike: posts small blind $1
Trezzure: posts big blind $3
*** HOLE CARDS ***
kiwi/mike: folds
Uncalled bet ($2) returned to Trezzure
Trezzure collected $2 from pot
Trezzure: doesn't show hand
*** SUMMARY ***
Total pot $2 | Rake $0
Seat 2: Trezzure (big blind) collected ($2)
Seat 3: kiwi/mike (button) (small blind) folded before Flop


PokerStars Hand #172890741304:  Hold'em Limit ($3/$6 USD) - 2017/07/11 9:36:58 ET
Table 'Drakonia II' 6-max Seat #2 is the button
Seat 2: Trezzure ($108.90 in chips)
Seat 3: kiwi/mike ($196.71 in chips)
Trezzure: posts small blind $1
kiwi/mike: posts big blind $3
*** HOLE CARDS ***
Trezzure: raises $3 to $6
kiwi/mike: calls $3
*** FLOP *** [3c 8h 4c]
kiwi/mike: checks
Trezzure: bets $3
kiwi/mike: folds
Uncalled bet ($3) returned to Trezzure
Trezzure collected $11.76 from pot
Trezzure: doesn't show hand
*** SUMMARY ***
Total pot $12 | Rake $0.24
Board [3c 8h 4c]
Seat 2: Trezzure (button) (small blind) collected ($11.76)
Seat 3: kiwi/mike (big blind) folded on the Flop


PokerStars Hand #172890768884:  Hold'em Limit ($3/$6 USD) - 2017/07/11 9:37:50 ET
Table 'Drakonia II' 6-max Seat #2 is the button
Seat 2: Trezzure ($137.16 in chips)
Seat 3: kiwi/mike ($167.71 in chips)
Trezzure: posts small blind $1
kiwi/mike: posts big blind $3
*** HOLE CARDS ***
Trezzure: raises $3 to $6
kiwi/mike: calls $3
*** FLOP *** [Ks 8c Kd]
kiwi/mike: checks
Trezzure: bets $3
kiwi/mike: folds
Uncalled bet ($3) returned to Trezzure
Trezzure collected $11.76 from pot
Trezzure: doesn't show hand
*** SUMMARY ***
Total pot $12 | Rake $0.24
Board [Ks 8c Kd]
Seat 2: Trezzure (button) (small blind) collected ($11.76)
Seat 3: kiwi/mike (big blind) folded on the Flop


PokerStars Hand #172890781725:  Hold'em Limit ($3/$6 USD) - 2017/07/11 9:38:14 ET
Table 'Drakonia II' 6-max Seat #2 is the button
Seat 2: Trezzure ($139.92 in chips)
Seat 3: kiwi/mike ($164.71 in chips)
Trezzure: posts small blind $1
kiwi/mike: posts big blind $3
*** HOLE CARDS ***
Trezzure: raises $3 to $6
kiwi/mike: calls $3
*** FLOP *** [7d 9d Ac]
kiwi/mike: checks
Trezzure: bets $3
kiwi/mike: raises $3 to $6
Trezzure: raises $3 to $9
kiwi/mike: raises $3 to $12
Betting is capped
Trezzure: calls $3
*** TURN *** [7d 9d Ac] [Qs]
kiwi/mike: bets $6
Trezzure: calls $6
*** RIVER *** [7d 9d Ac Qs] [4d]
kiwi/mike: bets $6
Trezzure: folds
Uncalled bet ($6) returned to kiwi/mike
kiwi/mike collected $47.50 from pot
kiwi/mike: doesn't show hand
*** SUMMARY ***
Total pot $48 | Rake $0.50
Board [7d 9d Ac Qs 4d]
Seat 2: Trezzure (button) (small blind) folded on the River
Seat 3: kiwi/mike (big blind) collected ($47.50)


PokerStars Hand #172890776625:  Hold'em Limit ($3/$6 USD) - 2017/07/11 9:38:05 ET
Table 'Drakonia II' 6-max Seat #3 is the button
Seat 2: Trezzure ($142.92 in chips)
Seat 3: kiwi/mike ($161.71 in chips)
kiwi/mike: posts small blind $1
Trezzure: posts big blind $3
*** HOLE CARDS ***
kiwi/mike: raises $3 to $6
Trezzure: folds
Uncalled bet ($3) returned to kiwi/mike
kiwi/mike collected $6 from pot
kiwi/mike: doesn't show hand
*** SUMMARY ***
Total pot $6 | Rake $0
Seat 2: Trezzure (big blind) folded before Flop
Seat 3: kiwi/mike (button) (small blind) collected ($6)


PokerStars Hand #172890795636:  Hold'em Limit ($3/$6 USD) - 2017/07/11 9:38:40 ET
Table 'Drakonia II' 6-max Seat #3 is the button
Seat 2: Trezzure ($115.92 in chips)
Seat 3: kiwi/mike ($188.21 in chips)
kiwi/mike: posts small blind $1
Trezzure: posts big blind $3
*** HOLE CARDS ***
kiwi/mike: raises $3 to $6
Trezzure: raises $3 to $9
kiwi/mike: calls $3
*** FLOP *** [Td 4s 5c]
Trezzure: bets $3
kiwi/mike: calls $3
*** TURN *** [Td 4s 5c] [Kd]
Trezzure: checks
kiwi/mike: bets $6
Trezzure: folds
Uncalled bet ($6) returned to kiwi/mike
kiwi/mike collected $23.52 from pot
kiwi/mike: doesn't show hand
*** SUMMARY ***
Total pot $24 | Rake $0.48
Board [Td 4s 5c Kd]
Seat 2: Trezzure (big blind) folded on the Turn
Seat 3: kiwi/mike (button) (small blind) collected ($23.52)


PokerStars Hand #172890822085:  Hold'em Limit ($3/$6 USD) - 2017/07/11 9:39:30 ET
Table 'Drakonia II' 6-max Seat #2 is the button
Seat 2: Trezzure ($103.92 in chips)
Seat 3: kiwi/mike ($199.73 in chips)
Trezzure: posts small blind $1
kiwi/mike: posts big blind $3
*** HOLE CARDS ***
Trezzure: raises $3 to $6
kiwi/mike: calls $3
*** FLOP *** [8d Ac 3s]
kiwi/mike: checks
Trezzure: bets $3
kiwi/mike: folds
Uncalled bet ($3) returned to Trezzure
Trezzure collected $11.76 from pot
Trezzure: doesn't show hand
*** SUMMARY ***
Total pot $12 | Rake $0.24
Board [8d Ac 3s]
Seat 2: Trezzure (button) (small blind) collected ($11.76)
Seat 3: kiwi/mike (big blind) folded on the Flop


PokerStars Hand #172890818140:  Hold'em Limit ($3/$6 USD) - 2017/07/11 9:39:22 ET
Table 'Drakonia II' 6-max Seat #3 is the button
Seat 2: Trezzure ($102.92 in chips)
Seat 3: kiwi/mike ($200.73 in chips)
kiwi/mike: posts small blind $1
Trezzure: posts big blind $3
*** HOLE CARDS ***
kiwi/mike: folds
Uncalled bet ($2) returned to Trezzure
Trezzure collected $2 from pot
happyyak joins the table at seat #4
Trezzure: doesn't show hand
*** SUMMARY ***
Total pot $2 | Rake $0
Seat 2: Trezzure (big blind) collected ($2)
Seat 3: kiwi/mike (button) (small blind) folded before Flop


PokerStars Hand #172890813606:  Hold'em Limit ($3/$6 USD) - 2017/07/11 9:39:14 ET
Table 'Drakonia II' 6-max Seat #2 is the button
Seat 2: Trezzure ($99.92 in chips)
Seat 3: kiwi/mike ($203.73 in chips)
Trezzure: posts small blind $1
kiwi/mike: posts big blind $3
*** HOLE CARDS ***
Trezzure: raises $3 to $6
kiwi/mike: folds
Uncalled bet ($3) returned to Trezzure
Trezzure collected $6 from pot
Trezzure: doesn't show hand
*** SUMMARY ***
Total pot $6 | Rake $0
Seat 2: Trezzure (button) (small blind) collected ($6)
Seat 3: kiwi/mike (big blind) folded before Flop


PokerStars Hand #172890809657:  Hold'em Limit ($3/$6 USD) - 2017/07/11 9:39:06 ET
Table 'Drakonia II' 6-max Seat #3 is the button
Seat 2: Trezzure ($102.92 in chips)
Seat 3: kiwi/mike ($200.73 in chips)
kiwi/mike: posts small blind $1
Trezzure: posts big blind $3
*** HOLE CARDS ***
kiwi/mike: raises $3 to $6
Trezzure: folds
Uncalled bet ($3) returned to kiwi/mike
kiwi/mike collected $6 from pot
*** SUMMARY ***
Total pot $6 | Rake $0
Seat 2: Trezzure (big blind) folded before Flop
Seat 3: kiwi/mike (button) (small blind) collected ($6)


PokerStars Hand #172890806344:  Hold'em Limit ($3/$6 USD) - 2017/07/11 9:39:00 ET
Table 'Drakonia II' 6-max Seat #2 is the button
Seat 2: Trezzure ($103.92 in chips)
Seat 3: kiwi/mike ($199.73 in chips)
Trezzure: posts small blind $1
kiwi/mike: posts big blind $3
*** HOLE CARDS ***
Trezzure: folds
Uncalled bet ($2) returned to kiwi/mike
kiwi/mike collected $2 from pot
kiwi/mike: doesn't show hand
*** SUMMARY ***
Total pot $2 | Rake $0
Seat 2: Trezzure (button) (small blind) folded before Flop
Seat 3: kiwi/mike (big blind) collected ($2)


PokerStars Hand #172891440686:  Hold'em Limit ($3/$6 USD) - 2017/07/11 9:59:12 ET
Table 'Drakonia II' 6-max Seat #3 is the button
Seat 3: kiwi/mike ($358.75 in chips)
Seat 4: robertass84 ($123 in chips)
kiwi/mike: posts small blind $1
robertass84: posts big blind $3
*** HOLE CARDS ***
kiwi/mike: folds
Uncalled bet ($2) returned to robertass84
robertass84 collected $2 from pot
robertass84: doesn't show hand
*** SUMMARY ***
Total pot $2 | Rake $0
Seat 3: kiwi/mike (button) (small blind) folded before Flop
Seat 4: robertass84 (big blind) collected ($2)


PokerStars Hand #172891437318:  Hold'em Limit ($3/$6 USD) - 2017/07/11 9:59:04 ET
Table 'Drakonia II' 6-max Seat #4 is the button
Seat 3: kiwi/mike ($361.75 in chips)
Seat 4: robertass84 ($120 in chips)
robertass84: posts small blind $1
kiwi/mike: posts big blind $3
*** HOLE CARDS ***
robertass84: raises $3 to $6
k1rp4v3nsk3 leaves the table
kiwi/mike: folds
Uncalled bet ($3) returned to robertass84
robertass84 collected $6 from pot
robertass84: doesn't show hand
*** SUMMARY ***
Total pot $6 | Rake $0
Seat 3: kiwi/mike (big blind) folded before Flop
Seat 4: robertass84 (button) (small blind) collected ($6)


