PokerStars Hand #162059644905:  Hold'em Limit ($3/$6 USD) - 2016/11/27 16:40:50 ET
Table 'Drakonia II' 6-max Seat #1 is the button
Seat 1: TinaTurner72 ($120 in chips)
Seat 4: Nikiter ($78.93 in chips)
TinaTurner72: posts small blind $1
Nikiter: posts big blind $3
*** HOLE CARDS ***
TinaTurner72: raises $3 to $6
Nikiter: raises $3 to $9
TinaTurner72: calls $3
*** FLOP *** [As Ad 8d]
Nikiter: checks
TinaTurner72: checks
*** TURN *** [As Ad 8d] [8c]
Nikiter: checks
TinaTurner72: checks
*** RIVER *** [As Ad 8d 8c] [8h]
Nikiter: bets $6
TinaTurner72: calls $6
*** SHOW DOWN ***
Nikiter: shows [Js Qs] (a full house, Eights full of Aces)
TinaTurner72: shows [Ts 3d] (a full house, Eights full of Aces)
Nikiter collected $14.75 from pot
TinaTurner72 collected $14.75 from pot
*** SUMMARY ***
Total pot $30 | Rake $0.50
Board [As Ad 8d 8c 8h]
Seat 1: TinaTurner72 (button) (small blind) showed [Ts 3d] and won ($14.75) with a full house, Eights full of Aces
Seat 4: Nikiter (big blind) showed [Js Qs] and won ($14.75) with a full house, Eights full of Aces


PokerStars Hand #162059705242:  Hold'em Limit ($3/$6 USD) - 2016/11/27 16:41:54 ET
Table 'Drakonia II' 6-max Seat #1 is the button
Seat 1: TinaTurner72 ($113.75 in chips)
Seat 4: Nikiter ($84.44 in chips)
TinaTurner72: posts small blind $1
Nikiter: posts big blind $3
*** HOLE CARDS ***
TinaTurner72: raises $3 to $6
Nikiter: calls $3
*** FLOP *** [6c Kh 6d]
Nikiter: checks
Chessnok joins the table at seat #5
TinaTurner72: bets $3
Nikiter: folds
Uncalled bet ($3) returned to TinaTurner72
TinaTurner72 collected $11.76 from pot
TinaTurner72: doesn't show hand
*** SUMMARY ***
Total pot $12 | Rake $0.24
Board [6c Kh 6d]
Seat 1: TinaTurner72 (button) (small blind) collected ($11.76)
Seat 4: Nikiter (big blind) folded on the Flop


PokerStars Hand #162059677314:  Hold'em Limit ($3/$6 USD) - 2016/11/27 16:41:24 ET
Table 'Drakonia II' 6-max Seat #4 is the button
Seat 1: TinaTurner72 ($119.75 in chips)
Seat 4: Nikiter ($78.68 in chips)
Nikiter: posts small blind $1
TinaTurner72: posts big blind $3
*** HOLE CARDS ***
Nikiter: raises $3 to $6
TinaTurner72: calls $3
*** FLOP *** [6s 9s 9h]
TinaTurner72: checks
Nikiter: bets $3
TinaTurner72: folds
Uncalled bet ($3) returned to Nikiter
Nikiter collected $11.76 from pot
Nikiter: doesn't show hand
*** SUMMARY ***
Total pot $12 | Rake $0.24
Board [6s 9s 9h]
Seat 1: TinaTurner72 (big blind) folded on the Flop
Seat 4: Nikiter (button) (small blind) collected ($11.76)


PokerStars Hand #162061033732:  Hold'em Limit ($3/$6 USD) - 2016/11/27 17:05:58 ET
Table 'Drakonia II' 6-max Seat #5 is the button
Seat 2: TinaTurner72 ($144.17 in chips)
Seat 5: Chessnok ($160.78 in chips)
Chessnok: posts small blind $1
TinaTurner72: posts big blind $3
*** HOLE CARDS ***
Chessnok: folds
Uncalled bet ($2) returned to TinaTurner72
TinaTurner72 collected $2 from pot
TinaTurner72: doesn't show hand
*** SUMMARY ***
Total pot $2 | Rake $0
Seat 2: TinaTurner72 (big blind) collected ($2)
Seat 5: Chessnok (button) (small blind) folded before Flop


PokerStars Hand #162061027249:  Hold'em Limit ($3/$6 USD) - 2016/11/27 17:05:51 ET
Table 'Drakonia II' 6-max Seat #2 is the button
Seat 2: TinaTurner72 ($145.17 in chips)
Seat 5: Chessnok ($159.78 in chips)
TinaTurner72: posts small blind $1
Chessnok: posts big blind $3
*** HOLE CARDS ***
xxRGx leaves the table
TinaTurner72: folds
Uncalled bet ($2) returned to Chessnok
Chessnok collected $2 from pot
Chessnok: doesn't show hand
*** SUMMARY ***
Total pot $2 | Rake $0
Seat 2: TinaTurner72 (button) (small blind) folded before Flop
Seat 5: Chessnok (big blind) collected ($2)


