PokerStars Hand #157656061836:  Hold'em Limit ($3/$6 USD) - 2016/08/23 17:38:54 ET
Table 'Drakonia' 6-max Seat #4 is the button
Seat 3: simper11 ($134.50 in chips)
Seat 4: Mahmoudjan11 ($45 in chips)
Mahmoudjan11: posts small blind $1
simper11: posts big blind $3
*** HOLE CARDS ***
Mahmoudjan11: raises $3 to $6
simper11: calls $3
*** FLOP *** [5s As Qd]
simper11: checks
Mahmoudjan11: bets $3
simper11: folds
Uncalled bet ($3) returned to Mahmoudjan11
Mahmoudjan11 collected $11.76 from pot
Mahmoudjan11: doesn't show hand
*** SUMMARY ***
Total pot $12 | Rake $0.24
Board [5s As Qd]
Seat 3: simper11 (big blind) folded on the Flop
Seat 4: Mahmoudjan11 (button) (small blind) collected ($11.76)


PokerStars Hand #157656043114:  Hold'em Limit ($3/$6 USD) - 2016/08/23 17:38:29 ET
Table 'Drakonia' 6-max Seat #3 is the button
Seat 3: simper11 ($120 in chips)
Seat 4: Mahmoudjan11 ($60 in chips)
simper11: posts small blind $1
Mahmoudjan11: posts big blind $3
*** HOLE CARDS ***
simper11: raises $3 to $6
Mahmoudjan11: calls $3
*** FLOP *** [5d 9s Th]
Mahmoudjan11: checks
simper11: bets $3
Mahmoudjan11: calls $3
*** TURN *** [5d 9s Th] [As]
Mahmoudjan11: checks
simper11: bets $6
Mahmoudjan11: calls $6
*** RIVER *** [5d 9s Th As] [7d]
Mahmoudjan11: checks
simper11: checks
*** SHOW DOWN ***
Mahmoudjan11: shows [Qc 8s] (high card Ace)
simper11: shows [7h Jc] (a pair of Sevens)
simper11 collected $29.50 from pot
*** SUMMARY ***
Total pot $30 | Rake $0.50
Board [5d 9s Th As 7d]
Seat 3: simper11 (button) (small blind) showed [7h Jc] and won ($29.50) with a pair of Sevens
Seat 4: Mahmoudjan11 (big blind) showed [Qc 8s] and lost with high card Ace


PokerStars Hand #157656105815:  Hold'em Limit ($3/$6 USD) - 2016/08/23 17:39:53 ET
Table 'Drakonia' 6-max Seat #4 is the button
Seat 3: simper11 ($156.50 in chips)
Seat 4: Mahmoudjan11 ($21.76 in chips)
Mahmoudjan11: posts small blind $1
simper11: posts big blind $3
*** HOLE CARDS ***
Mahmoudjan11: folds
Uncalled bet ($2) returned to simper11
simper11 collected $2 from pot
simper11: doesn't show hand
*** SUMMARY ***
Total pot $2 | Rake $0
Seat 3: simper11 (big blind) collected ($2)
Seat 4: Mahmoudjan11 (button) (small blind) folded before Flop


PokerStars Hand #157656101985:  Hold'em Limit ($3/$6 USD) - 2016/08/23 17:39:48 ET
Table 'Drakonia' 6-max Seat #3 is the button
Seat 3: simper11 ($157.50 in chips)
Seat 4: Mahmoudjan11 ($20.76 in chips)
simper11: posts small blind $1
Mahmoudjan11: posts big blind $3
*** HOLE CARDS ***
simper11: folds
Uncalled bet ($2) returned to Mahmoudjan11
Mahmoudjan11 collected $2 from pot
Mahmoudjan11: doesn't show hand
*** SUMMARY ***
Total pot $2 | Rake $0
Seat 3: simper11 (button) (small blind) folded before Flop
Seat 4: Mahmoudjan11 (big blind) collected ($2)


PokerStars Hand #157656084357:  Hold'em Limit ($3/$6 USD) - 2016/08/23 17:39:24 ET
Table 'Drakonia' 6-max Seat #4 is the button
Seat 3: simper11 ($143 in chips)
Seat 4: Mahmoudjan11 ($35.76 in chips)
Mahmoudjan11: posts small blind $1
simper11: posts big blind $3
*** HOLE CARDS ***
Mahmoudjan11: raises $3 to $6
simper11: calls $3
*** FLOP *** [8h Jd 5c]
simper11: checks
Mahmoudjan11: bets $3
simper11: calls $3
*** TURN *** [8h Jd 5c] [6s]
simper11: checks
Mahmoudjan11: bets $6
simper11: calls $6
*** RIVER *** [8h Jd 5c 6s] [5d]
simper11: checks
Mahmoudjan11: checks
*** SHOW DOWN ***
simper11: shows [4d 4s] (two pair, Fives and Fours)
Mahmoudjan11: mucks hand
simper11 collected $29.50 from pot
*** SUMMARY ***
Total pot $30 | Rake $0.50
Board [8h Jd 5c 6s 5d]
Seat 3: simper11 (big blind) showed [4d 4s] and won ($29.50) with two pair, Fives and Fours
Seat 4: Mahmoudjan11 (button) (small blind) mucked


PokerStars Hand #157656072704:  Hold'em Limit ($3/$6 USD) - 2016/08/23 17:39:09 ET
Table 'Drakonia' 6-max Seat #3 is the button
Seat 3: simper11 ($128.50 in chips)
Seat 4: Mahmoudjan11 ($50.76 in chips)
simper11: posts small blind $1
Mahmoudjan11: posts big blind $3
*** HOLE CARDS ***
simper11: raises $3 to $6
Mahmoudjan11: calls $3
*** FLOP *** [2c 7h Kd]
Mahmoudjan11: checks
simper11: bets $3
Mahmoudjan11: calls $3
*** TURN *** [2c 7h Kd] [Ad]
Mahmoudjan11: checks
simper11: checks
*** RIVER *** [2c 7h Kd Ad] [8s]
Mahmoudjan11: bets $6
simper11: calls $6
*** SHOW DOWN ***
Mahmoudjan11: shows [5h 7s] (a pair of Sevens)
simper11: shows [Js 8c] (a pair of Eights)
simper11 collected $29.50 from pot
*** SUMMARY ***
Total pot $30 | Rake $0.50
Board [2c 7h Kd Ad 8s]
Seat 3: simper11 (button) (small blind) showed [Js 8c] and won ($29.50) with a pair of Eights
Seat 4: Mahmoudjan11 (big blind) showed [5h 7s] and lost with a pair of Sevens


PokerStars Hand #157656151091:  Hold'em Limit ($3/$6 USD) - 2016/08/23 17:40:56 ET
Table 'Drakonia' 6-max Seat #3 is the button
Seat 3: simper11 ($198.26 in chips)
Seat 4: Mahmoudjan11 ($99 in chips)
simper11: posts small blind $1
Mahmoudjan11: posts big blind $3
*** HOLE CARDS ***
simper11: raises $3 to $6
Mahmoudjan11: raises $3 to $9
simper11: calls $3
*** FLOP *** [7d Js Kh]
Mahmoudjan11: bets $3
simper11: calls $3
*** TURN *** [7d Js Kh] [Kd]
Mahmoudjan11: bets $6
simper11: calls $6
*** RIVER *** [7d Js Kh Kd] [Ks]
Mahmoudjan11: bets $6
simper11: calls $6
*** SHOW DOWN ***
Mahmoudjan11: shows [7c 8s] (a full house, Kings full of Sevens)
simper11: mucks hand
Mahmoudjan11 collected $47.50 from pot
*** SUMMARY ***
Total pot $48 | Rake $0.50
Board [7d Js Kh Kd Ks]
Seat 3: simper11 (button) (small blind) mucked
Seat 4: Mahmoudjan11 (big blind) showed [7c 8s] and won ($47.50) with a full house, Kings full of Sevens


PokerStars Hand #157656136030:  Hold'em Limit ($3/$6 USD) - 2016/08/23 17:40:35 ET
Table 'Drakonia' 6-max Seat #4 is the button
Seat 3: simper11 ($177.76 in chips)
Seat 4: Mahmoudjan11 ($120 in chips)
Mahmoudjan11: posts small blind $1
simper11: posts big blind $3
*** HOLE CARDS ***
Mahmoudjan11: raises $3 to $6
simper11: calls $3
*** FLOP *** [Td 2s Ah]
simper11: checks
Mahmoudjan11: bets $3
simper11: calls $3
*** TURN *** [Td 2s Ah] [Qh]
simper11: checks
Mahmoudjan11: bets $6
simper11: calls $6
*** RIVER *** [Td 2s Ah Qh] [3c]
simper11: checks
Mahmoudjan11: bets $6
simper11: calls $6
*** SHOW DOWN ***
Mahmoudjan11: shows [9d Kc] (high card Ace)
simper11: shows [Jd 2d] (a pair of Deuces)
simper11 collected $41.50 from pot
*** SUMMARY ***
Total pot $42 | Rake $0.50
Board [Td 2s Ah Qh 3c]
Seat 3: simper11 (big blind) showed [Jd 2d] and won ($41.50) with a pair of Deuces
Seat 4: Mahmoudjan11 (button) (small blind) showed [9d Kc] and lost with high card Ace


PokerStars Hand #157656109528:  Hold'em Limit ($3/$6 USD) - 2016/08/23 17:39:59 ET
Table 'Drakonia' 6-max Seat #3 is the button
Seat 3: simper11 ($157.50 in chips)
Seat 4: Mahmoudjan11 ($20.76 in chips)
simper11: posts small blind $1
Mahmoudjan11: posts big blind $3
*** HOLE CARDS ***
simper11: raises $3 to $6
Mahmoudjan11: calls $3
*** FLOP *** [4s Kh 5h]
Mahmoudjan11: checks
simper11: bets $3
Mahmoudjan11: calls $3
*** TURN *** [4s Kh 5h] [Qs]
Mahmoudjan11: checks
simper11: checks
*** RIVER *** [4s Kh 5h Qs] [6h]
Mahmoudjan11: bets $6
simper11: raises $6 to $12
Mahmoudjan11: calls $5.76 and is all-in
Uncalled bet ($0.24) returned to simper11
*** SHOW DOWN ***
simper11: shows [Qd 6s] (two pair, Queens and Sixes)
Mahmoudjan11: shows [4h Qc] (two pair, Queens and Fours)
simper11 collected $41.02 from pot
*** SUMMARY ***
Total pot $41.52 | Rake $0.50
Board [4s Kh 5h Qs 6h]
Seat 3: simper11 (button) (small blind) showed [Qd 6s] and won ($41.02) with two pair, Queens and Sixes
Seat 4: Mahmoudjan11 (big blind) showed [4h Qc] and lost with two pair, Queens and Fours


PokerStars Hand #157656193154:  Hold'em Limit ($3/$6 USD) - 2016/08/23 17:41:54 ET
Table 'Drakonia' 6-max Seat #4 is the button
Seat 3: simper11 ($152.26 in chips)
Seat 4: Mahmoudjan11 ($143.64 in chips)
Mahmoudjan11: posts small blind $1
simper11: posts big blind $3
*** HOLE CARDS ***
Mahmoudjan11: folds
Uncalled bet ($2) returned to simper11
simper11 collected $2 from pot
simper11: doesn't show hand
*** SUMMARY ***
Total pot $2 | Rake $0
Seat 3: simper11 (big blind) collected ($2)
Seat 4: Mahmoudjan11 (button) (small blind) folded before Flop


PokerStars Hand #157656182435:  Hold'em Limit ($3/$6 USD) - 2016/08/23 17:41:39 ET
Table 'Drakonia' 6-max Seat #3 is the button
Seat 3: simper11 ($161.26 in chips)
Seat 4: Mahmoudjan11 ($135 in chips)
simper11: posts small blind $1
Mahmoudjan11: posts big blind $3
*** HOLE CARDS ***
simper11: raises $3 to $6
Mahmoudjan11: calls $3
*** FLOP *** [2d Qc Ac]
Mahmoudjan11: checks
simper11: bets $3
Mahmoudjan11: calls $3
*** TURN *** [2d Qc Ac] [4h]
Mahmoudjan11: checks
simper11: checks
*** RIVER *** [2d Qc Ac 4h] [Jh]
Mahmoudjan11: bets $6
simper11: folds
Uncalled bet ($6) returned to Mahmoudjan11
Mahmoudjan11 collected $17.64 from pot
Mahmoudjan11: doesn't show hand
*** SUMMARY ***
Total pot $18 | Rake $0.36
Board [2d Qc Ac 4h Jh]
Seat 3: simper11 (button) (small blind) folded on the River
Seat 4: Mahmoudjan11 (big blind) collected ($17.64)


PokerStars Hand #157656178703:  Hold'em Limit ($3/$6 USD) - 2016/08/23 17:41:34 ET
Table 'Drakonia' 6-max Seat #4 is the button
Seat 3: simper11 ($160.26 in chips)
Seat 4: Mahmoudjan11 ($136 in chips)
Mahmoudjan11: posts small blind $1
simper11: posts big blind $3
*** HOLE CARDS ***
Mahmoudjan11: folds
Uncalled bet ($2) returned to simper11
simper11 collected $2 from pot
simper11: doesn't show hand
*** SUMMARY ***
Total pot $2 | Rake $0
Seat 3: simper11 (big blind) collected ($2)
Seat 4: Mahmoudjan11 (button) (small blind) folded before Flop


PokerStars Hand #157656166590:  Hold'em Limit ($3/$6 USD) - 2016/08/23 17:41:17 ET
Table 'Drakonia' 6-max Seat #3 is the button
Seat 3: simper11 ($175.26 in chips)
Seat 4: Mahmoudjan11 ($121.50 in chips)
simper11: posts small blind $1
Mahmoudjan11: posts big blind $3
*** HOLE CARDS ***
simper11: raises $3 to $6
Mahmoudjan11: calls $3
*** FLOP *** [8h 3c 2s]
Mahmoudjan11: checks
simper11: bets $3
Mahmoudjan11: calls $3
*** TURN *** [8h 3c 2s] [6d]
Mahmoudjan11: checks
simper11: checks
*** RIVER *** [8h 3c 2s 6d] [5d]
Mahmoudjan11: bets $6
simper11: calls $6
*** SHOW DOWN ***
Mahmoudjan11: shows [4s 7c] (a straight, Four to Eight)
simper11: mucks hand
Mahmoudjan11 collected $29.50 from pot
*** SUMMARY ***
Total pot $30 | Rake $0.50
Board [8h 3c 2s 6d 5d]
Seat 3: simper11 (button) (small blind) mucked
Seat 4: Mahmoudjan11 (big blind) showed [4s 7c] and won ($29.50) with a straight, Four to Eight


PokerStars Hand #157656162500:  Hold'em Limit ($3/$6 USD) - 2016/08/23 17:41:11 ET
Table 'Drakonia' 6-max Seat #4 is the button
Seat 3: simper11 ($174.26 in chips)
Seat 4: Mahmoudjan11 ($122.50 in chips)
Mahmoudjan11: posts small blind $1
simper11: posts big blind $3
*** HOLE CARDS ***
Mahmoudjan11: folds
Uncalled bet ($2) returned to simper11
simper11 collected $2 from pot
simper11: doesn't show hand
*** SUMMARY ***
Total pot $2 | Rake $0
Seat 3: simper11 (big blind) collected ($2)
Seat 4: Mahmoudjan11 (button) (small blind) folded before Flop


PokerStars Hand #157656224448:  Hold'em Limit ($3/$6 USD) - 2016/08/23 17:42:37 ET
Table 'Drakonia' 6-max Seat #3 is the button
Seat 3: simper11 ($188.26 in chips)
Seat 4: Mahmoudjan11 ($106.64 in chips)
simper11: posts small blind $1
Mahmoudjan11: posts big blind $3
*** HOLE CARDS ***
simper11: raises $3 to $6
Mahmoudjan11: raises $3 to $9
simper11: calls $3
*** FLOP *** [Ad Ts 6c]
Mahmoudjan11: bets $3
simper11: calls $3
*** TURN *** [Ad Ts 6c] [2d]
Mahmoudjan11: bets $6
simper11: folds
Uncalled bet ($6) returned to Mahmoudjan11
Mahmoudjan11 collected $23.52 from pot
Mahmoudjan11: doesn't show hand
*** SUMMARY ***
Total pot $24 | Rake $0.48
Board [Ad Ts 6c 2d]
Seat 3: simper11 (button) (small blind) folded on the Turn
Seat 4: Mahmoudjan11 (big blind) collected ($23.52)


PokerStars Hand #157656211818:  Hold'em Limit ($3/$6 USD) - 2016/08/23 17:42:19 ET
Table 'Drakonia' 6-max Seat #4 is the button
Seat 3: simper11 ($173.76 in chips)
Seat 4: Mahmoudjan11 ($121.64 in chips)
Mahmoudjan11: posts small blind $1
simper11: posts big blind $3
*** HOLE CARDS ***
Mahmoudjan11: raises $3 to $6
simper11: calls $3
*** FLOP *** [Kd 7h 3s]
simper11: checks
Mahmoudjan11: bets $3
simper11: calls $3
*** TURN *** [Kd 7h 3s] [7d]
simper11: checks
Mahmoudjan11: bets $6
simper11: raises $6 to $12
Mahmoudjan11: folds
Uncalled bet ($6) returned to simper11
simper11 collected $29.50 from pot
simper11: doesn't show hand
*** SUMMARY ***
Total pot $30 | Rake $0.50
Board [Kd 7h 3s 7d]
Seat 3: simper11 (big blind) collected ($29.50)
Seat 4: Mahmoudjan11 (button) (small blind) folded on the Turn


PokerStars Hand #157656197275:  Hold'em Limit ($3/$6 USD) - 2016/08/23 17:41:59 ET
Table 'Drakonia' 6-max Seat #3 is the button
Seat 3: simper11 ($153.26 in chips)
Seat 4: Mahmoudjan11 ($142.64 in chips)
simper11: posts small blind $1
Mahmoudjan11: posts big blind $3
*** HOLE CARDS ***
simper11: raises $3 to $6
Mahmoudjan11: calls $3
*** FLOP *** [Qs 4h 8h]
Mahmoudjan11: checks
simper11: bets $3
Mahmoudjan11: calls $3
*** TURN *** [Qs 4h 8h] [As]
Mahmoudjan11: checks
simper11: bets $6
Mahmoudjan11: raises $6 to $12
simper11: raises $6 to $18
Mahmoudjan11: folds
Uncalled bet ($6) returned to simper11
simper11 collected $41.50 from pot
simper11: doesn't show hand
*** SUMMARY ***
Total pot $42 | Rake $0.50
Board [Qs 4h 8h As]
Seat 3: simper11 (button) (small blind) collected ($41.50)
Seat 4: Mahmoudjan11 (big blind) folded on the Turn


PokerStars Hand #157656280177:  Hold'em Limit ($3/$6 USD) - 2016/08/23 17:43:55 ET
Table 'Drakonia' 6-max Seat #3 is the button
Seat 3: simper11 ($120 in chips)
Seat 4: Mahmoudjan11 ($197.92 in chips)
kaizera84 joins the table at seat #5
simper11: posts small blind $1
Mahmoudjan11: posts big blind $3
*** HOLE CARDS ***
simper11: raises $3 to $6
Mahmoudjan11: calls $3
*** FLOP *** [6s 7s Kc]
Mahmoudjan11: checks
simper11: bets $3
Mahmoudjan11: calls $3
*** TURN *** [6s 7s Kc] [Td]
Mahmoudjan11: checks
simper11: bets $6
Mahmoudjan11: calls $6
*** RIVER *** [6s 7s Kc Td] [Qd]
Mahmoudjan11: checks
simper11: checks
*** SHOW DOWN ***
Mahmoudjan11: shows [4s 3c] (high card King)
simper11: shows [9d Ac] (high card Ace)
simper11 collected $29.50 from pot
*** SUMMARY ***
Total pot $30 | Rake $0.50
Board [6s 7s Kc Td Qd]
Seat 3: simper11 (button) (small blind) showed [9d Ac] and won ($29.50) with high card Ace
Seat 4: Mahmoudjan11 (big blind) showed [4s 3c] and lost with high card King


PokerStars Hand #157656272752:  Hold'em Limit ($3/$6 USD) - 2016/08/23 17:43:44 ET
Table 'Drakonia' 6-max Seat #4 is the button
Seat 3: simper11 ($120 in chips)
Seat 4: Mahmoudjan11 ($192.16 in chips)
Mahmoudjan11: posts small blind $1
simper11: posts big blind $3
*** HOLE CARDS ***
Mahmoudjan11: raises $3 to $6
simper11: calls $3
*** FLOP *** [Ks 2h 8s]
simper11: checks
Mahmoudjan11: bets $3
simper11: folds
Uncalled bet ($3) returned to Mahmoudjan11
Mahmoudjan11 collected $11.76 from pot
Mahmoudjan11: doesn't show hand
*** SUMMARY ***
Total pot $12 | Rake $0.24
Board [Ks 2h 8s]
Seat 3: simper11 (big blind) folded on the Flop
Seat 4: Mahmoudjan11 (button) (small blind) collected ($11.76)


PokerStars Hand #157656256185:  Hold'em Limit ($3/$6 USD) - 2016/08/23 17:43:21 ET
Table 'Drakonia' 6-max Seat #3 is the button
Seat 3: simper11 ($128.26 in chips)
Seat 4: Mahmoudjan11 ($165.66 in chips)
simper11: posts small blind $1
Mahmoudjan11: posts big blind $3
*** HOLE CARDS ***
simper11: raises $3 to $6
Mahmoudjan11: calls $3
*** FLOP *** [5h 7d 3c]
Mahmoudjan11: checks
simper11: bets $3
Mahmoudjan11: calls $3
*** TURN *** [5h 7d 3c] [9s]
Mahmoudjan11: checks
simper11: bets $6
Mahmoudjan11: raises $6 to $12
simper11: calls $6
*** RIVER *** [5h 7d 3c 9s] [Ah]
Mahmoudjan11: bets $6
simper11: calls $6
*** SHOW DOWN ***
Mahmoudjan11: shows [9h Tc] (a pair of Nines)
simper11: mucks hand
Mahmoudjan11 collected $53.50 from pot
*** SUMMARY ***
Total pot $54 | Rake $0.50
Board [5h 7d 3c 9s Ah]
Seat 3: simper11 (button) (small blind) mucked
Seat 4: Mahmoudjan11 (big blind) showed [9h Tc] and won ($53.50) with a pair of Nines


PokerStars Hand #157656235216:  Hold'em Limit ($3/$6 USD) - 2016/08/23 17:42:52 ET
Table 'Drakonia' 6-max Seat #4 is the button
Seat 3: simper11 ($176.26 in chips)
Seat 4: Mahmoudjan11 ($118.16 in chips)
Mahmoudjan11: posts small blind $1
simper11: posts big blind $3
*** HOLE CARDS ***
Mahmoudjan11: raises $3 to $6
simper11: raises $3 to $9
Mahmoudjan11: raises $3 to $12
Betting is capped
simper11: calls $3
*** FLOP *** [3s Jh 3c]
simper11: checks
Mahmoudjan11: bets $3
simper11: raises $3 to $6
Mahmoudjan11: calls $3
*** TURN *** [3s Jh 3c] [Qd]
simper11: bets $6
Mahmoudjan11: raises $6 to $12
simper11: raises $6 to $18
Mahmoudjan11: raises $6 to $24
Betting is capped
simper11: calls $6
*** RIVER *** [3s Jh 3c Qd] [6h]
simper11: checks
Mahmoudjan11: bets $6
simper11: calls $6
*** SHOW DOWN ***
Mahmoudjan11: shows [Jd Jc] (a full house, Jacks full of Threes)
simper11: mucks hand
Mahmoudjan11 collected $95.50 from pot
*** SUMMARY ***
Total pot $96 | Rake $0.50
Board [3s Jh 3c Qd 6h]
Seat 3: simper11 (big blind) mucked
Seat 4: Mahmoudjan11 (button) (small blind) showed [Jd Jc] and won ($95.50) with a full house, Jacks full of Threes


PokerStars Hand #157658175718:  Hold'em Limit ($3/$6 USD) - 2016/08/23 18:30:20 ET
Table 'Drakonia' 6-max Seat #3 is the button
Seat 3: J.M.L.M.26 ($430.58 in chips)
Seat 5: Zooshark ($26.49 in chips)
J.M.L.M.26: posts small blind $1
Mahmoudjan11 leaves the table
Zooshark: posts big blind $3
*** HOLE CARDS ***
J.M.L.M.26: calls $2
Zooshark: checks
*** FLOP *** [Th Jh 6s]
Zooshark: bets $3
J.M.L.M.26: calls $3
*** TURN *** [Th Jh 6s] [Qc]
Zooshark: bets $6
J.M.L.M.26: calls $6
*** RIVER *** [Th Jh 6s Qc] [5s]
Zooshark: bets $6
J.M.L.M.26: raises $6 to $12
Zooshark: calls $6
*** SHOW DOWN ***
J.M.L.M.26: shows [5c 6d] (two pair, Sixes and Fives)
Zooshark: mucks hand
J.M.L.M.26 collected $47.50 from pot
*** SUMMARY ***
Total pot $48 | Rake $0.50
Board [Th Jh 6s Qc 5s]
Seat 3: J.M.L.M.26 (button) (small blind) showed [5c 6d] and won ($47.50) with two pair, Sixes and Fives
Seat 5: Zooshark (big blind) mucked


PokerStars Hand #157659580222:  Hold'em Limit ($3/$6 USD) - 2016/08/23 19:09:49 ET
Table 'Drakonia' 6-max Seat #4 is the button
Seat 4: Mahmoudjan11 ($60 in chips)
Seat 6: stiflerkk ($30.10 in chips)
Mahmoudjan11: posts small blind $1
stiflerkk: posts big blind $3
*** HOLE CARDS ***
Mahmoudjan11: raises $3 to $6
stiflerkk: calls $3
*** FLOP *** [6c 8h 2h]
stiflerkk: checks
Mahmoudjan11: bets $3
stiflerkk: raises $3 to $6
Mahmoudjan11: calls $3
*** TURN *** [6c 8h 2h] [Ts]
stiflerkk: bets $6
Mahmoudjan11: calls $6
*** RIVER *** [6c 8h 2h Ts] [6d]
stiflerkk: bets $6
Mahmoudjan11: folds
Uncalled bet ($6) returned to stiflerkk
stiflerkk collected $35.50 from pot
stiflerkk: doesn't show hand
*** SUMMARY ***
Total pot $36 | Rake $0.50
Board [6c 8h 2h Ts 6d]
Seat 4: Mahmoudjan11 (button) (small blind) folded on the River
Seat 6: stiflerkk (big blind) collected ($35.50)


PokerStars Hand #157659598888:  Hold'em Limit ($3/$6 USD) - 2016/08/23 19:10:22 ET
Table 'Drakonia' 6-max Seat #6 is the button
Seat 4: Mahmoudjan11 ($42 in chips)
Seat 6: stiflerkk ($47.60 in chips)
stiflerkk: posts small blind $1
Mahmoudjan11: posts big blind $3
*** HOLE CARDS ***
stiflerkk: calls $2
Mahmoudjan11: checks
*** FLOP *** [Ac 5s 6s]
Mahmoudjan11: checks
saldanhacida joins the table at seat #5
stiflerkk: bets $3
Mahmoudjan11: calls $3
*** TURN *** [Ac 5s 6s] [2c]
Mahmoudjan11: checks
stiflerkk: bets $6
Mahmoudjan11: calls $6
*** RIVER *** [Ac 5s 6s 2c] [3d]
Mahmoudjan11: checks
stiflerkk: bets $6
Mahmoudjan11: raises $6 to $12
stiflerkk: calls $6
*** SHOW DOWN ***
Mahmoudjan11: shows [7d 4h] (a straight, Three to Seven)
stiflerkk: mucks hand
Mahmoudjan11 collected $47.50 from pot
*** SUMMARY ***
Total pot $48 | Rake $0.50
Board [Ac 5s 6s 2c 3d]
Seat 4: Mahmoudjan11 (big blind) showed [7d 4h] and won ($47.50) with a straight, Three to Seven
Seat 6: stiflerkk (button) (small blind) mucked


