PokerStars Hand #157663854013:  Hold'em Limit ($3/$6 USD) - 2016/08/23 21:46:38 ET
Table 'Drakonia' 6-max Seat #4 is the button
Seat 1: RaisemyNut$ ($369.81 in chips)
Seat 4: AAAbeta ($170.73 in chips)
AAAbeta: posts small blind $1
RaisemyNut$: posts big blind $3
*** HOLE CARDS ***
AAAbeta: raises $3 to $6
RaisemyNut$: raises $3 to $9
Joker4691 leaves the table
AAAbeta: calls $3
*** FLOP *** [3c 5s Ts]
RaisemyNut$: bets $3
AAAbeta: calls $3
*** TURN *** [3c 5s Ts] [Qh]
RaisemyNut$: bets $6
AAAbeta: calls $6
*** RIVER *** [3c 5s Ts Qh] [Jc]
RaisemyNut$: bets $6
AAAbeta: raises $6 to $12
RaisemyNut$: folds
Uncalled bet ($6) returned to AAAbeta
AAAbeta collected $47.50 from pot
*** SUMMARY ***
Total pot $48 | Rake $0.50
Board [3c 5s Ts Qh Jc]
Seat 1: RaisemyNut$ (big blind) folded on the River
Seat 4: AAAbeta (button) (small blind) collected ($47.50)


PokerStars Hand #157663872577:  Hold'em Limit ($3/$6 USD) - 2016/08/23 21:47:29 ET
Table 'Drakonia' 6-max Seat #1 is the button
Seat 1: RaisemyNut$ ($345.81 in chips)
Seat 4: AAAbeta ($194.23 in chips)
RaisemyNut$: posts small blind $1
AAAbeta: posts big blind $3
*** HOLE CARDS ***
RaisemyNut$: raises $3 to $6
AAAbeta: calls $3
*** FLOP *** [4s As 6c]
AAAbeta: checks
RaisemyNut$: bets $3
AAAbeta: folds
Uncalled bet ($3) returned to RaisemyNut$
RaisemyNut$ collected $11.76 from pot
RaisemyNut$: doesn't show hand
*** SUMMARY ***
Total pot $12 | Rake $0.24
Board [4s As 6c]
Seat 1: RaisemyNut$ (button) (small blind) collected ($11.76)
Seat 4: AAAbeta (big blind) folded on the Flop


PokerStars Hand #157663883317:  Hold'em Limit ($3/$6 USD) - 2016/08/23 21:47:59 ET
Table 'Drakonia' 6-max Seat #4 is the button
Seat 1: RaisemyNut$ ($351.57 in chips)
Seat 4: AAAbeta ($188.23 in chips)
AAAbeta: posts small blind $1
RaisemyNut$: posts big blind $3
*** HOLE CARDS ***
AAAbeta: raises $3 to $6
RaisemyNut$: calls $3
*** FLOP *** [2d 6h 7c]
RaisemyNut$: checks
AAAbeta: bets $3
RaisemyNut$: calls $3
*** TURN *** [2d 6h 7c] [Qs]
RaisemyNut$: checks
AAAbeta: bets $6
RaisemyNut$: raises $6 to $12
AAAbeta: calls $6
*** RIVER *** [2d 6h 7c Qs] [3s]
RaisemyNut$: bets $6
AAAbeta: calls $6
*** SHOW DOWN ***
RaisemyNut$: shows [Qh 2h] (two pair, Queens and Deuces)
AAAbeta: mucks hand
RaisemyNut$ collected $53.50 from pot
*** SUMMARY ***
Total pot $54 | Rake $0.50
Board [2d 6h 7c Qs 3s]
Seat 1: RaisemyNut$ (big blind) showed [Qh 2h] and won ($53.50) with two pair, Queens and Deuces
Seat 4: AAAbeta (button) (small blind) mucked


