PokerStars Hand #168731479163:  Hold'em Limit ($3/$6 USD) - 2017/04/07 22:08:49 ET
Table 'Dresda' 6-max Seat #3 is the button
Seat 3: karambakilla ($147.28 in chips)
Seat 4: CaliostroD ($57 in chips)
karambakilla: posts small blind $1
CaliostroD: posts big blind $3
*** HOLE CARDS ***
karambakilla: folds
Uncalled bet ($2) returned to CaliostroD
CaliostroD collected $2 from pot
CaliostroD: doesn't show hand
*** SUMMARY ***
Total pot $2 | Rake $0
Seat 3: karambakilla (button) (small blind) folded before Flop
Seat 4: CaliostroD (big blind) collected ($2)


PokerStars Hand #168731471556:  Hold'em Limit ($3/$6 USD) - 2017/04/07 22:08:30 ET
Table 'Dresda' 6-max Seat #4 is the button
Seat 3: karambakilla ($135.76 in chips)
Seat 4: CaliostroD ($69 in chips)
CaliostroD: posts small blind $1
helimaus76: is sitting out
B_loJkl: is sitting out
karambakilla: posts big blind $3
*** HOLE CARDS ***
helimaus76 leaves the table
B_loJkl leaves the table
B_loJkl joins the table at seat #5
CaliostroD: raises $3 to $6
karambakilla: raises $3 to $9
CaliostroD: calls $3
*** FLOP *** [8s Js 4h]
karambakilla: bets $3
CaliostroD: calls $3
*** TURN *** [8s Js 4h] [Kh]
karambakilla: checks
CaliostroD: checks
*** RIVER *** [8s Js 4h Kh] [6s]
karambakilla: bets $6
CaliostroD: folds
Uncalled bet ($6) returned to karambakilla
karambakilla collected $23.52 from pot
karambakilla: doesn't show hand
*** SUMMARY ***
Total pot $24 | Rake $0.48
Board [8s Js 4h Kh 6s]
Seat 3: karambakilla (big blind) collected ($23.52)
Seat 4: CaliostroD (button) (small blind) folded on the River


PokerStars Hand #168731552547:  Hold'em Limit ($3/$6 USD) - 2017/04/07 22:11:55 ET
Table 'Dresda' 6-max Seat #3 is the button
Seat 3: karambakilla ($150.56 in chips)
Seat 5: B_loJkl ($172.02 in chips)
karambakilla: posts small blind $1
B_loJkl: posts big blind $3
*** HOLE CARDS ***
karambakilla: folds
Uncalled bet ($2) returned to B_loJkl
B_loJkl collected $2 from pot
B_loJkl: doesn't show hand
*** SUMMARY ***
Total pot $2 | Rake $0
Seat 3: karambakilla (button) (small blind) folded before Flop
Seat 5: B_loJkl (big blind) collected ($2)


