PokerStars Hand #164295491523:  Hold'em Limit ($3/$6 USD) - 2017/01/09 10:24:41 ET
Table 'Dresda II' 6-max Seat #3 is the button
Seat 3: cashmuzi ($157.42 in chips)
Seat 4: B_loJkl ($178.39 in chips)
cashmuzi: posts small blind $1
B_loJkl: posts big blind $3
*** HOLE CARDS ***
cashmuzi: folds
Uncalled bet ($2) returned to B_loJkl
B_loJkl collected $2 from pot
B_loJkl: doesn't show hand
*** SUMMARY ***
Total pot $2 | Rake $0
Seat 3: cashmuzi (button) (small blind) folded before Flop
Seat 4: B_loJkl (big blind) collected ($2)


PokerStars Hand #164295471714:  Hold'em Limit ($3/$6 USD) - 2017/01/09 10:24:13 ET
Table 'Dresda II' 6-max Seat #4 is the button
Seat 3: cashmuzi ($142.92 in chips)
Seat 4: B_loJkl ($193.39 in chips)
B_loJkl: posts small blind $1
cashmuzi: posts big blind $3
*** HOLE CARDS ***
B_loJkl: raises $3 to $6
cashmuzi: calls $3
*** FLOP *** [9s 2c 2h]
cashmuzi: checks
B_loJkl: bets $3
cashmuzi: calls $3
*** TURN *** [9s 2c 2h] [2s]
cashmuzi: checks
B_loJkl: bets $6
cashmuzi: calls $6
*** RIVER *** [9s 2c 2h 2s] [6c]
cashmuzi: checks
B_loJkl: checks
*** SHOW DOWN ***
cashmuzi: shows [6h Ac] (a full house, Deuces full of Sixes)
B_loJkl: mucks hand
cashmuzi collected $29.50 from pot
*** SUMMARY ***
Total pot $30 | Rake $0.50
Board [9s 2c 2h 2s 6c]
Seat 3: cashmuzi (big blind) showed [6h Ac] and won ($29.50) with a full house, Deuces full of Sixes
Seat 4: B_loJkl (button) (small blind) mucked


PokerStars Hand #164295468721:  Hold'em Limit ($3/$6 USD) - 2017/01/09 10:24:09 ET
Table 'Dresda II' 6-max Seat #3 is the button
Seat 3: cashmuzi ($143.92 in chips)
Seat 4: B_loJkl ($192.39 in chips)
cashmuzi: posts small blind $1
B_loJkl: posts big blind $3
*** HOLE CARDS ***
cashmuzi: folds
Uncalled bet ($2) returned to B_loJkl
B_loJkl collected $2 from pot
B_loJkl: doesn't show hand
*** SUMMARY ***
Total pot $2 | Rake $0
Seat 3: cashmuzi (button) (small blind) folded before Flop
Seat 4: B_loJkl (big blind) collected ($2)


PokerStars Hand #164295463173:  Hold'em Limit ($3/$6 USD) - 2017/01/09 10:24:01 ET
Table 'Dresda II' 6-max Seat #4 is the button
Seat 3: cashmuzi ($146.92 in chips)
Seat 4: B_loJkl ($189.39 in chips)
B_loJkl: posts small blind $1
cashmuzi: posts big blind $3
*** HOLE CARDS ***
B_loJkl: raises $3 to $6
cashmuzi: folds
Uncalled bet ($3) returned to B_loJkl
B_loJkl collected $6 from pot
B_loJkl: doesn't show hand
*** SUMMARY ***
Total pot $6 | Rake $0
Seat 3: cashmuzi (big blind) folded before Flop
Seat 4: B_loJkl (button) (small blind) collected ($6)


PokerStars Hand #164295459881:  Hold'em Limit ($3/$6 USD) - 2017/01/09 10:23:57 ET
Table 'Dresda II' 6-max Seat #3 is the button
Seat 3: cashmuzi ($147.92 in chips)
Seat 4: B_loJkl ($188.39 in chips)
cashmuzi: posts small blind $1
B_loJkl: posts big blind $3
*** HOLE CARDS ***
cashmuzi: folds
Uncalled bet ($2) returned to B_loJkl
B_loJkl collected $2 from pot
B_loJkl: doesn't show hand
*** SUMMARY ***
Total pot $2 | Rake $0
Seat 3: cashmuzi (button) (small blind) folded before Flop
Seat 4: B_loJkl (big blind) collected ($2)


PokerStars Hand #164295439392:  Hold'em Limit ($3/$6 USD) - 2017/01/09 10:23:28 ET
Table 'Dresda II' 6-max Seat #4 is the button
Seat 3: cashmuzi ($165.92 in chips)
Seat 4: B_loJkl ($170.89 in chips)
B_loJkl: posts small blind $1
TinaTurner72: is sitting out
cashmuzi: posts big blind $3
*** HOLE CARDS ***
B_loJkl: raises $3 to $6
cashmuzi: raises $3 to $9
B_loJkl: calls $3
*** FLOP *** [9d 8d 7s]
cashmuzi: bets $3
B_loJkl: calls $3
*** TURN *** [9d 8d 7s] [Qh]
cashmuzi: checks
B_loJkl: checks
*** RIVER *** [9d 8d 7s Qh] [Kd]
cashmuzi: checks
B_loJkl: bets $6
cashmuzi: calls $6
*** SHOW DOWN ***
B_loJkl: shows [7h Ks] (two pair, Kings and Sevens)
cashmuzi: mucks hand
B_loJkl collected $35.50 from pot
*** SUMMARY ***
Total pot $36 | Rake $0.50
Board [9d 8d 7s Qh Kd]
Seat 3: cashmuzi (big blind) mucked
Seat 4: B_loJkl (button) (small blind) showed [7h Ks] and won ($35.50) with two pair, Kings and Sevens


PokerStars Hand #164295525847:  Hold'em Limit ($3/$6 USD) - 2017/01/09 10:25:28 ET
Table 'Dresda II' 6-max Seat #3 is the button
Seat 3: cashmuzi ($181.44 in chips)
Seat 4: B_loJkl ($153.39 in chips)
cashmuzi: posts small blind $1
B_loJkl: posts big blind $3
*** HOLE CARDS ***
cashmuzi: raises $3 to $6
B_loJkl: calls $3
*** FLOP *** [Ts 3c 2h]
B_loJkl: checks
cashmuzi: checks
*** TURN *** [Ts 3c 2h] [7s]
B_loJkl: bets $6
cashmuzi: raises $6 to $12
B_loJkl: calls $6
*** RIVER *** [Ts 3c 2h 7s] [6h]
B_loJkl: checks
cashmuzi: bets $6
B_loJkl: folds
Uncalled bet ($6) returned to cashmuzi
cashmuzi collected $35.50 from pot
cashmuzi: doesn't show hand
*** SUMMARY ***
Total pot $36 | Rake $0.50
Board [Ts 3c 2h 7s 6h]
Seat 3: cashmuzi (button) (small blind) collected ($35.50)
Seat 4: B_loJkl (big blind) folded on the River


PokerStars Hand #164295511298:  Hold'em Limit ($3/$6 USD) - 2017/01/09 10:25:08 ET
Table 'Dresda II' 6-max Seat #4 is the button
Seat 3: cashmuzi ($166.94 in chips)
Seat 4: B_loJkl ($168.39 in chips)
B_loJkl: posts small blind $1
cashmuzi: posts big blind $3
*** HOLE CARDS ***
B_loJkl: raises $3 to $6
cashmuzi: raises $3 to $9
B_loJkl: calls $3
*** FLOP *** [Th As 8s]
cashmuzi: checks
B_loJkl: checks
*** TURN *** [Th As 8s] [Kc]
cashmuzi: checks
B_loJkl: checks
*** RIVER *** [Th As 8s Kc] [Td]
cashmuzi: bets $6
B_loJkl: calls $6
*** SHOW DOWN ***
cashmuzi: shows [Kd Ah] (two pair, Aces and Kings)
B_loJkl: mucks hand
cashmuzi collected $29.50 from pot
*** SUMMARY ***
Total pot $30 | Rake $0.50
Board [Th As 8s Kc Td]
Seat 3: cashmuzi (big blind) showed [Kd Ah] and won ($29.50) with two pair, Aces and Kings
Seat 4: B_loJkl (button) (small blind) mucked


PokerStars Hand #164295508071:  Hold'em Limit ($3/$6 USD) - 2017/01/09 10:25:03 ET
Table 'Dresda II' 6-max Seat #3 is the button
Seat 3: cashmuzi ($167.94 in chips)
Seat 4: B_loJkl ($167.39 in chips)
cashmuzi: posts small blind $1
B_loJkl: posts big blind $3
*** HOLE CARDS ***
cashmuzi: folds
Uncalled bet ($2) returned to B_loJkl
B_loJkl collected $2 from pot
B_loJkl: doesn't show hand
*** SUMMARY ***
Total pot $2 | Rake $0
Seat 3: cashmuzi (button) (small blind) folded before Flop
Seat 4: B_loJkl (big blind) collected ($2)


PokerStars Hand #164295495103:  Hold'em Limit ($3/$6 USD) - 2017/01/09 10:24:46 ET
Table 'Dresda II' 6-max Seat #4 is the button
Seat 3: cashmuzi ($156.42 in chips)
Seat 4: B_loJkl ($179.39 in chips)
B_loJkl: posts small blind $1
cashmuzi: posts big blind $3
*** HOLE CARDS ***
B_loJkl: raises $3 to $6
cashmuzi: calls $3
*** FLOP *** [Kd Th Js]
cashmuzi: checks
B_loJkl: checks
*** TURN *** [Kd Th Js] [7s]
cashmuzi: checks
B_loJkl: bets $6
cashmuzi: calls $6
*** RIVER *** [Kd Th Js 7s] [Jc]
cashmuzi: checks
B_loJkl: checks
*** SHOW DOWN ***
cashmuzi: shows [Kc 5s] (two pair, Kings and Jacks)
B_loJkl: mucks hand
cashmuzi collected $23.52 from pot
*** SUMMARY ***
Total pot $24 | Rake $0.48
Board [Kd Th Js 7s Jc]
Seat 3: cashmuzi (big blind) showed [Kc 5s] and won ($23.52) with two pair, Kings and Jacks
Seat 4: B_loJkl (button) (small blind) mucked


PokerStars Hand #164295563499:  Hold'em Limit ($3/$6 USD) - 2017/01/09 10:26:21 ET
Table 'Dresda II' 6-max Seat #4 is the button
Seat 3: cashmuzi ($207.44 in chips)
Seat 4: B_loJkl ($126.15 in chips)
B_loJkl: posts small blind $1
cashmuzi: posts big blind $3
*** HOLE CARDS ***
B_loJkl: raises $3 to $6
cashmuzi: calls $3
*** FLOP *** [Kh 7d 3d]
cashmuzi: checks
B_loJkl: bets $3
cashmuzi: calls $3
*** TURN *** [Kh 7d 3d] [8s]
cashmuzi: checks
B_loJkl: bets $6
cashmuzi: calls $6
*** RIVER *** [Kh 7d 3d 8s] [6s]
cashmuzi: checks
B_loJkl: bets $6
cashmuzi: calls $6
*** SHOW DOWN ***
B_loJkl: shows [Kc 5d] (a pair of Kings)
cashmuzi: mucks hand
B_loJkl collected $41.50 from pot
*** SUMMARY ***
Total pot $42 | Rake $0.50
Board [Kh 7d 3d 8s 6s]
Seat 3: cashmuzi (big blind) mucked
Seat 4: B_loJkl (button) (small blind) showed [Kc 5d] and won ($41.50) with a pair of Kings


PokerStars Hand #164295551873:  Hold'em Limit ($3/$6 USD) - 2017/01/09 10:26:05 ET
Table 'Dresda II' 6-max Seat #3 is the button
Seat 3: cashmuzi ($192.94 in chips)
Seat 4: B_loJkl ($141.15 in chips)
cashmuzi: posts small blind $1
B_loJkl: posts big blind $3
*** HOLE CARDS ***
cashmuzi: calls $2
B_loJkl: checks
*** FLOP *** [4d Kh Ks]
B_loJkl: checks
cashmuzi: checks
*** TURN *** [4d Kh Ks] [7h]
B_loJkl: bets $6
cashmuzi: calls $6
*** RIVER *** [4d Kh Ks 7h] [Th]
B_loJkl: checks
cashmuzi: bets $6
B_loJkl: calls $6
*** SHOW DOWN ***
cashmuzi: shows [Kd 9h] (three of a kind, Kings)
B_loJkl: mucks hand
cashmuzi collected $29.50 from pot
*** SUMMARY ***
Total pot $30 | Rake $0.50
Board [4d Kh Ks 7h Th]
Seat 3: cashmuzi (button) (small blind) showed [Kd 9h] and won ($29.50) with three of a kind, Kings
Seat 4: B_loJkl (big blind) mucked


PokerStars Hand #164295539232:  Hold'em Limit ($3/$6 USD) - 2017/01/09 10:25:47 ET
Table 'Dresda II' 6-max Seat #4 is the button
Seat 3: cashmuzi ($198.94 in chips)
Seat 4: B_loJkl ($135.39 in chips)
B_loJkl: posts small blind $1
cashmuzi: posts big blind $3
*** HOLE CARDS ***
B_loJkl: raises $3 to $6
cashmuzi: calls $3
*** FLOP *** [2c 3h Jh]
cashmuzi: checks
B_loJkl: checks
*** TURN *** [2c 3h Jh] [9d]
cashmuzi: checks
B_loJkl: bets $6
cashmuzi: folds
Uncalled bet ($6) returned to B_loJkl
B_loJkl collected $11.76 from pot
B_loJkl: doesn't show hand
*** SUMMARY ***
Total pot $12 | Rake $0.24
Board [2c 3h Jh 9d]
Seat 3: cashmuzi (big blind) folded on the Turn
Seat 4: B_loJkl (button) (small blind) collected ($11.76)


PokerStars Hand #164295626657:  Hold'em Limit ($3/$6 USD) - 2017/01/09 10:27:48 ET
Table 'Dresda II' 6-max Seat #3 is the button
Seat 3: cashmuzi ($163.44 in chips)
Seat 4: B_loJkl ($169.15 in chips)
cashmuzi: posts small blind $1
B_loJkl: posts big blind $3
*** HOLE CARDS ***
cashmuzi: folds
Uncalled bet ($2) returned to B_loJkl
B_loJkl collected $2 from pot
B_loJkl: doesn't show hand
*** SUMMARY ***
Total pot $2 | Rake $0
Seat 3: cashmuzi (button) (small blind) folded before Flop
Seat 4: B_loJkl (big blind) collected ($2)


PokerStars Hand #164295612680:  Hold'em Limit ($3/$6 USD) - 2017/01/09 10:27:28 ET
Table 'Dresda II' 6-max Seat #4 is the button
Seat 3: cashmuzi ($166.44 in chips)
Seat 4: B_loJkl ($166.15 in chips)
B_loJkl: posts small blind $1
cashmuzi: posts big blind $3
*** HOLE CARDS ***
B_loJkl: raises $3 to $6
cashmuzi: folds
Uncalled bet ($3) returned to B_loJkl
B_loJkl collected $6 from pot
B_loJkl: doesn't show hand
*** SUMMARY ***
Total pot $6 | Rake $0
Seat 3: cashmuzi (big blind) folded before Flop
Seat 4: B_loJkl (button) (small blind) collected ($6)


PokerStars Hand #164295584632:  Hold'em Limit ($3/$6 USD) - 2017/01/09 10:26:50 ET
Table 'Dresda II' 6-max Seat #3 is the button
Seat 3: cashmuzi ($186.44 in chips)
Seat 4: B_loJkl ($146.65 in chips)
cashmuzi: posts small blind $1
B_loJkl: posts big blind $3
*** HOLE CARDS ***
cashmuzi: folds
Uncalled bet ($2) returned to B_loJkl
B_loJkl collected $2 from pot
B_loJkl: doesn't show hand
*** SUMMARY ***
Total pot $2 | Rake $0
Seat 3: cashmuzi (button) (small blind) folded before Flop
Seat 4: B_loJkl (big blind) collected ($2)


PokerStars Hand #164295609390:  Hold'em Limit ($3/$6 USD) - 2017/01/09 10:27:24 ET
Table 'Dresda II' 6-max Seat #3 is the button
Seat 3: cashmuzi ($167.44 in chips)
Seat 4: B_loJkl ($165.15 in chips)
cashmuzi: posts small blind $1
B_loJkl: posts big blind $3
*** HOLE CARDS ***
cashmuzi: folds
Uncalled bet ($2) returned to B_loJkl
B_loJkl collected $2 from pot
B_loJkl: doesn't show hand
*** SUMMARY ***
Total pot $2 | Rake $0
Seat 3: cashmuzi (button) (small blind) folded before Flop
Seat 4: B_loJkl (big blind) collected ($2)


PokerStars Hand #164295587992:  Hold'em Limit ($3/$6 USD) - 2017/01/09 10:26:54 ET
Table 'Dresda II' 6-max Seat #4 is the button
Seat 3: cashmuzi ($185.44 in chips)
Seat 4: B_loJkl ($147.65 in chips)
B_loJkl: posts small blind $1
cashmuzi: posts big blind $3
*** HOLE CARDS ***
B_loJkl: raises $3 to $6
cashmuzi: raises $3 to $9
B_loJkl: calls $3
*** FLOP *** [Th Ad 7d]
cashmuzi: bets $3
B_loJkl: calls $3
*** TURN *** [Th Ad 7d] [6h]
cashmuzi: checks
B_loJkl: checks
*** RIVER *** [Th Ad 7d 6h] [6c]
cashmuzi: checks
B_loJkl: bets $6
cashmuzi: calls $6
*** SHOW DOWN ***
B_loJkl: shows [Td Qs] (two pair, Tens and Sixes)
cashmuzi: mucks hand
B_loJkl collected $35.50 from pot
*** SUMMARY ***
Total pot $36 | Rake $0.50
Board [Th Ad 7d 6h 6c]
Seat 3: cashmuzi (big blind) mucked
Seat 4: B_loJkl (button) (small blind) showed [Td Qs] and won ($35.50) with two pair, Tens and Sixes


PokerStars Hand #164295634537:  Hold'em Limit ($3/$6 USD) - 2017/01/09 10:27:59 ET
Table 'Dresda II' 6-max Seat #3 is the button
Seat 3: cashmuzi ($159.44 in chips)
Seat 4: B_loJkl ($173.15 in chips)
cashmuzi: posts small blind $1
B_loJkl: posts big blind $3
*** HOLE CARDS ***
cashmuzi: raises $3 to $6
B_loJkl: calls $3
*** FLOP *** [9s 7h Js]
B_loJkl: checks
cashmuzi: bets $3
B_loJkl: calls $3
*** TURN *** [9s 7h Js] [9d]
B_loJkl: checks
cashmuzi: bets $6
B_loJkl: calls $6
*** RIVER *** [9s 7h Js 9d] [Kd]
B_loJkl: checks
cashmuzi: bets $6
B_loJkl: folds
Uncalled bet ($6) returned to cashmuzi
cashmuzi collected $29.50 from pot
cashmuzi: doesn't show hand
*** SUMMARY ***
Total pot $30 | Rake $0.50
Board [9s 7h Js 9d Kd]
Seat 3: cashmuzi (button) (small blind) collected ($29.50)
Seat 4: B_loJkl (big blind) folded on the River


PokerStars Hand #164295629865:  Hold'em Limit ($3/$6 USD) - 2017/01/09 10:27:52 ET
Table 'Dresda II' 6-max Seat #4 is the button
Seat 3: cashmuzi ($162.44 in chips)
Seat 4: B_loJkl ($170.15 in chips)
B_loJkl: posts small blind $1
cashmuzi: posts big blind $3
*** HOLE CARDS ***
B_loJkl: raises $3 to $6
cashmuzi: folds
Uncalled bet ($3) returned to B_loJkl
B_loJkl collected $6 from pot
B_loJkl: doesn't show hand
*** SUMMARY ***
Total pot $6 | Rake $0
Seat 3: cashmuzi (big blind) folded before Flop
Seat 4: B_loJkl (button) (small blind) collected ($6)


PokerStars Hand #164295665694:  Hold'em Limit ($3/$6 USD) - 2017/01/09 10:28:42 ET
Table 'Dresda II' 6-max Seat #4 is the button
Seat 3: cashmuzi ($173.94 in chips)
Seat 4: B_loJkl ($158.15 in chips)
B_loJkl: posts small blind $1
cashmuzi: posts big blind $3
*** HOLE CARDS ***
B_loJkl: raises $3 to $6
cashmuzi: calls $3
*** FLOP *** [Ad Ts Td]
cashmuzi: checks
B_loJkl: bets $3
cashmuzi: calls $3
*** TURN *** [Ad Ts Td] [3c]
cashmuzi: checks
B_loJkl: checks
*** RIVER *** [Ad Ts Td 3c] [2d]
cashmuzi: bets $6
B_loJkl: folds
Uncalled bet ($6) returned to cashmuzi
cashmuzi collected $17.64 from pot
cashmuzi: doesn't show hand
*** SUMMARY ***
Total pot $18 | Rake $0.36
Board [Ad Ts Td 3c 2d]
Seat 3: cashmuzi (big blind) collected ($17.64)
Seat 4: B_loJkl (button) (small blind) folded on the River


PokerStars Hand #164295695905:  Hold'em Limit ($3/$6 USD) - 2017/01/09 10:29:23 ET
Table 'Dresda II' 6-max Seat #4 is the button
Seat 3: cashmuzi ($181.58 in chips)
Seat 4: B_loJkl ($150.15 in chips)
B_loJkl: posts small blind $1
cashmuzi: posts big blind $3
*** HOLE CARDS ***
B_loJkl: raises $3 to $6
cashmuzi: folds
Uncalled bet ($3) returned to B_loJkl
B_loJkl collected $6 from pot
B_loJkl: doesn't show hand
*** SUMMARY ***
Total pot $6 | Rake $0
Seat 3: cashmuzi (big blind) folded before Flop
Seat 4: B_loJkl (button) (small blind) collected ($6)


PokerStars Hand #164295692628:  Hold'em Limit ($3/$6 USD) - 2017/01/09 10:29:19 ET
Table 'Dresda II' 6-max Seat #3 is the button
Seat 3: cashmuzi ($182.58 in chips)
Seat 4: B_loJkl ($149.15 in chips)
cashmuzi: posts small blind $1
B_loJkl: posts big blind $3
*** HOLE CARDS ***
cashmuzi: folds
Uncalled bet ($2) returned to B_loJkl
B_loJkl collected $2 from pot
B_loJkl: doesn't show hand
*** SUMMARY ***
Total pot $2 | Rake $0
Seat 3: cashmuzi (button) (small blind) folded before Flop
Seat 4: B_loJkl (big blind) collected ($2)


PokerStars Hand #164295700980:  Hold'em Limit ($3/$6 USD) - 2017/01/09 10:29:30 ET
Table 'Dresda II' 6-max Seat #3 is the button
Seat 3: cashmuzi ($178.58 in chips)
Seat 4: B_loJkl ($153.15 in chips)
cashmuzi: posts small blind $1
B_loJkl: posts big blind $3
*** HOLE CARDS ***
cashmuzi: folds
Uncalled bet ($2) returned to B_loJkl
B_loJkl collected $2 from pot
B_loJkl: doesn't show hand
*** SUMMARY ***
Total pot $2 | Rake $0
Seat 3: cashmuzi (button) (small blind) folded before Flop
Seat 4: B_loJkl (big blind) collected ($2)


PokerStars Hand #164295704481:  Hold'em Limit ($3/$6 USD) - 2017/01/09 10:29:35 ET
Table 'Dresda II' 6-max Seat #4 is the button
Seat 3: cashmuzi ($177.58 in chips)
Seat 4: B_loJkl ($154.15 in chips)
B_loJkl: posts small blind $1
cashmuzi: posts big blind $3
*** HOLE CARDS ***
B_loJkl: raises $3 to $6
cashmuzi: folds
Uncalled bet ($3) returned to B_loJkl
B_loJkl collected $6 from pot
B_loJkl: doesn't show hand
*** SUMMARY ***
Total pot $6 | Rake $0
Seat 3: cashmuzi (big blind) folded before Flop
Seat 4: B_loJkl (button) (small blind) collected ($6)


PokerStars Hand #164295721628:  Hold'em Limit ($3/$6 USD) - 2017/01/09 10:29:59 ET
Table 'Dresda II' 6-max Seat #4 is the button
Seat 3: cashmuzi ($180.34 in chips)
Seat 4: B_loJkl ($151.15 in chips)
B_loJkl: posts small blind $1
cashmuzi: posts big blind $3
*** HOLE CARDS ***
B_loJkl: raises $3 to $6
cashmuzi: calls $3
*** FLOP *** [Ah 3d 3s]
cashmuzi: checks
B_loJkl: bets $3
cashmuzi: calls $3
*** TURN *** [Ah 3d 3s] [8h]
cashmuzi: checks
B_loJkl: checks
*** RIVER *** [Ah 3d 3s 8h] [Ts]
cashmuzi: checks
B_loJkl: checks
*** SHOW DOWN ***
cashmuzi: shows [6h 6d] (two pair, Sixes and Threes)
B_loJkl: mucks hand
cashmuzi collected $17.64 from pot
*** SUMMARY ***
Total pot $18 | Rake $0.36
Board [Ah 3d 3s 8h Ts]
Seat 3: cashmuzi (big blind) showed [6h 6d] and won ($17.64) with two pair, Sixes and Threes
Seat 4: B_loJkl (button) (small blind) mucked


PokerStars Hand #164295735511:  Hold'em Limit ($3/$6 USD) - 2017/01/09 10:30:18 ET
Table 'Dresda II' 6-max Seat #3 is the button
Seat 3: cashmuzi ($188.98 in chips)
Seat 4: B_loJkl ($142.15 in chips)
cashmuzi: posts small blind $1
B_loJkl: posts big blind $3
*** HOLE CARDS ***
cashmuzi: calls $2
B_loJkl: checks
*** FLOP *** [7d 4s 7s]
B_loJkl: checks
cashmuzi: checks
*** TURN *** [7d 4s 7s] [Ac]
B_loJkl: bets $6
cashmuzi: folds
Uncalled bet ($6) returned to B_loJkl
B_loJkl collected $5.88 from pot
B_loJkl: doesn't show hand
*** SUMMARY ***
Total pot $6 | Rake $0.12
Board [7d 4s 7s Ac]
Seat 3: cashmuzi (button) (small blind) folded on the Turn
Seat 4: B_loJkl (big blind) collected ($5.88)


PokerStars Hand #164295756911:  Hold'em Limit ($3/$6 USD) - 2017/01/09 10:30:47 ET
Table 'Dresda II' 6-max Seat #3 is the button
Seat 3: cashmuzi ($186.98 in chips)
Seat 4: B_loJkl ($144.03 in chips)
cashmuzi: posts small blind $1
B_loJkl: posts big blind $3
*** HOLE CARDS ***
cashmuzi: folds
Uncalled bet ($2) returned to B_loJkl
B_loJkl collected $2 from pot
B_loJkl: doesn't show hand
*** SUMMARY ***
Total pot $2 | Rake $0
Seat 3: cashmuzi (button) (small blind) folded before Flop
Seat 4: B_loJkl (big blind) collected ($2)


PokerStars Hand #164295753480:  Hold'em Limit ($3/$6 USD) - 2017/01/09 10:30:43 ET
Table 'Dresda II' 6-max Seat #4 is the button
Seat 3: cashmuzi ($185.98 in chips)
Seat 4: B_loJkl ($145.03 in chips)
B_loJkl: posts small blind $1
cashmuzi: posts big blind $3
*** HOLE CARDS ***
B_loJkl: folds
Uncalled bet ($2) returned to cashmuzi
cashmuzi collected $2 from pot
cashmuzi: doesn't show hand
*** SUMMARY ***
Total pot $2 | Rake $0
Seat 3: cashmuzi (big blind) collected ($2)
Seat 4: B_loJkl (button) (small blind) folded before Flop


PokerStars Hand #164295711191:  Hold'em Limit ($3/$6 USD) - 2017/01/09 10:29:44 ET
Table 'Dresda II' 6-max Seat #3 is the button
Seat 3: cashmuzi ($174.58 in chips)
Seat 4: B_loJkl ($157.15 in chips)
cashmuzi: posts small blind $1
B_loJkl: posts big blind $3
*** HOLE CARDS ***
cashmuzi: raises $3 to $6
B_loJkl: calls $3
*** FLOP *** [2h 4d 8s]
B_loJkl: checks
cashmuzi: checks
*** TURN *** [2h 4d 8s] [3d]
B_loJkl: checks
cashmuzi: bets $6
B_loJkl: folds
Uncalled bet ($6) returned to cashmuzi
cashmuzi collected $11.76 from pot
cashmuzi: doesn't show hand
*** SUMMARY ***
Total pot $12 | Rake $0.24
Board [2h 4d 8s 3d]
Seat 3: cashmuzi (button) (small blind) collected ($11.76)
Seat 4: B_loJkl (big blind) folded on the Turn


PokerStars Hand #164295765160:  Hold'em Limit ($3/$6 USD) - 2017/01/09 10:30:59 ET
Table 'Dresda II' 6-max Seat #3 is the button
Seat 3: cashmuzi ($182.98 in chips)
Seat 4: B_loJkl ($148.03 in chips)
cashmuzi: posts small blind $1
B_loJkl: posts big blind $3
*** HOLE CARDS ***
cashmuzi: folds
Uncalled bet ($2) returned to B_loJkl
B_loJkl collected $2 from pot
B_loJkl: doesn't show hand
*** SUMMARY ***
Total pot $2 | Rake $0
Seat 3: cashmuzi (button) (small blind) folded before Flop
Seat 4: B_loJkl (big blind) collected ($2)


PokerStars Hand #164295768606:  Hold'em Limit ($3/$6 USD) - 2017/01/09 10:31:03 ET
Table 'Dresda II' 6-max Seat #4 is the button
Seat 3: cashmuzi ($181.98 in chips)
Seat 4: B_loJkl ($149.03 in chips)
B_loJkl: posts small blind $1
cashmuzi: posts big blind $3
*** HOLE CARDS ***
B_loJkl: raises $3 to $6
cashmuzi: calls $3
*** FLOP *** [8h 9s Th]
cashmuzi: checks
B_loJkl: checks
*** TURN *** [8h 9s Th] [Qd]
cashmuzi: checks
B_loJkl: bets $6
cashmuzi: folds
Uncalled bet ($6) returned to B_loJkl
B_loJkl collected $11.76 from pot
B_loJkl: doesn't show hand
*** SUMMARY ***
Total pot $12 | Rake $0.24
Board [8h 9s Th Qd]
Seat 3: cashmuzi (big blind) folded on the Turn
Seat 4: B_loJkl (button) (small blind) collected ($11.76)


PokerStars Hand #164295778740:  Hold'em Limit ($3/$6 USD) - 2017/01/09 10:31:17 ET
Table 'Dresda II' 6-max Seat #3 is the button
Seat 3: cashmuzi ($175.98 in chips)
Seat 4: B_loJkl ($154.79 in chips)
cashmuzi: posts small blind $1
B_loJkl: posts big blind $3
*** HOLE CARDS ***
cashmuzi: calls $2
B_loJkl: raises $3 to $6
cashmuzi: calls $3
*** FLOP *** [5h 8s Kh]
B_loJkl: checks
cashmuzi: checks
*** TURN *** [5h 8s Kh] [Ad]
B_loJkl: checks
cashmuzi: checks
*** RIVER *** [5h 8s Kh Ad] [Jh]
B_loJkl: bets $6
cashmuzi: calls $6
*** SHOW DOWN ***
B_loJkl: shows [4s As] (a pair of Aces)
cashmuzi: mucks hand
B_loJkl collected $23.52 from pot
*** SUMMARY ***
Total pot $24 | Rake $0.48
Board [5h 8s Kh Ad Jh]
Seat 3: cashmuzi (button) (small blind) mucked
Seat 4: B_loJkl (big blind) showed [4s As] and won ($23.52) with a pair of Aces


PokerStars Hand #164295797629:  Hold'em Limit ($3/$6 USD) - 2017/01/09 10:31:43 ET
Table 'Dresda II' 6-max Seat #4 is the button
Seat 3: cashmuzi ($163.98 in chips)
Seat 4: B_loJkl ($166.31 in chips)
B_loJkl: posts small blind $1
cashmuzi: posts big blind $3
*** HOLE CARDS ***
B_loJkl: raises $3 to $6
cashmuzi: folds
Uncalled bet ($3) returned to B_loJkl
B_loJkl collected $6 from pot
B_loJkl: doesn't show hand
*** SUMMARY ***
Total pot $6 | Rake $0
Seat 3: cashmuzi (big blind) folded before Flop
Seat 4: B_loJkl (button) (small blind) collected ($6)


PokerStars Hand #164295760024:  Hold'em Limit ($3/$6 USD) - 2017/01/09 10:30:52 ET
Table 'Dresda II' 6-max Seat #4 is the button
Seat 3: cashmuzi ($185.98 in chips)
Seat 4: B_loJkl ($145.03 in chips)
B_loJkl: posts small blind $1
cashmuzi: posts big blind $3
*** HOLE CARDS ***
B_loJkl: raises $3 to $6
cashmuzi: folds
Uncalled bet ($3) returned to B_loJkl
B_loJkl collected $6 from pot
B_loJkl: doesn't show hand
*** SUMMARY ***
Total pot $6 | Rake $0
Seat 3: cashmuzi (big blind) folded before Flop
Seat 4: B_loJkl (button) (small blind) collected ($6)


PokerStars Hand #164295810271:  Hold'em Limit ($3/$6 USD) - 2017/01/09 10:32:00 ET
Table 'Dresda II' 6-max Seat #4 is the button
Seat 3: cashmuzi ($157.98 in chips)
Seat 4: B_loJkl ($172.19 in chips)
B_loJkl: posts small blind $1
cashmuzi: posts big blind $3
*** HOLE CARDS ***
B_loJkl: raises $3 to $6
cashmuzi: folds
Uncalled bet ($3) returned to B_loJkl
B_loJkl collected $6 from pot
B_loJkl: doesn't show hand
*** SUMMARY ***
Total pot $6 | Rake $0
Seat 3: cashmuzi (big blind) folded before Flop
Seat 4: B_loJkl (button) (small blind) collected ($6)


PokerStars Hand #164295820174:  Hold'em Limit ($3/$6 USD) - 2017/01/09 10:32:14 ET
Table 'Dresda II' 6-max Seat #4 is the button
Seat 3: cashmuzi ($153.98 in chips)
Seat 4: B_loJkl ($176.19 in chips)
B_loJkl: posts small blind $1
cashmuzi: posts big blind $3
*** HOLE CARDS ***
B_loJkl: raises $3 to $6
cashmuzi: folds
Uncalled bet ($3) returned to B_loJkl
B_loJkl collected $6 from pot
B_loJkl: doesn't show hand
*** SUMMARY ***
Total pot $6 | Rake $0
Seat 3: cashmuzi (big blind) folded before Flop
Seat 4: B_loJkl (button) (small blind) collected ($6)


PokerStars Hand #164295816053:  Hold'em Limit ($3/$6 USD) - 2017/01/09 10:32:08 ET
Table 'Dresda II' 6-max Seat #3 is the button
Seat 3: cashmuzi ($154.98 in chips)
Seat 4: B_loJkl ($175.19 in chips)
cashmuzi: posts small blind $1
B_loJkl: posts big blind $3
*** HOLE CARDS ***
cashmuzi: folds
Uncalled bet ($2) returned to B_loJkl
B_loJkl collected $2 from pot
B_loJkl: doesn't show hand
*** SUMMARY ***
Total pot $2 | Rake $0
Seat 3: cashmuzi (button) (small blind) folded before Flop
Seat 4: B_loJkl (big blind) collected ($2)


PokerStars Hand #164295824636:  Hold'em Limit ($3/$6 USD) - 2017/01/09 10:32:20 ET
Table 'Dresda II' 6-max Seat #3 is the button
Seat 3: cashmuzi ($150.98 in chips)
Seat 4: B_loJkl ($179.19 in chips)
cashmuzi: posts small blind $1
B_loJkl: posts big blind $3
*** HOLE CARDS ***
cashmuzi: raises $3 to $6
B_loJkl: calls $3
*** FLOP *** [3c Qh 2s]
B_loJkl: checks
cashmuzi: checks
*** TURN *** [3c Qh 2s] [8c]
B_loJkl: checks
cashmuzi: bets $6
B_loJkl: folds
Uncalled bet ($6) returned to cashmuzi
cashmuzi collected $11.76 from pot
cashmuzi: doesn't show hand
*** SUMMARY ***
Total pot $12 | Rake $0.24
Board [3c Qh 2s 8c]
Seat 3: cashmuzi (button) (small blind) collected ($11.76)
Seat 4: B_loJkl (big blind) folded on the Turn


PokerStars Hand #164295834872:  Hold'em Limit ($3/$6 USD) - 2017/01/09 10:32:34 ET
Table 'Dresda II' 6-max Seat #4 is the button
Seat 3: cashmuzi ($156.74 in chips)
Seat 4: B_loJkl ($173.19 in chips)
B_loJkl: posts small blind $1
cashmuzi: posts big blind $3
*** HOLE CARDS ***
B_loJkl: raises $3 to $6
cashmuzi: folds
Uncalled bet ($3) returned to B_loJkl
B_loJkl collected $6 from pot
B_loJkl: doesn't show hand
*** SUMMARY ***
Total pot $6 | Rake $0
Seat 3: cashmuzi (big blind) folded before Flop
Seat 4: B_loJkl (button) (small blind) collected ($6)


PokerStars Hand #164295802268:  Hold'em Limit ($3/$6 USD) - 2017/01/09 10:31:49 ET
Table 'Dresda II' 6-max Seat #3 is the button
Seat 3: cashmuzi ($160.98 in chips)
Seat 4: B_loJkl ($169.31 in chips)
cashmuzi: posts small blind $1
B_loJkl: posts big blind $3
*** HOLE CARDS ***
cashmuzi: calls $2
B_loJkl: checks
*** FLOP *** [7h Tc 7c]
B_loJkl: bets $3
cashmuzi: folds
Uncalled bet ($3) returned to B_loJkl
B_loJkl collected $5.88 from pot
B_loJkl: doesn't show hand
*** SUMMARY ***
Total pot $6 | Rake $0.12
Board [7h Tc 7c]
Seat 3: cashmuzi (button) (small blind) folded on the Flop
Seat 4: B_loJkl (big blind) collected ($5.88)


PokerStars Hand #164295855591:  Hold'em Limit ($3/$6 USD) - 2017/01/09 10:33:02 ET
Table 'Dresda II' 6-max Seat #4 is the button
Seat 3: cashmuzi ($152.74 in chips)
Seat 4: B_loJkl ($177.19 in chips)
B_loJkl: posts small blind $1
cashmuzi: posts big blind $3
*** HOLE CARDS ***
B_loJkl: raises $3 to $6
cashmuzi: folds
Uncalled bet ($3) returned to B_loJkl
B_loJkl collected $6 from pot
B_loJkl: doesn't show hand
*** SUMMARY ***
Total pot $6 | Rake $0
Seat 3: cashmuzi (big blind) folded before Flop
Seat 4: B_loJkl (button) (small blind) collected ($6)


PokerStars Hand #164295866225:  Hold'em Limit ($3/$6 USD) - 2017/01/09 10:33:17 ET
Table 'Dresda II' 6-max Seat #3 is the button
Seat 3: cashmuzi ($149.74 in chips)
Seat 4: B_loJkl ($180.19 in chips)
cashmuzi: posts small blind $1
B_loJkl: posts big blind $3
*** HOLE CARDS ***
cashmuzi: calls $2
B_loJkl: checks
*** FLOP *** [Jd Tc 7d]
B_loJkl: checks
cashmuzi: checks
*** TURN *** [Jd Tc 7d] [3s]
B_loJkl: bets $6
cashmuzi: folds
Uncalled bet ($6) returned to B_loJkl
B_loJkl collected $5.88 from pot
B_loJkl: doesn't show hand
*** SUMMARY ***
Total pot $6 | Rake $0.12
Board [Jd Tc 7d 3s]
Seat 3: cashmuzi (button) (small blind) folded on the Turn
Seat 4: B_loJkl (big blind) collected ($5.88)


PokerStars Hand #164295879040:  Hold'em Limit ($3/$6 USD) - 2017/01/09 10:33:35 ET
Table 'Dresda II' 6-max Seat #4 is the button
Seat 3: cashmuzi ($146.74 in chips)
Seat 4: B_loJkl ($183.07 in chips)
B_loJkl: posts small blind $1
cashmuzi: posts big blind $3
*** HOLE CARDS ***
B_loJkl: raises $3 to $6
cashmuzi: calls $3
*** FLOP *** [6s 2d 3c]
cashmuzi: checks
B_loJkl: checks
*** TURN *** [6s 2d 3c] [8c]
cashmuzi: checks
B_loJkl: bets $6
cashmuzi: calls $6
*** RIVER *** [6s 2d 3c 8c] [6d]
cashmuzi: checks
B_loJkl: checks
*** SHOW DOWN ***
cashmuzi: shows [Th 6h] (three of a kind, Sixes)
B_loJkl: mucks hand
cashmuzi collected $23.52 from pot
*** SUMMARY ***
Total pot $24 | Rake $0.48
Board [6s 2d 3c 8c 6d]
Seat 3: cashmuzi (big blind) showed [Th 6h] and won ($23.52) with three of a kind, Sixes
Seat 4: B_loJkl (button) (small blind) mucked


PokerStars Hand #164295842450:  Hold'em Limit ($3/$6 USD) - 2017/01/09 10:32:45 ET
Table 'Dresda II' 6-max Seat #3 is the button
Seat 3: cashmuzi ($153.74 in chips)
Seat 4: B_loJkl ($176.19 in chips)
cashmuzi: posts small blind $1
B_loJkl: posts big blind $3
*** HOLE CARDS ***
cashmuzi: folds
Uncalled bet ($2) returned to B_loJkl
B_loJkl collected $2 from pot
B_loJkl: doesn't show hand
*** SUMMARY ***
Total pot $2 | Rake $0
Seat 3: cashmuzi (button) (small blind) folded before Flop
Seat 4: B_loJkl (big blind) collected ($2)


PokerStars Hand #164295902605:  Hold'em Limit ($3/$6 USD) - 2017/01/09 10:34:07 ET
Table 'Dresda II' 6-max Seat #4 is the button
Seat 3: cashmuzi ($157.26 in chips)
Seat 4: B_loJkl ($172.07 in chips)
B_loJkl: posts small blind $1
cashmuzi: posts big blind $3
*** HOLE CARDS ***
B_loJkl: raises $3 to $6
cashmuzi: folds
Uncalled bet ($3) returned to B_loJkl
B_loJkl collected $6 from pot
B_loJkl: doesn't show hand
*** SUMMARY ***
Total pot $6 | Rake $0
Seat 3: cashmuzi (big blind) folded before Flop
Seat 4: B_loJkl (button) (small blind) collected ($6)


PokerStars Hand #164295892216:  Hold'em Limit ($3/$6 USD) - 2017/01/09 10:33:53 ET
Table 'Dresda II' 6-max Seat #3 is the button
Seat 3: cashmuzi ($158.26 in chips)
Seat 4: B_loJkl ($171.07 in chips)
cashmuzi: posts small blind $1
B_loJkl: posts big blind $3
*** HOLE CARDS ***
cashmuzi: folds
Uncalled bet ($2) returned to B_loJkl
B_loJkl collected $2 from pot
B_loJkl: doesn't show hand
*** SUMMARY ***
Total pot $2 | Rake $0
Seat 3: cashmuzi (button) (small blind) folded before Flop
Seat 4: B_loJkl (big blind) collected ($2)


PokerStars Hand #164295906988:  Hold'em Limit ($3/$6 USD) - 2017/01/09 10:34:13 ET
Table 'Dresda II' 6-max Seat #3 is the button
Seat 3: cashmuzi ($154.26 in chips)
Seat 4: B_loJkl ($175.07 in chips)
cashmuzi: posts small blind $1
B_loJkl: posts big blind $3
*** HOLE CARDS ***
cashmuzi: raises $3 to $6
B_loJkl: calls $3
*** FLOP *** [7s Jd Ad]
B_loJkl: checks
cashmuzi: bets $3
B_loJkl: calls $3
*** TURN *** [7s Jd Ad] [Kh]
B_loJkl: checks
cashmuzi: bets $6
B_loJkl: folds
Uncalled bet ($6) returned to cashmuzi
cashmuzi collected $17.64 from pot
cashmuzi: doesn't show hand
*** SUMMARY ***
Total pot $18 | Rake $0.36
Board [7s Jd Ad Kh]
Seat 3: cashmuzi (button) (small blind) collected ($17.64)
Seat 4: B_loJkl (big blind) folded on the Turn


PokerStars Hand #164295929255:  Hold'em Limit ($3/$6 USD) - 2017/01/09 10:34:44 ET
Table 'Dresda II' 6-max Seat #3 is the button
Seat 3: cashmuzi ($159.90 in chips)
Seat 4: B_loJkl ($169.07 in chips)
cashmuzi: posts small blind $1
B_loJkl: posts big blind $3
*** HOLE CARDS ***
cashmuzi: folds
Uncalled bet ($2) returned to B_loJkl
B_loJkl collected $2 from pot
B_loJkl: doesn't show hand
*** SUMMARY ***
Total pot $2 | Rake $0
Seat 3: cashmuzi (button) (small blind) folded before Flop
Seat 4: B_loJkl (big blind) collected ($2)


PokerStars Hand #164295924542:  Hold'em Limit ($3/$6 USD) - 2017/01/09 10:34:37 ET
Table 'Dresda II' 6-max Seat #4 is the button
Seat 3: cashmuzi ($162.90 in chips)
Seat 4: B_loJkl ($166.07 in chips)
B_loJkl: posts small blind $1
cashmuzi: posts big blind $3
*** HOLE CARDS ***
B_loJkl: raises $3 to $6
cashmuzi: folds
Uncalled bet ($3) returned to B_loJkl
B_loJkl collected $6 from pot
B_loJkl: doesn't show hand
*** SUMMARY ***
Total pot $6 | Rake $0
Seat 3: cashmuzi (big blind) folded before Flop
Seat 4: B_loJkl (button) (small blind) collected ($6)


PokerStars Hand #164295932467:  Hold'em Limit ($3/$6 USD) - 2017/01/09 10:34:48 ET
Table 'Dresda II' 6-max Seat #4 is the button
Seat 3: cashmuzi ($158.90 in chips)
Seat 4: B_loJkl ($170.07 in chips)
B_loJkl: posts small blind $1
cashmuzi: posts big blind $3
*** HOLE CARDS ***
B_loJkl: raises $3 to $6
cashmuzi: calls $3
*** FLOP *** [8d 7s 8c]
cashmuzi: checks
B_loJkl: bets $3
cashmuzi: calls $3
*** TURN *** [8d 7s 8c] [Ah]
cashmuzi: checks
B_loJkl: bets $6
cashmuzi: folds
Uncalled bet ($6) returned to B_loJkl
B_loJkl collected $17.64 from pot
B_loJkl: doesn't show hand
*** SUMMARY ***
Total pot $18 | Rake $0.36
Board [8d 7s 8c Ah]
Seat 3: cashmuzi (big blind) folded on the Turn
Seat 4: B_loJkl (button) (small blind) collected ($17.64)


PokerStars Hand #164295957395:  Hold'em Limit ($3/$6 USD) - 2017/01/09 10:35:22 ET
Table 'Dresda II' 6-max Seat #3 is the button
Seat 3: cashmuzi ($149.90 in chips)
Seat 4: B_loJkl ($178.71 in chips)
cashmuzi: posts small blind $1
B_loJkl: posts big blind $3
*** HOLE CARDS ***
cashmuzi: folds
Uncalled bet ($2) returned to B_loJkl
B_loJkl collected $2 from pot
B_loJkl: doesn't show hand
*** SUMMARY ***
Total pot $2 | Rake $0
Seat 3: cashmuzi (button) (small blind) folded before Flop
Seat 4: B_loJkl (big blind) collected ($2)


PokerStars Hand #164295966337:  Hold'em Limit ($3/$6 USD) - 2017/01/09 10:35:34 ET
Table 'Dresda II' 6-max Seat #3 is the button
Seat 3: cashmuzi ($145.90 in chips)
Seat 4: B_loJkl ($182.71 in chips)
cashmuzi: posts small blind $1
B_loJkl: posts big blind $3
*** HOLE CARDS ***
cashmuzi: folds
Uncalled bet ($2) returned to B_loJkl
B_loJkl collected $2 from pot
B_loJkl: doesn't show hand
*** SUMMARY ***
Total pot $2 | Rake $0
Seat 3: cashmuzi (button) (small blind) folded before Flop
Seat 4: B_loJkl (big blind) collected ($2)


PokerStars Hand #164295961046:  Hold'em Limit ($3/$6 USD) - 2017/01/09 10:35:27 ET
Table 'Dresda II' 6-max Seat #4 is the button
Seat 3: cashmuzi ($148.90 in chips)
Seat 4: B_loJkl ($179.71 in chips)
B_loJkl: posts small blind $1
cashmuzi: posts big blind $3
*** HOLE CARDS ***
B_loJkl: raises $3 to $6
cashmuzi: folds
Uncalled bet ($3) returned to B_loJkl
B_loJkl collected $6 from pot
B_loJkl: doesn't show hand
*** SUMMARY ***
Total pot $6 | Rake $0
Seat 3: cashmuzi (big blind) folded before Flop
Seat 4: B_loJkl (button) (small blind) collected ($6)


PokerStars Hand #164295969975:  Hold'em Limit ($3/$6 USD) - 2017/01/09 10:35:40 ET
Table 'Dresda II' 6-max Seat #4 is the button
Seat 3: cashmuzi ($144.90 in chips)
Seat 4: B_loJkl ($183.71 in chips)
B_loJkl: posts small blind $1
cashmuzi: posts big blind $3
*** HOLE CARDS ***
B_loJkl: raises $3 to $6
cashmuzi: calls $3
*** FLOP *** [8h Qh 9s]
cashmuzi: checks
B_loJkl: bets $3
cashmuzi: folds
Uncalled bet ($3) returned to B_loJkl
B_loJkl collected $11.76 from pot
B_loJkl: doesn't show hand
*** SUMMARY ***
Total pot $12 | Rake $0.24
Board [8h Qh 9s]
Seat 3: cashmuzi (big blind) folded on the Flop
Seat 4: B_loJkl (button) (small blind) collected ($11.76)


PokerStars Hand #164295979176:  Hold'em Limit ($3/$6 USD) - 2017/01/09 10:35:52 ET
Table 'Dresda II' 6-max Seat #3 is the button
Seat 3: cashmuzi ($138.90 in chips)
Seat 4: B_loJkl ($189.47 in chips)
cashmuzi: posts small blind $1
B_loJkl: posts big blind $3
*** HOLE CARDS ***
cashmuzi: calls $2
B_loJkl: checks
*** FLOP *** [4d 7c Qh]
B_loJkl: checks
cashmuzi: checks
*** TURN *** [4d 7c Qh] [8s]
B_loJkl: checks
cashmuzi: checks
*** RIVER *** [4d 7c Qh 8s] [Js]
B_loJkl: checks
cashmuzi: bets $6
B_loJkl: folds
Uncalled bet ($6) returned to cashmuzi
cashmuzi collected $5.88 from pot
cashmuzi: doesn't show hand
*** SUMMARY ***
Total pot $6 | Rake $0.12
Board [4d 7c Qh 8s Js]
Seat 3: cashmuzi (button) (small blind) collected ($5.88)
Seat 4: B_loJkl (big blind) folded on the River


PokerStars Hand #164296004528:  Hold'em Limit ($3/$6 USD) - 2017/01/09 10:36:26 ET
Table 'Dresda II' 6-max Seat #3 is the button
Seat 3: cashmuzi ($138.78 in chips)
Seat 4: B_loJkl ($189.47 in chips)
cashmuzi: posts small blind $1
B_loJkl: posts big blind $3
*** HOLE CARDS ***
cashmuzi: raises $3 to $6
B_loJkl: folds
Uncalled bet ($3) returned to cashmuzi
cashmuzi collected $6 from pot
cashmuzi: doesn't show hand
*** SUMMARY ***
Total pot $6 | Rake $0
Seat 3: cashmuzi (button) (small blind) collected ($6)
Seat 4: B_loJkl (big blind) folded before Flop


PokerStars Hand #164295999010:  Hold'em Limit ($3/$6 USD) - 2017/01/09 10:36:19 ET
Table 'Dresda II' 6-max Seat #4 is the button
Seat 3: cashmuzi ($141.78 in chips)
Seat 4: B_loJkl ($186.47 in chips)
B_loJkl: posts small blind $1
cashmuzi: posts big blind $3
*** HOLE CARDS ***
B_loJkl: raises $3 to $6
cashmuzi: folds
Uncalled bet ($3) returned to B_loJkl
B_loJkl collected $6 from pot
B_loJkl: doesn't show hand
*** SUMMARY ***
Total pot $6 | Rake $0
Seat 3: cashmuzi (big blind) folded before Flop
Seat 4: B_loJkl (button) (small blind) collected ($6)


PokerStars Hand #164296030194:  Hold'em Limit ($3/$6 USD) - 2017/01/09 10:37:02 ET
Table 'Dresda II' 6-max Seat #3 is the button
Seat 3: cashmuzi ($150.42 in chips)
Seat 4: B_loJkl ($177.47 in chips)
cashmuzi: posts small blind $1
B_loJkl: posts big blind $3
*** HOLE CARDS ***
cashmuzi: folds
Uncalled bet ($2) returned to B_loJkl
B_loJkl collected $2 from pot
B_loJkl: doesn't show hand
*** SUMMARY ***
Total pot $2 | Rake $0
Seat 3: cashmuzi (button) (small blind) folded before Flop
Seat 4: B_loJkl (big blind) collected ($2)


PokerStars Hand #164296033454:  Hold'em Limit ($3/$6 USD) - 2017/01/09 10:37:06 ET
Table 'Dresda II' 6-max Seat #4 is the button
Seat 3: cashmuzi ($149.42 in chips)
Seat 4: B_loJkl ($178.47 in chips)
B_loJkl: posts small blind $1
cashmuzi: posts big blind $3
*** HOLE CARDS ***
B_loJkl: raises $3 to $6
cashmuzi: calls $3
*** FLOP *** [8h Kh As]
cashmuzi: checks
B_loJkl: bets $3
cashmuzi: calls $3
*** TURN *** [8h Kh As] [6s]
cashmuzi: checks
B_loJkl: bets $6
cashmuzi: raises $6 to $12
B_loJkl: folds
Uncalled bet ($6) returned to cashmuzi
cashmuzi collected $29.50 from pot
cashmuzi: doesn't show hand
*** SUMMARY ***
Total pot $30 | Rake $0.50
Board [8h Kh As 6s]
Seat 3: cashmuzi (big blind) collected ($29.50)
Seat 4: B_loJkl (button) (small blind) folded on the Turn


PokerStars Hand #164296053922:  Hold'em Limit ($3/$6 USD) - 2017/01/09 10:37:34 ET
Table 'Dresda II' 6-max Seat #4 is the button
Seat 3: cashmuzi ($162.92 in chips)
Seat 4: B_loJkl ($164.47 in chips)
B_loJkl: posts small blind $1
cashmuzi: posts big blind $3
*** HOLE CARDS ***
B_loJkl: raises $3 to $6
cashmuzi: folds
Uncalled bet ($3) returned to B_loJkl
B_loJkl collected $6 from pot
B_loJkl: doesn't show hand
*** SUMMARY ***
Total pot $6 | Rake $0
Seat 3: cashmuzi (big blind) folded before Flop
Seat 4: B_loJkl (button) (small blind) collected ($6)


PokerStars Hand #164296050303:  Hold'em Limit ($3/$6 USD) - 2017/01/09 10:37:30 ET
Table 'Dresda II' 6-max Seat #3 is the button
Seat 3: cashmuzi ($163.92 in chips)
Seat 4: B_loJkl ($163.47 in chips)
cashmuzi: posts small blind $1
B_loJkl: posts big blind $3
*** HOLE CARDS ***
cashmuzi: folds
Uncalled bet ($2) returned to B_loJkl
B_loJkl collected $2 from pot
B_loJkl: doesn't show hand
*** SUMMARY ***
Total pot $2 | Rake $0
Seat 3: cashmuzi (button) (small blind) folded before Flop
Seat 4: B_loJkl (big blind) collected ($2)


PokerStars Hand #164296009596:  Hold'em Limit ($3/$6 USD) - 2017/01/09 10:36:33 ET
Table 'Dresda II' 6-max Seat #4 is the button
Seat 3: cashmuzi ($141.78 in chips)
Seat 4: B_loJkl ($186.47 in chips)
B_loJkl: posts small blind $1
cashmuzi: posts big blind $3
*** HOLE CARDS ***
B_loJkl: raises $3 to $6
cashmuzi: calls $3
*** FLOP *** [3s 4h 7s]
cashmuzi: checks
B_loJkl: bets $3
cashmuzi: calls $3
*** TURN *** [3s 4h 7s] [5s]
cashmuzi: checks
B_loJkl: checks
*** RIVER *** [3s 4h 7s 5s] [Tc]
cashmuzi: bets $6
B_loJkl: folds
Uncalled bet ($6) returned to cashmuzi
cashmuzi collected $17.64 from pot
cashmuzi: doesn't show hand
*** SUMMARY ***
Total pot $18 | Rake $0.36
Board [3s 4h 7s 5s Tc]
Seat 3: cashmuzi (big blind) collected ($17.64)
Seat 4: B_loJkl (button) (small blind) folded on the River


PokerStars Hand #164296059127:  Hold'em Limit ($3/$6 USD) - 2017/01/09 10:37:42 ET
Table 'Dresda II' 6-max Seat #3 is the button
Seat 3: cashmuzi ($159.92 in chips)
Seat 4: B_loJkl ($167.47 in chips)
cashmuzi: posts small blind $1
B_loJkl: posts big blind $3
*** HOLE CARDS ***
cashmuzi: raises $3 to $6
B_loJkl: calls $3
*** FLOP *** [6d 4c 6h]
B_loJkl: checks
cashmuzi: checks
*** TURN *** [6d 4c 6h] [Th]
B_loJkl: bets $6
cashmuzi: raises $6 to $12
B_loJkl: raises $6 to $18
cashmuzi: calls $6
*** RIVER *** [6d 4c 6h Th] [Ts]
B_loJkl: bets $6
cashmuzi: raises $6 to $12
B_loJkl: folds
Uncalled bet ($6) returned to cashmuzi
cashmuzi collected $59.50 from pot
cashmuzi: doesn't show hand
*** SUMMARY ***
Total pot $60 | Rake $0.50
Board [6d 4c 6h Th Ts]
Seat 3: cashmuzi (button) (small blind) collected ($59.50)
Seat 4: B_loJkl (big blind) folded on the River


PokerStars Hand #164296080453:  Hold'em Limit ($3/$6 USD) - 2017/01/09 10:38:11 ET
Table 'Dresda II' 6-max Seat #4 is the button
Seat 3: cashmuzi ($189.42 in chips)
Seat 4: B_loJkl ($137.47 in chips)
B_loJkl: posts small blind $1
cashmuzi: posts big blind $3
*** HOLE CARDS ***
B_loJkl: raises $3 to $6
cashmuzi: calls $3
*** FLOP *** [3s 6h Jh]
Great_Kang joins the table at seat #6
cashmuzi: checks
B_loJkl: bets $3
cashmuzi: calls $3
*** TURN *** [3s 6h Jh] [As]
cashmuzi: checks
B_loJkl: bets $6
cashmuzi: raises $6 to $12
B_loJkl: folds
Uncalled bet ($6) returned to cashmuzi
cashmuzi collected $29.50 from pot
cashmuzi: doesn't show hand
*** SUMMARY ***
Total pot $30 | Rake $0.50
Board [3s 6h Jh As]
Seat 3: cashmuzi (big blind) collected ($29.50)
Seat 4: B_loJkl (button) (small blind) folded on the Turn


PokerStars Hand #164296094032:  Hold'em Limit ($3/$6 USD) - 2017/01/09 10:38:30 ET
Table 'Dresda II' 6-max Seat #3 is the button
Seat 3: cashmuzi ($203.92 in chips)
Seat 4: B_loJkl ($122.47 in chips)
cashmuzi: posts small blind $1
B_loJkl: posts big blind $3
*** HOLE CARDS ***
cashmuzi: raises $3 to $6
B_loJkl: folds
Uncalled bet ($3) returned to cashmuzi
cashmuzi collected $6 from pot
cashmuzi: doesn't show hand
*** SUMMARY ***
Total pot $6 | Rake $0
Seat 3: cashmuzi (button) (small blind) collected ($6)
Seat 4: B_loJkl (big blind) folded before Flop


PokerStars Hand #164300419902:  Hold'em Limit ($3/$6 USD) - 2017/01/09 12:11:08 ET
Table 'Dresda II' 6-max Seat #6 is the button
Seat 4: pompier40 ($90.96 in chips)
Seat 6: Great_Kang ($345.75 in chips)
Great_Kang: posts small blind $1
pompier40: posts big blind $3
*** HOLE CARDS ***
Great_Kang: raises $3 to $6
B_loJkl joins the table at seat #5
pompier40: folds
Uncalled bet ($3) returned to Great_Kang
Great_Kang collected $6 from pot
Great_Kang: doesn't show hand
*** SUMMARY ***
Total pot $6 | Rake $0
Seat 4: pompier40 (big blind) folded before Flop
Seat 6: Great_Kang (button) (small blind) collected ($6)


PokerStars Hand #164300448129:  Hold'em Limit ($3/$6 USD) - 2017/01/09 12:11:41 ET
Table 'Dresda II' 6-max Seat #5 is the button
Seat 4: pompier40 ($93.60 in chips)
Seat 5: B_loJkl ($144 in chips)
B_loJkl: posts small blind $1
Great_Kang: is sitting out
pompier40: posts big blind $3
*** HOLE CARDS ***
B_loJkl: raises $3 to $6
pompier40: calls $3
*** FLOP *** [6c 6s 7s]
pompier40: checks
B_loJkl: bets $3
pompier40: calls $3
*** TURN *** [6c 6s 7s] [Ah]
pompier40: checks
B_loJkl: checks
*** RIVER *** [6c 6s 7s Ah] [4h]
pompier40: checks
B_loJkl: bets $6
pompier40: calls $6
*** SHOW DOWN ***
B_loJkl: shows [Qh 6h] (three of a kind, Sixes)
pompier40: mucks hand
B_loJkl collected $29.50 from pot
*** SUMMARY ***
Total pot $30 | Rake $0.50
Board [6c 6s 7s Ah 4h]
Seat 4: pompier40 (big blind) mucked
Seat 5: B_loJkl (button) (small blind) showed [Qh 6h] and won ($29.50) with three of a kind, Sixes


PokerStars Hand #164300470051:  Hold'em Limit ($3/$6 USD) - 2017/01/09 12:12:07 ET
Table 'Dresda II' 6-max Seat #4 is the button
Seat 4: pompier40 ($78.60 in chips)
Seat 5: B_loJkl ($158.50 in chips)
pompier40: posts small blind $1
B_loJkl: posts big blind $3
*** HOLE CARDS ***
pompier40: raises $3 to $6
B_loJkl: calls $3
*** FLOP *** [4d Jd 7s]
B_loJkl: checks
pompier40: bets $3
B_loJkl: calls $3
*** TURN *** [4d Jd 7s] [Ac]
B_loJkl: checks
pompier40: checks
*** RIVER *** [4d Jd 7s Ac] [7c]
B_loJkl: checks
pompier40: bets $6
B_loJkl: calls $6
*** SHOW DOWN ***
pompier40: shows [5h 7h] (three of a kind, Sevens)
B_loJkl: mucks hand
pompier40 collected $29.50 from pot
*** SUMMARY ***
Total pot $30 | Rake $0.50
Board [4d Jd 7s Ac 7c]
Seat 4: pompier40 (button) (small blind) showed [5h 7h] and won ($29.50) with three of a kind, Sevens
Seat 5: B_loJkl (big blind) mucked


PokerStars Hand #164300495778:  Hold'em Limit ($3/$6 USD) - 2017/01/09 12:12:37 ET
Table 'Dresda II' 6-max Seat #5 is the button
Seat 4: pompier40 ($93.10 in chips)
Seat 5: B_loJkl ($143.50 in chips)
B_loJkl: posts small blind $1
pompier40: posts big blind $3
*** HOLE CARDS ***
B_loJkl: raises $3 to $6
pompier40: calls $3
*** FLOP *** [Ts 8h Ad]
pompier40: checks
B_loJkl: bets $3
pompier40: folds
Uncalled bet ($3) returned to B_loJkl
B_loJkl collected $11.76 from pot
B_loJkl: doesn't show hand
*** SUMMARY ***
Total pot $12 | Rake $0.24
Board [Ts 8h Ad]
Seat 4: pompier40 (big blind) folded on the Flop
Seat 5: B_loJkl (button) (small blind) collected ($11.76)


PokerStars Hand #164300512380:  Hold'em Limit ($3/$6 USD) - 2017/01/09 12:12:56 ET
Table 'Dresda II' 6-max Seat #4 is the button
Seat 4: pompier40 ($87.10 in chips)
Seat 5: B_loJkl ($149.26 in chips)
pompier40: posts small blind $1
B_loJkl: posts big blind $3
*** HOLE CARDS ***
pompier40: folds
Uncalled bet ($2) returned to B_loJkl
B_loJkl collected $2 from pot
B_loJkl: doesn't show hand
*** SUMMARY ***
Total pot $2 | Rake $0
Seat 4: pompier40 (button) (small blind) folded before Flop
Seat 5: B_loJkl (big blind) collected ($2)


PokerStars Hand #164300540999:  Hold'em Limit ($3/$6 USD) - 2017/01/09 12:13:30 ET
Table 'Dresda II' 6-max Seat #5 is the button
Seat 4: pompier40 ($93.74 in chips)
Seat 5: B_loJkl ($142.26 in chips)
B_loJkl: posts small blind $1
pompier40: posts big blind $3
*** HOLE CARDS ***
B_loJkl: raises $3 to $6
pompier40: calls $3
*** FLOP *** [Td 2h 2d]
pompier40: checks
B_loJkl: bets $3
pompier40: calls $3
*** TURN *** [Td 2h 2d] [Qc]
pompier40: checks
B_loJkl: bets $6
pompier40: raises $6 to $12
B_loJkl: folds
Uncalled bet ($6) returned to pompier40
pompier40 collected $29.50 from pot
*** SUMMARY ***
Total pot $30 | Rake $0.50
Board [Td 2h 2d Qc]
Seat 4: pompier40 (big blind) collected ($29.50)
Seat 5: B_loJkl (button) (small blind) folded on the Turn


PokerStars Hand #164300533693:  Hold'em Limit ($3/$6 USD) - 2017/01/09 12:13:21 ET
Table 'Dresda II' 6-max Seat #4 is the button
Seat 4: pompier40 ($94.74 in chips)
Seat 5: B_loJkl ($141.26 in chips)
pompier40: posts small blind $1
B_loJkl: posts big blind $3
*** HOLE CARDS ***
pompier40: folds
Uncalled bet ($2) returned to B_loJkl
B_loJkl collected $2 from pot
B_loJkl: doesn't show hand
*** SUMMARY ***
Total pot $2 | Rake $0
Seat 4: pompier40 (button) (small blind) folded before Flop
Seat 5: B_loJkl (big blind) collected ($2)


PokerStars Hand #164300516606:  Hold'em Limit ($3/$6 USD) - 2017/01/09 12:13:01 ET
Table 'Dresda II' 6-max Seat #5 is the button
Seat 4: pompier40 ($86.10 in chips)
Seat 5: B_loJkl ($150.26 in chips)
B_loJkl: posts small blind $1
pompier40: posts big blind $3
*** HOLE CARDS ***
B_loJkl: raises $3 to $6
pompier40: raises $3 to $9
B_loJkl: calls $3
*** FLOP *** [Jh Td 9d]
pompier40: bets $3
B_loJkl: folds
Uncalled bet ($3) returned to pompier40
pompier40 collected $17.64 from pot
*** SUMMARY ***
Total pot $18 | Rake $0.36
Board [Jh Td 9d]
Seat 4: pompier40 (big blind) collected ($17.64)
Seat 5: B_loJkl (button) (small blind) folded on the Flop


PokerStars Hand #164300590603:  Hold'em Limit ($3/$6 USD) - 2017/01/09 12:14:27 ET
Table 'Dresda II' 6-max Seat #5 is the button
Seat 4: pompier40 ($81.24 in chips)
Seat 5: B_loJkl ($153.76 in chips)
B_loJkl: posts small blind $1
pompier40: posts big blind $3
*** HOLE CARDS ***
B_loJkl: raises $3 to $6
pompier40: calls $3
*** FLOP *** [9d Ks Qd]
pompier40: checks
B_loJkl: bets $3
pompier40: folds
Uncalled bet ($3) returned to B_loJkl
B_loJkl collected $11.76 from pot
B_loJkl: doesn't show hand
*** SUMMARY ***
Total pot $12 | Rake $0.24
Board [9d Ks Qd]
Seat 4: pompier40 (big blind) folded on the Flop
Seat 5: B_loJkl (button) (small blind) collected ($11.76)


PokerStars Hand #164300565684:  Hold'em Limit ($3/$6 USD) - 2017/01/09 12:13:58 ET
Table 'Dresda II' 6-max Seat #4 is the button
Seat 4: pompier40 ($108.24 in chips)
Seat 5: B_loJkl ($127.26 in chips)
pompier40: posts small blind $1
B_loJkl: posts big blind $3
*** HOLE CARDS ***
pompier40: raises $3 to $6
B_loJkl: calls $3
*** FLOP *** [Th 4d 6d]
B_loJkl: checks
pompier40: bets $3
B_loJkl: calls $3
*** TURN *** [Th 4d 6d] [6c]
B_loJkl: checks
pompier40: bets $6
B_loJkl: raises $6 to $12
pompier40: calls $6
*** RIVER *** [Th 4d 6d 6c] [8s]
B_loJkl: bets $6
pompier40: calls $6
*** SHOW DOWN ***
B_loJkl: shows [6s 9d] (three of a kind, Sixes)
pompier40: mucks hand
B_loJkl collected $53.50 from pot
*** SUMMARY ***
Total pot $54 | Rake $0.50
Board [Th 4d 6d 6c 8s]
Seat 4: pompier40 (button) (small blind) mucked
Seat 5: B_loJkl (big blind) showed [6s 9d] and won ($53.50) with three of a kind, Sixes


PokerStars Hand #164300606283:  Hold'em Limit ($3/$6 USD) - 2017/01/09 12:14:46 ET
Table 'Dresda II' 6-max Seat #4 is the button
Seat 4: pompier40 ($75.24 in chips)
Seat 5: B_loJkl ($159.52 in chips)
pompier40: posts small blind $1
B_loJkl: posts big blind $3
*** HOLE CARDS ***
pompier40: raises $3 to $6
B_loJkl: calls $3
*** FLOP *** [2d 3d 4c]
B_loJkl: checks
pompier40: bets $3
B_loJkl: calls $3
*** TURN *** [2d 3d 4c] [Td]
B_loJkl: checks
pompier40: checks
*** RIVER *** [2d 3d 4c Td] [Th]
B_loJkl: checks
pompier40: checks
*** SHOW DOWN ***
B_loJkl: shows [7d Qs] (a pair of Tens)
pompier40: shows [6d Ac] (a pair of Tens - Ace kicker)
spyndal joins the table at seat #3
pompier40 collected $17.64 from pot
zorantoronto joins the table at seat #1
*** SUMMARY ***
Total pot $18 | Rake $0.36
Board [2d 3d 4c Td Th]
Seat 4: pompier40 (button) (small blind) showed [6d Ac] and won ($17.64) with a pair of Tens
Seat 5: B_loJkl (big blind) showed [7d Qs] and lost with a pair of Tens


PokerStars Hand #164303885026:  Hold'em Limit ($3/$6 USD) - 2017/01/09 13:15:52 ET
Table 'Dresda II' 6-max Seat #5 is the button
Seat 2: RaisemyNut$ ($140.33 in chips)
Seat 5: RockKillerTY ($156.64 in chips)
RockKillerTY: posts small blind $1
abster2366: is sitting out
RaisemyNut$: posts big blind $3
*** HOLE CARDS ***
RockKillerTY: folds
Uncalled bet ($2) returned to RaisemyNut$
RaisemyNut$ collected $2 from pot
RaisemyNut$: doesn't show hand
*** SUMMARY ***
Total pot $2 | Rake $0
Seat 2: RaisemyNut$ (big blind) collected ($2)
Seat 5: RockKillerTY (button) (small blind) folded before Flop


