PokerStars Hand #155569277186:  Hold'em Limit ($3/$6 USD) - 2016/07/04 17:56:40 ET
Table 'Dresda' 10-max Seat #1 is the button
Seat 1: Zubasa07 ($500 in chips)
Seat 5: beekka ($60 in chips)
Zubasa07: posts small blind $1
beekka: posts big blind $3
*** HOLE CARDS ***
Zubasa07: raises $3 to $6
beekka: calls $3
*** FLOP *** [Ac 4h 4c]
beekka: checks
Zubasa07: bets $3
beekka: raises $3 to $6
Zubasa07: calls $3
*** TURN *** [Ac 4h 4c] [Js]
beekka: bets $6
Zubasa07: calls $6
*** RIVER *** [Ac 4h 4c Js] [Qs]
beekka: bets $6
Zubasa07: raises $6 to $12
beekka: calls $6
*** SHOW DOWN ***
Zubasa07: shows [Jh 4d] (a full house, Fours full of Jacks)
beekka: mucks hand
Zubasa07 collected $59.50 from pot
*** SUMMARY ***
Total pot $60 | Rake $0.50
Board [Ac 4h 4c Js Qs]
Seat 1: Zubasa07 (button) (small blind) showed [Jh 4d] and won ($59.50) with a full house, Fours full of Jacks
Seat 5: beekka (big blind) mucked


PokerStars Hand #155569299894:  Hold'em Limit ($3/$6 USD) - 2016/07/04 17:57:18 ET
Table 'Dresda' 10-max Seat #5 is the button
Seat 1: Zubasa07 ($529.50 in chips)
Seat 5: beekka ($30 in chips)
beekka: posts small blind $1
Zubasa07: posts big blind $3
*** HOLE CARDS ***
beekka: raises $3 to $6
Zubasa07: raises $3 to $9
beekka: calls $3
*** FLOP *** [Tc Ah 4h]
Zubasa07: bets $3
beekka: calls $3
*** TURN *** [Tc Ah 4h] [2h]
Zubasa07: bets $6
beekka: folds
Uncalled bet ($6) returned to Zubasa07
Zubasa07 collected $23.52 from pot
Zubasa07: doesn't show hand
*** SUMMARY ***
Total pot $24 | Rake $0.48
Board [Tc Ah 4h 2h]
Seat 1: Zubasa07 (big blind) collected ($23.52)
Seat 5: beekka (button) (small blind) folded on the Turn


PokerStars Hand #155569308986:  Hold'em Limit ($3/$6 USD) - 2016/07/04 17:57:33 ET
Table 'Dresda' 10-max Seat #1 is the button
Seat 1: Zubasa07 ($541.02 in chips)
Seat 5: beekka ($18 in chips)
Zubasa07: posts small blind $1
beekka: posts big blind $3
*** HOLE CARDS ***
Zubasa07: raises $3 to $6
beekka: calls $3
*** FLOP *** [Ks 5c 8h]
beekka: checks
Zubasa07: bets $3
beekka: folds
Uncalled bet ($3) returned to Zubasa07
Zubasa07 collected $11.76 from pot
Zubasa07: doesn't show hand
*** SUMMARY ***
Total pot $12 | Rake $0.24
Board [Ks 5c 8h]
Seat 1: Zubasa07 (button) (small blind) collected ($11.76)
Seat 5: beekka (big blind) folded on the Flop


PokerStars Hand #155569318454:  Hold'em Limit ($3/$6 USD) - 2016/07/04 17:57:49 ET
Table 'Dresda' 10-max Seat #5 is the button
Seat 1: Zubasa07 ($546.78 in chips)
Seat 5: beekka ($12 in chips)
beekka: posts small blind $1
Zubasa07: posts big blind $3
*** HOLE CARDS ***
beekka: folds
Uncalled bet ($2) returned to Zubasa07
Zubasa07 collected $2 from pot
Zubasa07: doesn't show hand
*** SUMMARY ***
Total pot $2 | Rake $0
Seat 1: Zubasa07 (big blind) collected ($2)
Seat 5: beekka (button) (small blind) folded before Flop


PokerStars Hand #155569321176:  Hold'em Limit ($3/$6 USD) - 2016/07/04 17:57:53 ET
Table 'Dresda' 10-max Seat #1 is the button
Seat 1: Zubasa07 ($547.78 in chips)
Seat 5: beekka ($11 in chips)
Zubasa07: posts small blind $1
beekka: posts big blind $3
*** HOLE CARDS ***
Zubasa07: raises $3 to $6
beekka: raises $3 to $9
Zubasa07: raises $3 to $12
Betting is capped
beekka: calls $2 and is all-in
Uncalled bet ($1) returned to Zubasa07
*** FLOP *** [4c Js 8h]
*** TURN *** [4c Js 8h] [7s]
*** RIVER *** [4c Js 8h 7s] [7h]
*** SHOW DOWN ***
beekka: shows [3d Jc] (two pair, Jacks and Sevens)
Zubasa07: shows [Jh As] (two pair, Jacks and Sevens - Ace kicker)
Zubasa07 collected $21.56 from pot
*** SUMMARY ***
Total pot $22 | Rake $0.44
Board [4c Js 8h 7s 7h]
Seat 1: Zubasa07 (button) (small blind) showed [Jh As] and won ($21.56) with two pair, Jacks and Sevens
Seat 5: beekka (big blind) showed [3d Jc] and lost with two pair, Jacks and Sevens


PokerStars Hand #155569342558:  Hold'em Limit ($3/$6 USD) - 2016/07/04 17:58:29 ET
Table 'Dresda' 10-max Seat #5 is the button
Seat 1: Zubasa07 ($558.34 in chips)
Seat 5: beekka ($60 in chips)
beekka: posts small blind $1
Zubasa07: posts big blind $3
*** HOLE CARDS ***
beekka: folds
Uncalled bet ($2) returned to Zubasa07
Zubasa07 collected $2 from pot
Zubasa07: doesn't show hand
*** SUMMARY ***
Total pot $2 | Rake $0
Seat 1: Zubasa07 (big blind) collected ($2)
Seat 5: beekka (button) (small blind) folded before Flop


PokerStars Hand #155569347415:  Hold'em Limit ($3/$6 USD) - 2016/07/04 17:58:37 ET
Table 'Dresda' 10-max Seat #1 is the button
Seat 1: Zubasa07 ($559.34 in chips)
Seat 5: beekka ($59 in chips)
Zubasa07: posts small blind $1
beekka: posts big blind $3
*** HOLE CARDS ***
Zubasa07: raises $3 to $6
beekka: calls $3
*** FLOP *** [Kc 8s 9h]
beekka: checks
Zubasa07: bets $3
beekka: calls $3
*** TURN *** [Kc 8s 9h] [Ks]
beekka: checks
Zubasa07: checks
*** RIVER *** [Kc 8s 9h Ks] [2h]
beekka: checks
Zubasa07: checks
*** SHOW DOWN ***
beekka: shows [3s Qc] (a pair of Kings)
Zubasa07: mucks hand
beekka collected $17.64 from pot
*** SUMMARY ***
Total pot $18 | Rake $0.36
Board [Kc 8s 9h Ks 2h]
Seat 1: Zubasa07 (button) (small blind) mucked
Seat 5: beekka (big blind) showed [3s Qc] and won ($17.64) with a pair of Kings


PokerStars Hand #155569366611:  Hold'em Limit ($3/$6 USD) - 2016/07/04 17:59:09 ET
Table 'Dresda' 10-max Seat #5 is the button
Seat 1: Zubasa07 ($550.34 in chips)
Seat 5: beekka ($67.64 in chips)
beekka: posts small blind $1
Zubasa07: posts big blind $3
*** HOLE CARDS ***
beekka: raises $3 to $6
Zubasa07: raises $3 to $9
beekka: calls $3
*** FLOP *** [7d Jh Td]
Zubasa07: bets $3
beekka: raises $3 to $6
Zubasa07: calls $3
*** TURN *** [7d Jh Td] [7c]
Zubasa07: checks
beekka: bets $6
Zubasa07: calls $6
*** RIVER *** [7d Jh Td 7c] [5d]
Zubasa07: checks
beekka: bets $6
Zubasa07: calls $6
*** SHOW DOWN ***
beekka: shows [9d 3d] (a flush, Ten high)
Zubasa07: mucks hand
beekka collected $53.50 from pot
*** SUMMARY ***
Total pot $54 | Rake $0.50
Board [7d Jh Td 7c 5d]
Seat 1: Zubasa07 (big blind) mucked
Seat 5: beekka (button) (small blind) showed [9d 3d] and won ($53.50) with a flush, Ten high


PokerStars Hand #155569412778:  Hold'em Limit ($3/$6 USD) - 2016/07/04 18:00:26 ET
Table 'Dresda' 10-max Seat #1 is the button
Seat 1: Zubasa07 ($496.34 in chips)
Seat 5: beekka ($120.64 in chips)
Zubasa07: posts small blind $1
beekka: posts big blind $3
*** HOLE CARDS ***
Zubasa07: raises $3 to $6
beekka: calls $3
*** FLOP *** [3h 4d 8h]
beekka: checks
Zubasa07: checks
*** TURN *** [3h 4d 8h] [3s]
beekka: bets $6
Zubasa07: calls $6
*** RIVER *** [3h 4d 8h 3s] [4s]
beekka: bets $6
Zubasa07: calls $6
*** SHOW DOWN ***
beekka: shows [8s 7d] (two pair, Eights and Fours)
Zubasa07: mucks hand
beekka collected $35.50 from pot
*** SUMMARY ***
Total pot $36 | Rake $0.50
Board [3h 4d 8h 3s 4s]
Seat 1: Zubasa07 (button) (small blind) mucked
Seat 5: beekka (big blind) showed [8s 7d] and won ($35.50) with two pair, Eights and Fours


PokerStars Hand #155569430554:  Hold'em Limit ($3/$6 USD) - 2016/07/04 18:00:54 ET
Table 'Dresda' 10-max Seat #5 is the button
Seat 1: Zubasa07 ($478.34 in chips)
Seat 5: beekka ($138.14 in chips)
beekka: posts small blind $1
Zubasa07: posts big blind $3
*** HOLE CARDS ***
beekka: raises $3 to $6
Zubasa07: calls $3
*** FLOP *** [Kh Qc 2h]
Zubasa07: checks
beekka: bets $3
Zubasa07: folds
Uncalled bet ($3) returned to beekka
beekka collected $11.76 from pot
beekka: doesn't show hand
*** SUMMARY ***
Total pot $12 | Rake $0.24
Board [Kh Qc 2h]
Seat 1: Zubasa07 (big blind) folded on the Flop
Seat 5: beekka (button) (small blind) collected ($11.76)


PokerStars Hand #155569408812:  Hold'em Limit ($3/$6 USD) - 2016/07/04 18:00:19 ET
Table 'Dresda' 10-max Seat #5 is the button
Seat 1: Zubasa07 ($499.34 in chips)
Seat 5: beekka ($117.64 in chips)
beekka: posts small blind $1
Zubasa07: posts big blind $3
*** HOLE CARDS ***
beekka: raises $3 to $6
Zubasa07: folds
Uncalled bet ($3) returned to beekka
beekka collected $6 from pot
beekka: doesn't show hand
*** SUMMARY ***
Total pot $6 | Rake $0
Seat 1: Zubasa07 (big blind) folded before Flop
Seat 5: beekka (button) (small blind) collected ($6)


PokerStars Hand #155569389198:  Hold'em Limit ($3/$6 USD) - 2016/07/04 17:59:47 ET
Table 'Dresda' 10-max Seat #1 is the button
Seat 1: Zubasa07 ($523.34 in chips)
Seat 5: beekka ($94.14 in chips)
Zubasa07: posts small blind $1
beekka: posts big blind $3
*** HOLE CARDS ***
Zubasa07: raises $3 to $6
beekka: calls $3
*** FLOP *** [4d Jd As]
beekka: checks
Zubasa07: bets $3
beekka: raises $3 to $6
Zubasa07: calls $3
*** TURN *** [4d Jd As] [8c]
beekka: bets $6
Zubasa07: calls $6
*** RIVER *** [4d Jd As 8c] [9h]
beekka: bets $6
Zubasa07: calls $6
*** SHOW DOWN ***
beekka: shows [3d Jc] (a pair of Jacks)
Zubasa07: mucks hand
beekka collected $47.50 from pot
*** SUMMARY ***
Total pot $48 | Rake $0.50
Board [4d Jd As 8c 9h]
Seat 1: Zubasa07 (button) (small blind) mucked
Seat 5: beekka (big blind) showed [3d Jc] and won ($47.50) with a pair of Jacks


PokerStars Hand #155569443196:  Hold'em Limit ($3/$6 USD) - 2016/07/04 18:01:13 ET
Table 'Dresda' 10-max Seat #1 is the button
Seat 1: Zubasa07 ($472.34 in chips)
Seat 5: beekka ($143.90 in chips)
Zubasa07: posts small blind $1
beekka: posts big blind $3
*** HOLE CARDS ***
Zubasa07: raises $3 to $6
beekka: calls $3
*** FLOP *** [5c Ad 9d]
beekka: checks
Zubasa07: checks
*** TURN *** [5c Ad 9d] [7s]
beekka: bets $6
Zubasa07: folds
Uncalled bet ($6) returned to beekka
beekka collected $11.76 from pot
beekka: doesn't show hand
*** SUMMARY ***
Total pot $12 | Rake $0.24
Board [5c Ad 9d 7s]
Seat 1: Zubasa07 (button) (small blind) folded on the Turn
Seat 5: beekka (big blind) collected ($11.76)


PokerStars Hand #155569456390:  Hold'em Limit ($3/$6 USD) - 2016/07/04 18:01:32 ET
Table 'Dresda' 10-max Seat #5 is the button
Seat 1: Zubasa07 ($466.34 in chips)
Seat 5: beekka ($149.66 in chips)
beekka: posts small blind $1
Zubasa07: posts big blind $3
*** HOLE CARDS ***
beekka: folds
Uncalled bet ($2) returned to Zubasa07
Zubasa07 collected $2 from pot
Zubasa07: doesn't show hand
*** SUMMARY ***
Total pot $2 | Rake $0
Seat 1: Zubasa07 (big blind) collected ($2)
Seat 5: beekka (button) (small blind) folded before Flop


PokerStars Hand #155569459685:  Hold'em Limit ($3/$6 USD) - 2016/07/04 18:01:36 ET
Table 'Dresda' 10-max Seat #1 is the button
Seat 1: Zubasa07 ($467.34 in chips)
Seat 5: beekka ($148.66 in chips)
Zubasa07: posts small blind $1
beekka: posts big blind $3
*** HOLE CARDS ***
Zubasa07: raises $3 to $6
beekka: raises $3 to $9
Zubasa07: calls $3
*** FLOP *** [As 2c 9h]
beekka: bets $3
Zubasa07: folds
Uncalled bet ($3) returned to beekka
beekka collected $17.64 from pot
beekka: doesn't show hand
*** SUMMARY ***
Total pot $18 | Rake $0.36
Board [As 2c 9h]
Seat 1: Zubasa07 (button) (small blind) folded on the Flop
Seat 5: beekka (big blind) collected ($17.64)


PokerStars Hand #155569481189:  Hold'em Limit ($3/$6 USD) - 2016/07/04 18:01:55 ET
Table 'Dresda' 10-max Seat #1 is the button
Seat 1: Zubasa07 ($459.34 in chips)
Seat 5: beekka ($156.30 in chips)
Zubasa07: posts small blind $1
beekka: posts big blind $3
*** HOLE CARDS ***
Zubasa07: raises $3 to $6
beekka: calls $3
*** FLOP *** [Qs 6c 4s]
beekka: checks
Zubasa07: bets $3
beekka: calls $3
*** TURN *** [Qs 6c 4s] [Qc]
beekka: checks
Zubasa07: bets $6
beekka: calls $6
*** RIVER *** [Qs 6c 4s Qc] [9s]
beekka: checks
Zubasa07: bets $6
beekka: calls $6
*** SHOW DOWN ***
Zubasa07: shows [5d 7c] (a pair of Queens)
beekka: shows [9d 4d] (two pair, Queens and Nines)
beekka collected $41.50 from pot
*** SUMMARY ***
Total pot $42 | Rake $0.50
Board [Qs 6c 4s Qc 9s]
Seat 1: Zubasa07 (button) (small blind) showed [5d 7c] and lost with a pair of Queens
Seat 5: beekka (big blind) showed [9d 4d] and won ($41.50) with two pair, Queens and Nines


PokerStars Hand #155569477729:  Hold'em Limit ($3/$6 USD) - 2016/07/04 18:01:50 ET
Table 'Dresda' 10-max Seat #5 is the button
Seat 1: Zubasa07 ($458.34 in chips)
Seat 5: beekka ($157.30 in chips)
beekka: posts small blind $1
Zubasa07: posts big blind $3
*** HOLE CARDS ***
beekka: folds
Uncalled bet ($2) returned to Zubasa07
Zubasa07 collected $2 from pot
Zubasa07: doesn't show hand
*** SUMMARY ***
Total pot $2 | Rake $0
Seat 1: Zubasa07 (big blind) collected ($2)
Seat 5: beekka (button) (small blind) folded before Flop


PokerStars Hand #155569497699:  Hold'em Limit ($3/$6 USD) - 2016/07/04 18:02:18 ET
Table 'Dresda' 10-max Seat #5 is the button
Seat 1: Zubasa07 ($438.34 in chips)
Seat 5: beekka ($176.80 in chips)
beekka: posts small blind $1
Zubasa07: posts big blind $3
*** HOLE CARDS ***
beekka: raises $3 to $6
Zubasa07: calls $3
*** FLOP *** [8c Th 4h]
Zubasa07: checks
beekka: bets $3
Zubasa07: folds
Uncalled bet ($3) returned to beekka
beekka collected $11.76 from pot
beekka: doesn't show hand
*** SUMMARY ***
Total pot $12 | Rake $0.24
Board [8c Th 4h]
Seat 1: Zubasa07 (big blind) folded on the Flop
Seat 5: beekka (button) (small blind) collected ($11.76)


PokerStars Hand #155569509786:  Hold'em Limit ($3/$6 USD) - 2016/07/04 18:02:35 ET
Table 'Dresda' 10-max Seat #1 is the button
Seat 1: Zubasa07 ($432.34 in chips)
Seat 5: beekka ($182.56 in chips)
Zubasa07: posts small blind $1
beekka: posts big blind $3
*** HOLE CARDS ***
Zubasa07: raises $3 to $6
beekka: calls $3
*** FLOP *** [6c 5c Ac]
beekka: checks
Zubasa07: bets $3
beekka: calls $3
*** TURN *** [6c 5c Ac] [5d]
beekka: checks
Zubasa07: checks
*** RIVER *** [6c 5c Ac 5d] [4d]
beekka: bets $6
Zubasa07: folds
Uncalled bet ($6) returned to beekka
beekka collected $17.64 from pot
beekka: doesn't show hand
*** SUMMARY ***
Total pot $18 | Rake $0.36
Board [6c 5c Ac 5d 4d]
Seat 1: Zubasa07 (button) (small blind) folded on the River
Seat 5: beekka (big blind) collected ($17.64)


PokerStars Hand #155569562159:  Hold'em Limit ($3/$6 USD) - 2016/07/04 18:03:48 ET
Table 'Dresda' 10-max Seat #5 is the button
Seat 1: Zubasa07 ($396.34 in chips)
Seat 5: beekka ($217.34 in chips)
beekka: posts small blind $1
Zubasa07: posts big blind $3
*** HOLE CARDS ***
beekka: folds
Uncalled bet ($2) returned to Zubasa07
Zubasa07 collected $2 from pot
Zubasa07: doesn't show hand
*** SUMMARY ***
Total pot $2 | Rake $0
Seat 1: Zubasa07 (big blind) collected ($2)
Seat 5: beekka (button) (small blind) folded before Flop


PokerStars Hand #155569550744:  Hold'em Limit ($3/$6 USD) - 2016/07/04 18:03:34 ET
Table 'Dresda' 10-max Seat #1 is the button
Seat 1: Zubasa07 ($405.34 in chips)
Seat 5: beekka ($208.70 in chips)
Zubasa07: posts small blind $1
beekka: posts big blind $3
*** HOLE CARDS ***
Zubasa07: raises $3 to $6
beekka: calls $3
*** FLOP *** [9c Ah 2d]
beekka: checks
Zubasa07: bets $3
beekka: raises $3 to $6
Zubasa07: folds
Uncalled bet ($3) returned to beekka
beekka collected $17.64 from pot
beekka: doesn't show hand
*** SUMMARY ***
Total pot $18 | Rake $0.36
Board [9c Ah 2d]
Seat 1: Zubasa07 (button) (small blind) folded on the Flop
Seat 5: beekka (big blind) collected ($17.64)


PokerStars Hand #155569565628:  Hold'em Limit ($3/$6 USD) - 2016/07/04 18:03:52 ET
Table 'Dresda' 10-max Seat #1 is the button
Seat 1: Zubasa07 ($397.34 in chips)
Seat 5: beekka ($216.34 in chips)
Zubasa07: posts small blind $1
beekka: posts big blind $3
*** HOLE CARDS ***
Zubasa07: raises $3 to $6
beekka: calls $3
*** FLOP *** [Th Qc 3s]
beekka: checks
Zubasa07: checks
*** TURN *** [Th Qc 3s] [2c]
beekka: bets $6
Zubasa07: calls $6
*** RIVER *** [Th Qc 3s 2c] [Tc]
beekka: bets $6
Zubasa07: calls $6
*** SHOW DOWN ***
beekka: shows [7d Ah] (a pair of Tens)
Zubasa07: shows [9s 9h] (two pair, Tens and Nines)
Zubasa07 collected $35.50 from pot
*** SUMMARY ***
Total pot $36 | Rake $0.50
Board [Th Qc 3s 2c Tc]
Seat 1: Zubasa07 (button) (small blind) showed [9s 9h] and won ($35.50) with two pair, Tens and Nines
Seat 5: beekka (big blind) showed [7d Ah] and lost with a pair of Tens


PokerStars Hand #155569529691:  Hold'em Limit ($3/$6 USD) - 2016/07/04 18:03:04 ET
Table 'Dresda' 10-max Seat #5 is the button
Seat 1: Zubasa07 ($423.34 in chips)
Seat 5: beekka ($191.20 in chips)
beekka: posts small blind $1
Zubasa07: posts big blind $3
*** HOLE CARDS ***
beekka: raises $3 to $6
Zubasa07: raises $3 to $9
beekka: calls $3
*** FLOP *** [Qd 6h 3s]
Zubasa07: bets $3
beekka: calls $3
*** TURN *** [Qd 6h 3s] [Ts]
Zubasa07: checks
beekka: checks
*** RIVER *** [Qd 6h 3s Ts] [Kh]
Zubasa07: checks
beekka: bets $6
Zubasa07: calls $6
*** SHOW DOWN ***
beekka: shows [Ks 9d] (a pair of Kings)
Zubasa07: mucks hand
beekka collected $35.50 from pot
*** SUMMARY ***
Total pot $36 | Rake $0.50
Board [Qd 6h 3s Ts Kh]
Seat 1: Zubasa07 (big blind) mucked
Seat 5: beekka (button) (small blind) showed [Ks 9d] and won ($35.50) with a pair of Kings


PokerStars Hand #155569613083:  Hold'em Limit ($3/$6 USD) - 2016/07/04 18:04:53 ET
Table 'Dresda' 10-max Seat #5 is the button
Seat 1: Zubasa07 ($399.84 in chips)
Seat 5: beekka ($212.86 in chips)
beekka: posts small blind $1
Zubasa07: posts big blind $3
*** HOLE CARDS ***
beekka: raises $3 to $6
Zubasa07: calls $3
*** FLOP *** [Js Qc 6d]
Zubasa07: checks
beekka: bets $3
Zubasa07: calls $3
*** TURN *** [Js Qc 6d] [6h]
Zubasa07: checks
beekka: checks
*** RIVER *** [Js Qc 6d 6h] [Qh]
Zubasa07: bets $6
beekka: folds
Uncalled bet ($6) returned to Zubasa07
Zubasa07 collected $17.64 from pot
Zubasa07: doesn't show hand
*** SUMMARY ***
Total pot $18 | Rake $0.36
Board [Js Qc 6d 6h Qh]
Seat 1: Zubasa07 (big blind) collected ($17.64)
Seat 5: beekka (button) (small blind) folded on the River


PokerStars Hand #155569608647:  Hold'em Limit ($3/$6 USD) - 2016/07/04 18:04:48 ET
Table 'Dresda' 10-max Seat #1 is the button
Seat 1: Zubasa07 ($400.84 in chips)
Seat 5: beekka ($211.86 in chips)
Zubasa07: posts small blind $1
beekka: posts big blind $3
*** HOLE CARDS ***
Zubasa07: folds
Uncalled bet ($2) returned to beekka
beekka collected $2 from pot
beekka: doesn't show hand
*** SUMMARY ***
Total pot $2 | Rake $0
Seat 1: Zubasa07 (button) (small blind) folded before Flop
Seat 5: beekka (big blind) collected ($2)


PokerStars Hand #155569605053:  Hold'em Limit ($3/$6 USD) - 2016/07/04 18:04:43 ET
Table 'Dresda' 10-max Seat #5 is the button
Seat 1: Zubasa07 ($403.84 in chips)
Seat 5: beekka ($208.86 in chips)
beekka: posts small blind $1
Zubasa07: posts big blind $3
*** HOLE CARDS ***
beekka: raises $3 to $6
Zubasa07: folds
Uncalled bet ($3) returned to beekka
beekka collected $6 from pot
beekka: doesn't show hand
*** SUMMARY ***
Total pot $6 | Rake $0
Seat 1: Zubasa07 (big blind) folded before Flop
Seat 5: beekka (button) (small blind) collected ($6)


PokerStars Hand #155569586548:  Hold'em Limit ($3/$6 USD) - 2016/07/04 18:04:20 ET
Table 'Dresda' 10-max Seat #1 is the button
Seat 1: Zubasa07 ($415.84 in chips)
Seat 5: beekka ($197.34 in chips)
Zubasa07: posts small blind $1
beekka: posts big blind $3
*** HOLE CARDS ***
Zubasa07: raises $3 to $6
beekka: calls $3
*** FLOP *** [2d 8h 5c]
beekka: checks
Zubasa07: checks
*** TURN *** [2d 8h 5c] [Qd]
beekka: bets $6
Zubasa07: calls $6
*** RIVER *** [2d 8h 5c Qd] [4d]
beekka: bets $6
Zubasa07: folds
Uncalled bet ($6) returned to beekka
beekka collected $23.52 from pot
beekka: doesn't show hand
*** SUMMARY ***
Total pot $24 | Rake $0.48
Board [2d 8h 5c Qd 4d]
Seat 1: Zubasa07 (button) (small blind) folded on the River
Seat 5: beekka (big blind) collected ($23.52)


PokerStars Hand #155569582992:  Hold'em Limit ($3/$6 USD) - 2016/07/04 18:04:15 ET
Table 'Dresda' 10-max Seat #5 is the button
Seat 1: Zubasa07 ($414.84 in chips)
Seat 5: beekka ($198.34 in chips)
beekka: posts small blind $1
Zubasa07: posts big blind $3
*** HOLE CARDS ***
beekka: folds
Uncalled bet ($2) returned to Zubasa07
Zubasa07 collected $2 from pot
Zubasa07: doesn't show hand
*** SUMMARY ***
Total pot $2 | Rake $0
Seat 1: Zubasa07 (big blind) collected ($2)
Seat 5: beekka (button) (small blind) folded before Flop


PokerStars Hand #155569636764:  Hold'em Limit ($3/$6 USD) - 2016/07/04 18:05:23 ET
Table 'Dresda' 10-max Seat #5 is the button
Seat 1: Zubasa07 ($407.48 in chips)
Seat 5: beekka ($204.86 in chips)
beekka: posts small blind $1
Zubasa07: posts big blind $3
*** HOLE CARDS ***
beekka: raises $3 to $6
Zubasa07: raises $3 to $9
beekka: calls $3
*** FLOP *** [5c 4d Ac]
Zubasa07: bets $3
beekka: raises $3 to $6
Zubasa07: calls $3
*** TURN *** [5c 4d Ac] [6s]
Zubasa07: checks
beekka: bets $6
Zubasa07: calls $6
*** RIVER *** [5c 4d Ac 6s] [As]
Zubasa07: checks
beekka: bets $6
Zubasa07: calls $6
*** SHOW DOWN ***
beekka: shows [6d 6c] (a full house, Sixes full of Aces)
Zubasa07: mucks hand
beekka collected $53.50 from pot
*** SUMMARY ***
Total pot $54 | Rake $0.50
Board [5c 4d Ac 6s As]
Seat 1: Zubasa07 (big blind) mucked
Seat 5: beekka (button) (small blind) showed [6d 6c] and won ($53.50) with a full house, Sixes full of Aces


PokerStars Hand #155569630766:  Hold'em Limit ($3/$6 USD) - 2016/07/04 18:05:15 ET
Table 'Dresda' 10-max Seat #1 is the button
Seat 1: Zubasa07 ($408.48 in chips)
Seat 5: beekka ($203.86 in chips)
Zubasa07: posts small blind $1
beekka: posts big blind $3
*** HOLE CARDS ***
Zubasa07: folds
Uncalled bet ($2) returned to beekka
beekka collected $2 from pot
beekka: doesn't show hand
*** SUMMARY ***
Total pot $2 | Rake $0
Seat 1: Zubasa07 (button) (small blind) folded before Flop
Seat 5: beekka (big blind) collected ($2)


PokerStars Hand #155569693013:  Hold'em Limit ($3/$6 USD) - 2016/07/04 18:06:34 ET
Table 'Dresda' 10-max Seat #5 is the button
Seat 1: Zubasa07 ($403.98 in chips)
Seat 5: beekka ($207.36 in chips)
beekka: posts small blind $1
Zubasa07: posts big blind $3
*** HOLE CARDS ***
beekka: raises $3 to $6
Zubasa07: calls $3
*** FLOP *** [Ts 9h Kh]
Zubasa07: checks
beekka: bets $3
Zubasa07: raises $3 to $6
beekka: folds
Uncalled bet ($3) returned to Zubasa07
Zubasa07 collected $17.64 from pot
Zubasa07: doesn't show hand
*** SUMMARY ***
Total pot $18 | Rake $0.36
Board [Ts 9h Kh]
Seat 1: Zubasa07 (big blind) collected ($17.64)
Seat 5: beekka (button) (small blind) folded on the Flop


PokerStars Hand #155569663731:  Hold'em Limit ($3/$6 USD) - 2016/07/04 18:05:57 ET
Table 'Dresda' 10-max Seat #1 is the button
Seat 1: Zubasa07 ($380.48 in chips)
Seat 5: beekka ($231.36 in chips)
Zubasa07: posts small blind $1
beekka: posts big blind $3
*** HOLE CARDS ***
Zubasa07: raises $3 to $6
beekka: raises $3 to $9
Zubasa07: calls $3
*** FLOP *** [2c Th Js]
beekka: bets $3
Zubasa07: calls $3
*** TURN *** [2c Th Js] [9s]
beekka: checks
Zubasa07: bets $6
beekka: calls $6
*** RIVER *** [2c Th Js 9s] [4d]
beekka: checks
Zubasa07: bets $6
beekka: calls $6
*** SHOW DOWN ***
Zubasa07: shows [Jd 7s] (a pair of Jacks)
beekka: mucks hand
Zubasa07 collected $47.50 from pot
*** SUMMARY ***
Total pot $48 | Rake $0.50
Board [2c Th Js 9s 4d]
Seat 1: Zubasa07 (button) (small blind) showed [Jd 7s] and won ($47.50) with a pair of Jacks
Seat 5: beekka (big blind) mucked


PokerStars Hand #155569707618:  Hold'em Limit ($3/$6 USD) - 2016/07/04 18:06:52 ET
Table 'Dresda' 10-max Seat #1 is the button
Seat 1: Zubasa07 ($412.62 in chips)
Seat 5: beekka ($198.36 in chips)
Zubasa07: posts small blind $1
beekka: posts big blind $3
*** HOLE CARDS ***
Zubasa07: raises $3 to $6
beekka: calls $3
*** FLOP *** [7s 6d Td]
beekka: checks
Zubasa07: bets $3
beekka: calls $3
*** TURN *** [7s 6d Td] [4s]
beekka: checks
Zubasa07: bets $6
beekka: raises $6 to $12
Zubasa07: calls $6
*** RIVER *** [7s 6d Td 4s] [Ks]
beekka: bets $6
Zubasa07: calls $6
*** SHOW DOWN ***
beekka: shows [8h 5h] (a straight, Four to Eight)
Zubasa07: mucks hand
beekka collected $53.50 from pot
*** SUMMARY ***
Total pot $54 | Rake $0.50
Board [7s 6d Td 4s Ks]
Seat 1: Zubasa07 (button) (small blind) mucked
Seat 5: beekka (big blind) showed [8h 5h] and won ($53.50) with a straight, Four to Eight


PokerStars Hand #155569761191:  Hold'em Limit ($3/$6 USD) - 2016/07/04 18:08:01 ET
Table 'Dresda' 10-max Seat #5 is the button
Seat 1: Zubasa07 ($385.62 in chips)
Seat 5: beekka ($224.86 in chips)
beekka: posts small blind $1
Zubasa07: posts big blind $3
*** HOLE CARDS ***
beekka: raises $3 to $6
Zubasa07: raises $3 to $9
beekka: calls $3
*** FLOP *** [4s 7s 5s]
Zubasa07: bets $3
beekka: raises $3 to $6
Zubasa07: calls $3
*** TURN *** [4s 7s 5s] [7h]
Zubasa07: checks
beekka: bets $6
Zubasa07: folds
Uncalled bet ($6) returned to beekka
beekka collected $29.50 from pot
beekka: doesn't show hand
*** SUMMARY ***
Total pot $30 | Rake $0.50
Board [4s 7s 5s 7h]
Seat 1: Zubasa07 (big blind) folded on the Turn
Seat 5: beekka (button) (small blind) collected ($29.50)


PokerStars Hand #155569802077:  Hold'em Limit ($3/$6 USD) - 2016/07/04 18:08:55 ET
Table 'Dresda' 10-max Seat #1 is the button
Seat 1: Zubasa07 ($370.62 in chips)
Seat 5: beekka ($239.36 in chips)
Zubasa07: posts small blind $1
beekka: posts big blind $3
*** HOLE CARDS ***
Zubasa07: raises $3 to $6
beekka: calls $3
*** FLOP *** [7h Td 6c]
beekka: checks
Zubasa07: checks
*** TURN *** [7h Td 6c] [3c]
beekka: bets $6
Zubasa07: calls $6
*** RIVER *** [7h Td 6c 3c] [9s]
beekka: bets $6
Zubasa07: calls $6
*** SHOW DOWN ***
beekka: shows [As 8s] (a straight, Six to Ten)
Zubasa07: mucks hand
beekka collected $35.50 from pot
*** SUMMARY ***
Total pot $36 | Rake $0.50
Board [7h Td 6c 3c 9s]
Seat 1: Zubasa07 (button) (small blind) mucked
Seat 5: beekka (big blind) showed [As 8s] and won ($35.50) with a straight, Six to Ten


