PokerStars Hand #170220844868:  Hold'em Limit ($3/$6 USD) - 2017/05/10 10:25:41 ET
Table 'Dresda II' 6-max Seat #3 is the button
Seat 3: igorkabmw ($40.77 in chips)
Seat 4: Agrotait ($72 in chips)
igorkabmw: posts small blind $1
Agrotait: posts big blind $3
*** HOLE CARDS ***
igorkabmw: folds
Uncalled bet ($2) returned to Agrotait
Agrotait collected $2 from pot
Agrotait: doesn't show hand
*** SUMMARY ***
Total pot $2 | Rake $0
Seat 3: igorkabmw (button) (small blind) folded before Flop
Seat 4: Agrotait (big blind) collected ($2)


PokerStars Hand #170220868362:  Hold'em Limit ($3/$6 USD) - 2017/05/10 10:26:20 ET
Table 'Dresda II' 6-max Seat #3 is the button
Seat 3: igorkabmw ($12.77 in chips)
Seat 4: Agrotait ($99.50 in chips)
igorkabmw: posts small blind $1
Agrotait: posts big blind $3
*** HOLE CARDS ***
igorkabmw: folds
Uncalled bet ($2) returned to Agrotait
Agrotait collected $2 from pot
Agrotait: doesn't show hand
*** SUMMARY ***
Total pot $2 | Rake $0
Seat 3: igorkabmw (button) (small blind) folded before Flop
Seat 4: Agrotait (big blind) collected ($2)


PokerStars Hand #170220849830:  Hold'em Limit ($3/$6 USD) - 2017/05/10 10:25:49 ET
Table 'Dresda II' 6-max Seat #4 is the button
Seat 3: igorkabmw ($39.77 in chips)
Seat 4: Agrotait ($73 in chips)
Agrotait: posts small blind $1
igorkabmw: posts big blind $3
*** HOLE CARDS ***
Agrotait: raises $3 to $6
igorkabmw: calls $3
*** FLOP *** [6h 2c Kd]
igorkabmw: bets $3
Agrotait: calls $3
*** TURN *** [6h 2c Kd] [3h]
igorkabmw: bets $6
Agrotait: calls $6
*** RIVER *** [6h 2c Kd 3h] [8c]
igorkabmw: bets $6
Agrotait: raises $6 to $12
igorkabmw: calls $6
*** SHOW DOWN ***
Agrotait: shows [7s Kh] (a pair of Kings)
B_loJkl joins the table at seat #5
igorkabmw: mucks hand
Agrotait collected $53.50 from pot
*** SUMMARY ***
Total pot $54 | Rake $0.50
Board [6h 2c Kd 3h 8c]
Seat 3: igorkabmw (big blind) mucked
Seat 4: Agrotait (button) (small blind) showed [7s Kh] and won ($53.50) with a pair of Kings


PokerStars Hand #170221561527:  Hold'em Limit ($3/$6 USD) - 2017/05/10 10:45:40 ET
Table 'Dresda II' 6-max Seat #4 is the button
Seat 4: Agrotait ($94.32 in chips)
Seat 6: 19woody58 ($43.29 in chips)
B_loJkl joins the table at seat #1
Agrotait: posts small blind $1
19woody58: posts big blind $3
*** HOLE CARDS ***
Agrotait: raises $3 to $6
19woody58: folds
Uncalled bet ($3) returned to Agrotait
Agrotait collected $6 from pot
Agrotait: doesn't show hand
*** SUMMARY ***
Total pot $6 | Rake $0
Seat 4: Agrotait (button) (small blind) collected ($6)
Seat 6: 19woody58 (big blind) folded before Flop


PokerStars Hand #170222800919:  Hold'em Limit ($3/$6 USD) - 2017/05/10 11:19:47 ET
Table 'Dresda II' 6-max Seat #5 is the button
Seat 3: Xine0p ($116.45 in chips)
Seat 5: Vasjinn ($95.51 in chips)
Vasjinn: posts small blind $1
Xine0p: posts big blind $3
*** HOLE CARDS ***
Vasjinn: raises $3 to $6
Xine0p: raises $3 to $9
Vasjinn: calls $3
*** FLOP *** [6d Tc 3d]
Xine0p: checks
Vasjinn: checks
*** TURN *** [6d Tc 3d] [8s]
Xine0p: bets $6
Vasjinn: folds
Uncalled bet ($6) returned to Xine0p
Xine0p collected $17.64 from pot
Xine0p: doesn't show hand
*** SUMMARY ***
Total pot $18 | Rake $0.36
Board [6d Tc 3d 8s]
Seat 3: Xine0p (big blind) collected ($17.64)
Seat 5: Vasjinn (button) (small blind) folded on the Turn


PokerStars Hand #170222797025:  Hold'em Limit ($3/$6 USD) - 2017/05/10 11:19:40 ET
Table 'Dresda II' 6-max Seat #3 is the button
Seat 3: Xine0p ($113.45 in chips)
Seat 5: Vasjinn ($98.51 in chips)
Xine0p: posts small blind $1
Vasjinn: posts big blind $3
*** HOLE CARDS ***
Xine0p: raises $3 to $6
Agrotait leaves the table
Vasjinn: folds
Uncalled bet ($3) returned to Xine0p
Xine0p collected $6 from pot
Xine0p: doesn't show hand
*** SUMMARY ***
Total pot $6 | Rake $0
Seat 3: Xine0p (button) (small blind) collected ($6)
Seat 5: Vasjinn (big blind) folded before Flop


PokerStars Hand #170222785599:  Hold'em Limit ($3/$6 USD) - 2017/05/10 11:19:22 ET
Table 'Dresda II' 6-max Seat #5 is the button
Seat 3: Xine0p ($128.45 in chips)
Seat 5: Vasjinn ($84.01 in chips)
Vasjinn: posts small blind $1
Xine0p: posts big blind $3
*** HOLE CARDS ***
Vasjinn: raises $3 to $6
Xine0p: calls $3
*** FLOP *** [6s Kd 2d]
Xine0p: checks
Vasjinn: bets $3
Xine0p: calls $3
*** TURN *** [6s Kd 2d] [5c]
Xine0p: checks
Vasjinn: checks
*** RIVER *** [6s Kd 2d 5c] [3d]
Xine0p: bets $6
Vasjinn: calls $6
*** SHOW DOWN ***
Xine0p: shows [9h 5h] (a pair of Fives)
Vasjinn: shows [Kc Js] (a pair of Kings)
Vasjinn collected $29.50 from pot
*** SUMMARY ***
Total pot $30 | Rake $0.50
Board [6s Kd 2d 5c 3d]
Seat 3: Xine0p (big blind) showed [9h 5h] and lost with a pair of Fives
Seat 5: Vasjinn (button) (small blind) showed [Kc Js] and won ($29.50) with a pair of Kings


PokerStars Hand #170222825576:  Hold'em Limit ($3/$6 USD) - 2017/05/10 11:20:25 ET
Table 'Dresda II' 6-max Seat #3 is the button
Seat 3: Xine0p ($137.61 in chips)
Seat 5: Vasjinn ($73.51 in chips)
Xine0p: posts small blind $1
Vasjinn: posts big blind $3
*** HOLE CARDS ***
Xine0p: raises $3 to $6
Vasjinn: raises $3 to $9
Xine0p: calls $3
*** FLOP *** [2h Ad Ks]
Vasjinn: bets $3
Xine0p: folds
Uncalled bet ($3) returned to Vasjinn
Vasjinn collected $17.64 from pot
Vasjinn: doesn't show hand
*** SUMMARY ***
Total pot $18 | Rake $0.36
Board [2h Ad Ks]
Seat 3: Xine0p (button) (small blind) folded on the Flop
Seat 5: Vasjinn (big blind) collected ($17.64)


PokerStars Hand #170222834436:  Hold'em Limit ($3/$6 USD) - 2017/05/10 11:20:39 ET
Table 'Dresda II' 6-max Seat #5 is the button
Seat 3: Xine0p ($128.61 in chips)
Seat 5: Vasjinn ($82.15 in chips)
Vasjinn: posts small blind $1
Xine0p: posts big blind $3
*** HOLE CARDS ***
Vasjinn: raises $3 to $6
Xine0p: calls $3
*** FLOP *** [8c 8d 5h]
Xine0p: checks
Vasjinn: bets $3
Xine0p: calls $3
*** TURN *** [8c 8d 5h] [2c]
Xine0p: checks
Vasjinn: bets $6
Xine0p: raises $6 to $12
Vasjinn: raises $6 to $18
Xine0p: folds
Uncalled bet ($6) returned to Vasjinn
Vasjinn collected $41.50 from pot
Vasjinn: doesn't show hand
*** SUMMARY ***
Total pot $42 | Rake $0.50
Board [8c 8d 5h 2c]
Seat 3: Xine0p (big blind) folded on the Turn
Seat 5: Vasjinn (button) (small blind) collected ($41.50)


PokerStars Hand #170222821923:  Hold'em Limit ($3/$6 USD) - 2017/05/10 11:20:20 ET
Table 'Dresda II' 6-max Seat #5 is the button
Seat 3: Xine0p ($136.61 in chips)
Seat 5: Vasjinn ($74.51 in chips)
Vasjinn: posts small blind $1
Xine0p: posts big blind $3
*** HOLE CARDS ***
Vasjinn: folds
Uncalled bet ($2) returned to Xine0p
Xine0p collected $2 from pot
Xine0p: doesn't show hand
*** SUMMARY ***
Total pot $2 | Rake $0
Seat 3: Xine0p (big blind) collected ($2)
Seat 5: Vasjinn (button) (small blind) folded before Flop


PokerStars Hand #170222809969:  Hold'em Limit ($3/$6 USD) - 2017/05/10 11:20:01 ET
Table 'Dresda II' 6-max Seat #3 is the button
Seat 3: Xine0p ($125.09 in chips)
Seat 5: Vasjinn ($86.51 in chips)
Xine0p: posts small blind $1
Vasjinn: posts big blind $3
*** HOLE CARDS ***
Xine0p: raises $3 to $6
Vasjinn: raises $3 to $9
Xine0p: calls $3
*** FLOP *** [4s 3s 7h]
Vasjinn: bets $3
Xine0p: calls $3
*** TURN *** [4s 3s 7h] [6d]
Vasjinn: checks
Xine0p: bets $6
Vasjinn: folds
Uncalled bet ($6) returned to Xine0p
Xine0p collected $23.52 from pot
Xine0p: doesn't show hand
*** SUMMARY ***
Total pot $24 | Rake $0.48
Board [4s 3s 7h 6d]
Seat 3: Xine0p (button) (small blind) collected ($23.52)
Seat 5: Vasjinn (big blind) folded on the Turn


PokerStars Hand #170222845944:  Hold'em Limit ($3/$6 USD) - 2017/05/10 11:20:57 ET
Table 'Dresda II' 6-max Seat #3 is the button
Seat 3: Xine0p ($107.61 in chips)
Seat 5: Vasjinn ($102.65 in chips)
Xine0p: posts small blind $1
Vasjinn: posts big blind $3
*** HOLE CARDS ***
Xine0p: raises $3 to $6
Vasjinn: calls $3
*** FLOP *** [Ts Jd 6h]
Vasjinn: checks
Xine0p: checks
*** TURN *** [Ts Jd 6h] [5s]
Vasjinn: checks
Xine0p: checks
*** RIVER *** [Ts Jd 6h 5s] [2c]
Vasjinn: bets $6
Xine0p: folds
Uncalled bet ($6) returned to Vasjinn
Vasjinn collected $11.76 from pot
Vasjinn: doesn't show hand
*** SUMMARY ***
Total pot $12 | Rake $0.24
Board [Ts Jd 6h 5s 2c]
Seat 3: Xine0p (button) (small blind) folded on the River
Seat 5: Vasjinn (big blind) collected ($11.76)


PokerStars Hand #170223816110:  Hold'em Limit ($3/$6 USD) - 2017/05/10 11:46:04 ET
Table 'Dresda II' 6-max Seat #4 is the button
Seat 3: Xine0p ($142.33 in chips)
Seat 4: B_loJkl ($377.12 in chips)
B_loJkl: posts small blind $1
Xine0p: posts big blind $3
*** HOLE CARDS ***
B_loJkl: raises $3 to $6
Xine0p: folds
Uncalled bet ($3) returned to B_loJkl
B_loJkl collected $6 from pot
B_loJkl: doesn't show hand
*** SUMMARY ***
Total pot $6 | Rake $0
Seat 3: Xine0p (big blind) folded before Flop
Seat 4: B_loJkl (button) (small blind) collected ($6)


PokerStars Hand #170223823967:  Hold'em Limit ($3/$6 USD) - 2017/05/10 11:46:16 ET
Table 'Dresda II' 6-max Seat #3 is the button
Seat 3: Xine0p ($139.33 in chips)
Seat 4: B_loJkl ($380.12 in chips)
Xine0p: posts small blind $1
B_loJkl: posts big blind $3
*** HOLE CARDS ***
Xine0p: raises $3 to $6
B_loJkl: calls $3
*** FLOP *** [7s Ac Th]
B_loJkl: checks
Xine0p: checks
*** TURN *** [7s Ac Th] [Qd]
B_loJkl: bets $6
Xine0p: calls $6
*** RIVER *** [7s Ac Th Qd] [9h]
B_loJkl: checks
Xine0p: bets $6
B_loJkl: folds
Uncalled bet ($6) returned to Xine0p
Xine0p collected $23.52 from pot
Xine0p: doesn't show hand
*** SUMMARY ***
Total pot $24 | Rake $0.48
Board [7s Ac Th Qd 9h]
Seat 3: Xine0p (button) (small blind) collected ($23.52)
Seat 4: B_loJkl (big blind) folded on the River


