PokerStars Hand #168693081233:  Hold'em Limit ($3/$6 USD) - 2017/04/07 4:37:21 ET
Table 'Drymas II' 6-max Seat #4 is the button
Seat 1: volkovsky ($178.65 in chips)
Seat 4: Rus29APX ($104 in chips)
mareshkin2 will be allowed to play after the button
Rus29APX: posts small blind $1
volkovsky: posts big blind $3
*** HOLE CARDS ***
Rus29APX: raises $3 to $6
volkovsky: raises $3 to $9
Rus29APX: calls $3
*** FLOP *** [6d Ts Qc]
volkovsky: bets $3
Rus29APX: calls $3
*** TURN *** [6d Ts Qc] [5d]
volkovsky: checks
Rus29APX: bets $6
volkovsky: folds
Uncalled bet ($6) returned to Rus29APX
Rus29APX collected $23.52 from pot
Rus29APX: doesn't show hand
*** SUMMARY ***
Total pot $24 | Rake $0.48
Board [6d Ts Qc 5d]
Seat 1: volkovsky (big blind) folded on the Turn
Seat 4: Rus29APX (button) (small blind) collected ($23.52)


PokerStars Hand #168693130453:  Hold'em Limit ($3/$6 USD) - 2017/04/07 4:39:48 ET
Table 'Drymas II' 6-max Seat #4 is the button
Seat 2: mareshkin2 ($86.02 in chips)
Seat 4: Rus29APX ($175.95 in chips)
Rus29APX: posts small blind $1
mareshkin2: posts big blind $3
*** HOLE CARDS ***
Whatze Phuck joins the table at seat #3
Rus29APX: raises $3 to $6
mareshkin2: calls $3
*** FLOP *** [4s 8s 7h]
mareshkin2: checks
Rus29APX: bets $3
mareshkin2: folds
Uncalled bet ($3) returned to Rus29APX
Rus29APX collected $11.76 from pot
Rus29APX: doesn't show hand
*** SUMMARY ***
Total pot $12 | Rake $0.24
Board [4s 8s 7h]
Seat 2: mareshkin2 (big blind) folded on the Flop
Seat 4: Rus29APX (button) (small blind) collected ($11.76)


PokerStars Hand #168693121580:  Hold'em Limit ($3/$6 USD) - 2017/04/07 4:39:21 ET
Table 'Drymas II' 6-max Seat #4 is the button
Seat 2: mareshkin2 ($93.02 in chips)
Seat 4: Rus29APX ($169.19 in chips)
Rus29APX: posts small blind $1
mareshkin2: posts big blind $3
*** HOLE CARDS ***
Rus29APX: raises $3 to $6
mareshkin2: calls $3
*** FLOP *** [Td 6c Ad]
mareshkin2: checks
Rus29APX: bets $3
mareshkin2: folds
Uncalled bet ($3) returned to Rus29APX
Rus29APX collected $11.76 from pot
Rus29APX: doesn't show hand
*** SUMMARY ***
Total pot $12 | Rake $0.24
Board [Td 6c Ad]
Seat 2: mareshkin2 (big blind) folded on the Flop
Seat 4: Rus29APX (button) (small blind) collected ($11.76)


PokerStars Hand #168693128458:  Hold'em Limit ($3/$6 USD) - 2017/04/07 4:39:42 ET
Table 'Drymas II' 6-max Seat #2 is the button
Seat 2: mareshkin2 ($87.02 in chips)
Seat 4: Rus29APX ($174.95 in chips)
mareshkin2: posts small blind $1
Rus29APX: posts big blind $3
*** HOLE CARDS ***
mareshkin2: folds
Uncalled bet ($2) returned to Rus29APX
Rus29APX collected $2 from pot
Rus29APX: doesn't show hand
*** SUMMARY ***
Total pot $2 | Rake $0
Seat 2: mareshkin2 (button) (small blind) folded before Flop
Seat 4: Rus29APX (big blind) collected ($2)


PokerStars Hand #168693452732:  Hold'em Limit ($3/$6 USD) - 2017/04/07 4:55:35 ET
Table 'Drymas II' 6-max Seat #3 is the button
Seat 3: Whatze Phuck ($230.20 in chips)
Seat 4: Rus29APX ($145.53 in chips)
Whatze Phuck: posts small blind $1
Rus29APX: posts big blind $3
*** HOLE CARDS ***
Whatze Phuck: raises $3 to $6
Rus29APX: calls $3
*** FLOP *** [As 6h 4d]
Rus29APX: checks
Whatze Phuck: checks
*** TURN *** [As 6h 4d] [Tc]
Rus29APX: checks
Whatze Phuck: bets $6
Rus29APX: raises $6 to $12
Whatze Phuck: folds
Uncalled bet ($6) returned to Rus29APX
Rus29APX collected $23.52 from pot
Rus29APX: doesn't show hand
*** SUMMARY ***
Total pot $24 | Rake $0.48
Board [As 6h 4d Tc]
Seat 3: Whatze Phuck (button) (small blind) folded on the Turn
Seat 4: Rus29APX (big blind) collected ($23.52)


