PokerStars Hand #159177985153:  Hold'em Limit ($3/$6 USD) - 2016/09/27 17:02:19 ET
Table 'Drymas' 6-max Seat #4 is the button
Seat 2: popeluha ($32.88 in chips)
Seat 4: Actionni13 ($150 in chips)
Actionni13: posts small blind $1
popeluha: posts big blind $3
*** HOLE CARDS ***
Actionni13: raises $3 to $6
popeluha: calls $3
*** FLOP *** [9s 8d 5d]
popeluha: checks
Actionni13: checks
*** TURN *** [9s 8d 5d] [4s]
popeluha: bets $6
Actionni13: calls $6
*** RIVER *** [9s 8d 5d 4s] [6c]
popeluha: bets $6
Actionni13: folds
Uncalled bet ($6) returned to popeluha
popeluha collected $23.52 from pot
*** SUMMARY ***
Total pot $24 | Rake $0.48
Board [9s 8d 5d 4s 6c]
Seat 2: popeluha (big blind) collected ($23.52)
Seat 4: Actionni13 (button) (small blind) folded on the River


PokerStars Hand #159178005742:  Hold'em Limit ($3/$6 USD) - 2016/09/27 17:02:44 ET
Table 'Drymas' 6-max Seat #2 is the button
Seat 2: popeluha ($44.40 in chips)
Seat 4: Actionni13 ($150 in chips)
popeluha: posts small blind $1
Actionni13: posts big blind $3
*** HOLE CARDS ***
popeluha: calls $2
Actionni13: checks
*** FLOP *** [Kc 3c Qh]
Actionni13: checks
popeluha: checks
*** TURN *** [Kc 3c Qh] [Kd]
Actionni13: checks
popeluha: checks
*** RIVER *** [Kc 3c Qh Kd] [5d]
Actionni13: checks
popeluha: checks
*** SHOW DOWN ***
Actionni13: shows [6s Jc] (a pair of Kings)
popeluha: shows [As 8d] (a pair of Kings - Ace kicker)
popeluha collected $5.88 from pot
*** SUMMARY ***
Total pot $6 | Rake $0.12
Board [Kc 3c Qh Kd 5d]
Seat 2: popeluha (button) (small blind) showed [As 8d] and won ($5.88) with a pair of Kings
Seat 4: Actionni13 (big blind) showed [6s Jc] and lost with a pair of Kings


PokerStars Hand #159178081684:  Hold'em Limit ($3/$6 USD) - 2016/09/27 17:04:16 ET
Table 'Drymas' 6-max Seat #4 is the button
Seat 2: popeluha ($67.54 in chips)
Seat 4: Actionni13 ($150 in chips)
Actionni13: posts small blind $1
popeluha: posts big blind $3
*** HOLE CARDS ***
Actionni13: raises $3 to $6
popeluha: calls $3
*** FLOP *** [Js Ks 8s]
popeluha: checks
Actionni13: bets $3
popeluha: calls $3
*** TURN *** [Js Ks 8s] [2d]
popeluha: checks
Actionni13: bets $6
popeluha: calls $6
*** RIVER *** [Js Ks 8s 2d] [4d]
popeluha: checks
Actionni13: bets $6
popeluha: calls $6
*** SHOW DOWN ***
Actionni13: shows [Jd Qc] (a pair of Jacks)
popeluha: shows [Jc Qd] (a pair of Jacks)
popeluha collected $20.75 from pot
Actionni13 collected $20.75 from pot
*** SUMMARY ***
Total pot $42 | Rake $0.50
Board [Js Ks 8s 2d 4d]
Seat 2: popeluha (big blind) showed [Jc Qd] and won ($20.75) with a pair of Jacks
Seat 4: Actionni13 (button) (small blind) showed [Jd Qc] and won ($20.75) with a pair of Jacks


PokerStars Hand #159178067645:  Hold'em Limit ($3/$6 USD) - 2016/09/27 17:03:59 ET
Table 'Drymas' 6-max Seat #2 is the button
Seat 2: popeluha ($61.78 in chips)
Seat 4: Actionni13 ($150 in chips)
popeluha: posts small blind $1
Actionni13: posts big blind $3
*** HOLE CARDS ***
popeluha: raises $3 to $6
Actionni13: calls $3
*** FLOP *** [Js 9d 2d]
Actionni13: checks
popeluha: bets $3
Actionni13: folds
Uncalled bet ($3) returned to popeluha
popeluha collected $11.76 from pot
*** SUMMARY ***
Total pot $12 | Rake $0.24
Board [Js 9d 2d]
Seat 2: popeluha (button) (small blind) collected ($11.76)
Seat 4: Actionni13 (big blind) folded on the Flop


PokerStars Hand #159178032386:  Hold'em Limit ($3/$6 USD) - 2016/09/27 17:03:16 ET
Table 'Drymas' 6-max Seat #4 is the button
Seat 2: popeluha ($47.28 in chips)
Seat 4: Actionni13 ($150 in chips)
Actionni13: posts small blind $1
popeluha: posts big blind $3
*** HOLE CARDS ***
Actionni13: raises $3 to $6
popeluha: calls $3
*** FLOP *** [Th 3d 8s]
popeluha: checks
Actionni13: bets $3
popeluha: calls $3
*** TURN *** [Th 3d 8s] [Ad]
popeluha: checks
Actionni13: checks
*** RIVER *** [Th 3d 8s Ad] [Jc]
popeluha: bets $6
Actionni13: calls $6
*** SHOW DOWN ***
popeluha: shows [Td 8d] (two pair, Tens and Eights)
Actionni13: mucks hand
popeluha collected $29.50 from pot
*** SUMMARY ***
Total pot $30 | Rake $0.50
Board [Th 3d 8s Ad Jc]
Seat 2: popeluha (big blind) showed [Td 8d] and won ($29.50) with two pair, Tens and Eights
Seat 4: Actionni13 (button) (small blind) mucked


PokerStars Hand #159178150825:  Hold'em Limit ($3/$6 USD) - 2016/09/27 17:05:38 ET
Table 'Drymas' 6-max Seat #4 is the button
Seat 2: popeluha ($96.29 in chips)
Seat 4: Actionni13 ($164.50 in chips)
Actionni13: posts small blind $1
popeluha: posts big blind $3
*** HOLE CARDS ***
Actionni13: raises $3 to $6
popeluha: calls $3
*** FLOP *** [2c As 8d]
popeluha: checks
Actionni13: bets $3
popeluha: calls $3
*** TURN *** [2c As 8d] [4s]
popeluha: checks
Actionni13: bets $6
popeluha: folds
Uncalled bet ($6) returned to Actionni13
Actionni13 collected $17.64 from pot
Actionni13: doesn't show hand
*** SUMMARY ***
Total pot $18 | Rake $0.36
Board [2c As 8d 4s]
Seat 2: popeluha (big blind) folded on the Turn
Seat 4: Actionni13 (button) (small blind) collected ($17.64)


PokerStars Hand #159178137256:  Hold'em Limit ($3/$6 USD) - 2016/09/27 17:05:22 ET
Table 'Drymas' 6-max Seat #2 is the button
Seat 2: popeluha ($111.29 in chips)
Seat 4: Actionni13 ($150 in chips)
popeluha: posts small blind $1
Actionni13: posts big blind $3
*** HOLE CARDS ***
popeluha: calls $2
Actionni13: raises $3 to $6
popeluha: calls $3
*** FLOP *** [Td 5h Jc]
Actionni13: bets $3
popeluha: calls $3
*** TURN *** [Td 5h Jc] [4c]
Actionni13: bets $6
popeluha: calls $6
*** RIVER *** [Td 5h Jc 4c] [3h]
Actionni13: bets $6
popeluha: folds
Uncalled bet ($6) returned to Actionni13
Actionni13 collected $29.50 from pot
Actionni13: doesn't show hand
*** SUMMARY ***
Total pot $30 | Rake $0.50
Board [Td 5h Jc 4c 3h]
Seat 2: popeluha (button) (small blind) folded on the River
Seat 4: Actionni13 (big blind) collected ($29.50)


PokerStars Hand #159178121366:  Hold'em Limit ($3/$6 USD) - 2016/09/27 17:05:03 ET
Table 'Drymas' 6-max Seat #4 is the button
Seat 2: popeluha ($96.79 in chips)
Seat 4: Actionni13 ($150 in chips)
Actionni13: posts small blind $1
popeluha: posts big blind $3
*** HOLE CARDS ***
Actionni13: raises $3 to $6
popeluha: calls $3
*** FLOP *** [2s 7d Ac]
popeluha: checks
Actionni13: bets $3
popeluha: calls $3
*** TURN *** [2s 7d Ac] [Js]
popeluha: checks
Actionni13: checks
*** RIVER *** [2s 7d Ac Js] [2d]
popeluha: bets $6
Actionni13: calls $6
*** SHOW DOWN ***
popeluha: shows [Qh Qc] (two pair, Queens and Deuces)
Actionni13: mucks hand
popeluha collected $29.50 from pot
*** SUMMARY ***
Total pot $30 | Rake $0.50
Board [2s 7d Ac Js 2d]
Seat 2: popeluha (big blind) showed [Qh Qc] and won ($29.50) with two pair, Queens and Deuces
Seat 4: Actionni13 (button) (small blind) mucked


PokerStars Hand #159178099386:  Hold'em Limit ($3/$6 USD) - 2016/09/27 17:04:37 ET
Table 'Drymas' 6-max Seat #2 is the button
Seat 2: popeluha ($67.29 in chips)
Seat 4: Actionni13 ($150 in chips)
popeluha: posts small blind $1
Actionni13: posts big blind $3
*** HOLE CARDS ***
popeluha: raises $3 to $6
Actionni13: calls $3
*** FLOP *** [2d 9d Js]
Actionni13: checks
popeluha: bets $3
Actionni13: raises $3 to $6
popeluha: calls $3
*** TURN *** [2d 9d Js] [3s]
Actionni13: bets $6
popeluha: calls $6
*** RIVER *** [2d 9d Js 3s] [5h]
Actionni13: bets $6
popeluha: raises $6 to $12
Actionni13: calls $6
*** SHOW DOWN ***
popeluha: shows [5s 5c] (three of a kind, Fives)
Actionni13: mucks hand
popeluha collected $59.50 from pot
*** SUMMARY ***
Total pot $60 | Rake $0.50
Board [2d 9d Js 3s 5h]
Seat 2: popeluha (button) (small blind) showed [5s 5c] and won ($59.50) with three of a kind, Fives
Seat 4: Actionni13 (big blind) mucked


PokerStars Hand #159178188285:  Hold'em Limit ($3/$6 USD) - 2016/09/27 17:06:23 ET
Table 'Drymas' 6-max Seat #2 is the button
Seat 2: popeluha ($57.29 in chips)
Seat 4: Actionni13 ($202.40 in chips)
popeluha: posts small blind $1
Actionni13: posts big blind $3
*** HOLE CARDS ***
popeluha: folds
Uncalled bet ($2) returned to Actionni13
Actionni13 collected $2 from pot
Actionni13: doesn't show hand
popeluha leaves the table
*** SUMMARY ***
Total pot $2 | Rake $0
Seat 2: popeluha (button) (small blind) folded before Flop
Seat 4: Actionni13 (big blind) collected ($2)


PokerStars Hand #159178173801:  Hold'em Limit ($3/$6 USD) - 2016/09/27 17:06:06 ET
Table 'Drymas' 6-max Seat #4 is the button
Seat 2: popeluha ($63.29 in chips)
Seat 4: Actionni13 ($196.64 in chips)
Actionni13: posts small blind $1
popeluha: posts big blind $3
*** HOLE CARDS ***
Actionni13: raises $3 to $6
popeluha: calls $3
*** FLOP *** [3h Th Qc]
popeluha: checks
Actionni13: bets $3
popeluha: folds
Uncalled bet ($3) returned to Actionni13
Actionni13 collected $11.76 from pot
Actionni13: doesn't show hand
*** SUMMARY ***
Total pot $12 | Rake $0.24
Board [3h Th Qc]
Seat 2: popeluha (big blind) folded on the Flop
Seat 4: Actionni13 (button) (small blind) collected ($11.76)


PokerStars Hand #159178161591:  Hold'em Limit ($3/$6 USD) - 2016/09/27 17:05:51 ET
Table 'Drymas' 6-max Seat #2 is the button
Seat 2: popeluha ($87.29 in chips)
Seat 4: Actionni13 ($173.14 in chips)
popeluha: posts small blind $1
Actionni13: posts big blind $3
*** HOLE CARDS ***
popeluha: raises $3 to $6
Actionni13: raises $3 to $9
popeluha: calls $3
*** FLOP *** [9s 7s Kc]
Actionni13: bets $3
popeluha: calls $3
*** TURN *** [9s 7s Kc] [3c]
Actionni13: bets $6
popeluha: calls $6
*** RIVER *** [9s 7s Kc 3c] [9d]
Actionni13: bets $6
popeluha: calls $6
*** SHOW DOWN ***
Actionni13: shows [Ac As] (two pair, Aces and Nines)
popeluha: mucks hand
Actionni13 collected $47.50 from pot
*** SUMMARY ***
Total pot $48 | Rake $0.50
Board [9s 7s Kc 3c 9d]
Seat 2: popeluha (button) (small blind) mucked
Seat 4: Actionni13 (big blind) showed [Ac As] and won ($47.50) with two pair, Aces and Nines


PokerStars Hand #159180133294:  Hold'em Limit ($3/$6 USD) - 2016/09/27 17:46:45 ET
Table 'Drymas' 6-max Seat #4 is the button
Seat 3: AzureCaper ($72 in chips)
Seat 4: Actionni13 ($209.04 in chips)
Actionni13: posts small blind $1
AzureCaper: posts big blind $3
*** HOLE CARDS ***
Actionni13: raises $3 to $6
AzureCaper: folds
Uncalled bet ($3) returned to Actionni13
Actionni13 collected $6 from pot
Actionni13: doesn't show hand
*** SUMMARY ***
Total pot $6 | Rake $0
Seat 3: AzureCaper (big blind) folded before Flop
Seat 4: Actionni13 (button) (small blind) collected ($6)


PokerStars Hand #159180201217:  Hold'em Limit ($3/$6 USD) - 2016/09/27 17:48:14 ET
Table 'Drymas' 6-max Seat #3 is the button
Seat 3: AzureCaper ($72 in chips)
Seat 5: PayMyAudiR8 ($123 in chips)
Bauzi07 will be allowed to play after the button
AzureCaper: posts small blind $1
Actionni13: is sitting out
PayMyAudiR8: posts big blind $3
*** HOLE CARDS ***
AzureCaper: folds
Uncalled bet ($2) returned to PayMyAudiR8
PayMyAudiR8 collected $2 from pot
PayMyAudiR8: doesn't show hand
*** SUMMARY ***
Total pot $2 | Rake $0
Seat 3: AzureCaper (button) (small blind) folded before Flop
Seat 5: PayMyAudiR8 (big blind) collected ($2)


PokerStars Hand #159180244206:  Hold'em Limit ($3/$6 USD) - 2016/09/27 17:49:11 ET
Table 'Drymas' 6-max Seat #5 is the button
Seat 5: PayMyAudiR8 ($120 in chips)
Seat 6: Bauzi07 ($84 in chips)
PayMyAudiR8: posts small blind $1
Bauzi07: posts big blind $3
*** HOLE CARDS ***
PayMyAudiR8: raises $3 to $6
Bauzi07: calls $3
*** FLOP *** [3s 9c 2c]
Bauzi07: checks
PayMyAudiR8: bets $3
Bauzi07: folds
Uncalled bet ($3) returned to PayMyAudiR8
PayMyAudiR8 collected $11.76 from pot
PayMyAudiR8: doesn't show hand
*** SUMMARY ***
Total pot $12 | Rake $0.24
Board [3s 9c 2c]
Seat 5: PayMyAudiR8 (button) (small blind) collected ($11.76)
Seat 6: Bauzi07 (big blind) folded on the Flop


PokerStars Hand #159180226158:  Hold'em Limit ($3/$6 USD) - 2016/09/27 17:48:47 ET
Table 'Drymas' 6-max Seat #6 is the button
Seat 5: PayMyAudiR8 ($123 in chips)
Seat 6: Bauzi07 ($81 in chips)
Bauzi07: posts small blind $1
Fantomet is disconnected
Fantomet has timed out while disconnected
Fantomet: is sitting out
AzureCaper: is sitting out
PayMyAudiR8: posts big blind $3
*** HOLE CARDS ***
Bauzi07: raises $3 to $6
PayMyAudiR8: folds
Uncalled bet ($3) returned to Bauzi07
Bauzi07 collected $6 from pot
Bauzi07: doesn't show hand
*** SUMMARY ***
Total pot $6 | Rake $0
Seat 5: PayMyAudiR8 (big blind) folded before Flop
Seat 6: Bauzi07 (button) (small blind) collected ($6)


PokerStars Hand #159181368679:  Hold'em Limit ($3/$6 USD) - 2016/09/27 18:15:32 ET
Table 'Drymas' 6-max Seat #6 is the button
Seat 3: AzureCaper ($72 in chips)
Seat 6: Bauzi07 ($118.36 in chips)
Bauzi07: posts small blind $1
AzureCaper: posts big blind $3
*** HOLE CARDS ***
Bauzi07: raises $3 to $6
AzureCaper: calls $3
*** FLOP *** [3h Jd Qd]
AzureCaper: checks
Bauzi07: checks
*** TURN *** [3h Jd Qd] [Ah]
AzureCaper: checks
Bauzi07: checks
*** RIVER *** [3h Jd Qd Ah] [4c]
AzureCaper: checks
Bauzi07: bets $6
AzureCaper: folds
Uncalled bet ($6) returned to Bauzi07
Bauzi07 collected $11.76 from pot
Bauzi07: doesn't show hand
*** SUMMARY ***
Total pot $12 | Rake $0.24
Board [3h Jd Qd Ah 4c]
Seat 3: AzureCaper (big blind) folded on the River
Seat 6: Bauzi07 (button) (small blind) collected ($11.76)


PokerStars Hand #159181356945:  Hold'em Limit ($3/$6 USD) - 2016/09/27 18:15:16 ET
Table 'Drymas' 6-max Seat #3 is the button
Seat 3: AzureCaper ($73 in chips)
Seat 6: Bauzi07 ($109.72 in chips)
AzureCaper: posts small blind $1
Bauzi07: posts big blind $3
*** HOLE CARDS ***
AzureCaper: raises $3 to $6
Bauzi07: raises $3 to $9
AzureCaper: calls $3
*** FLOP *** [6h 4h Qc]
Bauzi07: bets $3
AzureCaper: folds
Uncalled bet ($3) returned to Bauzi07
Bauzi07 collected $17.64 from pot
Bauzi07: doesn't show hand
*** SUMMARY ***
Total pot $18 | Rake $0.36
Board [6h 4h Qc]
Seat 3: AzureCaper (button) (small blind) folded on the Flop
Seat 6: Bauzi07 (big blind) collected ($17.64)


PokerStars Hand #159181353234:  Hold'em Limit ($3/$6 USD) - 2016/09/27 18:15:11 ET
Table 'Drymas' 6-max Seat #6 is the button
Seat 3: AzureCaper ($72 in chips)
Seat 6: Bauzi07 ($110.72 in chips)
Bauzi07: posts small blind $1
AzureCaper: posts big blind $3
*** HOLE CARDS ***
Actionni13 leaves the table
Bauzi07: folds
Uncalled bet ($2) returned to AzureCaper
AzureCaper collected $2 from pot
AzureCaper: doesn't show hand
*** SUMMARY ***
Total pot $2 | Rake $0
Seat 3: AzureCaper (big blind) collected ($2)
Seat 6: Bauzi07 (button) (small blind) folded before Flop


PokerStars Hand #159181345959:  Hold'em Limit ($3/$6 USD) - 2016/09/27 18:15:00 ET
Table 'Drymas' 6-max Seat #3 is the button
Seat 3: AzureCaper ($72 in chips)
Seat 6: Bauzi07 ($104.96 in chips)
AzureCaper: posts small blind $1
Actionni13: is sitting out
ZeroTheGreat: is sitting out
Bauzi07: posts big blind $3
*** HOLE CARDS ***
AzureCaper: raises $3 to $6
Bauzi07: calls $3
*** FLOP *** [9s Qd 2c]
ZeroTheGreat leaves the table
Bauzi07: bets $3
AzureCaper: folds
Uncalled bet ($3) returned to Bauzi07
Bauzi07 collected $11.76 from pot
Bauzi07: doesn't show hand
*** SUMMARY ***
Total pot $12 | Rake $0.24
Board [9s Qd 2c]
Seat 3: AzureCaper (button) (small blind) folded on the Flop
Seat 6: Bauzi07 (big blind) collected ($11.76)


PokerStars Hand #159181401720:  Hold'em Limit ($3/$6 USD) - 2016/09/27 18:16:19 ET
Table 'Drymas' 6-max Seat #3 is the button
Seat 3: AzureCaper ($72 in chips)
Seat 6: Bauzi07 ($141.62 in chips)
AzureCaper: posts small blind $1
Bauzi07: posts big blind $3
*** HOLE CARDS ***
AzureCaper: raises $3 to $6
Bauzi07: calls $3
*** FLOP *** [Jd 7c 5h]
Bauzi07: checks
AzureCaper: bets $3
Bauzi07: folds
Uncalled bet ($3) returned to AzureCaper
AzureCaper collected $11.76 from pot
AzureCaper: doesn't show hand
*** SUMMARY ***
Total pot $12 | Rake $0.24
Board [Jd 7c 5h]
Seat 3: AzureCaper (button) (small blind) collected ($11.76)
Seat 6: Bauzi07 (big blind) folded on the Flop


PokerStars Hand #159181392881:  Hold'em Limit ($3/$6 USD) - 2016/09/27 18:16:07 ET
Table 'Drymas' 6-max Seat #6 is the button
Seat 3: AzureCaper ($72 in chips)
Seat 6: Bauzi07 ($138.62 in chips)
Bauzi07: posts small blind $1
AzureCaper: posts big blind $3
*** HOLE CARDS ***
Bauzi07: raises $3 to $6
AzureCaper: folds
Uncalled bet ($3) returned to Bauzi07
Bauzi07 collected $6 from pot
Bauzi07: doesn't show hand
*** SUMMARY ***
Total pot $6 | Rake $0
Seat 3: AzureCaper (big blind) folded before Flop
Seat 6: Bauzi07 (button) (small blind) collected ($6)


PokerStars Hand #159181381147:  Hold'em Limit ($3/$6 USD) - 2016/09/27 18:15:50 ET
Table 'Drymas' 6-max Seat #3 is the button
Seat 3: AzureCaper ($72 in chips)
Seat 6: Bauzi07 ($124.12 in chips)
AzureCaper: posts small blind $1
Bauzi07: posts big blind $3
*** HOLE CARDS ***
AzureCaper: raises $3 to $6
Bauzi07: calls $3
*** FLOP *** [6d 7d 2c]
Bauzi07: bets $3
AzureCaper: calls $3
*** TURN *** [6d 7d 2c] [Th]
Bauzi07: bets $6
AzureCaper: calls $6
*** RIVER *** [6d 7d 2c Th] [3s]
Bauzi07: bets $6
AzureCaper: folds
Uncalled bet ($6) returned to Bauzi07
Bauzi07 collected $29.50 from pot
Bauzi07: doesn't show hand
*** SUMMARY ***
Total pot $30 | Rake $0.50
Board [6d 7d 2c Th 3s]
Seat 3: AzureCaper (button) (small blind) folded on the River
Seat 6: Bauzi07 (big blind) collected ($29.50)


PokerStars Hand #159181438040:  Hold'em Limit ($3/$6 USD) - 2016/09/27 18:17:11 ET
Table 'Drymas' 6-max Seat #3 is the button
Seat 3: AzureCaper ($72 in chips)
Seat 6: Bauzi07 ($147.14 in chips)
AzureCaper: posts small blind $1
Bauzi07: posts big blind $3
*** HOLE CARDS ***
AzureCaper: raises $3 to $6
Bauzi07: raises $3 to $9
AzureCaper: calls $3
*** FLOP *** [Jc Tc 5s]
Bauzi07: bets $3
AzureCaper: calls $3
*** TURN *** [Jc Tc 5s] [Ad]
Bauzi07: bets $6
AzureCaper: calls $6
*** RIVER *** [Jc Tc 5s Ad] [8h]
Bauzi07: bets $6
AzureCaper: calls $6
*** SHOW DOWN ***
Bauzi07: shows [7s As] (a pair of Aces)
AzureCaper: mucks hand
Bauzi07 collected $47.50 from pot
*** SUMMARY ***
Total pot $48 | Rake $0.50
Board [Jc Tc 5s Ad 8h]
Seat 3: AzureCaper (button) (small blind) mucked
Seat 6: Bauzi07 (big blind) showed [7s As] and won ($47.50) with a pair of Aces


PokerStars Hand #159181413294:  Hold'em Limit ($3/$6 USD) - 2016/09/27 18:16:35 ET
Table 'Drymas' 6-max Seat #6 is the button
Seat 3: AzureCaper ($77.76 in chips)
Seat 6: Bauzi07 ($135.62 in chips)
Bauzi07: posts small blind $1
AzureCaper: posts big blind $3
*** HOLE CARDS ***
ABATAPP joins the table at seat #1
Bauzi07: raises $3 to $6
AzureCaper: calls $3
*** FLOP *** [9c 6h 5c]
AzureCaper: checks
Bauzi07: checks
*** TURN *** [9c 6h 5c] [Kh]
AzureCaper: bets $6
Bauzi07: calls $6
*** RIVER *** [9c 6h 5c Kh] [Jc]
AzureCaper: checks
Bauzi07: checks
*** SHOW DOWN ***
AzureCaper: shows [7h Ah] (high card Ace)
Bauzi07: shows [4d 5h] (a pair of Fives)
Bauzi07 collected $23.52 from pot
*** SUMMARY ***
Total pot $24 | Rake $0.48
Board [9c 6h 5c Kh Jc]
Seat 3: AzureCaper (big blind) showed [7h Ah] and lost with high card Ace
Seat 6: Bauzi07 (button) (small blind) showed [4d 5h] and won ($23.52) with a pair of Fives


PokerStars Hand #159183846032:  Hold'em Limit ($3/$6 USD) - 2016/09/27 19:22:14 ET
Table 'Drymas' 6-max Seat #5 is the button
Seat 2: coman567 ($116.73 in chips)
Seat 5: }{iRuRg-S ($92.29 in chips)
}{iRuRg-S: posts small blind $1
AzureCaper: is sitting out
coman567: posts big blind $3
*** HOLE CARDS ***
}{iRuRg-S: raises $3 to $6
AzureCaper leaves the table
coman567: calls $3
*** FLOP *** [8c 9h Ac]
coman567: checks
}{iRuRg-S: bets $3
coman567: folds
Uncalled bet ($3) returned to }{iRuRg-S
}{iRuRg-S collected $11.76 from pot
Zooshark joins the table at seat #3
*** SUMMARY ***
Total pot $12 | Rake $0.24
Board [8c 9h Ac]
Seat 2: coman567 (big blind) folded on the Flop
Seat 5: }{iRuRg-S (button) (small blind) collected ($11.76)


