PokerStars Hand #153198425221:  Hold'em Limit ($3/$6 USD) - 2016/05/12 6:12:22 ET
Table 'Drymas' 6-max Seat #5 is the button
Seat 4: Tryptamean ($261.16 in chips)
Seat 5: red-zone-ok ($50.58 in chips)
red-zone-ok: posts small blind $1
B_loJkl: is sitting out
Tryptamean: posts big blind $3
*** HOLE CARDS ***
red-zone-ok: folds
Uncalled bet ($2) returned to Tryptamean
Tryptamean collected $2 from pot
B_loJkl leaves the table
Tryptamean: doesn't show hand
*** SUMMARY ***
Total pot $2 | Rake $0
Seat 4: Tryptamean (big blind) collected ($2)
Seat 5: red-zone-ok (button) (small blind) folded before Flop


PokerStars Hand #153198427314:  Hold'em Limit ($3/$6 USD) - 2016/05/12 6:12:27 ET
Table 'Drymas' 6-max Seat #4 is the button
Seat 4: Tryptamean ($262.16 in chips)
Seat 5: red-zone-ok ($49.58 in chips)
Tryptamean: posts small blind $1
red-zone-ok: posts big blind $3
*** HOLE CARDS ***
B_loJkl joins the table at seat #6
Tryptamean: raises $3 to $6
red-zone-ok: raises $3 to $9
Tryptamean: calls $3
*** FLOP *** [Js 3c Ac]
red-zone-ok: bets $3
Tryptamean: calls $3
*** TURN *** [Js 3c Ac] [9h]
red-zone-ok: bets $6
Tryptamean: raises $6 to $12
red-zone-ok: calls $6
*** RIVER *** [Js 3c Ac 9h] [Jc]
red-zone-ok: checks
Tryptamean: bets $6
red-zone-ok: calls $6
*** SHOW DOWN ***
Tryptamean: shows [Ad Jh] (a full house, Jacks full of Aces)
red-zone-ok: mucks hand
Tryptamean collected $59.50 from pot
*** SUMMARY ***
Total pot $60 | Rake $0.50
Board [Js 3c Ac 9h Jc]
Seat 4: Tryptamean (button) (small blind) showed [Ad Jh] and won ($59.50) with a full house, Jacks full of Aces
Seat 5: red-zone-ok (big blind) mucked


PokerStars Hand #153198726851:  Hold'em Limit ($3/$6 USD) - 2016/05/12 6:24:43 ET
Table 'Drymas' 6-max Seat #6 is the button
Seat 4: Tryptamean ($222.41 in chips)
Seat 6: B_loJkl ($226.95 in chips)
B_loJkl: posts small blind $1
Tryptamean: posts big blind $3
*** HOLE CARDS ***
B_loJkl: folds
Uncalled bet ($2) returned to Tryptamean
Tryptamean collected $2 from pot
Tryptamean: doesn't show hand
*** SUMMARY ***
Total pot $2 | Rake $0
Seat 4: Tryptamean (big blind) collected ($2)
Seat 6: B_loJkl (button) (small blind) folded before Flop


