PokerStars Hand #162156668672:  Hold'em Limit ($3/$6 USD) - 2016/11/29 16:00:52 ET
Table 'Dschubba II' 6-max Seat #2 is the button
Seat 2: cheeestar198 ($8.71 in chips)
Seat 6: ToDaFelt ($179.85 in chips)
cheeestar198: posts small blind $1
Luanto 14: is sitting out
Zubasa07: is sitting out
ToDaFelt: posts big blind $3
*** HOLE CARDS ***
Zubasa07 leaves the table
kolaz03 joins the table at seat #5
kolaz03 leaves the table
cheeestar198: calls $2
ToDaFelt: checks
*** FLOP *** [Js Qh Kd]
ToDaFelt: checks
cheeestar198: bets $3
ToDaFelt: folds
Uncalled bet ($3) returned to cheeestar198
cheeestar198 collected $5.88 from pot
cheeestar198: doesn't show hand
*** SUMMARY ***
Total pot $6 | Rake $0.12
Board [Js Qh Kd]
Seat 2: cheeestar198 (button) (small blind) collected ($5.88)
Seat 6: ToDaFelt (big blind) folded on the Flop


PokerStars Hand #162156718325:  Hold'em Limit ($3/$6 USD) - 2016/11/29 16:01:46 ET
Table 'Dschubba II' 6-max Seat #2 is the button
Seat 2: cheeestar198 ($5.59 in chips)
Seat 6: ToDaFelt ($182.61 in chips)
cheeestar198: posts small blind $1
ToDaFelt: posts big blind $3
*** HOLE CARDS ***
cheeestar198: raises $2.59 to $5.59 and is all-in
ToDaFelt: calls $2.59
*** FLOP *** [6s Jc Jd]
*** TURN *** [6s Jc Jd] [Kd]
*** RIVER *** [6s Jc Jd Kd] [2c]
*** SHOW DOWN ***
ToDaFelt: shows [Qh 9s] (a pair of Jacks)
cheeestar198: shows [9h As] (a pair of Jacks - Ace kicker)
cheeestar198 collected $10.96 from pot
*** SUMMARY ***
Total pot $11.18 | Rake $0.22
Board [6s Jc Jd Kd 2c]
Seat 2: cheeestar198 (button) (small blind) showed [9h As] and won ($10.96) with a pair of Jacks
Seat 6: ToDaFelt (big blind) showed [Qh 9s] and lost with a pair of Jacks


PokerStars Hand #162156703418:  Hold'em Limit ($3/$6 USD) - 2016/11/29 16:01:30 ET
Table 'Dschubba II' 6-max Seat #6 is the button
Seat 2: cheeestar198 ($11.59 in chips)
Seat 6: ToDaFelt ($176.85 in chips)
ToDaFelt: posts small blind $1
cheeestar198: posts big blind $3
*** HOLE CARDS ***
ToDaFelt: raises $3 to $6
cheeestar198: calls $3
*** FLOP *** [Ad 2s 4d]
cheeestar198: checks
ToDaFelt: bets $3
cheeestar198: folds
Uncalled bet ($3) returned to ToDaFelt
ToDaFelt collected $11.76 from pot
ToDaFelt: doesn't show hand
*** SUMMARY ***
Total pot $12 | Rake $0.24
Board [Ad 2s 4d]
Seat 2: cheeestar198 (big blind) folded on the Flop
Seat 6: ToDaFelt (button) (small blind) collected ($11.76)


PokerStars Hand #162156782789:  Hold'em Limit ($3/$6 USD) - 2016/11/29 16:02:53 ET
Table 'Dschubba II' 6-max Seat #4 is the button
Seat 4: MATEKATA2 ($514.21 in chips)
Seat 6: ToDaFelt ($187.54 in chips)
MATEKATA2: posts small blind $1
ToDaFelt: posts big blind $3
*** HOLE CARDS ***
cheeestar198 leaves the table
Luanto 14 leaves the table
MATEKATA2: folds
Uncalled bet ($2) returned to ToDaFelt
ToDaFelt collected $2 from pot
*** SUMMARY ***
Total pot $2 | Rake $0
Seat 4: MATEKATA2 (button) (small blind) folded before Flop
Seat 6: ToDaFelt (big blind) collected ($2)


PokerStars Hand #162156731412:  Hold'em Limit ($3/$6 USD) - 2016/11/29 16:02:00 ET
Table 'Dschubba II' 6-max Seat #6 is the button
Seat 2: cheeestar198 ($10.96 in chips)
Seat 6: ToDaFelt ($177.02 in chips)
ToDaFelt: posts small blind $1
cheeestar198: posts big blind $3
*** HOLE CARDS ***
ToDaFelt: raises $3 to $6
cheeestar198: raises $3 to $9
ToDaFelt: calls $3
*** FLOP *** [9c 8h Td]
cheeestar198: bets $1.96 and is all-in
komornik leaves the table
ToDaFelt: calls $1.96
*** TURN *** [9c 8h Td] [3c]
*** RIVER *** [9c 8h Td 3c] [5s]
*** SHOW DOWN ***
cheeestar198: shows [Js Ks] (high card King)
ToDaFelt: shows [As Ac] (a pair of Aces)
ToDaFelt collected $21.48 from pot
*** SUMMARY ***
Total pot $21.92 | Rake $0.44
Board [9c 8h Td 3c 5s]
Seat 2: cheeestar198 (big blind) showed [Js Ks] and lost with high card King
Seat 6: ToDaFelt (button) (small blind) showed [As Ac] and won ($21.48) with a pair of Aces


PokerStars Hand #162156809700:  Hold'em Limit ($3/$6 USD) - 2016/11/29 16:03:20 ET
Table 'Dschubba II' 6-max Seat #6 is the button
Seat 4: MATEKATA2 ($513.21 in chips)
Seat 6: ToDaFelt ($188.54 in chips)
ToDaFelt: posts small blind $1
MATEKATA2: posts big blind $3
*** HOLE CARDS ***
ToDaFelt: raises $3 to $6
MATEKATA2: calls $3
*** FLOP *** [3h Ah 6s]
MATEKATA2: checks
ToDaFelt: bets $3
MATEKATA2: calls $3
*** TURN *** [3h Ah 6s] [Kh]
MATEKATA2: checks
ToDaFelt: bets $6
MATEKATA2: calls $6
*** RIVER *** [3h Ah 6s Kh] [Ac]
MATEKATA2: checks
ToDaFelt: checks
*** SHOW DOWN ***
MATEKATA2: shows [4d 6d] (two pair, Aces and Sixes)
ToDaFelt: mucks hand
MATEKATA2 collected $29.50 from pot
*** SUMMARY ***
Total pot $30 | Rake $0.50
Board [3h Ah 6s Kh Ac]
Seat 4: MATEKATA2 (big blind) showed [4d 6d] and won ($29.50) with two pair, Aces and Sixes
Seat 6: ToDaFelt (button) (small blind) mucked


