PokerStars Hand #157463936300:  Hold'em Limit ($3/$6 USD) - 2016/08/19 5:57:12 ET
Table 'Dschubba' 6-max Seat #4 is the button
Seat 4: VolkovDmitri ($124 in chips)
Seat 6: bendjamin963 ($90.52 in chips)
VolkovDmitri: posts small blind $1
bendjamin963: posts big blind $3
*** HOLE CARDS ***
VolkovDmitri: raises $3 to $6
bendjamin963: calls $3
*** FLOP *** [5h 5d 3c]
bendjamin963: bets $3
VolkovDmitri: calls $3
*** TURN *** [5h 5d 3c] [Qs]
bendjamin963: bets $6
VolkovDmitri: raises $6 to $12
bendjamin963: calls $6
*** RIVER *** [5h 5d 3c Qs] [9s]
bendjamin963: checks
VolkovDmitri: bets $6
bendjamin963: folds
Uncalled bet ($6) returned to VolkovDmitri
VolkovDmitri collected $41.50 from pot
VolkovDmitri: doesn't show hand
*** SUMMARY ***
Total pot $42 | Rake $0.50
Board [5h 5d 3c Qs 9s]
Seat 4: VolkovDmitri (button) (small blind) collected ($41.50)
Seat 6: bendjamin963 (big blind) folded on the River


PokerStars Hand #157463934888:  Hold'em Limit ($3/$6 USD) - 2016/08/19 5:57:08 ET
Table 'Dschubba' 6-max Seat #6 is the button
Seat 4: VolkovDmitri ($123 in chips)
Seat 6: bendjamin963 ($91.52 in chips)
bendjamin963: posts small blind $1
VolkovDmitri: posts big blind $3
*** HOLE CARDS ***
bendjamin963: folds
Uncalled bet ($2) returned to VolkovDmitri
VolkovDmitri collected $2 from pot
VolkovDmitri: doesn't show hand
*** SUMMARY ***
Total pot $2 | Rake $0
Seat 4: VolkovDmitri (big blind) collected ($2)
Seat 6: bendjamin963 (button) (small blind) folded before Flop


PokerStars Hand #157463931953:  Hold'em Limit ($3/$6 USD) - 2016/08/19 5:56:59 ET
Table 'Dschubba' 6-max Seat #4 is the button
Seat 4: VolkovDmitri ($120 in chips)
Seat 6: bendjamin963 ($94.52 in chips)
VolkovDmitri: posts small blind $1
bendjamin963: posts big blind $3
*** HOLE CARDS ***
VolkovDmitri: raises $3 to $6
bendjamin963: folds
Uncalled bet ($3) returned to VolkovDmitri
VolkovDmitri collected $6 from pot
VolkovDmitri: doesn't show hand
*** SUMMARY ***
Total pot $6 | Rake $0
Seat 4: VolkovDmitri (button) (small blind) collected ($6)
Seat 6: bendjamin963 (big blind) folded before Flop


PokerStars Hand #157463918355:  Hold'em Limit ($3/$6 USD) - 2016/08/19 5:56:17 ET
Table 'Dschubba' 6-max Seat #6 is the button
Seat 4: VolkovDmitri ($120 in chips)
Seat 6: bendjamin963 ($85.88 in chips)
bendjamin963: posts small blind $1
VolkovDmitri: posts big blind $3
*** HOLE CARDS ***
bendjamin963: calls $2
VolkovDmitri: checks
*** FLOP *** [Jc 5s 6s]
VolkovDmitri: checks
bendjamin963: checks
*** TURN *** [Jc 5s 6s] [3h]
VolkovDmitri: bets $6
bendjamin963: calls $6
*** RIVER *** [Jc 5s 6s 3h] [7d]
VolkovDmitri: checks
bendjamin963: checks
*** SHOW DOWN ***
VolkovDmitri: shows [9h 3s] (a pair of Threes)
bendjamin963: shows [Kc 5c] (a pair of Fives)
bendjamin963 collected $17.64 from pot
*** SUMMARY ***
Total pot $18 | Rake $0.36
Board [Jc 5s 6s 3h 7d]
Seat 4: VolkovDmitri (big blind) showed [9h 3s] and lost with a pair of Threes
Seat 6: bendjamin963 (button) (small blind) showed [Kc 5c] and won ($17.64) with a pair of Fives


PokerStars Hand #157463951470:  Hold'em Limit ($3/$6 USD) - 2016/08/19 5:57:58 ET
Table 'Dschubba' 6-max Seat #6 is the button
Seat 4: VolkovDmitri ($137.50 in chips)
Seat 6: bendjamin963 ($76.28 in chips)
bendjamin963: posts small blind $1
VolkovDmitri: posts big blind $3
*** HOLE CARDS ***
bendjamin963: calls $2
VolkovDmitri: raises $3 to $6
bendjamin963: calls $3
*** FLOP *** [Qd 8h Ts]
VolkovDmitri: checks
bendjamin963: checks
*** TURN *** [Qd 8h Ts] [Qh]
VolkovDmitri: checks
bendjamin963: checks
*** RIVER *** [Qd 8h Ts Qh] [6d]
VolkovDmitri: checks
bendjamin963: checks
*** SHOW DOWN ***
VolkovDmitri: shows [5d 6s] (two pair, Queens and Sixes)
bendjamin963: mucks hand
VolkovDmitri collected $11.76 from pot
*** SUMMARY ***
Total pot $12 | Rake $0.24
Board [Qd 8h Ts Qh 6d]
Seat 4: VolkovDmitri (big blind) showed [5d 6s] and won ($11.76) with two pair, Queens and Sixes
Seat 6: bendjamin963 (button) (small blind) mucked


PokerStars Hand #157463949661:  Hold'em Limit ($3/$6 USD) - 2016/08/19 5:57:52 ET
Table 'Dschubba' 6-max Seat #4 is the button
Seat 4: VolkovDmitri ($138.50 in chips)
Seat 6: bendjamin963 ($75.28 in chips)
VolkovDmitri: posts small blind $1
bendjamin963: posts big blind $3
*** HOLE CARDS ***
VolkovDmitri: folds
Uncalled bet ($2) returned to bendjamin963
bendjamin963 collected $2 from pot
bendjamin963: doesn't show hand
*** SUMMARY ***
Total pot $2 | Rake $0
Seat 4: VolkovDmitri (button) (small blind) folded before Flop
Seat 6: bendjamin963 (big blind) collected ($2)


PokerStars Hand #157463943329:  Hold'em Limit ($3/$6 USD) - 2016/08/19 5:57:33 ET
Table 'Dschubba' 6-max Seat #6 is the button
Seat 4: VolkovDmitri ($144.50 in chips)
Seat 6: bendjamin963 ($69.52 in chips)
bendjamin963: posts small blind $1
VolkovDmitri: posts big blind $3
*** HOLE CARDS ***
bendjamin963: calls $2
VolkovDmitri: checks
*** FLOP *** [Kh Jh 4s]
VolkovDmitri: bets $3
bendjamin963: calls $3
*** TURN *** [Kh Jh 4s] [7c]
VolkovDmitri: checks
bendjamin963: checks
*** RIVER *** [Kh Jh 4s 7c] [2s]
VolkovDmitri: checks
bendjamin963: checks
*** SHOW DOWN ***
VolkovDmitri: shows [9d 2d] (a pair of Deuces)
bendjamin963: shows [4d As] (a pair of Fours)
bendjamin963 collected $11.76 from pot
*** SUMMARY ***
Total pot $12 | Rake $0.24
Board [Kh Jh 4s 7c 2s]
Seat 4: VolkovDmitri (big blind) showed [9d 2d] and lost with a pair of Deuces
Seat 6: bendjamin963 (button) (small blind) showed [4d As] and won ($11.76) with a pair of Fours


PokerStars Hand #157463980469:  Hold'em Limit ($3/$6 USD) - 2016/08/19 5:59:27 ET
Table 'Dschubba' 6-max Seat #4 is the button
Seat 4: VolkovDmitri ($134.50 in chips)
Seat 6: bendjamin963 ($78.78 in chips)
VolkovDmitri: posts small blind $1
bendjamin963: posts big blind $3
*** HOLE CARDS ***
VolkovDmitri: raises $3 to $6
bendjamin963: calls $3
*** FLOP *** [5s Kh 4s]
bendjamin963: checks
VolkovDmitri: bets $3
bendjamin963: folds
Uncalled bet ($3) returned to VolkovDmitri
VolkovDmitri collected $11.76 from pot
VolkovDmitri: doesn't show hand
*** SUMMARY ***
Total pot $12 | Rake $0.24
Board [5s Kh 4s]
Seat 4: VolkovDmitri (button) (small blind) collected ($11.76)
Seat 6: bendjamin963 (big blind) folded on the Flop


PokerStars Hand #157463974434:  Hold'em Limit ($3/$6 USD) - 2016/08/19 5:59:08 ET
Table 'Dschubba' 6-max Seat #6 is the button
Seat 4: VolkovDmitri ($120 in chips)
Seat 6: bendjamin963 ($93.78 in chips)
bendjamin963: posts small blind $1
VolkovDmitri: posts big blind $3
*** HOLE CARDS ***
bendjamin963: calls $2
VolkovDmitri: raises $3 to $6
bendjamin963: calls $3
*** FLOP *** [Js Jd Jc]
VolkovDmitri: bets $3
bendjamin963: calls $3
*** TURN *** [Js Jd Jc] [5c]
VolkovDmitri: bets $6
bendjamin963: calls $6
*** RIVER *** [Js Jd Jc 5c] [Qh]
VolkovDmitri: checks
bendjamin963: checks
*** SHOW DOWN ***
VolkovDmitri: shows [4d Ac] (three of a kind, Jacks)
bendjamin963: mucks hand
VolkovDmitri collected $29.50 from pot
*** SUMMARY ***
Total pot $30 | Rake $0.50
Board [Js Jd Jc 5c Qh]
Seat 4: VolkovDmitri (big blind) showed [4d Ac] and won ($29.50) with three of a kind, Jacks
Seat 6: bendjamin963 (button) (small blind) mucked


PokerStars Hand #157463972742:  Hold'em Limit ($3/$6 USD) - 2016/08/19 5:59:03 ET
Table 'Dschubba' 6-max Seat #4 is the button
Seat 4: VolkovDmitri ($121 in chips)
Seat 6: bendjamin963 ($92.78 in chips)
VolkovDmitri: posts small blind $1
bendjamin963: posts big blind $3
*** HOLE CARDS ***
VolkovDmitri: folds
Uncalled bet ($2) returned to bendjamin963
bendjamin963 collected $2 from pot
bendjamin963: doesn't show hand
*** SUMMARY ***
Total pot $2 | Rake $0
Seat 4: VolkovDmitri (button) (small blind) folded before Flop
Seat 6: bendjamin963 (big blind) collected ($2)


PokerStars Hand #157463971327:  Hold'em Limit ($3/$6 USD) - 2016/08/19 5:58:59 ET
Table 'Dschubba' 6-max Seat #6 is the button
Seat 4: VolkovDmitri ($120 in chips)
Seat 6: bendjamin963 ($93.78 in chips)
bendjamin963: posts small blind $1
VolkovDmitri: posts big blind $3
*** HOLE CARDS ***
bendjamin963: folds
Uncalled bet ($2) returned to VolkovDmitri
VolkovDmitri collected $2 from pot
VolkovDmitri: doesn't show hand
*** SUMMARY ***
Total pot $2 | Rake $0
Seat 4: VolkovDmitri (big blind) collected ($2)
Seat 6: bendjamin963 (button) (small blind) folded before Flop


PokerStars Hand #157463958248:  Hold'em Limit ($3/$6 USD) - 2016/08/19 5:58:18 ET
Table 'Dschubba' 6-max Seat #4 is the button
Seat 4: VolkovDmitri ($143.26 in chips)
Seat 6: bendjamin963 ($70.28 in chips)
VolkovDmitri: posts small blind $1
bendjamin963: posts big blind $3
*** HOLE CARDS ***
VolkovDmitri: raises $3 to $6
bendjamin963: raises $3 to $9
VolkovDmitri: calls $3
*** FLOP *** [Qh Th Jc]
bendjamin963: bets $3
VolkovDmitri: calls $3
*** TURN *** [Qh Th Jc] [6d]
bendjamin963: bets $6
VolkovDmitri: calls $6
*** RIVER *** [Qh Th Jc 6d] [6c]
bendjamin963: bets $6
VolkovDmitri: calls $6
*** SHOW DOWN ***
bendjamin963: shows [Ac Qs] (two pair, Queens and Sixes)
VolkovDmitri: mucks hand
bendjamin963 collected $47.50 from pot
*** SUMMARY ***
Total pot $48 | Rake $0.50
Board [Qh Th Jc 6d 6c]
Seat 4: VolkovDmitri (button) (small blind) mucked
Seat 6: bendjamin963 (big blind) showed [Ac Qs] and won ($47.50) with two pair, Queens and Sixes


PokerStars Hand #157463997481:  Hold'em Limit ($3/$6 USD) - 2016/08/19 6:00:19 ET
Table 'Dschubba' 6-max Seat #4 is the button
Seat 4: VolkovDmitri ($121 in chips)
Seat 6: bendjamin963 ($104.28 in chips)
VolkovDmitri: posts small blind $1
bendjamin963: posts big blind $3
*** HOLE CARDS ***
VolkovDmitri: raises $3 to $6
bendjamin963: calls $3
*** FLOP *** [3h 8s 6c]
bendjamin963: bets $3
VolkovDmitri: calls $3
*** TURN *** [3h 8s 6c] [4d]
bendjamin963: bets $6
VolkovDmitri: folds
Uncalled bet ($6) returned to bendjamin963
bendjamin963 collected $17.64 from pot
bendjamin963: doesn't show hand
*** SUMMARY ***
Total pot $18 | Rake $0.36
Board [3h 8s 6c 4d]
Seat 4: VolkovDmitri (button) (small blind) folded on the Turn
Seat 6: bendjamin963 (big blind) collected ($17.64)


PokerStars Hand #157463995892:  Hold'em Limit ($3/$6 USD) - 2016/08/19 6:00:14 ET
Table 'Dschubba' 6-max Seat #6 is the button
Seat 4: VolkovDmitri ($120 in chips)
Seat 6: bendjamin963 ($105.28 in chips)
bendjamin963: posts small blind $1
VolkovDmitri: posts big blind $3
*** HOLE CARDS ***
bendjamin963: folds
Uncalled bet ($2) returned to VolkovDmitri
VolkovDmitri collected $2 from pot
VolkovDmitri: doesn't show hand
*** SUMMARY ***
Total pot $2 | Rake $0
Seat 4: VolkovDmitri (big blind) collected ($2)
Seat 6: bendjamin963 (button) (small blind) folded before Flop


PokerStars Hand #157463987761:  Hold'em Limit ($3/$6 USD) - 2016/08/19 5:59:49 ET
Table 'Dschubba' 6-max Seat #4 is the button
Seat 4: VolkovDmitri ($137.26 in chips)
Seat 6: bendjamin963 ($75.78 in chips)
VolkovDmitri: posts small blind $1
bendjamin963: posts big blind $3
*** HOLE CARDS ***
VolkovDmitri: raises $3 to $6
bendjamin963: raises $3 to $9
VolkovDmitri: calls $3
*** FLOP *** [5s As 4h]
bendjamin963: bets $3
VolkovDmitri: calls $3
*** TURN *** [5s As 4h] [7d]
bendjamin963: bets $6
VolkovDmitri: raises $6 to $12
bendjamin963: calls $6
*** RIVER *** [5s As 4h 7d] [Ts]
bendjamin963: bets $6
VolkovDmitri: calls $6
*** SHOW DOWN ***
bendjamin963: shows [Ah Th] (two pair, Aces and Tens)
VolkovDmitri: mucks hand
bendjamin963 collected $59.50 from pot
*** SUMMARY ***
Total pot $60 | Rake $0.50
Board [5s As 4h 7d Ts]
Seat 4: VolkovDmitri (button) (small blind) mucked
Seat 6: bendjamin963 (big blind) showed [Ah Th] and won ($59.50) with two pair, Aces and Tens


PokerStars Hand #157463984918:  Hold'em Limit ($3/$6 USD) - 2016/08/19 5:59:40 ET
Table 'Dschubba' 6-max Seat #6 is the button
Seat 4: VolkovDmitri ($140.26 in chips)
Seat 6: bendjamin963 ($72.78 in chips)
bendjamin963: posts small blind $1
VolkovDmitri: posts big blind $3
*** HOLE CARDS ***
bendjamin963: raises $3 to $6
VolkovDmitri: folds
Uncalled bet ($3) returned to bendjamin963
bendjamin963 collected $6 from pot
bendjamin963: doesn't show hand
*** SUMMARY ***
Total pot $6 | Rake $0
Seat 4: VolkovDmitri (big blind) folded before Flop
Seat 6: bendjamin963 (button) (small blind) collected ($6)


PokerStars Hand #157464017939:  Hold'em Limit ($3/$6 USD) - 2016/08/19 6:01:18 ET
Table 'Dschubba' 6-max Seat #4 is the button
Seat 4: VolkovDmitri ($124 in chips)
Seat 6: bendjamin963 ($132.42 in chips)
VolkovDmitri: posts small blind $1
bendjamin963: posts big blind $3
*** HOLE CARDS ***
VolkovDmitri: raises $3 to $6
bendjamin963: calls $3
*** FLOP *** [9c Jc 5s]
bendjamin963: bets $3
VolkovDmitri: raises $3 to $6
bendjamin963: raises $3 to $9
VolkovDmitri: calls $3
*** TURN *** [9c Jc 5s] [3h]
bendjamin963: checks
VolkovDmitri: checks
*** RIVER *** [9c Jc 5s 3h] [Kc]
bendjamin963: bets $6
VolkovDmitri: calls $6
*** SHOW DOWN ***
bendjamin963: shows [4c Ac] (a flush, Ace high)
VolkovDmitri: mucks hand
bendjamin963 collected $41.50 from pot
*** SUMMARY ***
Total pot $42 | Rake $0.50
Board [9c Jc 5s 3h Kc]
Seat 4: VolkovDmitri (button) (small blind) mucked
Seat 6: bendjamin963 (big blind) showed [4c Ac] and won ($41.50) with a flush, Ace high


PokerStars Hand #157464016449:  Hold'em Limit ($3/$6 USD) - 2016/08/19 6:01:14 ET
Table 'Dschubba' 6-max Seat #6 is the button
Seat 4: VolkovDmitri ($123 in chips)
Seat 6: bendjamin963 ($133.42 in chips)
bendjamin963: posts small blind $1
VolkovDmitri: posts big blind $3
*** HOLE CARDS ***
bendjamin963: folds
Uncalled bet ($2) returned to VolkovDmitri
VolkovDmitri collected $2 from pot
VolkovDmitri: doesn't show hand
*** SUMMARY ***
Total pot $2 | Rake $0
Seat 4: VolkovDmitri (big blind) collected ($2)
Seat 6: bendjamin963 (button) (small blind) folded before Flop


PokerStars Hand #157464014455:  Hold'em Limit ($3/$6 USD) - 2016/08/19 6:01:08 ET
Table 'Dschubba' 6-max Seat #4 is the button
Seat 4: VolkovDmitri ($120 in chips)
Seat 6: bendjamin963 ($136.42 in chips)
VolkovDmitri: posts small blind $1
bendjamin963: posts big blind $3
*** HOLE CARDS ***
VolkovDmitri: raises $3 to $6
bendjamin963: folds
Uncalled bet ($3) returned to VolkovDmitri
VolkovDmitri collected $6 from pot
VolkovDmitri: doesn't show hand
*** SUMMARY ***
Total pot $6 | Rake $0
Seat 4: VolkovDmitri (button) (small blind) collected ($6)
Seat 6: bendjamin963 (big blind) folded before Flop


PokerStars Hand #157464006773:  Hold'em Limit ($3/$6 USD) - 2016/08/19 6:00:46 ET
Table 'Dschubba' 6-max Seat #6 is the button
Seat 4: VolkovDmitri ($120 in chips)
Seat 6: bendjamin963 ($112.92 in chips)
bendjamin963: posts small blind $1
VolkovDmitri: posts big blind $3
*** HOLE CARDS ***
bendjamin963: calls $2
VolkovDmitri: raises $3 to $6
bendjamin963: calls $3
*** FLOP *** [8c Jd Td]
VolkovDmitri: bets $3
bendjamin963: raises $3 to $6
VolkovDmitri: calls $3
*** TURN *** [8c Jd Td] [8s]
VolkovDmitri: checks
bendjamin963: bets $6
VolkovDmitri: calls $6
*** RIVER *** [8c Jd Td 8s] [2c]
VolkovDmitri: checks
bendjamin963: bets $6
VolkovDmitri: calls $6
*** SHOW DOWN ***
bendjamin963: shows [Js Ad] (two pair, Jacks and Eights)
VolkovDmitri: mucks hand
bendjamin963 collected $47.50 from pot
*** SUMMARY ***
Total pot $48 | Rake $0.50
Board [8c Jd Td 8s 2c]
Seat 4: VolkovDmitri (big blind) mucked
Seat 6: bendjamin963 (button) (small blind) showed [Js Ad] and won ($47.50) with two pair, Jacks and Eights


PokerStars Hand #157464046105:  Hold'em Limit ($3/$6 USD) - 2016/08/19 6:02:36 ET
Table 'Dschubba' 6-max Seat #6 is the button
Seat 4: VolkovDmitri ($120 in chips)
Seat 6: bendjamin963 ($168.42 in chips)
bendjamin963: posts small blind $1
VolkovDmitri: posts big blind $3
*** HOLE CARDS ***
bendjamin963: folds
Uncalled bet ($2) returned to VolkovDmitri
VolkovDmitri collected $2 from pot
*** SUMMARY ***
Total pot $2 | Rake $0
Seat 4: VolkovDmitri (big blind) collected ($2)
Seat 6: bendjamin963 (button) (small blind) folded before Flop


PokerStars Hand #157464039180:  Hold'em Limit ($3/$6 USD) - 2016/08/19 6:02:17 ET
Table 'Dschubba' 6-max Seat #4 is the button
Seat 4: VolkovDmitri ($125 in chips)
Seat 6: bendjamin963 ($147.92 in chips)
VolkovDmitri: posts small blind $1
bendjamin963: posts big blind $3
*** HOLE CARDS ***
VolkovDmitri: raises $3 to $6
bendjamin963: calls $3
*** FLOP *** [Qd 8h As]
bendjamin963: bets $3
VolkovDmitri: calls $3
*** TURN *** [Qd 8h As] [Ad]
bendjamin963: bets $6
VolkovDmitri: calls $6
*** RIVER *** [Qd 8h As Ad] [4d]
bendjamin963: bets $6
VolkovDmitri: calls $6
*** SHOW DOWN ***
bendjamin963: shows [8d 3d] (a flush, Ace high)
VolkovDmitri: mucks hand
bendjamin963 collected $41.50 from pot
*** SUMMARY ***
Total pot $42 | Rake $0.50
Board [Qd 8h As Ad 4d]
Seat 4: VolkovDmitri (button) (small blind) mucked
Seat 6: bendjamin963 (big blind) showed [8d 3d] and won ($41.50) with a flush, Ace high


PokerStars Hand #157464037605:  Hold'em Limit ($3/$6 USD) - 2016/08/19 6:02:13 ET
Table 'Dschubba' 6-max Seat #6 is the button
Seat 4: VolkovDmitri ($124 in chips)
Seat 6: bendjamin963 ($148.92 in chips)
bendjamin963: posts small blind $1
VolkovDmitri: posts big blind $3
*** HOLE CARDS ***
bendjamin963: folds
Uncalled bet ($2) returned to VolkovDmitri
VolkovDmitri collected $2 from pot
VolkovDmitri: doesn't show hand
*** SUMMARY ***
Total pot $2 | Rake $0
Seat 4: VolkovDmitri (big blind) collected ($2)
Seat 6: bendjamin963 (button) (small blind) folded before Flop


PokerStars Hand #157464035342:  Hold'em Limit ($3/$6 USD) - 2016/08/19 6:02:06 ET
Table 'Dschubba' 6-max Seat #4 is the button
Seat 4: VolkovDmitri ($121 in chips)
Seat 6: bendjamin963 ($151.92 in chips)
VolkovDmitri: posts small blind $1
bendjamin963: posts big blind $3
*** HOLE CARDS ***
VolkovDmitri: raises $3 to $6
bendjamin963: folds
Uncalled bet ($3) returned to VolkovDmitri
VolkovDmitri collected $6 from pot
VolkovDmitri: doesn't show hand
*** SUMMARY ***
Total pot $6 | Rake $0
Seat 4: VolkovDmitri (button) (small blind) collected ($6)
Seat 6: bendjamin963 (big blind) folded before Flop


PokerStars Hand #157464033527:  Hold'em Limit ($3/$6 USD) - 2016/08/19 6:02:02 ET
Table 'Dschubba' 6-max Seat #6 is the button
Seat 4: VolkovDmitri ($120 in chips)
Seat 6: bendjamin963 ($152.92 in chips)
bendjamin963: posts small blind $1
VolkovDmitri: posts big blind $3
*** HOLE CARDS ***
bendjamin963: folds
Uncalled bet ($2) returned to VolkovDmitri
VolkovDmitri collected $2 from pot
VolkovDmitri: doesn't show hand
*** SUMMARY ***
Total pot $2 | Rake $0
Seat 4: VolkovDmitri (big blind) collected ($2)
Seat 6: bendjamin963 (button) (small blind) folded before Flop


PokerStars Hand #157464030039:  Hold'em Limit ($3/$6 USD) - 2016/08/19 6:01:52 ET
Table 'Dschubba' 6-max Seat #4 is the button
Seat 4: VolkovDmitri ($121 in chips)
Seat 6: bendjamin963 ($151.92 in chips)
VolkovDmitri: posts small blind $1
bendjamin963: posts big blind $3
*** HOLE CARDS ***
VolkovDmitri: folds
Uncalled bet ($2) returned to bendjamin963
bendjamin963 collected $2 from pot
bendjamin963: doesn't show hand
*** SUMMARY ***
Total pot $2 | Rake $0
Seat 4: VolkovDmitri (button) (small blind) folded before Flop
Seat 6: bendjamin963 (big blind) collected ($2)


PokerStars Hand #157464027972:  Hold'em Limit ($3/$6 USD) - 2016/08/19 6:01:47 ET
Table 'Dschubba' 6-max Seat #6 is the button
Seat 4: VolkovDmitri ($120 in chips)
Seat 6: bendjamin963 ($152.92 in chips)
bendjamin963: posts small blind $1
VolkovDmitri: posts big blind $3
*** HOLE CARDS ***
bendjamin963: folds
Uncalled bet ($2) returned to VolkovDmitri
VolkovDmitri collected $2 from pot
VolkovDmitri: doesn't show hand
*** SUMMARY ***
Total pot $2 | Rake $0
Seat 4: VolkovDmitri (big blind) collected ($2)
Seat 6: bendjamin963 (button) (small blind) folded before Flop


PokerStars Hand #157464069248:  Hold'em Limit ($3/$6 USD) - 2016/08/19 6:03:39 ET
Table 'Dschubba' 6-max Seat #4 is the button
Seat 4: VolkovDmitri ($121 in chips)
Seat 6: bendjamin963 ($196.56 in chips)
VolkovDmitri: posts small blind $1
bendjamin963: posts big blind $3
*** HOLE CARDS ***
VolkovDmitri: raises $3 to $6
bendjamin963: folds
Uncalled bet ($3) returned to VolkovDmitri
VolkovDmitri collected $6 from pot
VolkovDmitri: doesn't show hand
*** SUMMARY ***
Total pot $6 | Rake $0
Seat 4: VolkovDmitri (button) (small blind) collected ($6)
Seat 6: bendjamin963 (big blind) folded before Flop


PokerStars Hand #157464067395:  Hold'em Limit ($3/$6 USD) - 2016/08/19 6:03:34 ET
Table 'Dschubba' 6-max Seat #6 is the button
Seat 4: VolkovDmitri ($120 in chips)
Seat 6: bendjamin963 ($197.56 in chips)
bendjamin963: posts small blind $1
VolkovDmitri: posts big blind $3
*** HOLE CARDS ***
bendjamin963: folds
Uncalled bet ($2) returned to VolkovDmitri
VolkovDmitri collected $2 from pot
VolkovDmitri: doesn't show hand
*** SUMMARY ***
Total pot $2 | Rake $0
Seat 4: VolkovDmitri (big blind) collected ($2)
Seat 6: bendjamin963 (button) (small blind) folded before Flop


PokerStars Hand #157464058681:  Hold'em Limit ($3/$6 USD) - 2016/08/19 6:03:10 ET
Table 'Dschubba' 6-max Seat #4 is the button
Seat 4: VolkovDmitri ($120 in chips)
Seat 6: bendjamin963 ($177.06 in chips)
VolkovDmitri: posts small blind $1
bendjamin963: posts big blind $3
*** HOLE CARDS ***
VolkovDmitri: raises $3 to $6
bendjamin963: calls $3
*** FLOP *** [4s Qs 2d]
bendjamin963: checks
VolkovDmitri: bets $3
bendjamin963: calls $3
*** TURN *** [4s Qs 2d] [Jd]
bendjamin963: checks
VolkovDmitri: bets $6
bendjamin963: calls $6
*** RIVER *** [4s Qs 2d Jd] [Ks]
bendjamin963: bets $6
VolkovDmitri: calls $6
*** SHOW DOWN ***
bendjamin963: shows [Kh 9h] (a pair of Kings)
VolkovDmitri: mucks hand
bendjamin963 collected $41.50 from pot
*** SUMMARY ***
Total pot $42 | Rake $0.50
Board [4s Qs 2d Jd Ks]
Seat 4: VolkovDmitri (button) (small blind) mucked
Seat 6: bendjamin963 (big blind) showed [Kh 9h] and won ($41.50) with a pair of Kings


PokerStars Hand #157464050630:  Hold'em Limit ($3/$6 USD) - 2016/08/19 6:02:49 ET
Table 'Dschubba' 6-max Seat #6 is the button
Seat 4: VolkovDmitri ($120 in chips)
Seat 6: bendjamin963 ($168.42 in chips)
bendjamin963: posts small blind $1
VolkovDmitri: posts big blind $3
*** HOLE CARDS ***
bendjamin963: calls $2
VolkovDmitri: raises $3 to $6
bendjamin963: calls $3
*** FLOP *** [4c Td Qs]
VolkovDmitri: bets $3
bendjamin963: calls $3
*** TURN *** [4c Td Qs] [9s]
VolkovDmitri: checks
bendjamin963: checks
*** RIVER *** [4c Td Qs 9s] [2s]
VolkovDmitri: checks
bendjamin963: checks
*** SHOW DOWN ***
VolkovDmitri: shows [8c 7s] (high card Queen)
bendjamin963: shows [As 4h] (a pair of Fours)
bendjamin963 collected $17.64 from pot
*** SUMMARY ***
Total pot $18 | Rake $0.36
Board [4c Td Qs 9s 2s]
Seat 4: VolkovDmitri (big blind) showed [8c 7s] and lost with high card Queen
Seat 6: bendjamin963 (button) (small blind) showed [As 4h] and won ($17.64) with a pair of Fours


PokerStars Hand #157464047686:  Hold'em Limit ($3/$6 USD) - 2016/08/19 6:02:40 ET
Table 'Dschubba' 6-max Seat #4 is the button
Seat 4: VolkovDmitri ($121 in chips)
Seat 6: bendjamin963 ($167.42 in chips)
VolkovDmitri: posts small blind $1
bendjamin963: posts big blind $3
*** HOLE CARDS ***
VolkovDmitri: folds
Uncalled bet ($2) returned to bendjamin963
bendjamin963 collected $2 from pot
bendjamin963: doesn't show hand
*** SUMMARY ***
Total pot $2 | Rake $0
Seat 4: VolkovDmitri (button) (small blind) folded before Flop
Seat 6: bendjamin963 (big blind) collected ($2)


PokerStars Hand #157464087509:  Hold'em Limit ($3/$6 USD) - 2016/08/19 6:04:29 ET
Table 'Dschubba' 6-max Seat #4 is the button
Seat 4: VolkovDmitri ($134.50 in chips)
Seat 6: bendjamin963 ($193.06 in chips)
VolkovDmitri: posts small blind $1
bendjamin963: posts big blind $3
*** HOLE CARDS ***
VolkovDmitri: folds
Uncalled bet ($2) returned to bendjamin963
bendjamin963 collected $2 from pot
bendjamin963: doesn't show hand
*** SUMMARY ***
Total pot $2 | Rake $0
Seat 4: VolkovDmitri (button) (small blind) folded before Flop
Seat 6: bendjamin963 (big blind) collected ($2)


PokerStars Hand #157464081429:  Hold'em Limit ($3/$6 USD) - 2016/08/19 6:04:12 ET
Table 'Dschubba' 6-max Seat #6 is the button
Seat 4: VolkovDmitri ($120 in chips)
Seat 6: bendjamin963 ($208.06 in chips)
sussie118 joins the table at seat #2
bendjamin963: posts small blind $1
VolkovDmitri: posts big blind $3
*** HOLE CARDS ***
bendjamin963: raises $3 to $6
VolkovDmitri: calls $3
*** FLOP *** [7d Qc 9h]
VolkovDmitri: bets $3
bendjamin963: calls $3
*** TURN *** [7d Qc 9h] [3d]
VolkovDmitri: bets $6
bendjamin963: calls $6
*** RIVER *** [7d Qc 9h 3d] [7s]
VolkovDmitri: bets $6
bendjamin963: folds
Uncalled bet ($6) returned to VolkovDmitri
VolkovDmitri collected $29.50 from pot
VolkovDmitri: doesn't show hand
*** SUMMARY ***
Total pot $30 | Rake $0.50
Board [7d Qc 9h 3d 7s]
Seat 4: VolkovDmitri (big blind) collected ($29.50)
Seat 6: bendjamin963 (button) (small blind) folded on the River


PokerStars Hand #157464074616:  Hold'em Limit ($3/$6 USD) - 2016/08/19 6:03:53 ET
Table 'Dschubba' 6-max Seat #4 is the button
Seat 4: VolkovDmitri ($129.76 in chips)
Seat 6: bendjamin963 ($187.56 in chips)
VolkovDmitri: posts small blind $1
bendjamin963: posts big blind $3
*** HOLE CARDS ***
VolkovDmitri: raises $3 to $6
bendjamin963: calls $3
*** FLOP *** [4d As 8s]
bendjamin963: bets $3
VolkovDmitri: calls $3
*** TURN *** [4d As 8s] [9s]
bendjamin963: bets $6
VolkovDmitri: calls $6
*** RIVER *** [4d As 8s 9s] [2c]
bendjamin963: bets $6
VolkovDmitri: calls $6
*** SHOW DOWN ***
bendjamin963: shows [Ad Th] (a pair of Aces)
VolkovDmitri: mucks hand
bendjamin963 collected $41.50 from pot
*** SUMMARY ***
Total pot $42 | Rake $0.50
Board [4d As 8s 9s 2c]
Seat 4: VolkovDmitri (button) (small blind) mucked
Seat 6: bendjamin963 (big blind) showed [Ad Th] and won ($41.50) with a pair of Aces


PokerStars Hand #157464071185:  Hold'em Limit ($3/$6 USD) - 2016/08/19 6:03:44 ET
Table 'Dschubba' 6-max Seat #6 is the button
Seat 4: VolkovDmitri ($124 in chips)
Seat 6: bendjamin963 ($193.56 in chips)
bendjamin963: posts small blind $1
VolkovDmitri: posts big blind $3
*** HOLE CARDS ***
bendjamin963: calls $2
VolkovDmitri: raises $3 to $6
bendjamin963: calls $3
*** FLOP *** [Ah Qh Ac]
VolkovDmitri: bets $3
bendjamin963: folds
Uncalled bet ($3) returned to VolkovDmitri
VolkovDmitri collected $11.76 from pot
VolkovDmitri: doesn't show hand
*** SUMMARY ***
Total pot $12 | Rake $0.24
Board [Ah Qh Ac]
Seat 4: VolkovDmitri (big blind) collected ($11.76)
Seat 6: bendjamin963 (button) (small blind) folded on the Flop


PokerStars Hand #157464097404:  Hold'em Limit ($3/$6 USD) - 2016/08/19 6:04:55 ET
Table 'Dschubba' 6-max Seat #2 is the button
Seat 2: sussie118 ($135.07 in chips)
Seat 4: VolkovDmitri ($120 in chips)
sussie118: posts small blind $1
VolkovDmitri: posts big blind $3
*** HOLE CARDS ***
sussie118: calls $2
VolkovDmitri: raises $3 to $6
sussie118: calls $3
*** FLOP *** [2s Qc 5s]
VolkovDmitri: bets $3
sussie118: calls $3
*** TURN *** [2s Qc 5s] [2h]
VolkovDmitri: bets $6
sussie118: calls $6
*** RIVER *** [2s Qc 5s 2h] [3c]
VolkovDmitri: checks
sussie118: checks
*** SHOW DOWN ***
VolkovDmitri: shows [7c 8c] (a pair of Deuces)
sussie118: shows [Ts Ah] (a pair of Deuces - Ace kicker)
sussie118 collected $29.50 from pot
*** SUMMARY ***
Total pot $30 | Rake $0.50
Board [2s Qc 5s 2h 3c]
Seat 2: sussie118 (button) (small blind) showed [Ts Ah] and won ($29.50) with a pair of Deuces
Seat 4: VolkovDmitri (big blind) showed [7c 8c] and lost with a pair of Deuces


