PokerStars Hand #162804006274:  Hold'em Limit ($3/$6 USD) - 2016/12/11 19:15:10 ET
Table 'Dschubba' 6-max Seat #1 is the button
Seat 1: LifeisagameX ($84 in chips)
Seat 4: Shara.Vi ($51.57 in chips)
LifeisagameX: posts small blind $1
Shara.Vi: posts big blind $3
*** HOLE CARDS ***
LifeisagameX: raises $3 to $6
Shara.Vi: calls $3
*** FLOP *** [3s 9d 7d]
Shara.Vi: checks
LifeisagameX: checks
*** TURN *** [3s 9d 7d] [7s]
Shara.Vi: bets $6
ToDaFelt joins the table at seat #5
LifeisagameX: calls $6
*** RIVER *** [3s 9d 7d 7s] [9c]
Shara.Vi: checks
LifeisagameX: checks
*** SHOW DOWN ***
Shara.Vi: shows [6c 4s] (two pair, Nines and Sevens)
LifeisagameX: shows [Kc 4h] (two pair, Nines and Sevens - King kicker)
LifeisagameX collected $23.52 from pot
*** SUMMARY ***
Total pot $24 | Rake $0.48
Board [3s 9d 7d 7s 9c]
Seat 1: LifeisagameX (button) (small blind) showed [Kc 4h] and won ($23.52) with two pair, Nines and Sevens
Seat 4: Shara.Vi (big blind) showed [6c 4s] and lost with two pair, Nines and Sevens


PokerStars Hand #162804090938:  Hold'em Limit ($3/$6 USD) - 2016/12/11 19:17:05 ET
Table 'Dschubba' 6-max Seat #4 is the button
Seat 4: Shara.Vi ($10.33 in chips)
Seat 5: ToDaFelt ($146.96 in chips)
Shara.Vi: posts small blind $1
ToDaFelt: posts big blind $3
*** HOLE CARDS ***
Shara.Vi: folds
Uncalled bet ($2) returned to ToDaFelt
ToDaFelt collected $2 from pot
ToDaFelt: doesn't show hand
*** SUMMARY ***
Total pot $2 | Rake $0
Seat 4: Shara.Vi (button) (small blind) folded before Flop
Seat 5: ToDaFelt (big blind) collected ($2)


PokerStars Hand #162804080117:  Hold'em Limit ($3/$6 USD) - 2016/12/11 19:16:51 ET
Table 'Dschubba' 6-max Seat #5 is the button
Seat 4: Shara.Vi ($16.33 in chips)
Seat 5: ToDaFelt ($141.20 in chips)
ToDaFelt: posts small blind $1
Shara.Vi: posts big blind $3
*** HOLE CARDS ***
ToDaFelt: raises $3 to $6
Shara.Vi: calls $3
*** FLOP *** [5h Kd 4d]
Shara.Vi: checks
ToDaFelt: bets $3
Shara.Vi: folds
Uncalled bet ($3) returned to ToDaFelt
ToDaFelt collected $11.76 from pot
ToDaFelt: doesn't show hand
*** SUMMARY ***
Total pot $12 | Rake $0.24
Board [5h Kd 4d]
Seat 4: Shara.Vi (big blind) folded on the Flop
Seat 5: ToDaFelt (button) (small blind) collected ($11.76)


PokerStars Hand #162804071705:  Hold'em Limit ($3/$6 USD) - 2016/12/11 19:16:39 ET
Table 'Dschubba' 6-max Seat #4 is the button
Seat 4: Shara.Vi ($10.57 in chips)
Seat 5: ToDaFelt ($147.20 in chips)
Shara.Vi: posts small blind $1
ToDaFelt: posts big blind $3
*** HOLE CARDS ***
Shara.Vi: raises $3 to $6
ToDaFelt: calls $3
*** FLOP *** [Ac 7h 2c]
ToDaFelt: checks
Shara.Vi: bets $3
ToDaFelt: folds
Uncalled bet ($3) returned to Shara.Vi
Shara.Vi collected $11.76 from pot
*** SUMMARY ***
Total pot $12 | Rake $0.24
Board [Ac 7h 2c]
Seat 4: Shara.Vi (button) (small blind) collected ($11.76)
Seat 5: ToDaFelt (big blind) folded on the Flop


PokerStars Hand #162804123740:  Hold'em Limit ($3/$6 USD) - 2016/12/11 19:17:50 ET
Table 'Dschubba' 6-max Seat #4 is the button
Seat 4: Shara.Vi ($17.04 in chips)
Seat 5: ToDaFelt ($139.38 in chips)
Shara.Vi: posts small blind $1
ToDaFelt: posts big blind $3
*** HOLE CARDS ***
Shara.Vi: raises $3 to $6
ToDaFelt: folds
Uncalled bet ($3) returned to Shara.Vi
Shara.Vi collected $6 from pot
*** SUMMARY ***
Total pot $6 | Rake $0
Seat 4: Shara.Vi (button) (small blind) collected ($6)
Seat 5: ToDaFelt (big blind) folded before Flop


PokerStars Hand #162804110859:  Hold'em Limit ($3/$6 USD) - 2016/12/11 19:17:32 ET
Table 'Dschubba' 6-max Seat #5 is the button
Seat 4: Shara.Vi ($17.29 in chips)
Seat 5: ToDaFelt ($139.63 in chips)
ToDaFelt: posts small blind $1
Shara.Vi: posts big blind $3
*** HOLE CARDS ***
ToDaFelt: raises $3 to $6
Shara.Vi: raises $3 to $9
ToDaFelt: calls $3
*** FLOP *** [8d 2h 9h]
Shara.Vi: bets $3
ToDaFelt: calls $3
*** TURN *** [8d 2h 9h] [2s]
Shara.Vi: bets $5.29 and is all-in
ToDaFelt: calls $5.29
*** RIVER *** [8d 2h 9h 2s] [Qd]
*** SHOW DOWN ***
Shara.Vi: shows [Ks 7s] (a pair of Deuces)
ToDaFelt: shows [3c Kh] (a pair of Deuces)
Shara.Vi collected $17.04 from pot
ToDaFelt collected $17.04 from pot
*** SUMMARY ***
Total pot $34.58 | Rake $0.50
Board [8d 2h 9h 2s Qd]
Seat 4: Shara.Vi (big blind) showed [Ks 7s] and won ($17.04) with a pair of Deuces
Seat 5: ToDaFelt (button) (small blind) showed [3c Kh] and won ($17.04) with a pair of Deuces


PokerStars Hand #162804106605:  Hold'em Limit ($3/$6 USD) - 2016/12/11 19:17:26 ET
Table 'Dschubba' 6-max Seat #4 is the button
Seat 4: Shara.Vi ($18.29 in chips)
Seat 5: ToDaFelt ($138.63 in chips)
Shara.Vi: posts small blind $1
ToDaFelt: posts big blind $3
*** HOLE CARDS ***
Shara.Vi: folds
Uncalled bet ($2) returned to ToDaFelt
ToDaFelt collected $2 from pot
ToDaFelt: doesn't show hand
*** SUMMARY ***
Total pot $2 | Rake $0
Seat 4: Shara.Vi (button) (small blind) folded before Flop
Seat 5: ToDaFelt (big blind) collected ($2)


PokerStars Hand #162804094727:  Hold'em Limit ($3/$6 USD) - 2016/12/11 19:17:10 ET
Table 'Dschubba' 6-max Seat #5 is the button
Seat 4: Shara.Vi ($9.33 in chips)
Seat 5: ToDaFelt ($147.96 in chips)
ToDaFelt: posts small blind $1
Shara.Vi: posts big blind $3
*** HOLE CARDS ***
ToDaFelt: raises $3 to $6
Shara.Vi: raises $3 to $9
ToDaFelt: raises $3 to $12
Betting is capped
Shara.Vi: calls $0.33 and is all-in
Uncalled bet ($2.67) returned to ToDaFelt
*** FLOP *** [Ah 7s 5d]
*** TURN *** [Ah 7s 5d] [Js]
*** RIVER *** [Ah 7s 5d Js] [9c]
*** SHOW DOWN ***
Shara.Vi: shows [Td 9d] (a pair of Nines)
ToDaFelt: shows [5h 8h] (a pair of Fives)
Shara.Vi collected $18.29 from pot
*** SUMMARY ***
Total pot $18.66 | Rake $0.37
Board [Ah 7s 5d Js 9c]
Seat 4: Shara.Vi (big blind) showed [Td 9d] and won ($18.29) with a pair of Nines
Seat 5: ToDaFelt (button) (small blind) showed [5h 8h] and lost with a pair of Fives


PokerStars Hand #162804151072:  Hold'em Limit ($3/$6 USD) - 2016/12/11 19:18:27 ET
Table 'Dschubba' 6-max Seat #5 is the button
Seat 4: Shara.Vi ($24.80 in chips)
Seat 5: ToDaFelt ($131.38 in chips)
ToDaFelt: posts small blind $1
Shara.Vi: posts big blind $3
*** HOLE CARDS ***
ToDaFelt: raises $3 to $6
Shara.Vi: calls $3
*** FLOP *** [8d 2h Js]
Shara.Vi: checks
ToDaFelt: bets $3
Shara.Vi: folds
Uncalled bet ($3) returned to ToDaFelt
ToDaFelt collected $11.76 from pot
ToDaFelt: doesn't show hand
*** SUMMARY ***
Total pot $12 | Rake $0.24
Board [8d 2h Js]
Seat 4: Shara.Vi (big blind) folded on the Flop
Seat 5: ToDaFelt (button) (small blind) collected ($11.76)


PokerStars Hand #162804146271:  Hold'em Limit ($3/$6 USD) - 2016/12/11 19:18:21 ET
Table 'Dschubba' 6-max Seat #4 is the button
Seat 4: Shara.Vi ($25.80 in chips)
Seat 5: ToDaFelt ($130.38 in chips)
Shara.Vi: posts small blind $1
ToDaFelt: posts big blind $3
*** HOLE CARDS ***
Shara.Vi: folds
Uncalled bet ($2) returned to ToDaFelt
ToDaFelt collected $2 from pot
ToDaFelt: doesn't show hand
*** SUMMARY ***
Total pot $2 | Rake $0
Seat 4: Shara.Vi (button) (small blind) folded before Flop
Seat 5: ToDaFelt (big blind) collected ($2)


PokerStars Hand #162804132994:  Hold'em Limit ($3/$6 USD) - 2016/12/11 19:18:02 ET
Table 'Dschubba' 6-max Seat #5 is the button
Seat 4: Shara.Vi ($20.04 in chips)
Seat 5: ToDaFelt ($136.38 in chips)
ToDaFelt: posts small blind $1
Shara.Vi: posts big blind $3
*** HOLE CARDS ***
ToDaFelt: raises $3 to $6
Shara.Vi: calls $3
*** FLOP *** [9c Tc 6h]
Shara.Vi: checks
ToDaFelt: checks
*** TURN *** [9c Tc 6h] [Th]
Shara.Vi: bets $6
ToDaFelt: folds
Uncalled bet ($6) returned to Shara.Vi
Shara.Vi collected $11.76 from pot
*** SUMMARY ***
Total pot $12 | Rake $0.24
Board [9c Tc 6h Th]
Seat 4: Shara.Vi (big blind) collected ($11.76)
Seat 5: ToDaFelt (button) (small blind) folded on the Turn


PokerStars Hand #162804221525:  Hold'em Limit ($3/$6 USD) - 2016/12/11 19:20:05 ET
Table 'Dschubba' 6-max Seat #4 is the button
Seat 4: Shara.Vi ($15.10 in chips)
Seat 5: ToDaFelt ($139.60 in chips)
Shara.Vi: posts small blind $1
ToDaFelt: posts big blind $3
*** HOLE CARDS ***
Shara.Vi: folds
Uncalled bet ($2) returned to ToDaFelt
ToDaFelt collected $2 from pot
ToDaFelt: doesn't show hand
*** SUMMARY ***
Total pot $2 | Rake $0
Seat 4: Shara.Vi (button) (small blind) folded before Flop
Seat 5: ToDaFelt (big blind) collected ($2)


PokerStars Hand #162804208523:  Hold'em Limit ($3/$6 USD) - 2016/12/11 19:19:47 ET
Table 'Dschubba' 6-max Seat #5 is the button
Seat 4: Shara.Vi ($30.10 in chips)
Seat 5: ToDaFelt ($125.10 in chips)
ToDaFelt: posts small blind $1
Shara.Vi: posts big blind $3
*** HOLE CARDS ***
ToDaFelt: raises $3 to $6
Shara.Vi: calls $3
*** FLOP *** [7s 6h 3h]
Shara.Vi: checks
ToDaFelt: bets $3
Shara.Vi: calls $3
*** TURN *** [7s 6h 3h] [6s]
Shara.Vi: checks
ToDaFelt: checks
*** RIVER *** [7s 6h 3h 6s] [5s]
Shara.Vi: bets $6
ToDaFelt: calls $6
*** SHOW DOWN ***
Shara.Vi: shows [9d Ks] (a pair of Sixes)
ToDaFelt: shows [3d Ad] (two pair, Sixes and Threes)
ToDaFelt collected $29.50 from pot
*** SUMMARY ***
Total pot $30 | Rake $0.50
Board [7s 6h 3h 6s 5s]
Seat 4: Shara.Vi (big blind) showed [9d Ks] and lost with a pair of Sixes
Seat 5: ToDaFelt (button) (small blind) showed [3d Ad] and won ($29.50) with two pair, Sixes and Threes


PokerStars Hand #162804204944:  Hold'em Limit ($3/$6 USD) - 2016/12/11 19:19:41 ET
Table 'Dschubba' 6-max Seat #4 is the button
Seat 4: Shara.Vi ($31.10 in chips)
Seat 5: ToDaFelt ($124.10 in chips)
Shara.Vi: posts small blind $1
ToDaFelt: posts big blind $3
*** HOLE CARDS ***
Shara.Vi: folds
Uncalled bet ($2) returned to ToDaFelt
ToDaFelt collected $2 from pot
ToDaFelt: doesn't show hand
*** SUMMARY ***
Total pot $2 | Rake $0
Seat 4: Shara.Vi (button) (small blind) folded before Flop
Seat 5: ToDaFelt (big blind) collected ($2)


PokerStars Hand #162804188506:  Hold'em Limit ($3/$6 USD) - 2016/12/11 19:19:19 ET
Table 'Dschubba' 6-max Seat #5 is the button
Seat 4: Shara.Vi ($37.10 in chips)
Seat 5: ToDaFelt ($118.34 in chips)
ToDaFelt: posts small blind $1
Shara.Vi: posts big blind $3
*** HOLE CARDS ***
ToDaFelt: raises $3 to $6
Shara.Vi: calls $3
*** FLOP *** [9d Jc 9h]
Shara.Vi: checks
ToDaFelt: bets $3
Shara.Vi: folds
Uncalled bet ($3) returned to ToDaFelt
ToDaFelt collected $11.76 from pot
ToDaFelt: doesn't show hand
*** SUMMARY ***
Total pot $12 | Rake $0.24
Board [9d Jc 9h]
Seat 4: Shara.Vi (big blind) folded on the Flop
Seat 5: ToDaFelt (button) (small blind) collected ($11.76)


PokerStars Hand #162804163718:  Hold'em Limit ($3/$6 USD) - 2016/12/11 19:18:45 ET
Table 'Dschubba' 6-max Seat #4 is the button
Seat 4: Shara.Vi ($18.80 in chips)
Seat 5: ToDaFelt ($137.14 in chips)
Shara.Vi: posts small blind $1
ToDaFelt: posts big blind $3
*** HOLE CARDS ***
Shara.Vi: calls $2
ToDaFelt: raises $3 to $6
Shara.Vi: calls $3
*** FLOP *** [6h 8s 2c]
ToDaFelt: bets $3
Shara.Vi: calls $3
*** TURN *** [6h 8s 2c] [Qd]
ToDaFelt: bets $6
Shara.Vi: raises $3.80 to $9.80 and is all-in
ToDaFelt: calls $3.80
*** RIVER *** [6h 8s 2c Qd] [Ah]
*** SHOW DOWN ***
ToDaFelt: shows [4d 4h] (a pair of Fours)
Shara.Vi: shows [7c 6s] (a pair of Sixes)
Shara.Vi collected $37.10 from pot
*** SUMMARY ***
Total pot $37.60 | Rake $0.50
Board [6h 8s 2c Qd Ah]
Seat 4: Shara.Vi (button) (small blind) showed [7c 6s] and won ($37.10) with a pair of Sixes
Seat 5: ToDaFelt (big blind) showed [4d 4h] and lost with a pair of Fours


PokerStars Hand #162804225245:  Hold'em Limit ($3/$6 USD) - 2016/12/11 19:20:10 ET
Table 'Dschubba' 6-max Seat #5 is the button
Seat 4: Shara.Vi ($14.10 in chips)
Seat 5: ToDaFelt ($140.60 in chips)
ToDaFelt: posts small blind $1
Shara.Vi: posts big blind $3
*** HOLE CARDS ***
ToDaFelt: raises $3 to $6
Shara.Vi: calls $3
*** FLOP *** [Tc 8d 3d]
Shara.Vi: checks
ToDaFelt: bets $3
Shara.Vi: calls $3
*** TURN *** [Tc 8d 3d] [9c]
Shara.Vi: checks
ToDaFelt: bets $6
Shara.Vi: calls $5.10 and is all-in
Uncalled bet ($0.90) returned to ToDaFelt
*** RIVER *** [Tc 8d 3d 9c] [5h]
*** SHOW DOWN ***
Shara.Vi: shows [Ks 5d] (a pair of Fives)
ToDaFelt: shows [Th 6h] (a pair of Tens)
ToDaFelt collected $27.70 from pot
*** SUMMARY ***
Total pot $28.20 | Rake $0.50
Board [Tc 8d 3d 9c 5h]
Seat 4: Shara.Vi (big blind) showed [Ks 5d] and lost with a pair of Fives
Seat 5: ToDaFelt (button) (small blind) showed [Th 6h] and won ($27.70) with a pair of Tens


