PokerStars Hand #164169438979:  Hold'em Limit ($3/$6 USD) - 2017/01/07 3:28:48 ET
Table 'Dschubba' 6-max Seat #4 is the button
Seat 1: parnishka11 ($24.75 in chips)
Seat 4: mdif ($133.25 in chips)
mdif: posts small blind $1
parnishka11: posts big blind $3
*** HOLE CARDS ***
mdif: raises $3 to $6
parnishka11: calls $3
*** FLOP *** [2s Ad 2h]
parnishka11: checks
mdif: bets $3
parnishka11: folds
Uncalled bet ($3) returned to mdif
mdif collected $11.76 from pot
mdif: doesn't show hand
*** SUMMARY ***
Total pot $12 | Rake $0.24
Board [2s Ad 2h]
Seat 1: parnishka11 (big blind) folded on the Flop
Seat 4: mdif (button) (small blind) collected ($11.76)


PokerStars Hand #164169420198:  Hold'em Limit ($3/$6 USD) - 2017/01/07 3:27:49 ET
Table 'Dschubba' 6-max Seat #1 is the button
Seat 1: parnishka11 ($39 in chips)
Seat 4: mdif ($120 in chips)
parnishka11: posts small blind $1
mdif: posts big blind $3
*** HOLE CARDS ***
parnishka11: raises $3 to $6
mdif: calls $3
*** FLOP *** [Js 9c Kd]
mdif: checks
parnishka11: bets $3
mdif: calls $3
*** TURN *** [Js 9c Kd] [Th]
mdif: checks
parnishka11: bets $6
mdif: raises $6 to $12
parnishka11: folds
Uncalled bet ($6) returned to mdif
mdif collected $29.50 from pot
mdif: doesn't show hand
*** SUMMARY ***
Total pot $30 | Rake $0.50
Board [Js 9c Kd Th]
Seat 1: parnishka11 (button) (small blind) folded on the Turn
Seat 4: mdif (big blind) collected ($29.50)


PokerStars Hand #164169429860:  Hold'em Limit ($3/$6 USD) - 2017/01/07 3:28:19 ET
Table 'Dschubba' 6-max Seat #4 is the button
Seat 1: parnishka11 ($24 in chips)
Seat 4: mdif ($134.50 in chips)
mdif: posts small blind $1
parnishka11: posts big blind $3
*** HOLE CARDS ***
mdif: folds
Uncalled bet ($2) returned to parnishka11
parnishka11 collected $2 from pot
*** SUMMARY ***
Total pot $2 | Rake $0
Seat 1: parnishka11 (big blind) collected ($2)
Seat 4: mdif (button) (small blind) folded before Flop


PokerStars Hand #164169431748:  Hold'em Limit ($3/$6 USD) - 2017/01/07 3:28:25 ET
Table 'Dschubba' 6-max Seat #1 is the button
Seat 1: parnishka11 ($25 in chips)
Seat 4: mdif ($133.50 in chips)
parnishka11: posts small blind $1
mdif: posts big blind $3
*** HOLE CARDS ***
parnishka11: raises $3 to $6
mdif: calls $3
*** FLOP *** [4d Jc Kh]
mdif: checks
parnishka11: bets $3
mdif: calls $3
*** TURN *** [4d Jc Kh] [8d]
mdif: checks
parnishka11: bets $6
mdif: calls $6
*** RIVER *** [4d Jc Kh 8d] [Ah]
mdif: checks
parnishka11: checks
*** SHOW DOWN ***
mdif: shows [Jh 7d] (a pair of Jacks)
parnishka11: shows [Js 6s] (a pair of Jacks)
mdif collected $14.75 from pot
parnishka11 collected $14.75 from pot
*** SUMMARY ***
Total pot $30 | Rake $0.50
Board [4d Jc Kh 8d Ah]
Seat 1: parnishka11 (button) (small blind) showed [Js 6s] and won ($14.75) with a pair of Jacks
Seat 4: mdif (big blind) showed [Jh 7d] and won ($14.75) with a pair of Jacks


PokerStars Hand #164169450932:  Hold'em Limit ($3/$6 USD) - 2017/01/07 3:29:25 ET
Table 'Dschubba' 6-max Seat #4 is the button
Seat 1: parnishka11 ($27.39 in chips)
Seat 4: mdif ($130.01 in chips)
mdif: posts small blind $1
parnishka11: posts big blind $3
*** HOLE CARDS ***
mdif: folds
Uncalled bet ($2) returned to parnishka11
parnishka11 collected $2 from pot
*** SUMMARY ***
Total pot $2 | Rake $0
Seat 1: parnishka11 (big blind) collected ($2)
Seat 4: mdif (button) (small blind) folded before Flop


PokerStars Hand #164169443622:  Hold'em Limit ($3/$6 USD) - 2017/01/07 3:29:02 ET
Table 'Dschubba' 6-max Seat #1 is the button
Seat 1: parnishka11 ($18.75 in chips)
Seat 4: mdif ($139.01 in chips)
parnishka11: posts small blind $1
mdif: posts big blind $3
*** HOLE CARDS ***
parnishka11: raises $3 to $6
mdif: calls $3
*** FLOP *** [8d Tc 6d]
mdif: checks
parnishka11: bets $3
mdif: calls $3
*** TURN *** [8d Tc 6d] [9s]
mdif: checks
parnishka11: bets $6
mdif: folds
Uncalled bet ($6) returned to parnishka11
parnishka11 collected $17.64 from pot
*** SUMMARY ***
Total pot $18 | Rake $0.36
Board [8d Tc 6d 9s]
Seat 1: parnishka11 (button) (small blind) collected ($17.64)
Seat 4: mdif (big blind) folded on the Turn


PokerStars Hand #164169452517:  Hold'em Limit ($3/$6 USD) - 2017/01/07 3:29:30 ET
Table 'Dschubba' 6-max Seat #1 is the button
Seat 1: parnishka11 ($28.39 in chips)
Seat 4: mdif ($129.01 in chips)
parnishka11: posts small blind $1
mdif: posts big blind $3
*** HOLE CARDS ***
parnishka11: raises $3 to $6
mdif: calls $3
*** FLOP *** [Jc 4d 7h]
mdif: checks
parnishka11: bets $3
mdif: raises $3 to $6
parnishka11: calls $3
*** TURN *** [Jc 4d 7h] [Js]
mdif: bets $6
parnishka11: raises $6 to $12
mdif: raises $6 to $18
parnishka11: calls $4.39 and is all-in
Uncalled bet ($1.61) returned to mdif
*** RIVER *** [Jc 4d 7h Js] [Ac]
*** SHOW DOWN ***
mdif: shows [Qc 7d] (two pair, Jacks and Sevens)
parnishka11: shows [8d Jh] (three of a kind, Jacks)
parnishka11 collected $56.28 from pot
*** SUMMARY ***
Total pot $56.78 | Rake $0.50
Board [Jc 4d 7h Js Ac]
Seat 1: parnishka11 (button) (small blind) showed [8d Jh] and won ($56.28) with three of a kind, Jacks
Seat 4: mdif (big blind) showed [Qc 7d] and lost with two pair, Jacks and Sevens


PokerStars Hand #164169462103:  Hold'em Limit ($3/$6 USD) - 2017/01/07 3:30:00 ET
Table 'Dschubba' 6-max Seat #4 is the button
Seat 1: parnishka11 ($56.28 in chips)
Seat 4: mdif ($120 in chips)
mdif: posts small blind $1
parnishka11: posts big blind $3
*** HOLE CARDS ***
mdif: raises $3 to $6
parnishka11: folds
Uncalled bet ($3) returned to mdif
mdif collected $6 from pot
mdif: doesn't show hand
*** SUMMARY ***
Total pot $6 | Rake $0
Seat 1: parnishka11 (big blind) folded before Flop
Seat 4: mdif (button) (small blind) collected ($6)


PokerStars Hand #164169466108:  Hold'em Limit ($3/$6 USD) - 2017/01/07 3:30:12 ET
Table 'Dschubba' 6-max Seat #4 is the button
Seat 1: parnishka11 ($52.28 in chips)
Seat 4: mdif ($124 in chips)
mdif: posts small blind $1
parnishka11: posts big blind $3
*** HOLE CARDS ***
mdif: raises $3 to $6
parnishka11: calls $3
*** FLOP *** [Jh Kh 7s]
parnishka11: checks
mdif: bets $3
parnishka11: calls $3
*** TURN *** [Jh Kh 7s] [Ah]
parnishka11: checks
mdif: checks
*** RIVER *** [Jh Kh 7s Ah] [8c]
parnishka11: bets $6
mdif: folds
Uncalled bet ($6) returned to parnishka11
parnishka11 collected $17.64 from pot
*** SUMMARY ***
Total pot $18 | Rake $0.36
Board [Jh Kh 7s Ah 8c]
Seat 1: parnishka11 (big blind) collected ($17.64)
Seat 4: mdif (button) (small blind) folded on the River


PokerStars Hand #164169473366:  Hold'em Limit ($3/$6 USD) - 2017/01/07 3:30:34 ET
Table 'Dschubba' 6-max Seat #1 is the button
Seat 1: parnishka11 ($60.92 in chips)
Seat 4: mdif ($120 in chips)
parnishka11: posts small blind $1
mdif: posts big blind $3
*** HOLE CARDS ***
parnishka11: calls $2
mdif: raises $3 to $6
parnishka11: calls $3
*** FLOP *** [8c 3d Kd]
mdif: bets $3
parnishka11: folds
Uncalled bet ($3) returned to mdif
mdif collected $11.76 from pot
mdif: doesn't show hand
*** SUMMARY ***
Total pot $12 | Rake $0.24
Board [8c 3d Kd]
Seat 1: parnishka11 (button) (small blind) folded on the Flop
Seat 4: mdif (big blind) collected ($11.76)


PokerStars Hand #164169464394:  Hold'em Limit ($3/$6 USD) - 2017/01/07 3:30:07 ET
Table 'Dschubba' 6-max Seat #1 is the button
Seat 1: parnishka11 ($53.28 in chips)
Seat 4: mdif ($123 in chips)
parnishka11: posts small blind $1
mdif: posts big blind $3
*** HOLE CARDS ***
parnishka11: folds
Uncalled bet ($2) returned to mdif
mdif collected $2 from pot
mdif: doesn't show hand
*** SUMMARY ***
Total pot $2 | Rake $0
Seat 1: parnishka11 (button) (small blind) folded before Flop
Seat 4: mdif (big blind) collected ($2)


PokerStars Hand #164169490016:  Hold'em Limit ($3/$6 USD) - 2017/01/07 3:31:25 ET
Table 'Dschubba' 6-max Seat #1 is the button
Seat 1: parnishka11 ($33.92 in chips)
Seat 4: mdif ($146.26 in chips)
parnishka11: posts small blind $1
mdif: posts big blind $3
*** HOLE CARDS ***
parnishka11: folds
Uncalled bet ($2) returned to mdif
mdif collected $2 from pot
mdif: doesn't show hand
*** SUMMARY ***
Total pot $2 | Rake $0
Seat 1: parnishka11 (button) (small blind) folded before Flop
Seat 4: mdif (big blind) collected ($2)


PokerStars Hand #164169479269:  Hold'em Limit ($3/$6 USD) - 2017/01/07 3:30:52 ET
Table 'Dschubba' 6-max Seat #4 is the button
Seat 1: parnishka11 ($54.92 in chips)
Seat 4: mdif ($125.76 in chips)
mdif: posts small blind $1
parnishka11: posts big blind $3
*** HOLE CARDS ***
mdif: raises $3 to $6
parnishka11: calls $3
*** FLOP *** [Td Js Jc]
parnishka11: checks
mdif: bets $3
parnishka11: calls $3
*** TURN *** [Td Js Jc] [7c]
parnishka11: checks
mdif: bets $6
parnishka11: calls $6
*** RIVER *** [Td Js Jc 7c] [Qs]
parnishka11: checks
mdif: bets $6
parnishka11: calls $6
*** SHOW DOWN ***
mdif: shows [Ts 8s] (two pair, Jacks and Tens)
parnishka11: mucks hand
mdif collected $41.50 from pot
*** SUMMARY ***
Total pot $42 | Rake $0.50
Board [Td Js Jc 7c Qs]
Seat 1: parnishka11 (big blind) mucked
Seat 4: mdif (button) (small blind) showed [Ts 8s] and won ($41.50) with two pair, Jacks and Tens


PokerStars Hand #164169491974:  Hold'em Limit ($3/$6 USD) - 2017/01/07 3:31:31 ET
Table 'Dschubba' 6-max Seat #4 is the button
Seat 1: parnishka11 ($32.92 in chips)
Seat 4: mdif ($147.26 in chips)
mdif: posts small blind $1
parnishka11: posts big blind $3
*** HOLE CARDS ***
mdif: folds
Uncalled bet ($2) returned to parnishka11
parnishka11 collected $2 from pot
*** SUMMARY ***
Total pot $2 | Rake $0
Seat 1: parnishka11 (big blind) collected ($2)
Seat 4: mdif (button) (small blind) folded before Flop


PokerStars Hand #164169493728:  Hold'em Limit ($3/$6 USD) - 2017/01/07 3:31:36 ET
Table 'Dschubba' 6-max Seat #1 is the button
Seat 1: parnishka11 ($33.92 in chips)
Seat 4: mdif ($146.26 in chips)
parnishka11: posts small blind $1
mdif: posts big blind $3
*** HOLE CARDS ***
parnishka11: raises $3 to $6
mdif: calls $3
*** FLOP *** [8s Qs 6c]
mdif: checks
parnishka11: bets $3
mdif: calls $3
*** TURN *** [8s Qs 6c] [Ac]
mdif: checks
parnishka11: bets $6
mdif: folds
Uncalled bet ($6) returned to parnishka11
parnishka11 collected $17.64 from pot
*** SUMMARY ***
Total pot $18 | Rake $0.36
Board [8s Qs 6c Ac]
Seat 1: parnishka11 (button) (small blind) collected ($17.64)
Seat 4: mdif (big blind) folded on the Turn


PokerStars Hand #164169512164:  Hold'em Limit ($3/$6 USD) - 2017/01/07 3:32:32 ET
Table 'Dschubba' 6-max Seat #4 is the button
Seat 1: parnishka11 ($79.06 in chips)
Seat 4: mdif ($120 in chips)
mdif: posts small blind $1
parnishka11: posts big blind $3
*** HOLE CARDS ***
mdif: folds
Uncalled bet ($2) returned to parnishka11
parnishka11 collected $2 from pot
*** SUMMARY ***
Total pot $2 | Rake $0
Seat 1: parnishka11 (big blind) collected ($2)
Seat 4: mdif (button) (small blind) folded before Flop


PokerStars Hand #164169503186:  Hold'em Limit ($3/$6 USD) - 2017/01/07 3:32:05 ET
Table 'Dschubba' 6-max Seat #1 is the button
Seat 1: parnishka11 ($43.56 in chips)
Seat 4: mdif ($136.26 in chips)
parnishka11: posts small blind $1
mdif: posts big blind $3
*** HOLE CARDS ***
parnishka11: calls $2
mdif: raises $3 to $6
parnishka11: calls $3
*** FLOP *** [3s 6s Ts]
mdif: bets $3
parnishka11: raises $3 to $6
mdif: raises $3 to $9
parnishka11: raises $3 to $12
Betting is capped
mdif: calls $3
*** TURN *** [3s 6s Ts] [4h]
mdif: bets $6
parnishka11: raises $6 to $12
mdif: calls $6
*** RIVER *** [3s 6s Ts 4h] [9c]
mdif: checks
parnishka11: bets $6
mdif: calls $6
*** SHOW DOWN ***
parnishka11: shows [2s 5s] (a flush, Ten high)
mdif: mucks hand
parnishka11 collected $71.50 from pot
*** SUMMARY ***
Total pot $72 | Rake $0.50
Board [3s 6s Ts 4h 9c]
Seat 1: parnishka11 (button) (small blind) showed [2s 5s] and won ($71.50) with a flush, Ten high
Seat 4: mdif (big blind) mucked


PokerStars Hand #164169513756:  Hold'em Limit ($3/$6 USD) - 2017/01/07 3:32:37 ET
Table 'Dschubba' 6-max Seat #1 is the button
Seat 1: parnishka11 ($80.06 in chips)
Seat 4: mdif ($120 in chips)
parnishka11: posts small blind $1
mdif: posts big blind $3
*** HOLE CARDS ***
parnishka11: folds
Uncalled bet ($2) returned to mdif
mdif collected $2 from pot
mdif: doesn't show hand
*** SUMMARY ***
Total pot $2 | Rake $0
Seat 1: parnishka11 (button) (small blind) folded before Flop
Seat 4: mdif (big blind) collected ($2)


