PokerStars Hand #159551519203:  Hold'em Limit ($3/$6 USD) - 2016/10/06 9:45:44 ET
Table 'Dschubba II' 6-max Seat #4 is the button
Seat 4: Agrotait ($73 in chips)
Seat 5: JoeBlack1982 ($142.50 in chips)
Agrotait: posts small blind $1
JoeBlack1982: posts big blind $3
*** HOLE CARDS ***
Agrotait: raises $3 to $6
JoeBlack1982: folds
Uncalled bet ($3) returned to Agrotait
Agrotait collected $6 from pot
Agrotait: doesn't show hand
*** SUMMARY ***
Total pot $6 | Rake $0
Seat 4: Agrotait (button) (small blind) collected ($6)
Seat 5: JoeBlack1982 (big blind) folded before Flop


PokerStars Hand #159551515407:  Hold'em Limit ($3/$6 USD) - 2016/10/06 9:45:38 ET
Table 'Dschubba II' 6-max Seat #5 is the button
Seat 4: Agrotait ($72 in chips)
Seat 5: JoeBlack1982 ($143.50 in chips)
JoeBlack1982: posts small blind $1
Agrotait: posts big blind $3
*** HOLE CARDS ***
JoeBlack1982: folds
Uncalled bet ($2) returned to Agrotait
Agrotait collected $2 from pot
Agrotait: doesn't show hand
*** SUMMARY ***
Total pot $2 | Rake $0
Seat 4: Agrotait (big blind) collected ($2)
Seat 5: JoeBlack1982 (button) (small blind) folded before Flop


PokerStars Hand #159551492906:  Hold'em Limit ($3/$6 USD) - 2016/10/06 9:44:58 ET
Table 'Dschubba II' 6-max Seat #4 is the button
Seat 4: Agrotait ($72 in chips)
Seat 5: JoeBlack1982 ($120 in chips)
Agrotait: posts small blind $1
JoeBlack1982: posts big blind $3
*** HOLE CARDS ***
Agrotait: raises $3 to $6
JoeBlack1982: raises $3 to $9
Agrotait: calls $3
*** FLOP *** [2h 6h 6d]
JoeBlack1982: bets $3
Agrotait: calls $3
*** TURN *** [2h 6h 6d] [Jc]
JoeBlack1982: bets $6
Agrotait: calls $6
*** RIVER *** [2h 6h 6d Jc] [6c]
JoeBlack1982: bets $6
Agrotait: calls $6
*** SHOW DOWN ***
JoeBlack1982: shows [2s Ks] (a full house, Sixes full of Deuces)
Agrotait: mucks hand
JoeBlack1982 collected $47.50 from pot
*** SUMMARY ***
Total pot $48 | Rake $0.50
Board [2h 6h 6d Jc 6c]
Seat 4: Agrotait (button) (small blind) mucked
Seat 5: JoeBlack1982 (big blind) showed [2s Ks] and won ($47.50) with a full house, Sixes full of Deuces


PokerStars Hand #159551523856:  Hold'em Limit ($3/$6 USD) - 2016/10/06 9:45:53 ET
Table 'Dschubba II' 6-max Seat #5 is the button
Seat 4: Agrotait ($76 in chips)
Seat 5: JoeBlack1982 ($139.50 in chips)
JoeBlack1982: posts small blind $1
Agrotait: posts big blind $3
*** HOLE CARDS ***
JoeBlack1982: raises $3 to $6
Agrotait: calls $3
*** FLOP *** [4d 5d 9c]
Agrotait: checks
JoeBlack1982: checks
*** TURN *** [4d 5d 9c] [9h]
Agrotait: checks
JoeBlack1982: bets $6
Agrotait: calls $6
*** RIVER *** [4d 5d 9c 9h] [3d]
Agrotait: checks
JoeBlack1982: bets $6
Agrotait: calls $6
*** SHOW DOWN ***
JoeBlack1982: shows [6h Ac] (a pair of Nines)
Agrotait: shows [3h Ad] (two pair, Nines and Threes)
Agrotait collected $35.50 from pot
*** SUMMARY ***
Total pot $36 | Rake $0.50
Board [4d 5d 9c 9h 3d]
Seat 4: Agrotait (big blind) showed [3h Ad] and won ($35.50) with two pair, Nines and Threes
Seat 5: JoeBlack1982 (button) (small blind) showed [6h Ac] and lost with a pair of Nines


PokerStars Hand #159551582241:  Hold'em Limit ($3/$6 USD) - 2016/10/06 9:47:23 ET
Table 'Dschubba II' 6-max Seat #4 is the button
Seat 4: Agrotait ($97.50 in chips)
Seat 5: JoeBlack1982 ($117.50 in chips)
Agrotait: posts small blind $1
JoeBlack1982: posts big blind $3
*** HOLE CARDS ***
Agrotait: raises $3 to $6
JoeBlack1982: raises $3 to $9
Agrotait: calls $3
*** FLOP *** [6d Th 3h]
JoeBlack1982: bets $3
Agrotait: folds
Uncalled bet ($3) returned to JoeBlack1982
JoeBlack1982 collected $17.64 from pot
JoeBlack1982: doesn't show hand
*** SUMMARY ***
Total pot $18 | Rake $0.36
Board [6d Th 3h]
Seat 4: Agrotait (button) (small blind) folded on the Flop
Seat 5: JoeBlack1982 (big blind) collected ($17.64)


PokerStars Hand #159551575143:  Hold'em Limit ($3/$6 USD) - 2016/10/06 9:47:15 ET
Table 'Dschubba II' 6-max Seat #5 is the button
Seat 4: Agrotait ($96.50 in chips)
Seat 5: JoeBlack1982 ($118.50 in chips)
JoeBlack1982: posts small blind $1
Agrotait: posts big blind $3
*** HOLE CARDS ***
JoeBlack1982: folds
Uncalled bet ($2) returned to Agrotait
Agrotait collected $2 from pot
Agrotait: doesn't show hand
*** SUMMARY ***
Total pot $2 | Rake $0
Seat 4: Agrotait (big blind) collected ($2)
Seat 5: JoeBlack1982 (button) (small blind) folded before Flop


PokerStars Hand #159551568141:  Hold'em Limit ($3/$6 USD) - 2016/10/06 9:47:05 ET
Table 'Dschubba II' 6-max Seat #4 is the button
Seat 4: Agrotait ($93.50 in chips)
Seat 5: JoeBlack1982 ($121.50 in chips)
Agrotait: posts small blind $1
JoeBlack1982: posts big blind $3
*** HOLE CARDS ***
Agrotait: raises $3 to $6
JoeBlack1982: folds
Uncalled bet ($3) returned to Agrotait
Agrotait collected $6 from pot
Agrotait: doesn't show hand
*** SUMMARY ***
Total pot $6 | Rake $0
Seat 4: Agrotait (button) (small blind) collected ($6)
Seat 5: JoeBlack1982 (big blind) folded before Flop


PokerStars Hand #159551605820:  Hold'em Limit ($3/$6 USD) - 2016/10/06 9:47:50 ET
Table 'Dschubba II' 6-max Seat #5 is the button
Seat 4: Agrotait ($88.50 in chips)
Seat 5: JoeBlack1982 ($126.14 in chips)
JoeBlack1982: posts small blind $1
Agrotait: posts big blind $3
*** HOLE CARDS ***
JoeBlack1982: calls $2
Agrotait: checks
*** FLOP *** [Ad 9h Qs]
Agrotait: bets $3
JoeBlack1982: raises $3 to $6
Agrotait: calls $3
*** TURN *** [Ad 9h Qs] [3h]
Agrotait: checks
JoeBlack1982: bets $6
Agrotait: calls $6
*** RIVER *** [Ad 9h Qs 3h] [Jd]
Agrotait: checks
JoeBlack1982: checks
*** SHOW DOWN ***
Agrotait: shows [8d Qc] (a pair of Queens)
JoeBlack1982: mucks hand
Agrotait collected $29.50 from pot
*** SUMMARY ***
Total pot $30 | Rake $0.50
Board [Ad 9h Qs 3h Jd]
Seat 4: Agrotait (big blind) showed [8d Qc] and won ($29.50) with a pair of Queens
Seat 5: JoeBlack1982 (button) (small blind) mucked


PokerStars Hand #159551668918:  Hold'em Limit ($3/$6 USD) - 2016/10/06 9:49:39 ET
Table 'Dschubba II' 6-max Seat #4 is the button
Seat 4: Agrotait ($162 in chips)
Seat 5: JoeBlack1982 ($51.14 in chips)
Agrotait: posts small blind $1
JoeBlack1982: posts big blind $3
*** HOLE CARDS ***
Agrotait: raises $3 to $6
JoeBlack1982: calls $3
*** FLOP *** [8d 2d Kd]
JoeBlack1982: checks
Agrotait: checks
*** TURN *** [8d 2d Kd] [5c]
JoeBlack1982: checks
Agrotait: checks
*** RIVER *** [8d 2d Kd 5c] [3s]
JoeBlack1982: checks
Agrotait: checks
*** SHOW DOWN ***
JoeBlack1982: shows [3c Qs] (a pair of Threes)
Agrotait: mucks hand
JoeBlack1982 collected $11.76 from pot
*** SUMMARY ***
Total pot $12 | Rake $0.24
Board [8d 2d Kd 5c 3s]
Seat 4: Agrotait (button) (small blind) mucked
Seat 5: JoeBlack1982 (big blind) showed [3c Qs] and won ($11.76) with a pair of Threes


PokerStars Hand #159551654927:  Hold'em Limit ($3/$6 USD) - 2016/10/06 9:49:15 ET
Table 'Dschubba II' 6-max Seat #5 is the button
Seat 4: Agrotait ($141.50 in chips)
Seat 5: JoeBlack1982 ($72.14 in chips)
JoeBlack1982: posts small blind $1
Agrotait: posts big blind $3
*** HOLE CARDS ***
JoeBlack1982: raises $3 to $6
Agrotait: raises $3 to $9
JoeBlack1982: raises $3 to $12
Betting is capped
Agrotait: calls $3
*** FLOP *** [Ac 4h 8d]
Agrotait: checks
JoeBlack1982: bets $3
Agrotait: calls $3
*** TURN *** [Ac 4h 8d] [2h]
Agrotait: checks
JoeBlack1982: bets $6
Agrotait: calls $6
*** RIVER *** [Ac 4h 8d 2h] [9d]
Agrotait: checks
JoeBlack1982: checks
*** SHOW DOWN ***
Agrotait: shows [Jh Ad] (a pair of Aces)
JoeBlack1982: mucks hand
Agrotait collected $41.50 from pot
*** SUMMARY ***
Total pot $42 | Rake $0.50
Board [Ac 4h 8d 2h 9d]
Seat 4: Agrotait (big blind) showed [Jh Ad] and won ($41.50) with a pair of Aces
Seat 5: JoeBlack1982 (button) (small blind) mucked


PokerStars Hand #159551635629:  Hold'em Limit ($3/$6 USD) - 2016/10/06 9:48:41 ET
Table 'Dschubba II' 6-max Seat #4 is the button
Seat 4: Agrotait ($103 in chips)
Seat 5: JoeBlack1982 ($111.14 in chips)
Agrotait: posts small blind $1
JoeBlack1982: posts big blind $3
*** HOLE CARDS ***
Agrotait: raises $3 to $6
JoeBlack1982: raises $3 to $9
Agrotait: raises $3 to $12
Betting is capped
JoeBlack1982: calls $3
*** FLOP *** [3h As 7c]
JoeBlack1982: bets $3
Agrotait: calls $3
*** TURN *** [3h As 7c] [3s]
JoeBlack1982: bets $6
Agrotait: calls $6
*** RIVER *** [3h As 7c 3s] [3d]
JoeBlack1982: bets $6
Agrotait: raises $6 to $12
JoeBlack1982: raises $6 to $18
Agrotait: calls $6
*** SHOW DOWN ***
JoeBlack1982: shows [8d 7h] (a full house, Threes full of Sevens)
Agrotait: shows [Kh Ah] (a full house, Threes full of Aces)
Agrotait collected $77.50 from pot
*** SUMMARY ***
Total pot $78 | Rake $0.50
Board [3h As 7c 3s 3d]
Seat 4: Agrotait (button) (small blind) showed [Kh Ah] and won ($77.50) with a full house, Threes full of Aces
Seat 5: JoeBlack1982 (big blind) showed [8d 7h] and lost with a full house, Threes full of Sevens


PokerStars Hand #159551697777:  Hold'em Limit ($3/$6 USD) - 2016/10/06 9:50:31 ET
Table 'Dschubba II' 6-max Seat #4 is the button
Seat 4: Agrotait ($182.50 in chips)
Seat 5: JoeBlack1982 ($29.90 in chips)
Agrotait: posts small blind $1
JoeBlack1982: posts big blind $3
*** HOLE CARDS ***
Agrotait: folds
Uncalled bet ($2) returned to JoeBlack1982
JoeBlack1982 collected $2 from pot
JoeBlack1982: doesn't show hand
*** SUMMARY ***
Total pot $2 | Rake $0
Seat 4: Agrotait (button) (small blind) folded before Flop
Seat 5: JoeBlack1982 (big blind) collected ($2)


PokerStars Hand #159551681557:  Hold'em Limit ($3/$6 USD) - 2016/10/06 9:50:02 ET
Table 'Dschubba II' 6-max Seat #5 is the button
Seat 4: Agrotait ($156 in chips)
Seat 5: JoeBlack1982 ($56.90 in chips)
JoeBlack1982: posts small blind $1
Agrotait: posts big blind $3
*** HOLE CARDS ***
JoeBlack1982: raises $3 to $6
Agrotait: calls $3
*** FLOP *** [Th 4c 5d]
Agrotait: checks
JoeBlack1982: bets $3
Agrotait: raises $3 to $6
JoeBlack1982: raises $3 to $9
Agrotait: calls $3
*** TURN *** [Th 4c 5d] [3s]
Agrotait: checks
JoeBlack1982: bets $6
Agrotait: calls $6
*** RIVER *** [Th 4c 5d 3s] [2d]
Agrotait: bets $6
JoeBlack1982: calls $6
*** SHOW DOWN ***
Agrotait: shows [5c As] (a straight, Ace to Five)
JoeBlack1982: mucks hand
Agrotait collected $53.50 from pot
*** SUMMARY ***
Total pot $54 | Rake $0.50
Board [Th 4c 5d 3s 2d]
Seat 4: Agrotait (big blind) showed [5c As] and won ($53.50) with a straight, Ace to Five
Seat 5: JoeBlack1982 (button) (small blind) mucked


PokerStars Hand #159551702460:  Hold'em Limit ($3/$6 USD) - 2016/10/06 9:50:39 ET
Table 'Dschubba II' 6-max Seat #5 is the button
Seat 4: Agrotait ($181.50 in chips)
Seat 5: JoeBlack1982 ($30.90 in chips)
JoeBlack1982: posts small blind $1
Agrotait: posts big blind $3
*** HOLE CARDS ***
JoeBlack1982: raises $3 to $6
Agrotait: calls $3
*** FLOP *** [8h 3h 5d]
Agrotait: checks
JoeBlack1982 has timed out
JoeBlack1982: checks
*** TURN *** [8h 3h 5d] [Qd]
Agrotait: bets $6
liza3008 joins the table at seat #3
JoeBlack1982 has timed out
JoeBlack1982: folds
Uncalled bet ($6) returned to Agrotait
Agrotait collected $11.76 from pot
Agrotait: doesn't show hand
*** SUMMARY ***
Total pot $12 | Rake $0.24
Board [8h 3h 5d Qd]
Seat 4: Agrotait (big blind) collected ($11.76)
Seat 5: JoeBlack1982 (button) (small blind) folded on the Turn


PokerStars Hand #159551769493:  Hold'em Limit ($3/$6 USD) - 2016/10/06 9:52:37 ET
Table 'Dschubba II' 6-max Seat #3 is the button
Seat 3: liza3008 ($109.21 in chips)
Seat 4: Agrotait ($178.26 in chips)
liza3008: posts small blind $1
Agrotait: posts big blind $3
*** HOLE CARDS ***
liza3008: raises $3 to $6
Agrotait: raises $3 to $9
liza3008: calls $3
*** FLOP *** [2d 9s Js]
Agrotait: bets $3
liza3008: calls $3
*** TURN *** [2d 9s Js] [Ah]
Agrotait: bets $6
liza3008: calls $6
*** RIVER *** [2d 9s Js Ah] [9h]
Agrotait: bets $6
liza3008: raises $6 to $12
Agrotait: calls $6
*** SHOW DOWN ***
liza3008: shows [As 7d] (two pair, Aces and Nines)
Agrotait: shows [Qh Ad] (two pair, Aces and Nines - Queen kicker)
Agrotait collected $59.50 from pot
*** SUMMARY ***
Total pot $60 | Rake $0.50
Board [2d 9s Js Ah 9h]
Seat 3: liza3008 (button) (small blind) showed [As 7d] and lost with two pair, Aces and Nines
Seat 4: Agrotait (big blind) showed [Qh Ad] and won ($59.50) with two pair, Aces and Nines


PokerStars Hand #159551752272:  Hold'em Limit ($3/$6 USD) - 2016/10/06 9:52:06 ET
Table 'Dschubba II' 6-max Seat #4 is the button
Seat 3: liza3008 ($100.57 in chips)
Seat 4: Agrotait ($187.26 in chips)
Agrotait: posts small blind $1
liza3008: posts big blind $3
*** HOLE CARDS ***
Agrotait: raises $3 to $6
liza3008: calls $3
*** FLOP *** [6s Jh Jc]
liza3008: checks
Agrotait: bets $3
liza3008: calls $3
*** TURN *** [6s Jh Jc] [9s]
liza3008: checks
Agrotait: checks
*** RIVER *** [6s Jh Jc 9s] [2h]
liza3008: bets $6
Agrotait: folds
Uncalled bet ($6) returned to liza3008
liza3008 collected $17.64 from pot
*** SUMMARY ***
Total pot $18 | Rake $0.36
Board [6s Jh Jc 9s 2h]
Seat 3: liza3008 (big blind) collected ($17.64)
Seat 4: Agrotait (button) (small blind) folded on the River


PokerStars Hand #159560944547:  Hold'em Limit ($3/$6 USD) - 2016/10/06 13:42:03 ET
Table 'Dschubba II' 6-max Seat #5 is the button
Seat 3: sim5sim5 ($156.89 in chips)
Seat 5: charlys65 ($36.89 in chips)
charlys65: posts small blind $1
sim5sim5: posts big blind $3
*** HOLE CARDS ***
charlys65: folds
Uncalled bet ($2) returned to sim5sim5
charlys65 leaves the table
sim5sim5 collected $2 from pot
sim5sim5: doesn't show hand
kolaz03 joins the table at seat #6
*** SUMMARY ***
Total pot $2 | Rake $0
Seat 3: sim5sim5 (big blind) collected ($2)
Seat 5: charlys65 (button) (small blind) folded before Flop


