PokerStars Hand #144568082959:  Hold'em Limit ($3/$6 USD) - 2015/11/29 13:17:04 ET
Table 'Dschubba II' 2-max Seat #2 is the button
Seat 1: 1! dfmb !1 ($158.02 in chips)
Seat 2: _fayzulllo_ ($33 in chips)
_fayzulllo_: posts small blind $1
1! dfmb !1: posts big blind $3
*** HOLE CARDS ***
_fayzulllo_: folds
Uncalled bet ($2) returned to 1! dfmb !1
1! dfmb !1 collected $2 from pot
1! dfmb !1: doesn't show hand
*** SUMMARY ***
Total pot $2 | Rake $0
Seat 1: 1! dfmb !1 (big blind) collected ($2)
Seat 2: _fayzulllo_ (button) (small blind) folded before Flop


PokerStars Hand #144568037540:  Hold'em Limit ($3/$6 USD) - 2015/11/29 13:16:21 ET
Table 'Dschubba II' 2-max Seat #1 is the button
Seat 1: 1! dfmb !1 ($131.52 in chips)
Seat 2: _fayzulllo_ ($60 in chips)
1! dfmb !1: posts small blind $1
_fayzulllo_: posts big blind $3
*** HOLE CARDS ***
1! dfmb !1: raises $3 to $6
_fayzulllo_: calls $3
*** FLOP *** [9s 9h 9c]
_fayzulllo_: checks
1! dfmb !1: bets $3
_fayzulllo_: calls $3
*** TURN *** [9s 9h 9c] [Qd]
_fayzulllo_: checks
1! dfmb !1: bets $6
_fayzulllo_: raises $6 to $12
1! dfmb !1: calls $6
*** RIVER *** [9s 9h 9c Qd] [5d]
_fayzulllo_: bets $6
1! dfmb !1: calls $6
*** SHOW DOWN ***
_fayzulllo_: shows [4s 8h] (three of a kind, Nines)
1! dfmb !1: shows [3h Qc] (a full house, Nines full of Queens)
1! dfmb !1 collected $53.50 from pot
*** SUMMARY ***
Total pot $54 | Rake $0.50
Board [9s 9h 9c Qd 5d]
Seat 1: 1! dfmb !1 (button) (small blind) showed [3h Qc] and won ($53.50) with a full house, Nines full of Queens
Seat 2: _fayzulllo_ (big blind) showed [4s 8h] and lost with three of a kind, Nines


PokerStars Hand #144568122374:  Hold'em Limit ($3/$6 USD) - 2015/11/29 13:17:40 ET
Table 'Dschubba II' 2-max Seat #2 is the button
Seat 1: 1! dfmb !1 ($138.02 in chips)
Seat 2: _fayzulllo_ ($52.50 in chips)
_fayzulllo_: posts small blind $1
1! dfmb !1: posts big blind $3
*** HOLE CARDS ***
_fayzulllo_: folds
Uncalled bet ($2) returned to 1! dfmb !1
1! dfmb !1 collected $2 from pot
1! dfmb !1: doesn't show hand
*** SUMMARY ***
Total pot $2 | Rake $0
Seat 1: 1! dfmb !1 (big blind) collected ($2)
Seat 2: _fayzulllo_ (button) (small blind) folded before Flop


PokerStars Hand #144568092864:  Hold'em Limit ($3/$6 USD) - 2015/11/29 13:17:13 ET
Table 'Dschubba II' 2-max Seat #1 is the button
Seat 1: 1! dfmb !1 ($159.02 in chips)
Seat 2: _fayzulllo_ ($32 in chips)
1! dfmb !1: posts small blind $1
_fayzulllo_: posts big blind $3
*** HOLE CARDS ***
1! dfmb !1: raises $3 to $6
_fayzulllo_: calls $3
*** FLOP *** [Jc 6s 2c]
_fayzulllo_: checks
1! dfmb !1: bets $3
_fayzulllo_: calls $3
*** TURN *** [Jc 6s 2c] [Qd]
_fayzulllo_: checks
1! dfmb !1: bets $6
_fayzulllo_: calls $6
*** RIVER *** [Jc 6s 2c Qd] [Kc]
_fayzulllo_: checks
1! dfmb !1: bets $6
_fayzulllo_: calls $6
*** SHOW DOWN ***
1! dfmb !1: shows [9c 5h] (high card King)
_fayzulllo_: shows [3d Jh] (a pair of Jacks)
_fayzulllo_ collected $41.50 from pot
*** SUMMARY ***
Total pot $42 | Rake $0.50
Board [Jc 6s 2c Qd Kc]
Seat 1: 1! dfmb !1 (button) (small blind) showed [9c 5h] and lost with high card King
Seat 2: _fayzulllo_ (big blind) showed [3d Jh] and won ($41.50) with a pair of Jacks


PokerStars Hand #144568198693:  Hold'em Limit ($3/$6 USD) - 2015/11/29 13:18:52 ET
Table 'Dschubba II' 2-max Seat #1 is the button
Seat 1: 1! dfmb !1 ($109.02 in chips)
Seat 2: _fayzulllo_ ($80.50 in chips)
1! dfmb !1: posts small blind $1
_fayzulllo_: posts big blind $3
*** HOLE CARDS ***
1! dfmb !1: raises $3 to $6
_fayzulllo_: calls $3
*** FLOP *** [Kd Jd Ah]
_fayzulllo_: checks
1! dfmb !1: bets $3
_fayzulllo_: folds
Uncalled bet ($3) returned to 1! dfmb !1
1! dfmb !1 collected $11.76 from pot
1! dfmb !1: doesn't show hand
*** SUMMARY ***
Total pot $12 | Rake $0.24
Board [Kd Jd Ah]
Seat 1: 1! dfmb !1 (button) (small blind) collected ($11.76)
Seat 2: _fayzulllo_ (big blind) folded on the Flop


PokerStars Hand #144568164402:  Hold'em Limit ($3/$6 USD) - 2015/11/29 13:18:20 ET
Table 'Dschubba II' 2-max Seat #2 is the button
Seat 1: 1! dfmb !1 ($124.02 in chips)
Seat 2: _fayzulllo_ ($66 in chips)
_fayzulllo_: posts small blind $1
1! dfmb !1: posts big blind $3
*** HOLE CARDS ***
_fayzulllo_: calls $2
1! dfmb !1: raises $3 to $6
_fayzulllo_: calls $3
*** FLOP *** [4h 7s 2h]
1! dfmb !1: bets $3
_fayzulllo_: calls $3
*** TURN *** [4h 7s 2h] [Th]
1! dfmb !1: checks
_fayzulllo_: checks
*** RIVER *** [4h 7s 2h Th] [9d]
1! dfmb !1: checks
_fayzulllo_: bets $6
1! dfmb !1: calls $6
*** SHOW DOWN ***
_fayzulllo_: shows [4c 6d] (a pair of Fours)
1! dfmb !1: mucks hand
_fayzulllo_ collected $29.50 from pot
*** SUMMARY ***
Total pot $30 | Rake $0.50
Board [4h 7s 2h Th 9d]
Seat 1: 1! dfmb !1 (big blind) mucked
Seat 2: _fayzulllo_ (button) (small blind) showed [4c 6d] and won ($29.50) with a pair of Fours


PokerStars Hand #144568128806:  Hold'em Limit ($3/$6 USD) - 2015/11/29 13:17:46 ET
Table 'Dschubba II' 2-max Seat #1 is the button
Seat 1: 1! dfmb !1 ($139.02 in chips)
Seat 2: _fayzulllo_ ($51.50 in chips)
1! dfmb !1: posts small blind $1
_fayzulllo_: posts big blind $3
*** HOLE CARDS ***
1! dfmb !1: raises $3 to $6
_fayzulllo_: calls $3
*** FLOP *** [2d Ad Tc]
_fayzulllo_: checks
1! dfmb !1: bets $3
_fayzulllo_: calls $3
*** TURN *** [2d Ad Tc] [Ac]
_fayzulllo_: checks
1! dfmb !1: checks
*** RIVER *** [2d Ad Tc Ac] [6h]
_fayzulllo_: bets $6
1! dfmb !1: calls $6
*** SHOW DOWN ***
_fayzulllo_: shows [2c 6c] (two pair, Aces and Sixes)
1! dfmb !1: mucks hand
_fayzulllo_ collected $29.50 from pot
*** SUMMARY ***
Total pot $30 | Rake $0.50
Board [2d Ad Tc Ac 6h]
Seat 1: 1! dfmb !1 (button) (small blind) mucked
Seat 2: _fayzulllo_ (big blind) showed [2c 6c] and won ($29.50) with two pair, Aces and Sixes


PokerStars Hand #144568267278:  Hold'em Limit ($3/$6 USD) - 2015/11/29 13:19:56 ET
Table 'Dschubba II' 2-max Seat #1 is the button
Seat 1: 1! dfmb !1 ($121.42 in chips)
Seat 2: _fayzulllo_ ($67.38 in chips)
1! dfmb !1: posts small blind $1
_fayzulllo_: posts big blind $3
*** HOLE CARDS ***
1! dfmb !1: raises $3 to $6
_fayzulllo_: raises $3 to $9
1! dfmb !1: calls $3
*** FLOP *** [Tc 2c Qd]
_fayzulllo_: bets $3
1! dfmb !1: folds
Uncalled bet ($3) returned to _fayzulllo_
_fayzulllo_ collected $17.64 from pot
*** SUMMARY ***
Total pot $18 | Rake $0.36
Board [Tc 2c Qd]
Seat 1: 1! dfmb !1 (button) (small blind) folded on the Flop
Seat 2: _fayzulllo_ (big blind) collected ($17.64)


PokerStars Hand #144568259555:  Hold'em Limit ($3/$6 USD) - 2015/11/29 13:19:49 ET
Table 'Dschubba II' 2-max Seat #2 is the button
Seat 1: 1! dfmb !1 ($120.42 in chips)
Seat 2: _fayzulllo_ ($68.38 in chips)
_fayzulllo_: posts small blind $1
1! dfmb !1: posts big blind $3
*** HOLE CARDS ***
_fayzulllo_: folds
Uncalled bet ($2) returned to 1! dfmb !1
1! dfmb !1 collected $2 from pot
1! dfmb !1: doesn't show hand
*** SUMMARY ***
Total pot $2 | Rake $0
Seat 1: 1! dfmb !1 (big blind) collected ($2)
Seat 2: _fayzulllo_ (button) (small blind) folded before Flop


PokerStars Hand #144568238145:  Hold'em Limit ($3/$6 USD) - 2015/11/29 13:19:29 ET
Table 'Dschubba II' 2-max Seat #1 is the button
Seat 1: 1! dfmb !1 ($111.78 in chips)
Seat 2: _fayzulllo_ ($77.38 in chips)
1! dfmb !1: posts small blind $1
_fayzulllo_: posts big blind $3
*** HOLE CARDS ***
1! dfmb !1: raises $3 to $6
_fayzulllo_: calls $3
*** FLOP *** [2c 6h 4d]
_fayzulllo_: checks
1! dfmb !1: bets $3
_fayzulllo_: calls $3
*** TURN *** [2c 6h 4d] [Qc]
_fayzulllo_: checks
1! dfmb !1: checks
*** RIVER *** [2c 6h 4d Qc] [2s]
_fayzulllo_: checks
1! dfmb !1: checks
*** SHOW DOWN ***
_fayzulllo_: shows [9d 3d] (a pair of Deuces)
1! dfmb !1: shows [7d As] (a pair of Deuces - Ace kicker)
1! dfmb !1 collected $17.64 from pot
*** SUMMARY ***
Total pot $18 | Rake $0.36
Board [2c 6h 4d Qc 2s]
Seat 1: 1! dfmb !1 (button) (small blind) showed [7d As] and won ($17.64) with a pair of Deuces
Seat 2: _fayzulllo_ (big blind) showed [9d 3d] and lost with a pair of Deuces


PokerStars Hand #144568212199:  Hold'em Limit ($3/$6 USD) - 2015/11/29 13:19:04 ET
Table 'Dschubba II' 2-max Seat #2 is the button
Seat 1: 1! dfmb !1 ($114.78 in chips)
Seat 2: _fayzulllo_ ($74.50 in chips)
_fayzulllo_: posts small blind $1
1! dfmb !1: posts big blind $3
*** HOLE CARDS ***
_fayzulllo_: calls $2
1! dfmb !1: checks
*** FLOP *** [3s Jc Ah]
1! dfmb !1: checks
_fayzulllo_: bets $3
1! dfmb !1: folds
Uncalled bet ($3) returned to _fayzulllo_
_fayzulllo_ collected $5.88 from pot
_fayzulllo_: doesn't show hand
*** SUMMARY ***
Total pot $6 | Rake $0.12
Board [3s Jc Ah]
Seat 1: 1! dfmb !1 (big blind) folded on the Flop
Seat 2: _fayzulllo_ (button) (small blind) collected ($5.88)


PokerStars Hand #144568326148:  Hold'em Limit ($3/$6 USD) - 2015/11/29 13:20:52 ET
Table 'Dschubba II' 2-max Seat #2 is the button
Seat 1: 1! dfmb !1 ($118.06 in chips)
Seat 2: _fayzulllo_ ($69.90 in chips)
_fayzulllo_: posts small blind $1
1! dfmb !1: posts big blind $3
*** HOLE CARDS ***
_fayzulllo_: folds
Uncalled bet ($2) returned to 1! dfmb !1
1! dfmb !1 collected $2 from pot
1! dfmb !1: doesn't show hand
*** SUMMARY ***
Total pot $2 | Rake $0
Seat 1: 1! dfmb !1 (big blind) collected ($2)
Seat 2: _fayzulllo_ (button) (small blind) folded before Flop


PokerStars Hand #144568304273:  Hold'em Limit ($3/$6 USD) - 2015/11/29 13:20:31 ET
Table 'Dschubba II' 2-max Seat #1 is the button
Seat 1: 1! dfmb !1 ($109.42 in chips)
Seat 2: _fayzulllo_ ($78.90 in chips)
1! dfmb !1: posts small blind $1
_fayzulllo_: posts big blind $3
*** HOLE CARDS ***
1! dfmb !1: raises $3 to $6
_fayzulllo_: calls $3
*** FLOP *** [3h Ks 6c]
_fayzulllo_: checks
1! dfmb !1: bets $3
_fayzulllo_: calls $3
*** TURN *** [3h Ks 6c] [2s]
_fayzulllo_: checks
1! dfmb !1: bets $6
_fayzulllo_: folds
Uncalled bet ($6) returned to 1! dfmb !1
1! dfmb !1 collected $17.64 from pot
1! dfmb !1: doesn't show hand
*** SUMMARY ***
Total pot $18 | Rake $0.36
Board [3h Ks 6c 2s]
Seat 1: 1! dfmb !1 (button) (small blind) collected ($17.64)
Seat 2: _fayzulllo_ (big blind) folded on the Turn


PokerStars Hand #144568283900:  Hold'em Limit ($3/$6 USD) - 2015/11/29 13:20:12 ET
Table 'Dschubba II' 2-max Seat #2 is the button
Seat 1: 1! dfmb !1 ($112.42 in chips)
Seat 2: _fayzulllo_ ($76.02 in chips)
_fayzulllo_: posts small blind $1
1! dfmb !1: posts big blind $3
*** HOLE CARDS ***
_fayzulllo_: calls $2
1! dfmb !1: checks
*** FLOP *** [6s 7d Th]
1! dfmb !1: checks
_fayzulllo_: checks
*** TURN *** [6s 7d Th] [2h]
1! dfmb !1: checks
_fayzulllo_: checks
*** RIVER *** [6s 7d Th 2h] [8s]
1! dfmb !1: checks
_fayzulllo_: checks
*** SHOW DOWN ***
1! dfmb !1: shows [Qh 4s] (high card Queen)
_fayzulllo_: shows [Kd 5d] (high card King)
_fayzulllo_ collected $5.88 from pot
*** SUMMARY ***
Total pot $6 | Rake $0.12
Board [6s 7d Th 2h 8s]
Seat 1: 1! dfmb !1 (big blind) showed [Qh 4s] and lost with high card Queen
Seat 2: _fayzulllo_ (button) (small blind) showed [Kd 5d] and won ($5.88) with high card King


PokerStars Hand #144568375004:  Hold'em Limit ($3/$6 USD) - 2015/11/29 13:21:38 ET
Table 'Dschubba II' 2-max Seat #1 is the button
Seat 1: 1! dfmb !1 ($107.06 in chips)
Seat 2: _fayzulllo_ ($80.42 in chips)
1! dfmb !1: posts small blind $1
_fayzulllo_: posts big blind $3
*** HOLE CARDS ***
1! dfmb !1: raises $3 to $6
_fayzulllo_: calls $3
*** FLOP *** [7s 6c Jc]
_fayzulllo_: checks
1! dfmb !1: bets $3
_fayzulllo_: calls $3
*** TURN *** [7s 6c Jc] [Th]
_fayzulllo_: checks
1! dfmb !1: checks
*** RIVER *** [7s 6c Jc Th] [7d]
_fayzulllo_: checks
1! dfmb !1: bets $6
_fayzulllo_: calls $6
*** SHOW DOWN ***
1! dfmb !1: shows [8h 4c] (a pair of Sevens)
_fayzulllo_: shows [Ks 5s] (a pair of Sevens - King kicker)
_fayzulllo_ collected $29.50 from pot
*** SUMMARY ***
Total pot $30 | Rake $0.50
Board [7s 6c Jc Th 7d]
Seat 1: 1! dfmb !1 (button) (small blind) showed [8h 4c] and lost with a pair of Sevens
Seat 2: _fayzulllo_ (big blind) showed [Ks 5s] and won ($29.50) with a pair of Sevens


PokerStars Hand #144568357183:  Hold'em Limit ($3/$6 USD) - 2015/11/29 13:21:21 ET
Table 'Dschubba II' 2-max Seat #2 is the button
Seat 1: 1! dfmb !1 ($110.06 in chips)
Seat 2: _fayzulllo_ ($77.54 in chips)
_fayzulllo_: posts small blind $1
1! dfmb !1: posts big blind $3
*** HOLE CARDS ***
_fayzulllo_: calls $2
1! dfmb !1: checks
*** FLOP *** [Kd Qc Qs]
1! dfmb !1: checks
_fayzulllo_: checks
*** TURN *** [Kd Qc Qs] [4s]
1! dfmb !1: checks
_fayzulllo_: bets $6
1! dfmb !1: folds
Uncalled bet ($6) returned to _fayzulllo_
_fayzulllo_ collected $5.88 from pot
_fayzulllo_: doesn't show hand
*** SUMMARY ***
Total pot $6 | Rake $0.12
Board [Kd Qc Qs 4s]
Seat 1: 1! dfmb !1 (big blind) folded on the Turn
Seat 2: _fayzulllo_ (button) (small blind) collected ($5.88)


PokerStars Hand #144568333452:  Hold'em Limit ($3/$6 USD) - 2015/11/29 13:20:59 ET
Table 'Dschubba II' 2-max Seat #1 is the button
Seat 1: 1! dfmb !1 ($119.06 in chips)
Seat 2: _fayzulllo_ ($68.90 in chips)
1! dfmb !1: posts small blind $1
_fayzulllo_: posts big blind $3
*** HOLE CARDS ***
1! dfmb !1: raises $3 to $6
_fayzulllo_: calls $3
*** FLOP *** [2s Qc 4d]
_fayzulllo_: checks
1! dfmb !1: bets $3
_fayzulllo_: raises $3 to $6
1! dfmb !1: folds
Uncalled bet ($3) returned to _fayzulllo_
_fayzulllo_ collected $17.64 from pot
*** SUMMARY ***
Total pot $18 | Rake $0.36
Board [2s Qc 4d]
Seat 1: 1! dfmb !1 (button) (small blind) folded on the Flop
Seat 2: _fayzulllo_ (big blind) collected ($17.64)


PokerStars Hand #144568444923:  Hold'em Limit ($3/$6 USD) - 2015/11/29 13:22:43 ET
Table 'Dschubba II' 2-max Seat #2 is the button
Seat 1: 1! dfmb !1 ($118.20 in chips)
Seat 2: _fayzulllo_ ($67.92 in chips)
_fayzulllo_: posts small blind $1
1! dfmb !1: posts big blind $3
*** HOLE CARDS ***
_fayzulllo_: raises $3 to $6
1! dfmb !1: calls $3
*** FLOP *** [2s Kh 4h]
1! dfmb !1: checks
_fayzulllo_: bets $3
1! dfmb !1: raises $3 to $6
_fayzulllo_: raises $3 to $9
1! dfmb !1: calls $3
*** TURN *** [2s Kh 4h] [3c]
1! dfmb !1: checks
_fayzulllo_: bets $6
1! dfmb !1: calls $6
*** RIVER *** [2s Kh 4h 3c] [Qd]
1! dfmb !1: checks
_fayzulllo_: checks
*** SHOW DOWN ***
1! dfmb !1: shows [5s Kd] (a pair of Kings)
_fayzulllo_: mucks hand
1! dfmb !1 collected $41.50 from pot
*** SUMMARY ***
Total pot $42 | Rake $0.50
Board [2s Kh 4h 3c Qd]
Seat 1: 1! dfmb !1 (big blind) showed [5s Kd] and won ($41.50) with a pair of Kings
Seat 2: _fayzulllo_ (button) (small blind) mucked


PokerStars Hand #144568415642:  Hold'em Limit ($3/$6 USD) - 2015/11/29 13:22:16 ET
Table 'Dschubba II' 2-max Seat #1 is the button
Seat 1: 1! dfmb !1 ($100.70 in chips)
Seat 2: _fayzulllo_ ($85.92 in chips)
1! dfmb !1: posts small blind $1
_fayzulllo_: posts big blind $3
*** HOLE CARDS ***
1! dfmb !1: raises $3 to $6
_fayzulllo_: calls $3
*** FLOP *** [Td Jh 7c]
_fayzulllo_: checks
1! dfmb !1: checks
*** TURN *** [Td Jh 7c] [2s]
_fayzulllo_: checks
1! dfmb !1: bets $6
_fayzulllo_: calls $6
*** RIVER *** [Td Jh 7c 2s] [4h]
_fayzulllo_: checks
1! dfmb !1: bets $6
_fayzulllo_: calls $6
*** SHOW DOWN ***
1! dfmb !1: shows [7d 8h] (a pair of Sevens)
_fayzulllo_: mucks hand
1! dfmb !1 collected $35.50 from pot
*** SUMMARY ***
Total pot $36 | Rake $0.50
Board [Td Jh 7c 2s 4h]
Seat 1: 1! dfmb !1 (button) (small blind) showed [7d 8h] and won ($35.50) with a pair of Sevens
Seat 2: _fayzulllo_ (big blind) mucked


PokerStars Hand #144568396678:  Hold'em Limit ($3/$6 USD) - 2015/11/29 13:21:58 ET
Table 'Dschubba II' 2-max Seat #2 is the button
Seat 1: 1! dfmb !1 ($92.06 in chips)
Seat 2: _fayzulllo_ ($94.92 in chips)
_fayzulllo_: posts small blind $1
1! dfmb !1: posts big blind $3
*** HOLE CARDS ***
_fayzulllo_: calls $2
1! dfmb !1: raises $3 to $6
_fayzulllo_: calls $3
*** FLOP *** [3h Ad 9d]
1! dfmb !1: bets $3
_fayzulllo_: calls $3
*** TURN *** [3h Ad 9d] [9h]
1! dfmb !1: bets $6
_fayzulllo_: folds
Uncalled bet ($6) returned to 1! dfmb !1
1! dfmb !1 collected $17.64 from pot
1! dfmb !1: doesn't show hand
*** SUMMARY ***
Total pot $18 | Rake $0.36
Board [3h Ad 9d 9h]
Seat 1: 1! dfmb !1 (big blind) collected ($17.64)
Seat 2: _fayzulllo_ (button) (small blind) folded on the Turn


PokerStars Hand #144568502010:  Hold'em Limit ($3/$6 USD) - 2015/11/29 13:23:37 ET
Table 'Dschubba II' 2-max Seat #1 is the button
Seat 1: 1! dfmb !1 ($118.70 in chips)
Seat 2: _fayzulllo_ ($66.42 in chips)
1! dfmb !1: posts small blind $1
_fayzulllo_: posts big blind $3
*** HOLE CARDS ***
1! dfmb !1: raises $3 to $6
_fayzulllo_: raises $3 to $9
1! dfmb !1: calls $3
*** FLOP *** [3d Kh 8c]
_fayzulllo_: bets $3
1! dfmb !1: calls $3
*** TURN *** [3d Kh 8c] [8h]
_fayzulllo_: checks
1! dfmb !1: bets $6
_fayzulllo_: calls $6
*** RIVER *** [3d Kh 8c 8h] [Qs]
_fayzulllo_: checks
1! dfmb !1: bets $6
_fayzulllo_: calls $6
*** SHOW DOWN ***
1! dfmb !1: shows [Tc 7s] (a pair of Eights)
_fayzulllo_: shows [Js As] (a pair of Eights - Ace kicker)
_fayzulllo_ collected $47.50 from pot
*** SUMMARY ***
Total pot $48 | Rake $0.50
Board [3d Kh 8c 8h Qs]
Seat 1: 1! dfmb !1 (button) (small blind) showed [Tc 7s] and lost with a pair of Eights
Seat 2: _fayzulllo_ (big blind) showed [Js As] and won ($47.50) with a pair of Eights


PokerStars Hand #144568495873:  Hold'em Limit ($3/$6 USD) - 2015/11/29 13:23:31 ET
Table 'Dschubba II' 2-max Seat #2 is the button
Seat 1: 1! dfmb !1 ($117.70 in chips)
Seat 2: _fayzulllo_ ($67.42 in chips)
_fayzulllo_: posts small blind $1
1! dfmb !1: posts big blind $3
*** HOLE CARDS ***
_fayzulllo_: folds
Uncalled bet ($2) returned to 1! dfmb !1
1! dfmb !1 collected $2 from pot
1! dfmb !1: doesn't show hand
*** SUMMARY ***
Total pot $2 | Rake $0
Seat 1: 1! dfmb !1 (big blind) collected ($2)
Seat 2: _fayzulllo_ (button) (small blind) folded before Flop


PokerStars Hand #144568472177:  Hold'em Limit ($3/$6 USD) - 2015/11/29 13:23:09 ET
Table 'Dschubba II' 2-max Seat #1 is the button
Seat 1: 1! dfmb !1 ($138.70 in chips)
Seat 2: _fayzulllo_ ($46.92 in chips)
1! dfmb !1: posts small blind $1
_fayzulllo_: posts big blind $3
*** HOLE CARDS ***
1! dfmb !1: raises $3 to $6
_fayzulllo_: calls $3
*** FLOP *** [4s 4d 5d]
_fayzulllo_: checks
1! dfmb !1: bets $3
_fayzulllo_: calls $3
*** TURN *** [4s 4d 5d] [7s]
_fayzulllo_: checks
1! dfmb !1: bets $6
_fayzulllo_: raises $6 to $12
1! dfmb !1: calls $6
*** RIVER *** [4s 4d 5d 7s] [Kc]
_fayzulllo_: bets $6
1! dfmb !1: folds
Uncalled bet ($6) returned to _fayzulllo_
_fayzulllo_ collected $41.50 from pot
*** SUMMARY ***
Total pot $42 | Rake $0.50
Board [4s 4d 5d 7s Kc]
Seat 1: 1! dfmb !1 (button) (small blind) folded on the River
Seat 2: _fayzulllo_ (big blind) collected ($41.50)


PokerStars Hand #144568595617:  Hold'em Limit ($3/$6 USD) - 2015/11/29 13:25:05 ET
Table 'Dschubba II' 2-max Seat #2 is the button
Seat 1: 1! dfmb !1 ($100.34 in chips)
Seat 2: _fayzulllo_ ($83.80 in chips)
_fayzulllo_: posts small blind $1
1! dfmb !1: posts big blind $3
*** HOLE CARDS ***
_fayzulllo_: folds
Uncalled bet ($2) returned to 1! dfmb !1
1! dfmb !1 collected $2 from pot
1! dfmb !1: doesn't show hand
*** SUMMARY ***
Total pot $2 | Rake $0
Seat 1: 1! dfmb !1 (big blind) collected ($2)
Seat 2: _fayzulllo_ (button) (small blind) folded before Flop


PokerStars Hand #144568554498:  Hold'em Limit ($3/$6 USD) - 2015/11/29 13:24:26 ET
Table 'Dschubba II' 2-max Seat #1 is the button
Seat 1: 1! dfmb !1 ($91.70 in chips)
Seat 2: _fayzulllo_ ($92.80 in chips)
1! dfmb !1: posts small blind $1
_fayzulllo_: posts big blind $3
*** HOLE CARDS ***
1! dfmb !1: raises $3 to $6
_fayzulllo_: calls $3
*** FLOP *** [4d 8d Qd]
_fayzulllo_: checks
1! dfmb !1: bets $3
_fayzulllo_: calls $3
*** TURN *** [4d 8d Qd] [Kc]
_fayzulllo_: checks
1! dfmb !1: checks
*** RIVER *** [4d 8d Qd Kc] [6d]
_fayzulllo_: checks
1! dfmb !1: bets $6
_fayzulllo_: folds
Uncalled bet ($6) returned to 1! dfmb !1
1! dfmb !1 collected $17.64 from pot
1! dfmb !1: doesn't show hand
*** SUMMARY ***
Total pot $18 | Rake $0.36
Board [4d 8d Qd Kc 6d]
Seat 1: 1! dfmb !1 (button) (small blind) collected ($17.64)
Seat 2: _fayzulllo_ (big blind) folded on the River


PokerStars Hand #144568532795:  Hold'em Limit ($3/$6 USD) - 2015/11/29 13:24:06 ET
Table 'Dschubba II' 2-max Seat #2 is the button
Seat 1: 1! dfmb !1 ($94.70 in chips)
Seat 2: _fayzulllo_ ($89.92 in chips)
_fayzulllo_: posts small blind $1
1! dfmb !1: posts big blind $3
*** HOLE CARDS ***
_fayzulllo_: calls $2
1! dfmb !1: checks
*** FLOP *** [5c Ah 8c]
1! dfmb !1: checks
_fayzulllo_: checks
*** TURN *** [5c Ah 8c] [Ac]
1! dfmb !1: checks
_fayzulllo_: checks
*** RIVER *** [5c Ah 8c Ac] [6c]
1! dfmb !1: checks
_fayzulllo_: checks
*** SHOW DOWN ***
1! dfmb !1: shows [4h Ks] (a pair of Aces)
_fayzulllo_: shows [3h 3c] (a flush, Ace high)
_fayzulllo_ collected $5.88 from pot
*** SUMMARY ***
Total pot $6 | Rake $0.12
Board [5c Ah 8c Ac 6c]
Seat 1: 1! dfmb !1 (big blind) showed [4h Ks] and lost with a pair of Aces
Seat 2: _fayzulllo_ (button) (small blind) showed [3h 3c] and won ($5.88) with a flush, Ace high


PokerStars Hand #144568604168:  Hold'em Limit ($3/$6 USD) - 2015/11/29 13:25:13 ET
Table 'Dschubba II' 2-max Seat #1 is the button
Seat 1: 1! dfmb !1 ($101.34 in chips)
Seat 2: _fayzulllo_ ($82.80 in chips)
1! dfmb !1: posts small blind $1
_fayzulllo_: posts big blind $3
*** HOLE CARDS ***
1! dfmb !1: raises $3 to $6
_fayzulllo_: raises $3 to $9
1! dfmb !1: calls $3
*** FLOP *** [3s 4d Qs]
_fayzulllo_: bets $3
1! dfmb !1: calls $3
*** TURN *** [3s 4d Qs] [Td]
_fayzulllo_: checks
1! dfmb !1: checks
*** RIVER *** [3s 4d Qs Td] [6c]
_fayzulllo_: bets $6
1! dfmb !1: calls $6
*** SHOW DOWN ***
_fayzulllo_: shows [Kc Qc] (a pair of Queens)
1! dfmb !1: mucks hand
_fayzulllo_ collected $35.50 from pot
*** SUMMARY ***
Total pot $36 | Rake $0.50
Board [3s 4d Qs Td 6c]
Seat 1: 1! dfmb !1 (button) (small blind) mucked
Seat 2: _fayzulllo_ (big blind) showed [Kc Qc] and won ($35.50) with a pair of Queens


PokerStars Hand #144568652898:  Hold'em Limit ($3/$6 USD) - 2015/11/29 13:26:00 ET
Table 'Dschubba II' 2-max Seat #2 is the button
Seat 1: 1! dfmb !1 ($83.34 in chips)
Seat 2: _fayzulllo_ ($100.30 in chips)
_fayzulllo_: posts small blind $1
1! dfmb !1: posts big blind $3
*** HOLE CARDS ***
_fayzulllo_: calls $2
1! dfmb !1: checks
*** FLOP *** [9h 7h 7d]
1! dfmb !1: checks
_fayzulllo_: checks
*** TURN *** [9h 7h 7d] [Jd]
1! dfmb !1: checks
_fayzulllo_: checks
*** RIVER *** [9h 7h 7d Jd] [4d]
1! dfmb !1: checks
_fayzulllo_: checks
*** SHOW DOWN ***
1! dfmb !1: shows [2c Kh] (a pair of Sevens)
_fayzulllo_: shows [Ad 5c] (a pair of Sevens - Ace kicker)
_fayzulllo_ collected $5.88 from pot
*** SUMMARY ***
Total pot $6 | Rake $0.12
Board [9h 7h 7d Jd 4d]
Seat 1: 1! dfmb !1 (big blind) showed [2c Kh] and lost with a pair of Sevens
Seat 2: _fayzulllo_ (button) (small blind) showed [Ad 5c] and won ($5.88) with a pair of Sevens


PokerStars Hand #144573355977:  Hold'em Limit ($3/$6 USD) - 2015/11/29 14:40:37 ET
Table 'Dschubba II' 2-max Seat #2 is the button
Seat 1: 1! dfmb !1 ($68.84 in chips)
Seat 2: ChicagoBull4 ($130 in chips)
ChicagoBull4: posts small blind $1
1! dfmb !1: posts big blind $3
*** HOLE CARDS ***
ChicagoBull4: folds
Uncalled bet ($2) returned to 1! dfmb !1
1! dfmb !1 collected $2 from pot
1! dfmb !1: doesn't show hand
*** SUMMARY ***
Total pot $2 | Rake $0
Seat 1: 1! dfmb !1 (big blind) collected ($2)
Seat 2: ChicagoBull4 (button) (small blind) folded before Flop


PokerStars Hand #144573334442:  Hold'em Limit ($3/$6 USD) - 2015/11/29 14:40:16 ET
Table 'Dschubba II' 2-max Seat #1 is the button
Seat 1: 1! dfmb !1 ($42.34 in chips)
Seat 2: ChicagoBull4 ($157 in chips)
1! dfmb !1: posts small blind $1
ChicagoBull4: posts big blind $3
*** HOLE CARDS ***
1! dfmb !1: raises $3 to $6
ChicagoBull4: raises $3 to $9
1! dfmb !1: raises $3 to $12
Betting is capped
ChicagoBull4: calls $3
*** FLOP *** [5s 2d Qd]
ChicagoBull4: checks
1! dfmb !1: bets $3
ChicagoBull4: calls $3
*** TURN *** [5s 2d Qd] [5h]
ChicagoBull4: checks
1! dfmb !1: bets $6
ChicagoBull4: calls $6
*** RIVER *** [5s 2d Qd 5h] [2s]
ChicagoBull4: checks
1! dfmb !1: bets $6
ChicagoBull4: calls $6
*** SHOW DOWN ***
1! dfmb !1: shows [9s 9c] (two pair, Nines and Fives)
ChicagoBull4: mucks hand
1! dfmb !1 collected $53.50 from pot
*** SUMMARY ***
Total pot $54 | Rake $0.50
Board [5s 2d Qd 5h 2s]
Seat 1: 1! dfmb !1 (button) (small blind) showed [9s 9c] and won ($53.50) with two pair, Nines and Fives
Seat 2: ChicagoBull4 (big blind) mucked


PokerStars Hand #144573329370:  Hold'em Limit ($3/$6 USD) - 2015/11/29 14:40:12 ET
Table 'Dschubba II' 2-max Seat #2 is the button
Seat 1: 1! dfmb !1 ($45.34 in chips)
Seat 2: ChicagoBull4 ($154 in chips)
ChicagoBull4: posts small blind $1
1! dfmb !1: posts big blind $3
*** HOLE CARDS ***
ChicagoBull4: raises $3 to $6
1! dfmb !1: folds
Uncalled bet ($3) returned to ChicagoBull4
ChicagoBull4 collected $6 from pot
ChicagoBull4: doesn't show hand
*** SUMMARY ***
Total pot $6 | Rake $0
Seat 1: 1! dfmb !1 (big blind) folded before Flop
Seat 2: ChicagoBull4 (button) (small blind) collected ($6)


PokerStars Hand #144573309296:  Hold'em Limit ($3/$6 USD) - 2015/11/29 14:39:54 ET
Table 'Dschubba II' 2-max Seat #1 is the button
Seat 1: 1! dfmb !1 ($60.34 in chips)
Seat 2: ChicagoBull4 ($139.50 in chips)
1! dfmb !1: posts small blind $1
ChicagoBull4: posts big blind $3
*** HOLE CARDS ***
1! dfmb !1: raises $3 to $6
ChicagoBull4: calls $3
*** FLOP *** [2s Jc 3d]
ChicagoBull4: checks
1! dfmb !1: bets $3
ChicagoBull4: calls $3
*** TURN *** [2s Jc 3d] [Jd]
ChicagoBull4: checks
1! dfmb !1: checks
*** RIVER *** [2s Jc 3d Jd] [Td]
ChicagoBull4: bets $6
1! dfmb !1: calls $6
*** SHOW DOWN ***
ChicagoBull4: shows [As 9h] (a pair of Jacks)
1! dfmb !1: mucks hand
ChicagoBull4 collected $29.50 from pot
*** SUMMARY ***
Total pot $30 | Rake $0.50
Board [2s Jc 3d Jd Td]
Seat 1: 1! dfmb !1 (button) (small blind) mucked
Seat 2: ChicagoBull4 (big blind) showed [As 9h] and won ($29.50) with a pair of Jacks


PokerStars Hand #144573412715:  Hold'em Limit ($3/$6 USD) - 2015/11/29 14:41:27 ET
Table 'Dschubba II' 2-max Seat #1 is the button
Seat 1: 1! dfmb !1 ($96.84 in chips)
Seat 2: ChicagoBull4 ($161.02 in chips)
1! dfmb !1: posts small blind $1
ChicagoBull4: posts big blind $3
*** HOLE CARDS ***
1! dfmb !1: raises $3 to $6
ChicagoBull4: calls $3
*** FLOP *** [8c 8s 6s]
ChicagoBull4: checks
1! dfmb !1: bets $3
ChicagoBull4: calls $3
*** TURN *** [8c 8s 6s] [2d]
ChicagoBull4: checks
1! dfmb !1: checks
*** RIVER *** [8c 8s 6s 2d] [Jh]
ChicagoBull4: bets $6
1! dfmb !1: folds
Uncalled bet ($6) returned to ChicagoBull4
ChicagoBull4 collected $17.64 from pot
ChicagoBull4: doesn't show hand
*** SUMMARY ***
Total pot $18 | Rake $0.36
Board [8c 8s 6s 2d Jh]
Seat 1: 1! dfmb !1 (button) (small blind) folded on the River
Seat 2: ChicagoBull4 (big blind) collected ($17.64)


PokerStars Hand #144573405946:  Hold'em Limit ($3/$6 USD) - 2015/11/29 14:41:20 ET
Table 'Dschubba II' 2-max Seat #2 is the button
Seat 1: 1! dfmb !1 ($99.84 in chips)
Seat 2: ChicagoBull4 ($158.02 in chips)
ChicagoBull4: posts small blind $1
1! dfmb !1: posts big blind $3
*** HOLE CARDS ***
ChicagoBull4: raises $3 to $6
1! dfmb !1: folds
Uncalled bet ($3) returned to ChicagoBull4
ChicagoBull4 collected $6 from pot
ChicagoBull4: doesn't show hand
*** SUMMARY ***
Total pot $6 | Rake $0
Seat 1: 1! dfmb !1 (big blind) folded before Flop
Seat 2: ChicagoBull4 (button) (small blind) collected ($6)


PokerStars Hand #144573384767:  Hold'em Limit ($3/$6 USD) - 2015/11/29 14:41:02 ET
Table 'Dschubba II' 2-max Seat #1 is the button
Seat 1: 1! dfmb !1 ($114.84 in chips)
Seat 2: ChicagoBull4 ($143.52 in chips)
1! dfmb !1: posts small blind $1
ChicagoBull4: posts big blind $3
*** HOLE CARDS ***
1! dfmb !1: raises $3 to $6
ChicagoBull4: calls $3
*** FLOP *** [3h 5d Js]
ChicagoBull4: checks
1! dfmb !1: bets $3
ChicagoBull4: calls $3
*** TURN *** [3h 5d Js] [Kd]
ChicagoBull4: checks
1! dfmb !1: bets $6
ChicagoBull4: calls $6
*** RIVER *** [3h 5d Js Kd] [2s]
ChicagoBull4: checks
1! dfmb !1: checks
*** SHOW DOWN ***
ChicagoBull4: shows [Qs Ah] (high card Ace)
1! dfmb !1: mucks hand
ChicagoBull4 collected $29.50 from pot
*** SUMMARY ***
Total pot $30 | Rake $0.50
Board [3h 5d Js Kd 2s]
Seat 1: 1! dfmb !1 (button) (small blind) mucked
Seat 2: ChicagoBull4 (big blind) showed [Qs Ah] and won ($29.50) with high card Ace


PokerStars Hand #144573379377:  Hold'em Limit ($3/$6 USD) - 2015/11/29 14:40:57 ET
Table 'Dschubba II' 2-max Seat #2 is the button
Seat 1: 1! dfmb !1 ($117.84 in chips)
Seat 2: ChicagoBull4 ($140.52 in chips)
ChicagoBull4: posts small blind $1
1! dfmb !1: posts big blind $3
*** HOLE CARDS ***
ChicagoBull4: raises $3 to $6
1! dfmb !1: folds
Uncalled bet ($3) returned to ChicagoBull4
ChicagoBull4 collected $6 from pot
ChicagoBull4: doesn't show hand
*** SUMMARY ***
Total pot $6 | Rake $0
Seat 1: 1! dfmb !1 (big blind) folded before Flop
Seat 2: ChicagoBull4 (button) (small blind) collected ($6)


PokerStars Hand #144573361133:  Hold'em Limit ($3/$6 USD) - 2015/11/29 14:40:41 ET
Table 'Dschubba II' 2-max Seat #1 is the button
Seat 1: 1! dfmb !1 ($69.84 in chips)
Seat 2: ChicagoBull4 ($129 in chips)
1! dfmb !1: posts small blind $1
ChicagoBull4: posts big blind $3
*** HOLE CARDS ***
1! dfmb !1: raises $3 to $6
ChicagoBull4: raises $3 to $9
1! dfmb !1: calls $3
*** FLOP *** [9c 5h 9h]
ChicagoBull4: bets $3
1! dfmb !1: calls $3
*** TURN *** [9c 5h 9h] [Qd]
ChicagoBull4: bets $6
1! dfmb !1: folds
Uncalled bet ($6) returned to ChicagoBull4
ChicagoBull4 collected $23.52 from pot
ChicagoBull4: doesn't show hand
*** SUMMARY ***
Total pot $24 | Rake $0.48
Board [9c 5h 9h Qd]
Seat 1: 1! dfmb !1 (button) (small blind) folded on the Turn
Seat 2: ChicagoBull4 (big blind) collected ($23.52)


PokerStars Hand #144573486655:  Hold'em Limit ($3/$6 USD) - 2015/11/29 14:42:31 ET
Table 'Dschubba II' 2-max Seat #1 is the button
Seat 1: 1! dfmb !1 ($45.84 in chips)
Seat 2: ChicagoBull4 ($210.44 in chips)
1! dfmb !1: posts small blind $1
ChicagoBull4: posts big blind $3
*** HOLE CARDS ***
1! dfmb !1: raises $3 to $6
ChicagoBull4: calls $3
*** FLOP *** [3c 9d Ks]
ChicagoBull4: checks
1! dfmb !1: bets $3
ChicagoBull4: folds
Uncalled bet ($3) returned to 1! dfmb !1
1! dfmb !1 collected $11.76 from pot
1! dfmb !1: doesn't show hand
*** SUMMARY ***
Total pot $12 | Rake $0.24
Board [3c 9d Ks]
Seat 1: 1! dfmb !1 (button) (small blind) collected ($11.76)
Seat 2: ChicagoBull4 (big blind) folded on the Flop


PokerStars Hand #144573462274:  Hold'em Limit ($3/$6 USD) - 2015/11/29 14:42:10 ET
Table 'Dschubba II' 2-max Seat #2 is the button
Seat 1: 1! dfmb !1 ($69.84 in chips)
Seat 2: ChicagoBull4 ($186.94 in chips)
ChicagoBull4: posts small blind $1
1! dfmb !1: posts big blind $3
*** HOLE CARDS ***
ChicagoBull4: raises $3 to $6
1! dfmb !1: calls $3
*** FLOP *** [8h 6d 8s]
1! dfmb !1: checks
ChicagoBull4: bets $3
1! dfmb !1: raises $3 to $6
ChicagoBull4: calls $3
*** TURN *** [8h 6d 8s] [7d]
1! dfmb !1: bets $6
ChicagoBull4: calls $6
*** RIVER *** [8h 6d 8s 7d] [4s]
1! dfmb !1: checks
ChicagoBull4: bets $6
1! dfmb !1: calls $6
*** SHOW DOWN ***
ChicagoBull4: shows [Kd Ks] (two pair, Kings and Eights)
1! dfmb !1: mucks hand
ChicagoBull4 collected $47.50 from pot
*** SUMMARY ***
Total pot $48 | Rake $0.50
Board [8h 6d 8s 7d 4s]
Seat 1: 1! dfmb !1 (big blind) mucked
Seat 2: ChicagoBull4 (button) (small blind) showed [Kd Ks] and won ($47.50) with two pair, Kings and Eights


PokerStars Hand #144573449567:  Hold'em Limit ($3/$6 USD) - 2015/11/29 14:41:59 ET
Table 'Dschubba II' 2-max Seat #1 is the button
Seat 1: 1! dfmb !1 ($78.84 in chips)
Seat 2: ChicagoBull4 ($178.30 in chips)
1! dfmb !1: posts small blind $1
ChicagoBull4: posts big blind $3
*** HOLE CARDS ***
1! dfmb !1: raises $3 to $6
ChicagoBull4: calls $3
*** FLOP *** [5d Ts 9s]
ChicagoBull4: checks
1! dfmb !1: bets $3
ChicagoBull4: raises $3 to $6
1! dfmb !1: folds
Uncalled bet ($3) returned to ChicagoBull4
ChicagoBull4 collected $17.64 from pot
ChicagoBull4: doesn't show hand
*** SUMMARY ***
Total pot $18 | Rake $0.36
Board [5d Ts 9s]
Seat 1: 1! dfmb !1 (button) (small blind) folded on the Flop
Seat 2: ChicagoBull4 (big blind) collected ($17.64)


PokerStars Hand #144573432997:  Hold'em Limit ($3/$6 USD) - 2015/11/29 14:41:44 ET
Table 'Dschubba II' 2-max Seat #2 is the button
Seat 1: 1! dfmb !1 ($87.84 in chips)
Seat 2: ChicagoBull4 ($169.66 in chips)
ChicagoBull4: posts small blind $1
1! dfmb !1: posts big blind $3
*** HOLE CARDS ***
ChicagoBull4: raises $3 to $6
1! dfmb !1: calls $3
*** FLOP *** [Qh 4d Ac]
1! dfmb !1: checks
ChicagoBull4: bets $3
1! dfmb !1: calls $3
*** TURN *** [Qh 4d Ac] [6d]
1! dfmb !1: checks
ChicagoBull4: bets $6
1! dfmb !1: folds
Uncalled bet ($6) returned to ChicagoBull4
ChicagoBull4 collected $17.64 from pot
ChicagoBull4: doesn't show hand
*** SUMMARY ***
Total pot $18 | Rake $0.36
Board [Qh 4d Ac 6d]
Seat 1: 1! dfmb !1 (big blind) folded on the Turn
Seat 2: ChicagoBull4 (button) (small blind) collected ($17.64)


