PokerStars Hand #146304737215:  Hold'em Limit ($3/$6 USD) - 2016/01/01 20:47:59 ET
Table 'Dschubba II' 2-max Seat #2 is the button
Seat 1: nrJitsu ($298.08 in chips)
Seat 2: BcomeSomeone ($121 in chips)
BcomeSomeone: posts small blind $1
nrJitsu: posts big blind $3
*** HOLE CARDS ***
BcomeSomeone: raises $3 to $6
nrJitsu: calls $3
*** FLOP *** [Js 7s 2d]
nrJitsu: checks
BcomeSomeone: bets $3
nrJitsu: raises $3 to $6
BcomeSomeone: calls $3
*** TURN *** [Js 7s 2d] [9h]
nrJitsu: bets $6
BcomeSomeone: calls $6
*** RIVER *** [Js 7s 2d 9h] [3c]
nrJitsu: bets $6
BcomeSomeone: calls $6
*** SHOW DOWN ***
nrJitsu: shows [9c 7h] (two pair, Nines and Sevens)
BcomeSomeone: mucks hand
nrJitsu collected $47.50 from pot
*** SUMMARY ***
Total pot $48 | Rake $0.50
Board [Js 7s 2d 9h 3c]
Seat 1: nrJitsu (big blind) showed [9c 7h] and won ($47.50) with two pair, Nines and Sevens
Seat 2: BcomeSomeone (button) (small blind) mucked


PokerStars Hand #146304774921:  Hold'em Limit ($3/$6 USD) - 2016/01/01 20:49:09 ET
Table 'Dschubba II' 2-max Seat #2 is the button
Seat 1: nrJitsu ($296.98 in chips)
Seat 2: BcomeSomeone ($288.61 in chips)
BcomeSomeone: posts small blind $1
nrJitsu: posts big blind $3
*** HOLE CARDS ***
BcomeSomeone: raises $3 to $6
nrJitsu: folds
Uncalled bet ($3) returned to BcomeSomeone
BcomeSomeone collected $6 from pot
BcomeSomeone: doesn't show hand
*** SUMMARY ***
Total pot $6 | Rake $0
Seat 1: nrJitsu (big blind) folded before Flop
Seat 2: BcomeSomeone (button) (small blind) collected ($6)


PokerStars Hand #146304771095:  Hold'em Limit ($3/$6 USD) - 2016/01/01 20:49:01 ET
Table 'Dschubba II' 2-max Seat #1 is the button
Seat 1: nrJitsu ($291.22 in chips)
Seat 2: BcomeSomeone ($294.61 in chips)
nrJitsu: posts small blind $1
BcomeSomeone: posts big blind $3
*** HOLE CARDS ***
nrJitsu: raises $3 to $6
BcomeSomeone: calls $3
*** FLOP *** [3d 6h 6s]
BcomeSomeone: checks
nrJitsu: bets $3
BcomeSomeone: folds
Uncalled bet ($3) returned to nrJitsu
nrJitsu collected $11.76 from pot
nrJitsu: doesn't show hand
*** SUMMARY ***
Total pot $12 | Rake $0.24
Board [3d 6h 6s]
Seat 1: nrJitsu (button) (small blind) collected ($11.76)
Seat 2: BcomeSomeone (big blind) folded on the Flop


PokerStars Hand #146304765519:  Hold'em Limit ($3/$6 USD) - 2016/01/01 20:48:51 ET
Table 'Dschubba II' 2-max Seat #2 is the button
Seat 1: nrJitsu ($282.58 in chips)
Seat 2: BcomeSomeone ($303.61 in chips)
BcomeSomeone: posts small blind $1
nrJitsu: posts big blind $3
*** HOLE CARDS ***
BcomeSomeone: raises $3 to $6
nrJitsu: raises $3 to $9
BcomeSomeone: calls $3
*** FLOP *** [Ks 8s 8c]
nrJitsu: bets $3
BcomeSomeone: folds
Uncalled bet ($3) returned to nrJitsu
nrJitsu collected $17.64 from pot
nrJitsu: doesn't show hand
*** SUMMARY ***
Total pot $18 | Rake $0.36
Board [Ks 8s 8c]
Seat 1: nrJitsu (big blind) collected ($17.64)
Seat 2: BcomeSomeone (button) (small blind) folded on the Flop


PokerStars Hand #146304763121:  Hold'em Limit ($3/$6 USD) - 2016/01/01 20:48:47 ET
Table 'Dschubba II' 2-max Seat #1 is the button
Seat 1: nrJitsu ($279.58 in chips)
Seat 2: BcomeSomeone ($306.61 in chips)
nrJitsu: posts small blind $1
BcomeSomeone: posts big blind $3
*** HOLE CARDS ***
nrJitsu: raises $3 to $6
BcomeSomeone: folds
Uncalled bet ($3) returned to nrJitsu
nrJitsu collected $6 from pot
nrJitsu: doesn't show hand
*** SUMMARY ***
Total pot $6 | Rake $0
Seat 1: nrJitsu (button) (small blind) collected ($6)
Seat 2: BcomeSomeone (big blind) folded before Flop


PokerStars Hand #146304754963:  Hold'em Limit ($3/$6 USD) - 2016/01/01 20:48:32 ET
Table 'Dschubba II' 2-max Seat #2 is the button
Seat 1: nrJitsu ($303.58 in chips)
Seat 2: BcomeSomeone ($283.11 in chips)
BcomeSomeone: posts small blind $1
nrJitsu: posts big blind $3
*** HOLE CARDS ***
BcomeSomeone: raises $3 to $6
nrJitsu: calls $3
*** FLOP *** [Ad 7h 4d]
nrJitsu: checks
BcomeSomeone: bets $3
nrJitsu: raises $3 to $6
BcomeSomeone: calls $3
*** TURN *** [Ad 7h 4d] [8s]
nrJitsu: bets $6
BcomeSomeone: calls $6
*** RIVER *** [Ad 7h 4d 8s] [7s]
nrJitsu: bets $6
BcomeSomeone: calls $6
*** SHOW DOWN ***
nrJitsu: shows [3d 5d] (a pair of Sevens)
BcomeSomeone: shows [8h Tc] (two pair, Eights and Sevens)
BcomeSomeone collected $47.50 from pot
*** SUMMARY ***
Total pot $48 | Rake $0.50
Board [Ad 7h 4d 8s 7s]
Seat 1: nrJitsu (big blind) showed [3d 5d] and lost with a pair of Sevens
Seat 2: BcomeSomeone (button) (small blind) showed [8h Tc] and won ($47.50) with two pair, Eights and Sevens


PokerStars Hand #146304746973:  Hold'em Limit ($3/$6 USD) - 2016/01/01 20:48:17 ET
Table 'Dschubba II' 2-max Seat #1 is the button
Seat 1: nrJitsu ($321.58 in chips)
Seat 2: BcomeSomeone ($265.61 in chips)
nrJitsu: posts small blind $1
BcomeSomeone: posts big blind $3
*** HOLE CARDS ***
nrJitsu: raises $3 to $6
BcomeSomeone: calls $3
*** FLOP *** [3h 8h 4h]
BcomeSomeone: checks
nrJitsu: checks
*** TURN *** [3h 8h 4h] [Jh]
BcomeSomeone: bets $6
nrJitsu: calls $6
*** RIVER *** [3h 8h 4h Jh] [4d]
BcomeSomeone: bets $6
nrJitsu: calls $6
*** SHOW DOWN ***
BcomeSomeone: shows [As 7h] (a flush, Jack high)
nrJitsu: mucks hand
BcomeSomeone collected $35.50 from pot
*** SUMMARY ***
Total pot $36 | Rake $0.50
Board [3h 8h 4h Jh 4d]
Seat 1: nrJitsu (button) (small blind) mucked
Seat 2: BcomeSomeone (big blind) showed [As 7h] and won ($35.50) with a flush, Jack high


PokerStars Hand #146304804254:  Hold'em Limit ($3/$6 USD) - 2016/01/01 20:50:02 ET
Table 'Dschubba II' 2-max Seat #2 is the button
Seat 1: nrJitsu ($304.90 in chips)
Seat 2: BcomeSomeone ($279.11 in chips)
BcomeSomeone: posts small blind $1
nrJitsu: posts big blind $3
*** HOLE CARDS ***
BcomeSomeone: raises $3 to $6
nrJitsu: calls $3
*** FLOP *** [Ts Jc 9s]
nrJitsu: checks
BcomeSomeone: bets $3
nrJitsu: raises $3 to $6
BcomeSomeone: calls $3
*** TURN *** [Ts Jc 9s] [3d]
nrJitsu: bets $6
BcomeSomeone: raises $6 to $12
nrJitsu: calls $6
*** RIVER *** [Ts Jc 9s 3d] [8s]
nrJitsu: checks
BcomeSomeone: bets $6
nrJitsu: raises $6 to $12
BcomeSomeone: raises $6 to $18
nrJitsu: calls $6
*** SHOW DOWN ***
BcomeSomeone: shows [As Js] (a flush, Ace high)
nrJitsu: mucks hand
BcomeSomeone collected $83.50 from pot
*** SUMMARY ***
Total pot $84 | Rake $0.50
Board [Ts Jc 9s 3d 8s]
Seat 1: nrJitsu (big blind) mucked
Seat 2: BcomeSomeone (button) (small blind) showed [As Js] and won ($83.50) with a flush, Ace high


PokerStars Hand #146304800237:  Hold'em Limit ($3/$6 USD) - 2016/01/01 20:49:55 ET
Table 'Dschubba II' 2-max Seat #1 is the button
Seat 1: nrJitsu ($299.14 in chips)
Seat 2: BcomeSomeone ($285.11 in chips)
nrJitsu: posts small blind $1
BcomeSomeone: posts big blind $3
*** HOLE CARDS ***
nrJitsu: raises $3 to $6
BcomeSomeone: calls $3
*** FLOP *** [2d Ts 4d]
BcomeSomeone: checks
nrJitsu: bets $3
BcomeSomeone: folds
Uncalled bet ($3) returned to nrJitsu
nrJitsu collected $11.76 from pot
nrJitsu: doesn't show hand
*** SUMMARY ***
Total pot $12 | Rake $0.24
Board [2d Ts 4d]
Seat 1: nrJitsu (button) (small blind) collected ($11.76)
Seat 2: BcomeSomeone (big blind) folded on the Flop


PokerStars Hand #146304792543:  Hold'em Limit ($3/$6 USD) - 2016/01/01 20:49:41 ET
Table 'Dschubba II' 2-max Seat #2 is the button
Seat 1: nrJitsu ($314.14 in chips)
Seat 2: BcomeSomeone ($270.61 in chips)
BcomeSomeone: posts small blind $1
nrJitsu: posts big blind $3
*** HOLE CARDS ***
BcomeSomeone: raises $3 to $6
nrJitsu: calls $3
*** FLOP *** [2c 8s Qs]
nrJitsu: checks
BcomeSomeone: bets $3
nrJitsu: calls $3
*** TURN *** [2c 8s Qs] [2s]
nrJitsu: checks
BcomeSomeone: checks
*** RIVER *** [2c 8s Qs 2s] [Jh]
nrJitsu: checks
BcomeSomeone: bets $6
nrJitsu: calls $6
*** SHOW DOWN ***
BcomeSomeone: shows [Jc 7s] (two pair, Jacks and Deuces)
nrJitsu: mucks hand
BcomeSomeone collected $29.50 from pot
*** SUMMARY ***
Total pot $30 | Rake $0.50
Board [2c 8s Qs 2s Jh]
Seat 1: nrJitsu (big blind) mucked
Seat 2: BcomeSomeone (button) (small blind) showed [Jc 7s] and won ($29.50) with two pair, Jacks and Deuces


PokerStars Hand #146304789122:  Hold'em Limit ($3/$6 USD) - 2016/01/01 20:49:35 ET
Table 'Dschubba II' 2-max Seat #1 is the button
Seat 1: nrJitsu ($308.38 in chips)
Seat 2: BcomeSomeone ($276.61 in chips)
nrJitsu: posts small blind $1
BcomeSomeone: posts big blind $3
*** HOLE CARDS ***
nrJitsu: raises $3 to $6
BcomeSomeone: calls $3
*** FLOP *** [9s Tc Ah]
BcomeSomeone: checks
nrJitsu: bets $3
BcomeSomeone: folds
Uncalled bet ($3) returned to nrJitsu
nrJitsu collected $11.76 from pot
nrJitsu: doesn't show hand
*** SUMMARY ***
Total pot $12 | Rake $0.24
Board [9s Tc Ah]
Seat 1: nrJitsu (button) (small blind) collected ($11.76)
Seat 2: BcomeSomeone (big blind) folded on the Flop


PokerStars Hand #146304784219:  Hold'em Limit ($3/$6 USD) - 2016/01/01 20:49:26 ET
Table 'Dschubba II' 2-max Seat #2 is the button
Seat 1: nrJitsu ($302.62 in chips)
Seat 2: BcomeSomeone ($282.61 in chips)
BcomeSomeone: posts small blind $1
nrJitsu: posts big blind $3
*** HOLE CARDS ***
BcomeSomeone: raises $3 to $6
nrJitsu: calls $3
*** FLOP *** [2d 8d 6c]
nrJitsu: checks
BcomeSomeone: checks
*** TURN *** [2d 8d 6c] [Jd]
nrJitsu: bets $6
BcomeSomeone: folds
Uncalled bet ($6) returned to nrJitsu
nrJitsu collected $11.76 from pot
nrJitsu: doesn't show hand
*** SUMMARY ***
Total pot $12 | Rake $0.24
Board [2d 8d 6c Jd]
Seat 1: nrJitsu (big blind) collected ($11.76)
Seat 2: BcomeSomeone (button) (small blind) folded on the Turn


PokerStars Hand #146304777985:  Hold'em Limit ($3/$6 USD) - 2016/01/01 20:49:14 ET
Table 'Dschubba II' 2-max Seat #1 is the button
Seat 1: nrJitsu ($293.98 in chips)
Seat 2: BcomeSomeone ($291.61 in chips)
nrJitsu: posts small blind $1
BcomeSomeone: posts big blind $3
*** HOLE CARDS ***
nrJitsu: raises $3 to $6
BcomeSomeone: calls $3
*** FLOP *** [3h Tc 7c]
BcomeSomeone: checks
nrJitsu: bets $3
BcomeSomeone: calls $3
*** TURN *** [3h Tc 7c] [9h]
BcomeSomeone: checks
nrJitsu: bets $6
BcomeSomeone: folds
Uncalled bet ($6) returned to nrJitsu
nrJitsu collected $17.64 from pot
nrJitsu: doesn't show hand
*** SUMMARY ***
Total pot $18 | Rake $0.36
Board [3h Tc 7c 9h]
Seat 1: nrJitsu (button) (small blind) collected ($17.64)
Seat 2: BcomeSomeone (big blind) folded on the Turn


PokerStars Hand #146304836034:  Hold'em Limit ($3/$6 USD) - 2016/01/01 20:51:01 ET
Table 'Dschubba II' 2-max Seat #2 is the button
Seat 1: nrJitsu ($281.90 in chips)
Seat 2: BcomeSomeone ($300.37 in chips)
BcomeSomeone: posts small blind $1
nrJitsu: posts big blind $3
*** HOLE CARDS ***
BcomeSomeone: raises $3 to $6
nrJitsu: calls $3
*** FLOP *** [6s 3d 4s]
nrJitsu: checks
BcomeSomeone: checks
*** TURN *** [6s 3d 4s] [6h]
nrJitsu: bets $6
BcomeSomeone: calls $6
*** RIVER *** [6s 3d 4s 6h] [7s]
nrJitsu: bets $6
BcomeSomeone: folds
Uncalled bet ($6) returned to nrJitsu
nrJitsu collected $23.52 from pot
nrJitsu: doesn't show hand
*** SUMMARY ***
Total pot $24 | Rake $0.48
Board [6s 3d 4s 6h 7s]
Seat 1: nrJitsu (big blind) collected ($23.52)
Seat 2: BcomeSomeone (button) (small blind) folded on the River


PokerStars Hand #146304833802:  Hold'em Limit ($3/$6 USD) - 2016/01/01 20:50:57 ET
Table 'Dschubba II' 2-max Seat #1 is the button
Seat 1: nrJitsu ($282.90 in chips)
Seat 2: BcomeSomeone ($299.37 in chips)
nrJitsu: posts small blind $1
BcomeSomeone: posts big blind $3
*** HOLE CARDS ***
nrJitsu: folds
Uncalled bet ($2) returned to BcomeSomeone
BcomeSomeone collected $2 from pot
BcomeSomeone: doesn't show hand
*** SUMMARY ***
Total pot $2 | Rake $0
Seat 1: nrJitsu (button) (small blind) folded before Flop
Seat 2: BcomeSomeone (big blind) collected ($2)


PokerStars Hand #146304831192:  Hold'em Limit ($3/$6 USD) - 2016/01/01 20:50:52 ET
Table 'Dschubba II' 2-max Seat #2 is the button
Seat 1: nrJitsu ($285.90 in chips)
Seat 2: BcomeSomeone ($296.37 in chips)
BcomeSomeone: posts small blind $1
nrJitsu: posts big blind $3
*** HOLE CARDS ***
BcomeSomeone: raises $3 to $6
nrJitsu: folds
Uncalled bet ($3) returned to BcomeSomeone
BcomeSomeone collected $6 from pot
BcomeSomeone: doesn't show hand
*** SUMMARY ***
Total pot $6 | Rake $0
Seat 1: nrJitsu (big blind) folded before Flop
Seat 2: BcomeSomeone (button) (small blind) collected ($6)


PokerStars Hand #146304824542:  Hold'em Limit ($3/$6 USD) - 2016/01/01 20:50:40 ET
Table 'Dschubba II' 2-max Seat #1 is the button
Seat 1: nrJitsu ($271.40 in chips)
Seat 2: BcomeSomeone ($311.37 in chips)
nrJitsu: posts small blind $1
BcomeSomeone: posts big blind $3
*** HOLE CARDS ***
nrJitsu: raises $3 to $6
BcomeSomeone: calls $3
*** FLOP *** [5c 8c Jh]
BcomeSomeone: checks
nrJitsu: bets $3
BcomeSomeone: calls $3
*** TURN *** [5c 8c Jh] [4d]
BcomeSomeone: checks
nrJitsu: bets $6
BcomeSomeone: calls $6
*** RIVER *** [5c 8c Jh 4d] [Kh]
BcomeSomeone: checks
nrJitsu: bets $6
BcomeSomeone: folds
Uncalled bet ($6) returned to nrJitsu
nrJitsu collected $29.50 from pot
nrJitsu: doesn't show hand
*** SUMMARY ***
Total pot $30 | Rake $0.50
Board [5c 8c Jh 4d Kh]
Seat 1: nrJitsu (button) (small blind) collected ($29.50)
Seat 2: BcomeSomeone (big blind) folded on the River


PokerStars Hand #146304820601:  Hold'em Limit ($3/$6 USD) - 2016/01/01 20:50:32 ET
Table 'Dschubba II' 2-max Seat #2 is the button
Seat 1: nrJitsu ($277.40 in chips)
Seat 2: BcomeSomeone ($305.61 in chips)
BcomeSomeone: posts small blind $1
nrJitsu: posts big blind $3
*** HOLE CARDS ***
BcomeSomeone: raises $3 to $6
nrJitsu: calls $3
*** FLOP *** [5s 9d Kh]
nrJitsu: checks
BcomeSomeone: bets $3
nrJitsu: folds
Uncalled bet ($3) returned to BcomeSomeone
BcomeSomeone collected $11.76 from pot
BcomeSomeone: doesn't show hand
*** SUMMARY ***
Total pot $12 | Rake $0.24
Board [5s 9d Kh]
Seat 1: nrJitsu (big blind) folded on the Flop
Seat 2: BcomeSomeone (button) (small blind) collected ($11.76)


PokerStars Hand #146304813004:  Hold'em Limit ($3/$6 USD) - 2016/01/01 20:50:18 ET
Table 'Dschubba II' 2-max Seat #1 is the button
Seat 1: nrJitsu ($262.90 in chips)
Seat 2: BcomeSomeone ($320.61 in chips)
nrJitsu: posts small blind $1
BcomeSomeone: posts big blind $3
*** HOLE CARDS ***
nrJitsu: raises $3 to $6
BcomeSomeone: calls $3
*** FLOP *** [4s Qs 4c]
BcomeSomeone: checks
nrJitsu: bets $3
BcomeSomeone: calls $3
*** TURN *** [4s Qs 4c] [6c]
BcomeSomeone: checks
nrJitsu: bets $6
BcomeSomeone: calls $6
*** RIVER *** [4s Qs 4c 6c] [9c]
BcomeSomeone: checks
nrJitsu: bets $6
BcomeSomeone: folds
Uncalled bet ($6) returned to nrJitsu
nrJitsu collected $29.50 from pot
nrJitsu: doesn't show hand
*** SUMMARY ***
Total pot $30 | Rake $0.50
Board [4s Qs 4c 6c 9c]
Seat 1: nrJitsu (button) (small blind) collected ($29.50)
Seat 2: BcomeSomeone (big blind) folded on the River


PokerStars Hand #146304875296:  Hold'em Limit ($3/$6 USD) - 2016/01/01 20:52:14 ET
Table 'Dschubba II' 2-max Seat #1 is the button
Seat 1: nrJitsu ($277.92 in chips)
Seat 2: BcomeSomeone ($302.29 in chips)
nrJitsu: posts small blind $1
BcomeSomeone: posts big blind $3
*** HOLE CARDS ***
nrJitsu: raises $3 to $6
BcomeSomeone: folds
Uncalled bet ($3) returned to nrJitsu
nrJitsu collected $6 from pot
nrJitsu: doesn't show hand
*** SUMMARY ***
Total pot $6 | Rake $0
Seat 1: nrJitsu (button) (small blind) collected ($6)
Seat 2: BcomeSomeone (big blind) folded before Flop


PokerStars Hand #146304872705:  Hold'em Limit ($3/$6 USD) - 2016/01/01 20:52:09 ET
Table 'Dschubba II' 2-max Seat #2 is the button
Seat 1: nrJitsu ($280.92 in chips)
Seat 2: BcomeSomeone ($299.29 in chips)
BcomeSomeone: posts small blind $1
nrJitsu: posts big blind $3
*** HOLE CARDS ***
BcomeSomeone: raises $3 to $6
nrJitsu: folds
Uncalled bet ($3) returned to BcomeSomeone
BcomeSomeone collected $6 from pot
BcomeSomeone: doesn't show hand
*** SUMMARY ***
Total pot $6 | Rake $0
Seat 1: nrJitsu (big blind) folded before Flop
Seat 2: BcomeSomeone (button) (small blind) collected ($6)


PokerStars Hand #146304865893:  Hold'em Limit ($3/$6 USD) - 2016/01/01 20:51:56 ET
Table 'Dschubba II' 2-max Seat #1 is the button
Seat 1: nrJitsu ($266.42 in chips)
Seat 2: BcomeSomeone ($314.29 in chips)
nrJitsu: posts small blind $1
BcomeSomeone: posts big blind $3
*** HOLE CARDS ***
nrJitsu: raises $3 to $6
BcomeSomeone: calls $3
*** FLOP *** [Qc 3h 8h]
BcomeSomeone: checks
nrJitsu: bets $3
BcomeSomeone: calls $3
*** TURN *** [Qc 3h 8h] [Ah]
BcomeSomeone: checks
nrJitsu: bets $6
BcomeSomeone: calls $6
*** RIVER *** [Qc 3h 8h Ah] [Kd]
BcomeSomeone: checks
nrJitsu: bets $6
BcomeSomeone: folds
Uncalled bet ($6) returned to nrJitsu
nrJitsu collected $29.50 from pot
nrJitsu: doesn't show hand
*** SUMMARY ***
Total pot $30 | Rake $0.50
Board [Qc 3h 8h Ah Kd]
Seat 1: nrJitsu (button) (small blind) collected ($29.50)
Seat 2: BcomeSomeone (big blind) folded on the River


PokerStars Hand #146304861865:  Hold'em Limit ($3/$6 USD) - 2016/01/01 20:51:49 ET
Table 'Dschubba II' 2-max Seat #2 is the button
Seat 1: nrJitsu ($272.42 in chips)
Seat 2: BcomeSomeone ($308.53 in chips)
BcomeSomeone: posts small blind $1
nrJitsu: posts big blind $3
*** HOLE CARDS ***
BcomeSomeone: raises $3 to $6
nrJitsu: calls $3
*** FLOP *** [Th 2d 3h]
nrJitsu: checks
BcomeSomeone: bets $3
nrJitsu: folds
Uncalled bet ($3) returned to BcomeSomeone
BcomeSomeone collected $11.76 from pot
BcomeSomeone: doesn't show hand
*** SUMMARY ***
Total pot $12 | Rake $0.24
Board [Th 2d 3h]
Seat 1: nrJitsu (big blind) folded on the Flop
Seat 2: BcomeSomeone (button) (small blind) collected ($11.76)


PokerStars Hand #146304852537:  Hold'em Limit ($3/$6 USD) - 2016/01/01 20:51:31 ET
Table 'Dschubba II' 2-max Seat #1 is the button
Seat 1: nrJitsu ($281.42 in chips)
Seat 2: BcomeSomeone ($299.89 in chips)
nrJitsu: posts small blind $1
BcomeSomeone: posts big blind $3
*** HOLE CARDS ***
nrJitsu: raises $3 to $6
BcomeSomeone: calls $3
*** FLOP *** [4s Kd 3h]
BcomeSomeone: checks
nrJitsu: bets $3
BcomeSomeone: calls $3
*** TURN *** [4s Kd 3h] [5s]
BcomeSomeone: checks
nrJitsu: checks
*** RIVER *** [4s Kd 3h 5s] [As]
BcomeSomeone: checks
nrJitsu: checks
*** SHOW DOWN ***
BcomeSomeone: shows [2s Js] (a flush, Ace high)
nrJitsu: mucks hand
BcomeSomeone collected $17.64 from pot
*** SUMMARY ***
Total pot $18 | Rake $0.36
Board [4s Kd 3h 5s As]
Seat 1: nrJitsu (button) (small blind) mucked
Seat 2: BcomeSomeone (big blind) showed [2s Js] and won ($17.64) with a flush, Ace high


PokerStars Hand #146304847565:  Hold'em Limit ($3/$6 USD) - 2016/01/01 20:51:22 ET
Table 'Dschubba II' 2-max Seat #2 is the button
Seat 1: nrJitsu ($287.42 in chips)
Seat 2: BcomeSomeone ($294.13 in chips)
BcomeSomeone: posts small blind $1
nrJitsu: posts big blind $3
*** HOLE CARDS ***
BcomeSomeone: raises $3 to $6
nrJitsu: calls $3
*** FLOP *** [Ad Jc 5s]
nrJitsu: checks
BcomeSomeone: bets $3
nrJitsu: folds
Uncalled bet ($3) returned to BcomeSomeone
BcomeSomeone collected $11.76 from pot
BcomeSomeone: doesn't show hand
*** SUMMARY ***
Total pot $12 | Rake $0.24
Board [Ad Jc 5s]
Seat 1: nrJitsu (big blind) folded on the Flop
Seat 2: BcomeSomeone (button) (small blind) collected ($11.76)


PokerStars Hand #146304841806:  Hold'em Limit ($3/$6 USD) - 2016/01/01 20:51:11 ET
Table 'Dschubba II' 2-max Seat #1 is the button
Seat 1: nrJitsu ($293.42 in chips)
Seat 2: BcomeSomeone ($288.37 in chips)
nrJitsu: posts small blind $1
BcomeSomeone: posts big blind $3
*** HOLE CARDS ***
nrJitsu: raises $3 to $6
BcomeSomeone: calls $3
*** FLOP *** [8s 7d 7h]
BcomeSomeone: checks
nrJitsu: checks
*** TURN *** [8s 7d 7h] [4h]
BcomeSomeone: bets $6
nrJitsu: folds
Uncalled bet ($6) returned to BcomeSomeone
BcomeSomeone collected $11.76 from pot
BcomeSomeone: doesn't show hand
*** SUMMARY ***
Total pot $12 | Rake $0.24
Board [8s 7d 7h 4h]
Seat 1: nrJitsu (button) (small blind) folded on the Turn
Seat 2: BcomeSomeone (big blind) collected ($11.76)


PokerStars Hand #146304898261:  Hold'em Limit ($3/$6 USD) - 2016/01/01 20:52:57 ET
Table 'Dschubba II' 2-max Seat #1 is the button
Seat 1: nrJitsu ($235.92 in chips)
Seat 2: BcomeSomeone ($343.05 in chips)
nrJitsu: posts small blind $1
BcomeSomeone: posts big blind $3
*** HOLE CARDS ***
nrJitsu: raises $3 to $6
BcomeSomeone: raises $3 to $9
nrJitsu: calls $3
*** FLOP *** [7c 6c 3c]
BcomeSomeone: bets $3
nrJitsu: raises $3 to $6
BcomeSomeone: calls $3
*** TURN *** [7c 6c 3c] [5h]
BcomeSomeone: checks
nrJitsu: bets $6
BcomeSomeone: folds
Uncalled bet ($6) returned to nrJitsu
nrJitsu collected $29.50 from pot
nrJitsu: doesn't show hand
*** SUMMARY ***
Total pot $30 | Rake $0.50
Board [7c 6c 3c 5h]
Seat 1: nrJitsu (button) (small blind) collected ($29.50)
Seat 2: BcomeSomeone (big blind) folded on the Turn


PokerStars Hand #146304889842:  Hold'em Limit ($3/$6 USD) - 2016/01/01 20:52:41 ET
Table 'Dschubba II' 2-max Seat #2 is the button
Seat 1: nrJitsu ($259.92 in chips)
Seat 2: BcomeSomeone ($319.55 in chips)
BcomeSomeone: posts small blind $1
nrJitsu: posts big blind $3
*** HOLE CARDS ***
BcomeSomeone: raises $3 to $6
nrJitsu: calls $3
*** FLOP *** [7s 7d 6h]
nrJitsu: checks
BcomeSomeone: bets $3
nrJitsu: raises $3 to $6
BcomeSomeone: calls $3
*** TURN *** [7s 7d 6h] [8d]
nrJitsu: bets $6
BcomeSomeone: calls $6
*** RIVER *** [7s 7d 6h 8d] [Js]
nrJitsu: bets $6
BcomeSomeone: calls $6
*** SHOW DOWN ***
nrJitsu: shows [Qh 6d] (two pair, Sevens and Sixes)
BcomeSomeone: shows [Kc 8h] (two pair, Eights and Sevens)
BcomeSomeone collected $47.50 from pot
*** SUMMARY ***
Total pot $48 | Rake $0.50
Board [7s 7d 6h 8d Js]
Seat 1: nrJitsu (big blind) showed [Qh 6d] and lost with two pair, Sevens and Sixes
Seat 2: BcomeSomeone (button) (small blind) showed [Kc 8h] and won ($47.50) with two pair, Eights and Sevens


PokerStars Hand #146304882829:  Hold'em Limit ($3/$6 USD) - 2016/01/01 20:52:28 ET
Table 'Dschubba II' 2-max Seat #1 is the button
Seat 1: nrJitsu ($274.92 in chips)
Seat 2: BcomeSomeone ($305.05 in chips)
nrJitsu: posts small blind $1
BcomeSomeone: posts big blind $3
*** HOLE CARDS ***
nrJitsu: raises $3 to $6
BcomeSomeone: calls $3
*** FLOP *** [Ac 9s Ks]
BcomeSomeone: checks
nrJitsu: bets $3
BcomeSomeone: calls $3
*** TURN *** [Ac 9s Ks] [8s]
BcomeSomeone: checks
nrJitsu: checks
*** RIVER *** [Ac 9s Ks 8s] [9c]
BcomeSomeone: bets $6
nrJitsu: calls $6
*** SHOW DOWN ***
BcomeSomeone: shows [As 6s] (a flush, Ace high)
nrJitsu: mucks hand
BcomeSomeone collected $29.50 from pot
*** SUMMARY ***
Total pot $30 | Rake $0.50
Board [Ac 9s Ks 8s 9c]
Seat 1: nrJitsu (button) (small blind) mucked
Seat 2: BcomeSomeone (big blind) showed [As 6s] and won ($29.50) with a flush, Ace high


PokerStars Hand #146304877829:  Hold'em Limit ($3/$6 USD) - 2016/01/01 20:52:19 ET
Table 'Dschubba II' 2-max Seat #2 is the button
Seat 1: nrJitsu ($280.92 in chips)
Seat 2: BcomeSomeone ($299.29 in chips)
BcomeSomeone: posts small blind $1
nrJitsu: posts big blind $3
*** HOLE CARDS ***
BcomeSomeone: raises $3 to $6
nrJitsu: calls $3
*** FLOP *** [7d Qs Jh]
nrJitsu: checks
BcomeSomeone: bets $3
nrJitsu: folds
Uncalled bet ($3) returned to BcomeSomeone
BcomeSomeone collected $11.76 from pot
BcomeSomeone: doesn't show hand
*** SUMMARY ***
Total pot $12 | Rake $0.24
Board [7d Qs Jh]
Seat 1: nrJitsu (big blind) folded on the Flop
Seat 2: BcomeSomeone (button) (small blind) collected ($11.76)


PokerStars Hand #146304936290:  Hold'em Limit ($3/$6 USD) - 2016/01/01 20:54:08 ET
Table 'Dschubba II' 2-max Seat #1 is the button
Seat 1: nrJitsu ($271.08 in chips)
Seat 2: BcomeSomeone ($305.55 in chips)
nrJitsu: posts small blind $1
BcomeSomeone: posts big blind $3
*** HOLE CARDS ***
nrJitsu: raises $3 to $6
BcomeSomeone: calls $3
*** FLOP *** [6h Qd 3s]
BcomeSomeone: checks
nrJitsu: bets $3
BcomeSomeone: folds
Uncalled bet ($3) returned to nrJitsu
nrJitsu collected $11.76 from pot
nrJitsu: doesn't show hand
*** SUMMARY ***
Total pot $12 | Rake $0.24
Board [6h Qd 3s]
Seat 1: nrJitsu (button) (small blind) collected ($11.76)
Seat 2: BcomeSomeone (big blind) folded on the Flop


PokerStars Hand #146304929744:  Hold'em Limit ($3/$6 USD) - 2016/01/01 20:53:56 ET
Table 'Dschubba II' 2-max Seat #2 is the button
Seat 1: nrJitsu ($247.58 in chips)
Seat 2: BcomeSomeone ($329.55 in chips)
BcomeSomeone: posts small blind $1
nrJitsu: posts big blind $3
*** HOLE CARDS ***
BcomeSomeone: raises $3 to $6
nrJitsu: calls $3
*** FLOP *** [Ts 3h 6d]
nrJitsu: checks
BcomeSomeone: bets $3
nrJitsu: raises $3 to $6
BcomeSomeone: calls $3
*** TURN *** [Ts 3h 6d] [Jh]
nrJitsu: bets $6
BcomeSomeone: raises $6 to $12
nrJitsu: calls $6
*** RIVER *** [Ts 3h 6d Jh] [7c]
nrJitsu: checks
BcomeSomeone: checks
*** SHOW DOWN ***
nrJitsu: shows [9c 8h] (a straight, Seven to Jack)
BcomeSomeone: mucks hand
nrJitsu collected $47.50 from pot
*** SUMMARY ***
Total pot $48 | Rake $0.50
Board [Ts 3h 6d Jh 7c]
Seat 1: nrJitsu (big blind) showed [9c 8h] and won ($47.50) with a straight, Seven to Jack
Seat 2: BcomeSomeone (button) (small blind) mucked


PokerStars Hand #146304926153:  Hold'em Limit ($3/$6 USD) - 2016/01/01 20:53:50 ET
Table 'Dschubba II' 2-max Seat #1 is the button
Seat 1: nrJitsu ($241.82 in chips)
Seat 2: BcomeSomeone ($335.55 in chips)
nrJitsu: posts small blind $1
BcomeSomeone: posts big blind $3
*** HOLE CARDS ***
nrJitsu: raises $3 to $6
BcomeSomeone: calls $3
*** FLOP *** [6c Kc 5d]
BcomeSomeone: checks
nrJitsu: bets $3
BcomeSomeone: folds
Uncalled bet ($3) returned to nrJitsu
nrJitsu collected $11.76 from pot
nrJitsu: doesn't show hand
*** SUMMARY ***
Total pot $12 | Rake $0.24
Board [6c Kc 5d]
Seat 1: nrJitsu (button) (small blind) collected ($11.76)
Seat 2: BcomeSomeone (big blind) folded on the Flop


PokerStars Hand #146304923842:  Hold'em Limit ($3/$6 USD) - 2016/01/01 20:53:45 ET
Table 'Dschubba II' 2-max Seat #2 is the button
Seat 1: nrJitsu ($244.82 in chips)
Seat 2: BcomeSomeone ($332.55 in chips)
BcomeSomeone: posts small blind $1
nrJitsu: posts big blind $3
*** HOLE CARDS ***
BcomeSomeone: raises $3 to $6
nrJitsu: folds
Uncalled bet ($3) returned to BcomeSomeone
BcomeSomeone collected $6 from pot
BcomeSomeone: doesn't show hand
*** SUMMARY ***
Total pot $6 | Rake $0
Seat 1: nrJitsu (big blind) folded before Flop
Seat 2: BcomeSomeone (button) (small blind) collected ($6)


PokerStars Hand #146304918981:  Hold'em Limit ($3/$6 USD) - 2016/01/01 20:53:36 ET
Table 'Dschubba II' 2-max Seat #1 is the button
Seat 1: nrJitsu ($236.18 in chips)
Seat 2: BcomeSomeone ($341.55 in chips)
nrJitsu: posts small blind $1
BcomeSomeone: posts big blind $3
*** HOLE CARDS ***
nrJitsu: raises $3 to $6
BcomeSomeone: calls $3
*** FLOP *** [7c Ad 4d]
BcomeSomeone: checks
nrJitsu: bets $3
BcomeSomeone: calls $3
*** TURN *** [7c Ad 4d] [Qc]
BcomeSomeone: checks
nrJitsu: bets $6
BcomeSomeone: folds
Uncalled bet ($6) returned to nrJitsu
nrJitsu collected $17.64 from pot
nrJitsu: doesn't show hand
*** SUMMARY ***
Total pot $18 | Rake $0.36
Board [7c Ad 4d Qc]
Seat 1: nrJitsu (button) (small blind) collected ($17.64)
Seat 2: BcomeSomeone (big blind) folded on the Turn


PokerStars Hand #146304916506:  Hold'em Limit ($3/$6 USD) - 2016/01/01 20:53:31 ET
Table 'Dschubba II' 2-max Seat #2 is the button
Seat 1: nrJitsu ($235.18 in chips)
Seat 2: BcomeSomeone ($342.55 in chips)
BcomeSomeone: posts small blind $1
nrJitsu: posts big blind $3
*** HOLE CARDS ***
BcomeSomeone: folds
Uncalled bet ($2) returned to nrJitsu
nrJitsu collected $2 from pot
nrJitsu: doesn't show hand
*** SUMMARY ***
Total pot $2 | Rake $0
Seat 1: nrJitsu (big blind) collected ($2)
Seat 2: BcomeSomeone (button) (small blind) folded before Flop


PokerStars Hand #146304913181:  Hold'em Limit ($3/$6 USD) - 2016/01/01 20:53:25 ET
Table 'Dschubba II' 2-max Seat #1 is the button
Seat 1: nrJitsu ($229.42 in chips)
Seat 2: BcomeSomeone ($348.55 in chips)
nrJitsu: posts small blind $1
BcomeSomeone: posts big blind $3
*** HOLE CARDS ***
nrJitsu: raises $3 to $6
BcomeSomeone: calls $3
*** FLOP *** [Ad 5d Js]
BcomeSomeone: checks
nrJitsu: bets $3
BcomeSomeone: folds
Uncalled bet ($3) returned to nrJitsu
nrJitsu collected $11.76 from pot
nrJitsu: doesn't show hand
*** SUMMARY ***
Total pot $12 | Rake $0.24
Board [Ad 5d Js]
Seat 1: nrJitsu (button) (small blind) collected ($11.76)
Seat 2: BcomeSomeone (big blind) folded on the Flop


PokerStars Hand #146304904692:  Hold'em Limit ($3/$6 USD) - 2016/01/01 20:53:09 ET
Table 'Dschubba II' 2-max Seat #2 is the button
Seat 1: nrJitsu ($250.42 in chips)
Seat 2: BcomeSomeone ($328.05 in chips)
BcomeSomeone: posts small blind $1
nrJitsu: posts big blind $3
*** HOLE CARDS ***
BcomeSomeone: raises $3 to $6
nrJitsu: calls $3
*** FLOP *** [4d Th 5s]
nrJitsu: checks
BcomeSomeone: bets $3
nrJitsu: raises $3 to $6
BcomeSomeone: raises $3 to $9
nrJitsu: calls $3
*** TURN *** [4d Th 5s] [3d]
nrJitsu: checks
BcomeSomeone: bets $6
nrJitsu: calls $6
*** RIVER *** [4d Th 5s 3d] [Kc]
nrJitsu: checks
BcomeSomeone: bets $6
nrJitsu: folds
Uncalled bet ($6) returned to BcomeSomeone
BcomeSomeone collected $41.50 from pot
BcomeSomeone: doesn't show hand
*** SUMMARY ***
Total pot $42 | Rake $0.50
Board [4d Th 5s 3d Kc]
Seat 1: nrJitsu (big blind) folded on the River
Seat 2: BcomeSomeone (button) (small blind) collected ($41.50)


PokerStars Hand #146304957552:  Hold'em Limit ($3/$6 USD) - 2016/01/01 20:54:48 ET
Table 'Dschubba II' 2-max Seat #1 is the button
Seat 1: nrJitsu ($270.36 in chips)
Seat 2: BcomeSomeone ($304.83 in chips)
nrJitsu: posts small blind $1
BcomeSomeone: posts big blind $3
*** HOLE CARDS ***
nrJitsu: raises $3 to $6
BcomeSomeone: calls $3
*** FLOP *** [6s 8s 8h]
BcomeSomeone: checks
nrJitsu: bets $3
BcomeSomeone: raises $3 to $6
nrJitsu: calls $3
*** TURN *** [6s 8s 8h] [7c]
BcomeSomeone: bets $6
nrJitsu: calls $6
*** RIVER *** [6s 8s 8h 7c] [Td]
BcomeSomeone: bets $6
nrJitsu: calls $6
*** SHOW DOWN ***
BcomeSomeone: shows [9s 8d] (a straight, Six to Ten)
nrJitsu: mucks hand
BcomeSomeone collected $47.50 from pot
*** SUMMARY ***
Total pot $48 | Rake $0.50
Board [6s 8s 8h 7c Td]
Seat 1: nrJitsu (button) (small blind) mucked
Seat 2: BcomeSomeone (big blind) showed [9s 8d] and won ($47.50) with a straight, Six to Ten


PokerStars Hand #146304953249:  Hold'em Limit ($3/$6 USD) - 2016/01/01 20:54:40 ET
Table 'Dschubba II' 2-max Seat #2 is the button
Seat 1: nrJitsu ($276.36 in chips)
Seat 2: BcomeSomeone ($299.07 in chips)
BcomeSomeone: posts small blind $1
nrJitsu: posts big blind $3
*** HOLE CARDS ***
BcomeSomeone: raises $3 to $6
nrJitsu: calls $3
*** FLOP *** [8d Kc 2d]
nrJitsu: checks
BcomeSomeone: bets $3
nrJitsu: folds
Uncalled bet ($3) returned to BcomeSomeone
BcomeSomeone collected $11.76 from pot
BcomeSomeone: doesn't show hand
*** SUMMARY ***
Total pot $12 | Rake $0.24
Board [8d Kc 2d]
Seat 1: nrJitsu (big blind) folded on the Flop
Seat 2: BcomeSomeone (button) (small blind) collected ($11.76)


PokerStars Hand #146304946376:  Hold'em Limit ($3/$6 USD) - 2016/01/01 20:54:27 ET
Table 'Dschubba II' 2-max Seat #1 is the button
Seat 1: nrJitsu ($288.36 in chips)
Seat 2: BcomeSomeone ($287.55 in chips)
nrJitsu: posts small blind $1
BcomeSomeone: posts big blind $3
*** HOLE CARDS ***
nrJitsu: raises $3 to $6
BcomeSomeone: raises $3 to $9
nrJitsu: calls $3
*** FLOP *** [6h 4h Qc]
BcomeSomeone: bets $3
nrJitsu: calls $3
*** TURN *** [6h 4h Qc] [4d]
BcomeSomeone: checks
nrJitsu: checks
*** RIVER *** [6h 4h Qc 4d] [6d]
BcomeSomeone: checks
nrJitsu: checks
*** SHOW DOWN ***
BcomeSomeone: shows [Td Kd] (two pair, Sixes and Fours)
nrJitsu: mucks hand
BcomeSomeone collected $23.52 from pot
*** SUMMARY ***
Total pot $24 | Rake $0.48
Board [6h 4h Qc 4d 6d]
Seat 1: nrJitsu (button) (small blind) mucked
Seat 2: BcomeSomeone (big blind) showed [Td Kd] and won ($23.52) with two pair, Sixes and Fours


PokerStars Hand #146304939635:  Hold'em Limit ($3/$6 USD) - 2016/01/01 20:54:15 ET
Table 'Dschubba II' 2-max Seat #2 is the button
Seat 1: nrJitsu ($276.84 in chips)
Seat 2: BcomeSomeone ($299.55 in chips)
BcomeSomeone: posts small blind $1
nrJitsu: posts big blind $3
*** HOLE CARDS ***
BcomeSomeone: raises $3 to $6
nrJitsu: calls $3
*** FLOP *** [8h 6h Qd]
nrJitsu: checks
BcomeSomeone: bets $3
nrJitsu: raises $3 to $6
BcomeSomeone: calls $3
*** TURN *** [8h 6h Qd] [Th]
nrJitsu: bets $6
BcomeSomeone: folds
Uncalled bet ($6) returned to nrJitsu
nrJitsu collected $23.52 from pot
nrJitsu: doesn't show hand
*** SUMMARY ***
Total pot $24 | Rake $0.48
Board [8h 6h Qd Th]
Seat 1: nrJitsu (big blind) collected ($23.52)
Seat 2: BcomeSomeone (button) (small blind) folded on the Turn


PokerStars Hand #146304993846:  Hold'em Limit ($3/$6 USD) - 2016/01/01 20:56:05 ET
Table 'Dschubba II' 2-max Seat #2 is the button
Seat 1: nrJitsu ($256.50 in chips)
Seat 2: BcomeSomeone ($316.83 in chips)
BcomeSomeone: posts small blind $1
nrJitsu: posts big blind $3
*** HOLE CARDS ***
BcomeSomeone: raises $3 to $6
nrJitsu: calls $3
*** FLOP *** [Ts 2c 7s]
nrJitsu: checks
BcomeSomeone: bets $3
nrJitsu: folds
Uncalled bet ($3) returned to BcomeSomeone
BcomeSomeone collected $11.76 from pot
BcomeSomeone: doesn't show hand
*** SUMMARY ***
Total pot $12 | Rake $0.24
Board [Ts 2c 7s]
Seat 1: nrJitsu (big blind) folded on the Flop
Seat 2: BcomeSomeone (button) (small blind) collected ($11.76)


PokerStars Hand #146304991832:  Hold'em Limit ($3/$6 USD) - 2016/01/01 20:56:00 ET
Table 'Dschubba II' 2-max Seat #1 is the button
Seat 1: nrJitsu ($257.50 in chips)
Seat 2: BcomeSomeone ($315.83 in chips)
nrJitsu: posts small blind $1
BcomeSomeone: posts big blind $3
*** HOLE CARDS ***
nrJitsu: folds
Uncalled bet ($2) returned to BcomeSomeone
BcomeSomeone collected $2 from pot
BcomeSomeone: doesn't show hand
*** SUMMARY ***
Total pot $2 | Rake $0
Seat 1: nrJitsu (button) (small blind) folded before Flop
Seat 2: BcomeSomeone (big blind) collected ($2)


PokerStars Hand #146304985750:  Hold'em Limit ($3/$6 USD) - 2016/01/01 20:55:47 ET
Table 'Dschubba II' 2-max Seat #2 is the button
Seat 1: nrJitsu ($278.50 in chips)
Seat 2: BcomeSomeone ($295.33 in chips)
BcomeSomeone: posts small blind $1
nrJitsu: posts big blind $3
*** HOLE CARDS ***
BcomeSomeone: raises $3 to $6
nrJitsu: calls $3
*** FLOP *** [7s 3s 7d]
nrJitsu: checks
BcomeSomeone: bets $3
nrJitsu: calls $3
*** TURN *** [7s 3s 7d] [2h]
nrJitsu: checks
BcomeSomeone: bets $6
nrJitsu: calls $6
*** RIVER *** [7s 3s 7d 2h] [Jd]
nrJitsu: checks
BcomeSomeone: bets $6
nrJitsu: calls $6
*** SHOW DOWN ***
BcomeSomeone: shows [3d Kd] (two pair, Sevens and Threes)
nrJitsu: mucks hand
BcomeSomeone collected $41.50 from pot
*** SUMMARY ***
Total pot $42 | Rake $0.50
Board [7s 3s 7d 2h Jd]
Seat 1: nrJitsu (big blind) mucked
Seat 2: BcomeSomeone (button) (small blind) showed [3d Kd] and won ($41.50) with two pair, Sevens and Threes


PokerStars Hand #146304978224:  Hold'em Limit ($3/$6 USD) - 2016/01/01 20:55:31 ET
Table 'Dschubba II' 2-max Seat #1 is the button
Seat 1: nrJitsu ($269.86 in chips)
Seat 2: BcomeSomeone ($304.33 in chips)
nrJitsu: posts small blind $1
BcomeSomeone: posts big blind $3
*** HOLE CARDS ***
nrJitsu: raises $3 to $6
BcomeSomeone: calls $3
*** FLOP *** [Tc 8h 2d]
BcomeSomeone: checks
nrJitsu: bets $3
BcomeSomeone: calls $3
*** TURN *** [Tc 8h 2d] [5c]
BcomeSomeone: checks
nrJitsu: checks
*** RIVER *** [Tc 8h 2d 5c] [5d]
BcomeSomeone: checks
nrJitsu: checks
*** SHOW DOWN ***
BcomeSomeone: shows [6c Kh] (a pair of Fives)
nrJitsu: shows [Qs Ks] (a pair of Fives - King+Queen kicker)
nrJitsu collected $17.64 from pot
*** SUMMARY ***
Total pot $18 | Rake $0.36
Board [Tc 8h 2d 5c 5d]
Seat 1: nrJitsu (button) (small blind) showed [Qs Ks] and won ($17.64) with a pair of Fives
Seat 2: BcomeSomeone (big blind) showed [6c Kh] and lost with a pair of Fives


PokerStars Hand #146304968113:  Hold'em Limit ($3/$6 USD) - 2016/01/01 20:55:09 ET
Table 'Dschubba II' 2-max Seat #2 is the button
Seat 1: nrJitsu ($246.36 in chips)
Seat 2: BcomeSomeone ($328.33 in chips)
BcomeSomeone: posts small blind $1
nrJitsu: posts big blind $3
*** HOLE CARDS ***
BcomeSomeone: raises $3 to $6
nrJitsu: raises $3 to $9
BcomeSomeone: calls $3
*** FLOP *** [Qd Ac 7h]
nrJitsu: bets $3
BcomeSomeone: calls $3
*** TURN *** [Qd Ac 7h] [4c]
nrJitsu: bets $6
BcomeSomeone: calls $6
*** RIVER *** [Qd Ac 7h 4c] [5d]
nrJitsu: bets $6
BcomeSomeone: calls $6
*** SHOW DOWN ***
nrJitsu: shows [Ah Tc] (a pair of Aces)
BcomeSomeone: mucks hand
nrJitsu collected $47.50 from pot
*** SUMMARY ***
Total pot $48 | Rake $0.50
Board [Qd Ac 7h 4c 5d]
Seat 1: nrJitsu (big blind) showed [Ah Tc] and won ($47.50) with a pair of Aces
Seat 2: BcomeSomeone (button) (small blind) mucked


PokerStars Hand #146305021322:  Hold'em Limit ($3/$6 USD) - 2016/01/01 20:57:03 ET
Table 'Dschubba II' 2-max Seat #2 is the button
Seat 1: nrJitsu ($199.50 in chips)
Seat 2: BcomeSomeone ($372.35 in chips)
BcomeSomeone: posts small blind $1
nrJitsu: posts big blind $3
*** HOLE CARDS ***
BcomeSomeone: raises $3 to $6
nrJitsu: calls $3
*** FLOP *** [4h 9c 5d]
nrJitsu: checks
BcomeSomeone: bets $3
nrJitsu: calls $3
*** TURN *** [4h 9c 5d] [6s]
nrJitsu: checks
BcomeSomeone: checks
*** RIVER *** [4h 9c 5d 6s] [9h]
nrJitsu: checks
BcomeSomeone: bets $6
nrJitsu: calls $6
*** SHOW DOWN ***
BcomeSomeone: shows [4c Jd] (two pair, Nines and Fours)
nrJitsu: mucks hand
BcomeSomeone collected $29.50 from pot
*** SUMMARY ***
Total pot $30 | Rake $0.50
Board [4h 9c 5d 6s 9h]
Seat 1: nrJitsu (big blind) mucked
Seat 2: BcomeSomeone (button) (small blind) showed [4c Jd] and won ($29.50) with two pair, Nines and Fours


PokerStars Hand #146305019341:  Hold'em Limit ($3/$6 USD) - 2016/01/01 20:56:59 ET
Table 'Dschubba II' 2-max Seat #1 is the button
Seat 1: nrJitsu ($200.50 in chips)
Seat 2: BcomeSomeone ($371.35 in chips)
nrJitsu: posts small blind $1
BcomeSomeone: posts big blind $3
*** HOLE CARDS ***
nrJitsu: folds
Uncalled bet ($2) returned to BcomeSomeone
BcomeSomeone collected $2 from pot
BcomeSomeone: doesn't show hand
*** SUMMARY ***
Total pot $2 | Rake $0
Seat 1: nrJitsu (button) (small blind) folded before Flop
Seat 2: BcomeSomeone (big blind) collected ($2)


PokerStars Hand #146305017294:  Hold'em Limit ($3/$6 USD) - 2016/01/01 20:56:54 ET
Table 'Dschubba II' 2-max Seat #2 is the button
Seat 1: nrJitsu ($203.50 in chips)
Seat 2: BcomeSomeone ($368.35 in chips)
BcomeSomeone: posts small blind $1
nrJitsu: posts big blind $3
*** HOLE CARDS ***
BcomeSomeone: raises $3 to $6
nrJitsu: folds
Uncalled bet ($3) returned to BcomeSomeone
BcomeSomeone collected $6 from pot
BcomeSomeone: doesn't show hand
*** SUMMARY ***
Total pot $6 | Rake $0
Seat 1: nrJitsu (big blind) folded before Flop
Seat 2: BcomeSomeone (button) (small blind) collected ($6)


PokerStars Hand #146305015284:  Hold'em Limit ($3/$6 USD) - 2016/01/01 20:56:50 ET
Table 'Dschubba II' 2-max Seat #1 is the button
Seat 1: nrJitsu ($200.50 in chips)
Seat 2: BcomeSomeone ($371.35 in chips)
nrJitsu: posts small blind $1
BcomeSomeone: posts big blind $3
*** HOLE CARDS ***
nrJitsu: raises $3 to $6
BcomeSomeone: folds
Uncalled bet ($3) returned to nrJitsu
nrJitsu collected $6 from pot
nrJitsu: doesn't show hand
*** SUMMARY ***
Total pot $6 | Rake $0
Seat 1: nrJitsu (button) (small blind) collected ($6)
Seat 2: BcomeSomeone (big blind) folded before Flop


PokerStars Hand #146305013303:  Hold'em Limit ($3/$6 USD) - 2016/01/01 20:56:46 ET
Table 'Dschubba II' 2-max Seat #2 is the button
Seat 1: nrJitsu ($199.50 in chips)
Seat 2: BcomeSomeone ($372.35 in chips)
BcomeSomeone: posts small blind $1
nrJitsu: posts big blind $3
*** HOLE CARDS ***
BcomeSomeone: folds
Uncalled bet ($2) returned to nrJitsu
nrJitsu collected $2 from pot
nrJitsu: doesn't show hand
*** SUMMARY ***
Total pot $2 | Rake $0
Seat 1: nrJitsu (big blind) collected ($2)
Seat 2: BcomeSomeone (button) (small blind) folded before Flop


PokerStars Hand #146305008054:  Hold'em Limit ($3/$6 USD) - 2016/01/01 20:56:35 ET
Table 'Dschubba II' 2-max Seat #1 is the button
Seat 1: nrJitsu ($214.50 in chips)
Seat 2: BcomeSomeone ($357.85 in chips)
nrJitsu: posts small blind $1
BcomeSomeone: posts big blind $3
*** HOLE CARDS ***
nrJitsu: raises $3 to $6
BcomeSomeone: calls $3
*** FLOP *** [Jd 9c 3h]
BcomeSomeone: checks
nrJitsu: bets $3
BcomeSomeone: calls $3
*** TURN *** [Jd 9c 3h] [4d]
BcomeSomeone: checks
nrJitsu: bets $6
BcomeSomeone: calls $6
*** RIVER *** [Jd 9c 3h 4d] [2s]
BcomeSomeone: checks
nrJitsu: checks
*** SHOW DOWN ***
BcomeSomeone: shows [Th 3s] (a pair of Threes)
nrJitsu: mucks hand
BcomeSomeone collected $29.50 from pot
*** SUMMARY ***
Total pot $30 | Rake $0.50
Board [Jd 9c 3h 4d 2s]
Seat 1: nrJitsu (button) (small blind) mucked
Seat 2: BcomeSomeone (big blind) showed [Th 3s] and won ($29.50) with a pair of Threes


PokerStars Hand #146305004417:  Hold'em Limit ($3/$6 USD) - 2016/01/01 20:56:27 ET
Table 'Dschubba II' 2-max Seat #2 is the button
Seat 1: nrJitsu ($220.50 in chips)
Seat 2: BcomeSomeone ($352.09 in chips)
BcomeSomeone: posts small blind $1
nrJitsu: posts big blind $3
*** HOLE CARDS ***
BcomeSomeone: raises $3 to $6
nrJitsu: calls $3
*** FLOP *** [6h 4c Jc]
nrJitsu: checks
BcomeSomeone: bets $3
nrJitsu: folds
Uncalled bet ($3) returned to BcomeSomeone
BcomeSomeone collected $11.76 from pot
BcomeSomeone: doesn't show hand
*** SUMMARY ***
Total pot $12 | Rake $0.24
Board [6h 4c Jc]
Seat 1: nrJitsu (big blind) folded on the Flop
Seat 2: BcomeSomeone (button) (small blind) collected ($11.76)


PokerStars Hand #146304998680:  Hold'em Limit ($3/$6 USD) - 2016/01/01 20:56:15 ET
Table 'Dschubba II' 2-max Seat #1 is the button
Seat 1: nrJitsu ($250.50 in chips)
Seat 2: BcomeSomeone ($322.59 in chips)
nrJitsu: posts small blind $1
BcomeSomeone: posts big blind $3
*** HOLE CARDS ***
nrJitsu: raises $3 to $6
BcomeSomeone: raises $3 to $9
nrJitsu: calls $3
*** FLOP *** [2s 9s 4s]
BcomeSomeone: bets $3
nrJitsu: calls $3
*** TURN *** [2s 9s 4s] [Ah]
BcomeSomeone: bets $6
nrJitsu: raises $6 to $12
BcomeSomeone: calls $6
*** RIVER *** [2s 9s 4s Ah] [Jd]
BcomeSomeone: checks
nrJitsu: bets $6
BcomeSomeone: calls $6
*** SHOW DOWN ***
nrJitsu: shows [As Th] (a pair of Aces)
BcomeSomeone: shows [Kh Ad] (a pair of Aces - King kicker)
BcomeSomeone collected $59.50 from pot
*** SUMMARY ***
Total pot $60 | Rake $0.50
Board [2s 9s 4s Ah Jd]
Seat 1: nrJitsu (button) (small blind) showed [As Th] and lost with a pair of Aces
Seat 2: BcomeSomeone (big blind) showed [Kh Ad] and won ($59.50) with a pair of Aces


PokerStars Hand #146305055975:  Hold'em Limit ($3/$6 USD) - 2016/01/01 20:58:17 ET
Table 'Dschubba II' 2-max Seat #2 is the button
Seat 1: nrJitsu ($155.75 in chips)
Seat 2: BcomeSomeone ($414.10 in chips)
BcomeSomeone: posts small blind $1
nrJitsu: posts big blind $3
*** HOLE CARDS ***
BcomeSomeone: folds
Uncalled bet ($2) returned to nrJitsu
nrJitsu collected $2 from pot
nrJitsu: doesn't show hand
*** SUMMARY ***
Total pot $2 | Rake $0
Seat 1: nrJitsu (big blind) collected ($2)
Seat 2: BcomeSomeone (button) (small blind) folded before Flop


PokerStars Hand #146305054130:  Hold'em Limit ($3/$6 USD) - 2016/01/01 20:58:13 ET
Table 'Dschubba II' 2-max Seat #1 is the button
Seat 1: nrJitsu ($156.75 in chips)
Seat 2: BcomeSomeone ($413.10 in chips)
nrJitsu: posts small blind $1
BcomeSomeone: posts big blind $3
*** HOLE CARDS ***
nrJitsu: folds
Uncalled bet ($2) returned to BcomeSomeone
BcomeSomeone collected $2 from pot
BcomeSomeone: doesn't show hand
*** SUMMARY ***
Total pot $2 | Rake $0
Seat 1: nrJitsu (button) (small blind) folded before Flop
Seat 2: BcomeSomeone (big blind) collected ($2)


PokerStars Hand #146305051609:  Hold'em Limit ($3/$6 USD) - 2016/01/01 20:58:08 ET
Table 'Dschubba II' 2-max Seat #2 is the button
Seat 1: nrJitsu ($159.75 in chips)
Seat 2: BcomeSomeone ($410.10 in chips)
BcomeSomeone: posts small blind $1
nrJitsu: posts big blind $3
*** HOLE CARDS ***
BcomeSomeone: raises $3 to $6
nrJitsu: folds
Uncalled bet ($3) returned to BcomeSomeone
BcomeSomeone collected $6 from pot
BcomeSomeone: doesn't show hand
*** SUMMARY ***
Total pot $6 | Rake $0
Seat 1: nrJitsu (big blind) folded before Flop
Seat 2: BcomeSomeone (button) (small blind) collected ($6)


PokerStars Hand #146305027307:  Hold'em Limit ($3/$6 USD) - 2016/01/01 20:57:16 ET
Table 'Dschubba II' 2-max Seat #1 is the button
Seat 1: nrJitsu ($184.50 in chips)
Seat 2: BcomeSomeone ($386.85 in chips)
nrJitsu: posts small blind $1
BcomeSomeone: posts big blind $3
*** HOLE CARDS ***
nrJitsu: raises $3 to $6
BcomeSomeone: raises $3 to $9
nrJitsu: calls $3
*** FLOP *** [Qh Ad 3h]
BcomeSomeone: bets $3
nrJitsu: calls $3
*** TURN *** [Qh Ad 3h] [Tc]
BcomeSomeone: bets $6
nrJitsu: calls $6
*** RIVER *** [Qh Ad 3h Tc] [3c]
BcomeSomeone: bets $6
nrJitsu: calls $6
*** SHOW DOWN ***
BcomeSomeone: shows [Ah 9h] (two pair, Aces and Threes)
nrJitsu: shows [8c As] (two pair, Aces and Threes)
BcomeSomeone collected $23.75 from pot
nrJitsu collected $23.75 from pot
*** SUMMARY ***
Total pot $48 | Rake $0.50
Board [Qh Ad 3h Tc 3c]
Seat 1: nrJitsu (button) (small blind) showed [8c As] and won ($23.75) with two pair, Aces and Threes
Seat 2: BcomeSomeone (big blind) showed [Ah 9h] and won ($23.75) with two pair, Aces and Threes


PokerStars Hand #146305032766:  Hold'em Limit ($3/$6 USD) - 2016/01/01 20:57:28 ET
Table 'Dschubba II' 2-max Seat #2 is the button
Seat 1: nrJitsu ($184.25 in chips)
Seat 2: BcomeSomeone ($386.60 in chips)
BcomeSomeone: posts small blind $1
nrJitsu: posts big blind $3
*** HOLE CARDS ***
BcomeSomeone: raises $3 to $6
nrJitsu: calls $3
*** FLOP *** [7h 9d 6h]
nrJitsu: checks
BcomeSomeone: bets $3
nrJitsu: calls $3
*** TURN *** [7h 9d 6h] [4d]
nrJitsu: bets $6
BcomeSomeone: calls $6
*** RIVER *** [7h 9d 6h 4d] [7s]
nrJitsu: bets $6
BcomeSomeone: folds
Uncalled bet ($6) returned to nrJitsu
nrJitsu collected $29.50 from pot
nrJitsu: doesn't show hand
*** SUMMARY ***
Total pot $30 | Rake $0.50
Board [7h 9d 6h 4d 7s]
Seat 1: nrJitsu (big blind) collected ($29.50)
Seat 2: BcomeSomeone (button) (small blind) folded on the River


PokerStars Hand #146305074377:  Hold'em Limit ($3/$6 USD) - 2016/01/01 20:58:57 ET
Table 'Dschubba II' 2-max Seat #2 is the button
Seat 1: nrJitsu ($156.25 in chips)
Seat 2: BcomeSomeone ($412.50 in chips)
BcomeSomeone: posts small blind $1
nrJitsu: posts big blind $3
*** HOLE CARDS ***
BcomeSomeone: raises $3 to $6
nrJitsu: calls $3
*** FLOP *** [Ks Qs Jh]
nrJitsu: checks
BcomeSomeone: checks
*** TURN *** [Ks Qs Jh] [As]
nrJitsu: bets $6
BcomeSomeone: calls $6
*** RIVER *** [Ks Qs Jh As] [6h]
nrJitsu: bets $6
BcomeSomeone: raises $6 to $12
nrJitsu: folds
Uncalled bet ($6) returned to BcomeSomeone
BcomeSomeone collected $35.50 from pot
BcomeSomeone: doesn't show hand
*** SUMMARY ***
Total pot $36 | Rake $0.50
Board [Ks Qs Jh As 6h]
Seat 1: nrJitsu (big blind) folded on the River
Seat 2: BcomeSomeone (button) (small blind) collected ($35.50)


PokerStars Hand #146305058117:  Hold'em Limit ($3/$6 USD) - 2016/01/01 20:58:22 ET
Table 'Dschubba II' 2-max Seat #1 is the button
Seat 1: nrJitsu ($156.75 in chips)
Seat 2: BcomeSomeone ($413.10 in chips)
nrJitsu: posts small blind $1
BcomeSomeone: posts big blind $3
*** HOLE CARDS ***
nrJitsu: raises $3 to $6
BcomeSomeone: calls $3
*** FLOP *** [6s Ts 9s]
BcomeSomeone: checks
nrJitsu: bets $3
BcomeSomeone: calls $3
*** TURN *** [6s Ts 9s] [7c]
BcomeSomeone: checks
nrJitsu: bets $6
BcomeSomeone: calls $6
*** RIVER *** [6s Ts 9s 7c] [Kc]
BcomeSomeone: checks
nrJitsu: checks
*** SHOW DOWN ***
BcomeSomeone: shows [Td 3c] (a pair of Tens)
nrJitsu: shows [Qc Tc] (a pair of Tens - King+Queen kicker)
nrJitsu collected $29.50 from pot
*** SUMMARY ***
Total pot $30 | Rake $0.50
Board [6s Ts 9s 7c Kc]
Seat 1: nrJitsu (button) (small blind) showed [Qc Tc] and won ($29.50) with a pair of Tens
Seat 2: BcomeSomeone (big blind) showed [Td 3c] and lost with a pair of Tens


PokerStars Hand #146305062904:  Hold'em Limit ($3/$6 USD) - 2016/01/01 20:58:32 ET
Table 'Dschubba II' 2-max Seat #2 is the button
Seat 1: nrJitsu ($171.25 in chips)
Seat 2: BcomeSomeone ($398.10 in chips)
BcomeSomeone: posts small blind $1
nrJitsu: posts big blind $3
*** HOLE CARDS ***
BcomeSomeone: raises $3 to $6
nrJitsu: calls $3
*** FLOP *** [8d Js Ts]
nrJitsu: checks
BcomeSomeone: bets $3
nrJitsu: folds
Uncalled bet ($3) returned to BcomeSomeone
BcomeSomeone collected $11.76 from pot
BcomeSomeone: doesn't show hand
*** SUMMARY ***
Total pot $12 | Rake $0.24
Board [8d Js Ts]
Seat 1: nrJitsu (big blind) folded on the Flop
Seat 2: BcomeSomeone (button) (small blind) collected ($11.76)


PokerStars Hand #146305067593:  Hold'em Limit ($3/$6 USD) - 2016/01/01 20:58:42 ET
Table 'Dschubba II' 2-max Seat #1 is the button
Seat 1: nrJitsu ($165.25 in chips)
Seat 2: BcomeSomeone ($403.86 in chips)
nrJitsu: posts small blind $1
BcomeSomeone: posts big blind $3
*** HOLE CARDS ***
nrJitsu: raises $3 to $6
BcomeSomeone: raises $3 to $9
nrJitsu: calls $3
*** FLOP *** [8h 8s 4c]
BcomeSomeone: bets $3
nrJitsu: folds
Uncalled bet ($3) returned to BcomeSomeone
BcomeSomeone collected $17.64 from pot
BcomeSomeone: doesn't show hand
*** SUMMARY ***
Total pot $18 | Rake $0.36
Board [8h 8s 4c]
Seat 1: nrJitsu (button) (small blind) folded on the Flop
Seat 2: BcomeSomeone (big blind) collected ($17.64)


PokerStars Hand #146305104947:  Hold'em Limit ($3/$6 USD) - 2016/01/01 21:00:03 ET
Table 'Dschubba II' 2-max Seat #1 is the button
Seat 1: nrJitsu ($170.15 in chips)
Seat 2: BcomeSomeone ($396.76 in chips)
nrJitsu: posts small blind $1
BcomeSomeone: posts big blind $3
*** HOLE CARDS ***
nrJitsu: raises $3 to $6
BcomeSomeone: calls $3
*** FLOP *** [Ad 6s 5h]
BcomeSomeone: checks
nrJitsu: bets $3
BcomeSomeone: raises $3 to $6
nrJitsu: calls $3
*** TURN *** [Ad 6s 5h] [3d]
BcomeSomeone: bets $6
nrJitsu: calls $6
*** RIVER *** [Ad 6s 5h 3d] [9h]
BcomeSomeone: bets $6
nrJitsu: folds
Uncalled bet ($6) returned to BcomeSomeone
BcomeSomeone collected $35.50 from pot
*** SUMMARY ***
Total pot $36 | Rake $0.50
Board [Ad 6s 5h 3d 9h]
Seat 1: nrJitsu (button) (small blind) folded on the River
Seat 2: BcomeSomeone (big blind) collected ($35.50)


PokerStars Hand #146305083345:  Hold'em Limit ($3/$6 USD) - 2016/01/01 20:59:16 ET
Table 'Dschubba II' 2-max Seat #1 is the button
Seat 1: nrJitsu ($138.25 in chips)
Seat 2: BcomeSomeone ($430 in chips)
nrJitsu: posts small blind $1
BcomeSomeone: posts big blind $3
*** HOLE CARDS ***
nrJitsu: raises $3 to $6
BcomeSomeone: calls $3
*** FLOP *** [6c 8d Ts]
BcomeSomeone: checks
nrJitsu: bets $3
BcomeSomeone: calls $3
*** TURN *** [6c 8d Ts] [Tc]
BcomeSomeone: checks
nrJitsu: bets $6
BcomeSomeone: folds
Uncalled bet ($6) returned to nrJitsu
nrJitsu collected $17.64 from pot
nrJitsu: doesn't show hand
*** SUMMARY ***
Total pot $18 | Rake $0.36
Board [6c 8d Ts Tc]
Seat 1: nrJitsu (button) (small blind) collected ($17.64)
Seat 2: BcomeSomeone (big blind) folded on the Turn


PokerStars Hand #146305087806:  Hold'em Limit ($3/$6 USD) - 2016/01/01 20:59:26 ET
Table 'Dschubba II' 2-max Seat #2 is the button
Seat 1: nrJitsu ($146.89 in chips)
Seat 2: BcomeSomeone ($421 in chips)
BcomeSomeone: posts small blind $1
nrJitsu: posts big blind $3
*** HOLE CARDS ***
BcomeSomeone: raises $3 to $6
nrJitsu: raises $3 to $9
BcomeSomeone: calls $3
*** FLOP *** [3s 8c Kh]
nrJitsu: bets $3
BcomeSomeone: calls $3
*** TURN *** [3s 8c Kh] [6d]
nrJitsu: bets $6
BcomeSomeone: calls $6
*** RIVER *** [3s 8c Kh 6d] [8s]
nrJitsu: bets $6
BcomeSomeone: calls $6
*** SHOW DOWN ***
nrJitsu: shows [9s 9c] (two pair, Nines and Eights)
BcomeSomeone: mucks hand
nrJitsu collected $47.50 from pot
*** SUMMARY ***
Total pot $48 | Rake $0.50
Board [3s 8c Kh 6d 8s]
Seat 1: nrJitsu (big blind) showed [9s 9c] and won ($47.50) with two pair, Nines and Eights
Seat 2: BcomeSomeone (button) (small blind) mucked


PokerStars Hand #146305097236:  Hold'em Limit ($3/$6 USD) - 2016/01/01 20:59:46 ET
Table 'Dschubba II' 2-max Seat #2 is the button
Seat 1: nrJitsu ($176.15 in chips)
Seat 2: BcomeSomeone ($391 in chips)
BcomeSomeone: posts small blind $1
nrJitsu: posts big blind $3
*** HOLE CARDS ***
BcomeSomeone: raises $3 to $6
nrJitsu: folds
Uncalled bet ($3) returned to BcomeSomeone
BcomeSomeone collected $6 from pot
BcomeSomeone: doesn't show hand
*** SUMMARY ***
Total pot $6 | Rake $0
Seat 1: nrJitsu (big blind) folded before Flop
Seat 2: BcomeSomeone (button) (small blind) collected ($6)


PokerStars Hand #146305093875:  Hold'em Limit ($3/$6 USD) - 2016/01/01 20:59:39 ET
Table 'Dschubba II' 2-max Seat #1 is the button
Seat 1: nrJitsu ($170.39 in chips)
Seat 2: BcomeSomeone ($397 in chips)
nrJitsu: posts small blind $1
BcomeSomeone: posts big blind $3
*** HOLE CARDS ***
nrJitsu: raises $3 to $6
BcomeSomeone: calls $3
*** FLOP *** [Jc 4s 3c]
BcomeSomeone: checks
nrJitsu: bets $3
BcomeSomeone: folds
Uncalled bet ($3) returned to nrJitsu
nrJitsu collected $11.76 from pot
nrJitsu: doesn't show hand
*** SUMMARY ***
Total pot $12 | Rake $0.24
Board [Jc 4s 3c]
Seat 1: nrJitsu (button) (small blind) collected ($11.76)
Seat 2: BcomeSomeone (big blind) folded on the Flop


PokerStars Hand #146305101944:  Hold'em Limit ($3/$6 USD) - 2016/01/01 20:59:56 ET
Table 'Dschubba II' 2-max Seat #2 is the button
Seat 1: nrJitsu ($176.15 in chips)
Seat 2: BcomeSomeone ($391 in chips)
BcomeSomeone: posts small blind $1
nrJitsu: posts big blind $3
*** HOLE CARDS ***
BcomeSomeone: raises $3 to $6
nrJitsu: calls $3
*** FLOP *** [2h Jh Jd]
nrJitsu: checks
BcomeSomeone: bets $3
nrJitsu: folds
Uncalled bet ($3) returned to BcomeSomeone
BcomeSomeone collected $11.76 from pot
BcomeSomeone: doesn't show hand
*** SUMMARY ***
Total pot $12 | Rake $0.24
Board [2h Jh Jd]
Seat 1: nrJitsu (big blind) folded on the Flop
Seat 2: BcomeSomeone (button) (small blind) collected ($11.76)


PokerStars Hand #146305099933:  Hold'em Limit ($3/$6 USD) - 2016/01/01 20:59:52 ET
Table 'Dschubba II' 2-max Seat #1 is the button
Seat 1: nrJitsu ($173.15 in chips)
Seat 2: BcomeSomeone ($394 in chips)
nrJitsu: posts small blind $1
BcomeSomeone: posts big blind $3
*** HOLE CARDS ***
nrJitsu: raises $3 to $6
BcomeSomeone: folds
Uncalled bet ($3) returned to nrJitsu
nrJitsu collected $6 from pot
nrJitsu: doesn't show hand
*** SUMMARY ***
Total pot $6 | Rake $0
Seat 1: nrJitsu (button) (small blind) collected ($6)
Seat 2: BcomeSomeone (big blind) folded before Flop


PokerStars Hand #146305113596:  Hold'em Limit ($3/$6 USD) - 2016/01/01 21:00:20 ET
Table 'Dschubba II' 2-max Seat #2 is the button
Seat 1: nrJitsu ($152.15 in chips)
Seat 2: BcomeSomeone ($414.26 in chips)
BcomeSomeone: posts small blind $1
nrJitsu: posts big blind $3
*** HOLE CARDS ***
BcomeSomeone: raises $3 to $6
nrJitsu: calls $3
*** FLOP *** [3h Qc 9d]
nrJitsu: checks
BcomeSomeone: bets $3
nrJitsu: calls $3
*** TURN *** [3h Qc 9d] [6c]
nrJitsu: checks
BcomeSomeone: checks
*** RIVER *** [3h Qc 9d 6c] [Kh]
nrJitsu: checks
BcomeSomeone: bets $6
nrJitsu: folds
Uncalled bet ($6) returned to BcomeSomeone
BcomeSomeone collected $17.64 from pot
BcomeSomeone: doesn't show hand
*** SUMMARY ***
Total pot $18 | Rake $0.36
Board [3h Qc 9d 6c Kh]
Seat 1: nrJitsu (big blind) folded on the River
Seat 2: BcomeSomeone (button) (small blind) collected ($17.64)


PokerStars Hand #146305130488:  Hold'em Limit ($3/$6 USD) - 2016/01/01 21:00:55 ET
Table 'Dschubba II' 2-max Seat #2 is the button
Seat 1: nrJitsu ($122.15 in chips)
Seat 2: BcomeSomeone ($443.40 in chips)
BcomeSomeone: posts small blind $1
nrJitsu: posts big blind $3
*** HOLE CARDS ***
BcomeSomeone: folds
Uncalled bet ($2) returned to nrJitsu
nrJitsu collected $2 from pot
nrJitsu: doesn't show hand
*** SUMMARY ***
Total pot $2 | Rake $0
Seat 1: nrJitsu (big blind) collected ($2)
Seat 2: BcomeSomeone (button) (small blind) folded before Flop


PokerStars Hand #146305123745:  Hold'em Limit ($3/$6 USD) - 2016/01/01 21:00:41 ET
Table 'Dschubba II' 2-max Seat #1 is the button
Seat 1: nrJitsu ($143.15 in chips)
Seat 2: BcomeSomeone ($422.90 in chips)
nrJitsu: posts small blind $1
BcomeSomeone: posts big blind $3
*** HOLE CARDS ***
nrJitsu: raises $3 to $6
BcomeSomeone: calls $3
*** FLOP *** [As 6d 3d]
BcomeSomeone: checks
nrJitsu: bets $3
BcomeSomeone: calls $3
*** TURN *** [As 6d 3d] [7c]
BcomeSomeone: checks
nrJitsu: bets $6
BcomeSomeone: calls $6
*** RIVER *** [As 6d 3d 7c] [5d]
BcomeSomeone: bets $6
nrJitsu: calls $6
*** SHOW DOWN ***
BcomeSomeone: shows [4h 4s] (a straight, Three to Seven)
nrJitsu: mucks hand
BcomeSomeone collected $41.50 from pot
*** SUMMARY ***
Total pot $42 | Rake $0.50
Board [As 6d 3d 7c 5d]
Seat 1: nrJitsu (button) (small blind) mucked
Seat 2: BcomeSomeone (big blind) showed [4h 4s] and won ($41.50) with a straight, Three to Seven


PokerStars Hand #146305132832:  Hold'em Limit ($3/$6 USD) - 2016/01/01 21:00:59 ET
Table 'Dschubba II' 2-max Seat #1 is the button
Seat 1: nrJitsu ($123.15 in chips)
Seat 2: BcomeSomeone ($442.40 in chips)
nrJitsu: posts small blind $1
BcomeSomeone: posts big blind $3
*** HOLE CARDS ***
nrJitsu: folds
Uncalled bet ($2) returned to BcomeSomeone
BcomeSomeone collected $2 from pot
BcomeSomeone: doesn't show hand
*** SUMMARY ***
Total pot $2 | Rake $0
Seat 1: nrJitsu (button) (small blind) folded before Flop
Seat 2: BcomeSomeone (big blind) collected ($2)


PokerStars Hand #146305135043:  Hold'em Limit ($3/$6 USD) - 2016/01/01 21:01:04 ET
Table 'Dschubba II' 2-max Seat #2 is the button
Seat 1: nrJitsu ($122.15 in chips)
Seat 2: BcomeSomeone ($443.40 in chips)
BcomeSomeone: posts small blind $1
nrJitsu: posts big blind $3
*** HOLE CARDS ***
BcomeSomeone: raises $3 to $6
nrJitsu: raises $3 to $9
BcomeSomeone: raises $3 to $12
Betting is capped
nrJitsu: calls $3
*** FLOP *** [3s 9d Ks]
nrJitsu: checks
BcomeSomeone: bets $3
nrJitsu: calls $3
*** TURN *** [3s 9d Ks] [9c]
nrJitsu: checks
BcomeSomeone: checks
*** RIVER *** [3s 9d Ks 9c] [2c]
nrJitsu: bets $6
BcomeSomeone: folds
Uncalled bet ($6) returned to nrJitsu
nrJitsu collected $29.50 from pot
nrJitsu: doesn't show hand
*** SUMMARY ***
Total pot $30 | Rake $0.50
Board [3s 9d Ks 9c 2c]
Seat 1: nrJitsu (big blind) collected ($29.50)
Seat 2: BcomeSomeone (button) (small blind) folded on the River


PokerStars Hand #146305143250:  Hold'em Limit ($3/$6 USD) - 2016/01/01 21:01:20 ET
Table 'Dschubba II' 2-max Seat #1 is the button
Seat 1: nrJitsu ($136.65 in chips)
Seat 2: BcomeSomeone ($428.40 in chips)
nrJitsu: posts small blind $1
BcomeSomeone: posts big blind $3
*** HOLE CARDS ***
nrJitsu: folds
Uncalled bet ($2) returned to BcomeSomeone
BcomeSomeone collected $2 from pot
BcomeSomeone: doesn't show hand
*** SUMMARY ***
Total pot $2 | Rake $0
Seat 1: nrJitsu (button) (small blind) folded before Flop
Seat 2: BcomeSomeone (big blind) collected ($2)


PokerStars Hand #146305145560:  Hold'em Limit ($3/$6 USD) - 2016/01/01 21:01:24 ET
Table 'Dschubba II' 2-max Seat #2 is the button
Seat 1: nrJitsu ($135.65 in chips)
Seat 2: BcomeSomeone ($429.40 in chips)
BcomeSomeone: posts small blind $1
nrJitsu: posts big blind $3
*** HOLE CARDS ***
BcomeSomeone: raises $3 to $6
nrJitsu: calls $3
*** FLOP *** [Js Ac Jh]
nrJitsu: checks
BcomeSomeone: bets $3
nrJitsu: raises $3 to $6
BcomeSomeone: calls $3
*** TURN *** [Js Ac Jh] [4d]
nrJitsu: bets $6
BcomeSomeone: calls $6
*** RIVER *** [Js Ac Jh 4d] [5h]
nrJitsu: bets $6
BcomeSomeone: calls $6
*** SHOW DOWN ***
nrJitsu: shows [9d Jc] (three of a kind, Jacks)
BcomeSomeone: mucks hand
nrJitsu collected $47.50 from pot
*** SUMMARY ***
Total pot $48 | Rake $0.50
Board [Js Ac Jh 4d 5h]
Seat 1: nrJitsu (big blind) showed [9d Jc] and won ($47.50) with three of a kind, Jacks
Seat 2: BcomeSomeone (button) (small blind) mucked


PokerStars Hand #146305157807:  Hold'em Limit ($3/$6 USD) - 2016/01/01 21:01:48 ET
Table 'Dschubba II' 2-max Seat #2 is the button
Seat 1: nrJitsu ($170.67 in chips)
Seat 2: BcomeSomeone ($393.40 in chips)
BcomeSomeone: posts small blind $1
nrJitsu: posts big blind $3
*** HOLE CARDS ***
BcomeSomeone: raises $3 to $6
nrJitsu: folds
Uncalled bet ($3) returned to BcomeSomeone
BcomeSomeone collected $6 from pot
BcomeSomeone: doesn't show hand
*** SUMMARY ***
Total pot $6 | Rake $0
Seat 1: nrJitsu (big blind) folded before Flop
Seat 2: BcomeSomeone (button) (small blind) collected ($6)


PokerStars Hand #146305151909:  Hold'em Limit ($3/$6 USD) - 2016/01/01 21:01:36 ET
Table 'Dschubba II' 2-max Seat #1 is the button
Seat 1: nrJitsu ($159.15 in chips)
Seat 2: BcomeSomeone ($405.40 in chips)
nrJitsu: posts small blind $1
BcomeSomeone: posts big blind $3
*** HOLE CARDS ***
nrJitsu: raises $3 to $6
BcomeSomeone: raises $3 to $9
nrJitsu: calls $3
*** FLOP *** [Js 3s 8d]
BcomeSomeone: bets $3
nrJitsu: calls $3
*** TURN *** [Js 3s 8d] [7s]
BcomeSomeone: checks
nrJitsu: bets $6
BcomeSomeone: folds
Uncalled bet ($6) returned to nrJitsu
nrJitsu collected $23.52 from pot
nrJitsu: doesn't show hand
*** SUMMARY ***
Total pot $24 | Rake $0.48
Board [Js 3s 8d 7s]
Seat 1: nrJitsu (button) (small blind) collected ($23.52)
Seat 2: BcomeSomeone (big blind) folded on the Turn


PokerStars Hand #146305160307:  Hold'em Limit ($3/$6 USD) - 2016/01/01 21:01:52 ET
Table 'Dschubba II' 2-max Seat #1 is the button
Seat 1: nrJitsu ($167.67 in chips)
Seat 2: BcomeSomeone ($396.40 in chips)
nrJitsu: posts small blind $1
BcomeSomeone: posts big blind $3
*** HOLE CARDS ***
nrJitsu: raises $3 to $6
BcomeSomeone: raises $3 to $9
nrJitsu: calls $3
*** FLOP *** [7h 5c Ts]
BcomeSomeone: bets $3
nrJitsu: folds
Uncalled bet ($3) returned to BcomeSomeone
BcomeSomeone collected $17.64 from pot
BcomeSomeone: doesn't show hand
*** SUMMARY ***
Total pot $18 | Rake $0.36
Board [7h 5c Ts]
Seat 1: nrJitsu (button) (small blind) folded on the Flop
Seat 2: BcomeSomeone (big blind) collected ($17.64)


PokerStars Hand #146305172444:  Hold'em Limit ($3/$6 USD) - 2016/01/01 21:02:15 ET
Table 'Dschubba II' 2-max Seat #1 is the button
Seat 1: nrJitsu ($125.67 in chips)
Seat 2: BcomeSomeone ($437.54 in chips)
nrJitsu: posts small blind $1
BcomeSomeone: posts big blind $3
*** HOLE CARDS ***
nrJitsu: folds
Uncalled bet ($2) returned to BcomeSomeone
BcomeSomeone collected $2 from pot
BcomeSomeone: doesn't show hand
*** SUMMARY ***
Total pot $2 | Rake $0
Seat 1: nrJitsu (button) (small blind) folded before Flop
Seat 2: BcomeSomeone (big blind) collected ($2)


PokerStars Hand #146305164810:  Hold'em Limit ($3/$6 USD) - 2016/01/01 21:02:01 ET
Table 'Dschubba II' 2-max Seat #2 is the button
Seat 1: nrJitsu ($158.67 in chips)
Seat 2: BcomeSomeone ($405.04 in chips)
BcomeSomeone: posts small blind $1
nrJitsu: posts big blind $3
*** HOLE CARDS ***
BcomeSomeone: raises $3 to $6
nrJitsu: calls $3
*** FLOP *** [4h Td Ac]
nrJitsu: checks
BcomeSomeone: bets $3
nrJitsu: calls $3
*** TURN *** [4h Td Ac] [Jh]
nrJitsu: checks
BcomeSomeone: bets $6
nrJitsu: raises $6 to $12
BcomeSomeone: calls $6
*** RIVER *** [4h Td Ac Jh] [Qd]
nrJitsu: bets $6
BcomeSomeone: raises $6 to $12
nrJitsu: calls $6
*** SHOW DOWN ***
BcomeSomeone: shows [Ad Kh] (a straight, Ten to Ace)
nrJitsu: mucks hand
BcomeSomeone collected $65.50 from pot
*** SUMMARY ***
Total pot $66 | Rake $0.50
Board [4h Td Ac Jh Qd]
Seat 1: nrJitsu (big blind) mucked
Seat 2: BcomeSomeone (button) (small blind) showed [Ad Kh] and won ($65.50) with a straight, Ten to Ace


PokerStars Hand #146305174713:  Hold'em Limit ($3/$6 USD) - 2016/01/01 21:02:20 ET
Table 'Dschubba II' 2-max Seat #2 is the button
Seat 1: nrJitsu ($124.67 in chips)
Seat 2: BcomeSomeone ($438.54 in chips)
BcomeSomeone: posts small blind $1
nrJitsu: posts big blind $3
*** HOLE CARDS ***
BcomeSomeone: raises $3 to $6
nrJitsu: calls $3
*** FLOP *** [9h 3d 8d]
nrJitsu: checks
BcomeSomeone: bets $3
nrJitsu: raises $3 to $6
BcomeSomeone: raises $3 to $9
nrJitsu: calls $3
*** TURN *** [9h 3d 8d] [As]
nrJitsu: checks
BcomeSomeone: checks
*** RIVER *** [9h 3d 8d As] [7d]
nrJitsu: bets $6
BcomeSomeone: raises $6 to $12
nrJitsu: folds
Uncalled bet ($6) returned to BcomeSomeone
BcomeSomeone collected $41.50 from pot
BcomeSomeone: doesn't show hand
*** SUMMARY ***
Total pot $42 | Rake $0.50
Board [9h 3d 8d As 7d]
Seat 1: nrJitsu (big blind) folded on the River
Seat 2: BcomeSomeone (button) (small blind) collected ($41.50)


PokerStars Hand #146305187038:  Hold'em Limit ($3/$6 USD) - 2016/01/01 21:02:43 ET
Table 'Dschubba II' 2-max Seat #2 is the button
Seat 1: nrJitsu ($1162.67 in chips)
Seat 2: BcomeSomeone ($460.04 in chips)
BcomeSomeone: posts small blind $1
nrJitsu: posts big blind $3
*** HOLE CARDS ***
BcomeSomeone: folds
Uncalled bet ($2) returned to nrJitsu
nrJitsu collected $2 from pot
nrJitsu: doesn't show hand
*** SUMMARY ***
Total pot $2 | Rake $0
Seat 1: nrJitsu (big blind) collected ($2)
Seat 2: BcomeSomeone (button) (small blind) folded before Flop


PokerStars Hand #146305184575:  Hold'em Limit ($3/$6 USD) - 2016/01/01 21:02:39 ET
Table 'Dschubba II' 2-max Seat #1 is the button
Seat 1: nrJitsu ($1163.67 in chips)
Seat 2: BcomeSomeone ($459.04 in chips)
nrJitsu: posts small blind $1
BcomeSomeone: posts big blind $3
*** HOLE CARDS ***
nrJitsu: folds
Uncalled bet ($2) returned to BcomeSomeone
BcomeSomeone collected $2 from pot
BcomeSomeone: doesn't show hand
*** SUMMARY ***
Total pot $2 | Rake $0
Seat 1: nrJitsu (button) (small blind) folded before Flop
Seat 2: BcomeSomeone (big blind) collected ($2)


PokerStars Hand #146305189450:  Hold'em Limit ($3/$6 USD) - 2016/01/01 21:02:48 ET
Table 'Dschubba II' 2-max Seat #1 is the button
Seat 1: nrJitsu ($1163.67 in chips)
Seat 2: BcomeSomeone ($459.04 in chips)
nrJitsu: posts small blind $1
BcomeSomeone: posts big blind $3
*** HOLE CARDS ***
nrJitsu: raises $3 to $6
BcomeSomeone: calls $3
*** FLOP *** [4s 9d 3c]
BcomeSomeone: checks
nrJitsu: bets $3
BcomeSomeone: calls $3
*** TURN *** [4s 9d 3c] [Ad]
BcomeSomeone: checks
nrJitsu: bets $6
BcomeSomeone: calls $6
*** RIVER *** [4s 9d 3c Ad] [6s]
BcomeSomeone: checks
nrJitsu: bets $6
BcomeSomeone: folds
Uncalled bet ($6) returned to nrJitsu
nrJitsu collected $29.50 from pot
nrJitsu: doesn't show hand
*** SUMMARY ***
Total pot $30 | Rake $0.50
Board [4s 9d 3c Ad 6s]
Seat 1: nrJitsu (button) (small blind) collected ($29.50)
Seat 2: BcomeSomeone (big blind) folded on the River


PokerStars Hand #146305195570:  Hold'em Limit ($3/$6 USD) - 2016/01/01 21:03:00 ET
Table 'Dschubba II' 2-max Seat #2 is the button
Seat 1: nrJitsu ($1178.17 in chips)
Seat 2: BcomeSomeone ($444.04 in chips)
BcomeSomeone: posts small blind $1
nrJitsu: posts big blind $3
*** HOLE CARDS ***
BcomeSomeone: raises $3 to $6
nrJitsu: calls $3
*** FLOP *** [8s As 2c]
nrJitsu: checks
BcomeSomeone: bets $3
nrJitsu: folds
Uncalled bet ($3) returned to BcomeSomeone
BcomeSomeone collected $11.76 from pot
BcomeSomeone: doesn't show hand
*** SUMMARY ***
Total pot $12 | Rake $0.24
Board [8s As 2c]
Seat 1: nrJitsu (big blind) folded on the Flop
Seat 2: BcomeSomeone (button) (small blind) collected ($11.76)


PokerStars Hand #146305200881:  Hold'em Limit ($3/$6 USD) - 2016/01/01 21:03:10 ET
Table 'Dschubba II' 2-max Seat #1 is the button
Seat 1: nrJitsu ($1172.17 in chips)
Seat 2: BcomeSomeone ($449.80 in chips)
nrJitsu: posts small blind $1
BcomeSomeone: posts big blind $3
*** HOLE CARDS ***
nrJitsu: raises $3 to $6
BcomeSomeone: calls $3
*** FLOP *** [2d Kh 4h]
BcomeSomeone: checks
nrJitsu: bets $3
BcomeSomeone: calls $3
*** TURN *** [2d Kh 4h] [Td]
BcomeSomeone: checks
nrJitsu: bets $6
BcomeSomeone: calls $6
*** RIVER *** [2d Kh 4h Td] [5h]
BcomeSomeone: checks
nrJitsu: bets $6
BcomeSomeone: folds
Uncalled bet ($6) returned to nrJitsu
nrJitsu collected $29.50 from pot
nrJitsu: doesn't show hand
*** SUMMARY ***
Total pot $30 | Rake $0.50
Board [2d Kh 4h Td 5h]
Seat 1: nrJitsu (button) (small blind) collected ($29.50)
Seat 2: BcomeSomeone (big blind) folded on the River


PokerStars Hand #146305209327:  Hold'em Limit ($3/$6 USD) - 2016/01/01 21:03:26 ET
Table 'Dschubba II' 2-max Seat #2 is the button
Seat 1: nrJitsu ($1186.67 in chips)
Seat 2: BcomeSomeone ($434.80 in chips)
BcomeSomeone: posts small blind $1
nrJitsu: posts big blind $3
*** HOLE CARDS ***
BcomeSomeone: raises $3 to $6
nrJitsu: raises $3 to $9
BcomeSomeone: calls $3
*** FLOP *** [6c Qh Tc]
nrJitsu: bets $3
BcomeSomeone: calls $3
*** TURN *** [6c Qh Tc] [Kd]
nrJitsu: bets $6
BcomeSomeone: calls $6
*** RIVER *** [6c Qh Tc Kd] [3d]
nrJitsu: bets $6
BcomeSomeone: calls $6
*** SHOW DOWN ***
nrJitsu: shows [Ah Qd] (a pair of Queens)
BcomeSomeone: shows [Kc 8d] (a pair of Kings)
BcomeSomeone collected $47.50 from pot
*** SUMMARY ***
Total pot $48 | Rake $0.50
Board [6c Qh Tc Kd 3d]
Seat 1: nrJitsu (big blind) showed [Ah Qd] and lost with a pair of Queens
Seat 2: BcomeSomeone (button) (small blind) showed [Kc 8d] and won ($47.50) with a pair of Kings


PokerStars Hand #146305216112:  Hold'em Limit ($3/$6 USD) - 2016/01/01 21:03:39 ET
Table 'Dschubba II' 2-max Seat #1 is the button
Seat 1: nrJitsu ($1162.67 in chips)
Seat 2: BcomeSomeone ($458.30 in chips)
nrJitsu: posts small blind $1
BcomeSomeone: posts big blind $3
*** HOLE CARDS ***
nrJitsu: raises $3 to $6
BcomeSomeone: calls $3
*** FLOP *** [9d 7s 6c]
BcomeSomeone: checks
nrJitsu: bets $3
BcomeSomeone: calls $3
*** TURN *** [9d 7s 6c] [As]
BcomeSomeone: checks
nrJitsu: checks
*** RIVER *** [9d 7s 6c As] [5s]
BcomeSomeone: checks
nrJitsu: bets $6
BcomeSomeone: folds
Uncalled bet ($6) returned to nrJitsu
nrJitsu collected $17.64 from pot
nrJitsu: doesn't show hand
*** SUMMARY ***
Total pot $18 | Rake $0.36
Board [9d 7s 6c As 5s]
Seat 1: nrJitsu (button) (small blind) collected ($17.64)
Seat 2: BcomeSomeone (big blind) folded on the River


PokerStars Hand #146305225738:  Hold'em Limit ($3/$6 USD) - 2016/01/01 21:03:57 ET
Table 'Dschubba II' 2-max Seat #2 is the button
Seat 1: nrJitsu ($1171.31 in chips)
Seat 2: BcomeSomeone ($449.30 in chips)
BcomeSomeone: posts small blind $1
nrJitsu: posts big blind $3
*** HOLE CARDS ***
BcomeSomeone: raises $3 to $6
nrJitsu: calls $3
*** FLOP *** [9s 5c Kc]
nrJitsu: checks
BcomeSomeone: bets $3
nrJitsu: raises $3 to $6
BcomeSomeone: folds
Uncalled bet ($3) returned to nrJitsu
nrJitsu collected $17.64 from pot
nrJitsu: doesn't show hand
*** SUMMARY ***
Total pot $18 | Rake $0.36
Board [9s 5c Kc]
Seat 1: nrJitsu (big blind) collected ($17.64)
Seat 2: BcomeSomeone (button) (small blind) folded on the Flop


PokerStars Hand #146305230659:  Hold'em Limit ($3/$6 USD) - 2016/01/01 21:04:07 ET
Table 'Dschubba II' 2-max Seat #1 is the button
Seat 1: nrJitsu ($1179.95 in chips)
Seat 2: BcomeSomeone ($440.30 in chips)
nrJitsu: posts small blind $1
BcomeSomeone: posts big blind $3
*** HOLE CARDS ***
nrJitsu: raises $3 to $6
BcomeSomeone: calls $3
*** FLOP *** [Qh 2c Jc]
BcomeSomeone: checks
nrJitsu: checks
*** TURN *** [Qh 2c Jc] [2h]
BcomeSomeone: checks
nrJitsu: checks
*** RIVER *** [Qh 2c Jc 2h] [Kc]
BcomeSomeone: bets $6
nrJitsu: folds
Uncalled bet ($6) returned to BcomeSomeone
BcomeSomeone collected $11.76 from pot
BcomeSomeone: doesn't show hand
*** SUMMARY ***
Total pot $12 | Rake $0.24
Board [Qh 2c Jc 2h Kc]
Seat 1: nrJitsu (button) (small blind) folded on the River
Seat 2: BcomeSomeone (big blind) collected ($11.76)


PokerStars Hand #146305237105:  Hold'em Limit ($3/$6 USD) - 2016/01/01 21:04:19 ET
Table 'Dschubba II' 2-max Seat #2 is the button
Seat 1: nrJitsu ($1173.95 in chips)
Seat 2: BcomeSomeone ($446.06 in chips)
BcomeSomeone: posts small blind $1
nrJitsu: posts big blind $3
*** HOLE CARDS ***
BcomeSomeone: raises $3 to $6
nrJitsu: calls $3
*** FLOP *** [9c 3d 3h]
nrJitsu: checks
BcomeSomeone: bets $3
nrJitsu: folds
Uncalled bet ($3) returned to BcomeSomeone
BcomeSomeone collected $11.76 from pot
BcomeSomeone: doesn't show hand
*** SUMMARY ***
Total pot $12 | Rake $0.24
Board [9c 3d 3h]
Seat 1: nrJitsu (big blind) folded on the Flop
Seat 2: BcomeSomeone (button) (small blind) collected ($11.76)


PokerStars Hand #146305241561:  Hold'em Limit ($3/$6 USD) - 2016/01/01 21:04:27 ET
Table 'Dschubba II' 2-max Seat #1 is the button
Seat 1: nrJitsu ($1167.95 in chips)
Seat 2: BcomeSomeone ($451.82 in chips)
nrJitsu: posts small blind $1
BcomeSomeone: posts big blind $3
*** HOLE CARDS ***
nrJitsu: raises $3 to $6
BcomeSomeone: calls $3
*** FLOP *** [2c Tc 6c]
BcomeSomeone: checks
nrJitsu: bets $3
BcomeSomeone: calls $3
*** TURN *** [2c Tc 6c] [8s]
BcomeSomeone: checks
nrJitsu: checks
*** RIVER *** [2c Tc 6c 8s] [2s]
BcomeSomeone: checks
nrJitsu: checks
*** SHOW DOWN ***
BcomeSomeone: shows [As 3c] (a pair of Deuces)
nrJitsu: mucks hand
BcomeSomeone collected $17.64 from pot
*** SUMMARY ***
Total pot $18 | Rake $0.36
Board [2c Tc 6c 8s 2s]
Seat 1: nrJitsu (button) (small blind) mucked
Seat 2: BcomeSomeone (big blind) showed [As 3c] and won ($17.64) with a pair of Deuces


PokerStars Hand #146305247967:  Hold'em Limit ($3/$6 USD) - 2016/01/01 21:04:39 ET
Table 'Dschubba II' 2-max Seat #2 is the button
Seat 1: nrJitsu ($1158.95 in chips)
Seat 2: BcomeSomeone ($460.46 in chips)
BcomeSomeone: posts small blind $1
nrJitsu: posts big blind $3
*** HOLE CARDS ***
BcomeSomeone: folds
Uncalled bet ($2) returned to nrJitsu
nrJitsu collected $2 from pot
nrJitsu: doesn't show hand
*** SUMMARY ***
Total pot $2 | Rake $0
Seat 1: nrJitsu (big blind) collected ($2)
Seat 2: BcomeSomeone (button) (small blind) folded before Flop


PokerStars Hand #146305250257:  Hold'em Limit ($3/$6 USD) - 2016/01/01 21:04:44 ET
Table 'Dschubba II' 2-max Seat #1 is the button
Seat 1: nrJitsu ($1159.95 in chips)
Seat 2: BcomeSomeone ($459.46 in chips)
nrJitsu: posts small blind $1
BcomeSomeone: posts big blind $3
*** HOLE CARDS ***
nrJitsu: raises $3 to $6
BcomeSomeone: calls $3
*** FLOP *** [6c 9d 7h]
BcomeSomeone: checks
nrJitsu: bets $3
BcomeSomeone: calls $3
*** TURN *** [6c 9d 7h] [Kh]
BcomeSomeone: checks
nrJitsu: bets $6
BcomeSomeone: folds
Uncalled bet ($6) returned to nrJitsu
nrJitsu collected $17.64 from pot
nrJitsu: doesn't show hand
*** SUMMARY ***
Total pot $18 | Rake $0.36
Board [6c 9d 7h Kh]
Seat 1: nrJitsu (button) (small blind) collected ($17.64)
Seat 2: BcomeSomeone (big blind) folded on the Turn


PokerStars Hand #146305255438:  Hold'em Limit ($3/$6 USD) - 2016/01/01 21:04:54 ET
Table 'Dschubba II' 2-max Seat #2 is the button
Seat 1: nrJitsu ($1168.59 in chips)
Seat 2: BcomeSomeone ($450.46 in chips)
BcomeSomeone: posts small blind $1
nrJitsu: posts big blind $3
*** HOLE CARDS ***
BcomeSomeone: raises $3 to $6
nrJitsu: calls $3
*** FLOP *** [Tc Js Qh]
nrJitsu: checks
BcomeSomeone: bets $3
nrJitsu: calls $3
*** TURN *** [Tc Js Qh] [7h]
nrJitsu: checks
BcomeSomeone: bets $6
nrJitsu: folds
Uncalled bet ($6) returned to BcomeSomeone
BcomeSomeone collected $17.64 from pot
BcomeSomeone: doesn't show hand
*** SUMMARY ***
Total pot $18 | Rake $0.36
Board [Tc Js Qh 7h]
Seat 1: nrJitsu (big blind) folded on the Turn
Seat 2: BcomeSomeone (button) (small blind) collected ($17.64)


PokerStars Hand #146305266411:  Hold'em Limit ($3/$6 USD) - 2016/01/01 21:05:15 ET
Table 'Dschubba II' 2-max Seat #2 is the button
Seat 1: nrJitsu ($1168.23 in chips)
Seat 2: BcomeSomeone ($450.10 in chips)
BcomeSomeone: posts small blind $1
nrJitsu: posts big blind $3
*** HOLE CARDS ***
BcomeSomeone: raises $3 to $6
nrJitsu: folds
Uncalled bet ($3) returned to BcomeSomeone
BcomeSomeone collected $6 from pot
BcomeSomeone: doesn't show hand
*** SUMMARY ***
Total pot $6 | Rake $0
Seat 1: nrJitsu (big blind) folded before Flop
Seat 2: BcomeSomeone (button) (small blind) collected ($6)


PokerStars Hand #146305261846:  Hold'em Limit ($3/$6 USD) - 2016/01/01 21:05:06 ET
Table 'Dschubba II' 2-max Seat #1 is the button
Seat 1: nrJitsu ($1159.59 in chips)
Seat 2: BcomeSomeone ($459.10 in chips)
nrJitsu: posts small blind $1
BcomeSomeone: posts big blind $3
*** HOLE CARDS ***
nrJitsu: raises $3 to $6
BcomeSomeone: calls $3
*** FLOP *** [Qc As 9h]
BcomeSomeone: checks
nrJitsu: bets $3
BcomeSomeone: calls $3
*** TURN *** [Qc As 9h] [7h]
BcomeSomeone: checks
nrJitsu: bets $6
BcomeSomeone: folds
Uncalled bet ($6) returned to nrJitsu
nrJitsu collected $17.64 from pot
nrJitsu: doesn't show hand
*** SUMMARY ***
Total pot $18 | Rake $0.36
Board [Qc As 9h 7h]
Seat 1: nrJitsu (button) (small blind) collected ($17.64)
Seat 2: BcomeSomeone (big blind) folded on the Turn


PokerStars Hand #146305269149:  Hold'em Limit ($3/$6 USD) - 2016/01/01 21:05:20 ET
Table 'Dschubba II' 2-max Seat #1 is the button
Seat 1: nrJitsu ($1165.23 in chips)
Seat 2: BcomeSomeone ($453.10 in chips)
nrJitsu: posts small blind $1
BcomeSomeone: posts big blind $3
*** HOLE CARDS ***
nrJitsu: raises $3 to $6
BcomeSomeone: raises $3 to $9
nrJitsu: calls $3
*** FLOP *** [As 7d 3h]
BcomeSomeone: bets $3
nrJitsu: folds
Uncalled bet ($3) returned to BcomeSomeone
BcomeSomeone collected $17.64 from pot
BcomeSomeone: doesn't show hand
*** SUMMARY ***
Total pot $18 | Rake $0.36
Board [As 7d 3h]
Seat 1: nrJitsu (button) (small blind) folded on the Flop
Seat 2: BcomeSomeone (big blind) collected ($17.64)


PokerStars Hand #146305274679:  Hold'em Limit ($3/$6 USD) - 2016/01/01 21:05:30 ET
Table 'Dschubba II' 2-max Seat #2 is the button
Seat 1: nrJitsu ($1156.23 in chips)
Seat 2: BcomeSomeone ($461.74 in chips)
BcomeSomeone: posts small blind $1
nrJitsu: posts big blind $3
*** HOLE CARDS ***
BcomeSomeone: raises $3 to $6
nrJitsu: calls $3
*** FLOP *** [Jh Tc 2c]
nrJitsu: checks
BcomeSomeone: bets $3
nrJitsu: folds
Uncalled bet ($3) returned to BcomeSomeone
BcomeSomeone collected $11.76 from pot
BcomeSomeone: doesn't show hand
*** SUMMARY ***
Total pot $12 | Rake $0.24
Board [Jh Tc 2c]
Seat 1: nrJitsu (big blind) folded on the Flop
Seat 2: BcomeSomeone (button) (small blind) collected ($11.76)


PokerStars Hand #146305278275:  Hold'em Limit ($3/$6 USD) - 2016/01/01 21:05:37 ET
Table 'Dschubba II' 2-max Seat #1 is the button
Seat 1: nrJitsu ($1150.23 in chips)
Seat 2: BcomeSomeone ($467.50 in chips)
nrJitsu: posts small blind $1
BcomeSomeone: posts big blind $3
*** HOLE CARDS ***
nrJitsu: raises $3 to $6
BcomeSomeone: calls $3
*** FLOP *** [Ac 7s Ks]
BcomeSomeone: checks
nrJitsu: bets $3
BcomeSomeone: folds
Uncalled bet ($3) returned to nrJitsu
nrJitsu collected $11.76 from pot
nrJitsu: doesn't show hand
*** SUMMARY ***
Total pot $12 | Rake $0.24
Board [Ac 7s Ks]
Seat 1: nrJitsu (button) (small blind) collected ($11.76)
Seat 2: BcomeSomeone (big blind) folded on the Flop


PokerStars Hand #146305281835:  Hold'em Limit ($3/$6 USD) - 2016/01/01 21:05:44 ET
Table 'Dschubba II' 2-max Seat #2 is the button
Seat 1: nrJitsu ($1155.99 in chips)
Seat 2: BcomeSomeone ($461.50 in chips)
BcomeSomeone: posts small blind $1
nrJitsu: posts big blind $3
*** HOLE CARDS ***
BcomeSomeone: raises $3 to $6
nrJitsu: calls $3
*** FLOP *** [As 6c Jh]
nrJitsu: checks
BcomeSomeone: bets $3
nrJitsu: raises $3 to $6
BcomeSomeone: calls $3
*** TURN *** [As 6c Jh] [Kh]
nrJitsu: bets $6
BcomeSomeone: folds
Uncalled bet ($6) returned to nrJitsu
nrJitsu collected $23.52 from pot
nrJitsu: doesn't show hand
*** SUMMARY ***
Total pot $24 | Rake $0.48
Board [As 6c Jh Kh]
Seat 1: nrJitsu (big blind) collected ($23.52)
Seat 2: BcomeSomeone (button) (small blind) folded on the Turn


PokerStars Hand #146305293386:  Hold'em Limit ($3/$6 USD) - 2016/01/01 21:06:06 ET
Table 'Dschubba II' 2-max Seat #2 is the button
Seat 1: nrJitsu ($1176.15 in chips)
Seat 2: BcomeSomeone ($440.50 in chips)
BcomeSomeone: posts small blind $1
nrJitsu: posts big blind $3
*** HOLE CARDS ***
BcomeSomeone: raises $3 to $6
nrJitsu: folds
Uncalled bet ($3) returned to BcomeSomeone
BcomeSomeone collected $6 from pot
BcomeSomeone: doesn't show hand
*** SUMMARY ***
Total pot $6 | Rake $0
Seat 1: nrJitsu (big blind) folded before Flop
Seat 2: BcomeSomeone (button) (small blind) collected ($6)


PokerStars Hand #146305289155:  Hold'em Limit ($3/$6 USD) - 2016/01/01 21:05:58 ET
Table 'Dschubba II' 2-max Seat #1 is the button
Seat 1: nrJitsu ($1167.51 in chips)
Seat 2: BcomeSomeone ($449.50 in chips)
nrJitsu: posts small blind $1
BcomeSomeone: posts big blind $3
*** HOLE CARDS ***
nrJitsu: raises $3 to $6
BcomeSomeone: calls $3
*** FLOP *** [Kc Ah 2d]
BcomeSomeone: checks
nrJitsu: bets $3
BcomeSomeone: calls $3
*** TURN *** [Kc Ah 2d] [6d]
BcomeSomeone: checks
nrJitsu: bets $6
BcomeSomeone: folds
Uncalled bet ($6) returned to nrJitsu
nrJitsu collected $17.64 from pot
nrJitsu: doesn't show hand
*** SUMMARY ***
Total pot $18 | Rake $0.36
Board [Kc Ah 2d 6d]
Seat 1: nrJitsu (button) (small blind) collected ($17.64)
Seat 2: BcomeSomeone (big blind) folded on the Turn


PokerStars Hand #146305295357:  Hold'em Limit ($3/$6 USD) - 2016/01/01 21:06:10 ET
Table 'Dschubba II' 2-max Seat #1 is the button
Seat 1: nrJitsu ($1173.15 in chips)
Seat 2: BcomeSomeone ($443.50 in chips)
nrJitsu: posts small blind $1
BcomeSomeone: posts big blind $3
*** HOLE CARDS ***
nrJitsu: folds
Uncalled bet ($2) returned to BcomeSomeone
BcomeSomeone collected $2 from pot
BcomeSomeone: doesn't show hand
*** SUMMARY ***
Total pot $2 | Rake $0
Seat 1: nrJitsu (button) (small blind) folded before Flop
Seat 2: BcomeSomeone (big blind) collected ($2)


PokerStars Hand #146305297647:  Hold'em Limit ($3/$6 USD) - 2016/01/01 21:06:14 ET
Table 'Dschubba II' 2-max Seat #2 is the button
Seat 1: nrJitsu ($1172.15 in chips)
Seat 2: BcomeSomeone ($444.50 in chips)
BcomeSomeone: posts small blind $1
nrJitsu: posts big blind $3
*** HOLE CARDS ***
BcomeSomeone: raises $3 to $6
nrJitsu: calls $3
*** FLOP *** [Tc Ks 8s]
nrJitsu: checks
BcomeSomeone: bets $3
nrJitsu: calls $3
*** TURN *** [Tc Ks 8s] [Ad]
nrJitsu: checks
BcomeSomeone: checks
*** RIVER *** [Tc Ks 8s Ad] [2h]
nrJitsu: bets $6
BcomeSomeone: folds
Uncalled bet ($6) returned to nrJitsu
nrJitsu collected $17.64 from pot
nrJitsu: doesn't show hand
*** SUMMARY ***
Total pot $18 | Rake $0.36
Board [Tc Ks 8s Ad 2h]
Seat 1: nrJitsu (big blind) collected ($17.64)
Seat 2: BcomeSomeone (button) (small blind) folded on the River


PokerStars Hand #146305309233:  Hold'em Limit ($3/$6 USD) - 2016/01/01 21:06:37 ET
Table 'Dschubba II' 2-max Seat #2 is the button
Seat 1: nrJitsu ($1210.29 in chips)
Seat 2: BcomeSomeone ($405.50 in chips)
BcomeSomeone: posts small blind $1
nrJitsu: posts big blind $3
*** HOLE CARDS ***
BcomeSomeone: raises $3 to $6
nrJitsu: folds
Uncalled bet ($3) returned to BcomeSomeone
BcomeSomeone collected $6 from pot
BcomeSomeone: doesn't show hand
*** SUMMARY ***
Total pot $6 | Rake $0
Seat 1: nrJitsu (big blind) folded before Flop
Seat 2: BcomeSomeone (button) (small blind) collected ($6)


PokerStars Hand #146305303016:  Hold'em Limit ($3/$6 USD) - 2016/01/01 21:06:25 ET
Table 'Dschubba II' 2-max Seat #1 is the button
Seat 1: nrJitsu ($1180.79 in chips)
Seat 2: BcomeSomeone ($435.50 in chips)
nrJitsu: posts small blind $1
BcomeSomeone: posts big blind $3
*** HOLE CARDS ***
nrJitsu: raises $3 to $6
BcomeSomeone: calls $3
*** FLOP *** [3d Qd 2c]
BcomeSomeone: checks
nrJitsu: bets $3
BcomeSomeone: raises $3 to $6
nrJitsu: calls $3
*** TURN *** [3d Qd 2c] [Js]
BcomeSomeone: bets $6
nrJitsu: raises $6 to $12
BcomeSomeone: calls $6
*** RIVER *** [3d Qd 2c Js] [8c]
BcomeSomeone: checks
nrJitsu: bets $6
BcomeSomeone: calls $6
*** SHOW DOWN ***
nrJitsu: shows [2d Qh] (two pair, Queens and Deuces)
BcomeSomeone: mucks hand
nrJitsu collected $59.50 from pot
*** SUMMARY ***
Total pot $60 | Rake $0.50
Board [3d Qd 2c Js 8c]
Seat 1: nrJitsu (button) (small blind) showed [2d Qh] and won ($59.50) with two pair, Queens and Deuces
Seat 2: BcomeSomeone (big blind) mucked


PokerStars Hand #146305311697:  Hold'em Limit ($3/$6 USD) - 2016/01/01 21:06:42 ET
Table 'Dschubba II' 2-max Seat #1 is the button
Seat 1: nrJitsu ($1207.29 in chips)
Seat 2: BcomeSomeone ($408.50 in chips)
nrJitsu: posts small blind $1
BcomeSomeone: posts big blind $3
*** HOLE CARDS ***
nrJitsu: raises $3 to $6
BcomeSomeone: calls $3
*** FLOP *** [3d 7d 6s]
BcomeSomeone: checks
nrJitsu: checks
*** TURN *** [3d 7d 6s] [Ad]
BcomeSomeone: checks
nrJitsu: bets $6
BcomeSomeone: calls $6
*** RIVER *** [3d 7d 6s Ad] [Th]
BcomeSomeone: checks
nrJitsu: checks
*** SHOW DOWN ***
BcomeSomeone: shows [Qc 3s] (a pair of Threes)
nrJitsu: mucks hand
BcomeSomeone collected $23.52 from pot
*** SUMMARY ***
Total pot $24 | Rake $0.48
Board [3d 7d 6s Ad Th]
Seat 1: nrJitsu (button) (small blind) mucked
Seat 2: BcomeSomeone (big blind) showed [Qc 3s] and won ($23.52) with a pair of Threes


PokerStars Hand #146305320058:  Hold'em Limit ($3/$6 USD) - 2016/01/01 21:06:58 ET
Table 'Dschubba II' 2-max Seat #1 is the button
Seat 1: nrJitsu ($1192.29 in chips)
Seat 2: BcomeSomeone ($423.02 in chips)
nrJitsu: posts small blind $1
BcomeSomeone: posts big blind $3
*** HOLE CARDS ***
nrJitsu: folds
Uncalled bet ($2) returned to BcomeSomeone
BcomeSomeone collected $2 from pot
BcomeSomeone: doesn't show hand
*** SUMMARY ***
Total pot $2 | Rake $0
Seat 1: nrJitsu (button) (small blind) folded before Flop
Seat 2: BcomeSomeone (big blind) collected ($2)


PokerStars Hand #146305317498:  Hold'em Limit ($3/$6 USD) - 2016/01/01 21:06:53 ET
Table 'Dschubba II' 2-max Seat #2 is the button
Seat 1: nrJitsu ($1195.29 in chips)
Seat 2: BcomeSomeone ($420.02 in chips)
BcomeSomeone: posts small blind $1
nrJitsu: posts big blind $3
*** HOLE CARDS ***
BcomeSomeone: raises $3 to $6
nrJitsu: folds
Uncalled bet ($3) returned to BcomeSomeone
BcomeSomeone collected $6 from pot
BcomeSomeone: doesn't show hand
*** SUMMARY ***
Total pot $6 | Rake $0
Seat 1: nrJitsu (big blind) folded before Flop
Seat 2: BcomeSomeone (button) (small blind) collected ($6)


PokerStars Hand #146305322153:  Hold'em Limit ($3/$6 USD) - 2016/01/01 21:07:02 ET
Table 'Dschubba II' 2-max Seat #2 is the button
Seat 1: nrJitsu ($1191.29 in chips)
Seat 2: BcomeSomeone ($424.02 in chips)
BcomeSomeone: posts small blind $1
nrJitsu: posts big blind $3
*** HOLE CARDS ***
BcomeSomeone: folds
Uncalled bet ($2) returned to nrJitsu
nrJitsu collected $2 from pot
nrJitsu: doesn't show hand
*** SUMMARY ***
Total pot $2 | Rake $0
Seat 1: nrJitsu (big blind) collected ($2)
Seat 2: BcomeSomeone (button) (small blind) folded before Flop


PokerStars Hand #146305324401:  Hold'em Limit ($3/$6 USD) - 2016/01/01 21:07:06 ET
Table 'Dschubba II' 2-max Seat #1 is the button
Seat 1: nrJitsu ($1192.29 in chips)
Seat 2: BcomeSomeone ($423.02 in chips)
nrJitsu: posts small blind $1
BcomeSomeone: posts big blind $3
*** HOLE CARDS ***
nrJitsu: raises $3 to $6
BcomeSomeone: raises $3 to $9
nrJitsu: calls $3
*** FLOP *** [9s 6d 7c]
BcomeSomeone: checks
nrJitsu: checks
*** TURN *** [9s 6d 7c] [7h]
BcomeSomeone: bets $6
nrJitsu: folds
Uncalled bet ($6) returned to BcomeSomeone
BcomeSomeone collected $17.64 from pot
BcomeSomeone: doesn't show hand
*** SUMMARY ***
Total pot $18 | Rake $0.36
Board [9s 6d 7c 7h]
Seat 1: nrJitsu (button) (small blind) folded on the Turn
Seat 2: BcomeSomeone (big blind) collected ($17.64)


PokerStars Hand #146305332438:  Hold'em Limit ($3/$6 USD) - 2016/01/01 21:07:22 ET
Table 'Dschubba II' 2-max Seat #2 is the button
Seat 1: nrJitsu ($1183.29 in chips)
Seat 2: BcomeSomeone ($431.66 in chips)
BcomeSomeone: posts small blind $1
nrJitsu: posts big blind $3
*** HOLE CARDS ***
BcomeSomeone: raises $3 to $6
nrJitsu: calls $3
*** FLOP *** [2h Ad Kc]
nrJitsu: checks
BcomeSomeone: bets $3
nrJitsu: folds
Uncalled bet ($3) returned to BcomeSomeone
BcomeSomeone collected $11.76 from pot
BcomeSomeone: doesn't show hand
*** SUMMARY ***
Total pot $12 | Rake $0.24
Board [2h Ad Kc]
Seat 1: nrJitsu (big blind) folded on the Flop
Seat 2: BcomeSomeone (button) (small blind) collected ($11.76)


PokerStars Hand #146305341432:  Hold'em Limit ($3/$6 USD) - 2016/01/01 21:07:39 ET
Table 'Dschubba II' 2-max Seat #2 is the button
Seat 1: nrJitsu ($1185.93 in chips)
Seat 2: BcomeSomeone ($428.42 in chips)
BcomeSomeone: posts small blind $1
nrJitsu: posts big blind $3
*** HOLE CARDS ***
BcomeSomeone: raises $3 to $6
nrJitsu: calls $3
*** FLOP *** [Qc Tc 8h]
nrJitsu: checks
BcomeSomeone: bets $3
nrJitsu: folds
Uncalled bet ($3) returned to BcomeSomeone
BcomeSomeone collected $11.76 from pot
BcomeSomeone: doesn't show hand
*** SUMMARY ***
Total pot $12 | Rake $0.24
Board [Qc Tc 8h]
Seat 1: nrJitsu (big blind) folded on the Flop
Seat 2: BcomeSomeone (button) (small blind) collected ($11.76)


PokerStars Hand #146305345028:  Hold'em Limit ($3/$6 USD) - 2016/01/01 21:07:46 ET
Table 'Dschubba II' 2-max Seat #1 is the button
Seat 1: nrJitsu ($1179.93 in chips)
Seat 2: BcomeSomeone ($434.18 in chips)
nrJitsu: posts small blind $1
BcomeSomeone: posts big blind $3
*** HOLE CARDS ***
nrJitsu: raises $3 to $6
BcomeSomeone: calls $3
*** FLOP *** [Ad 3h 9d]
BcomeSomeone: checks
nrJitsu: bets $3
BcomeSomeone: raises $3 to $6
nrJitsu: folds
Uncalled bet ($3) returned to BcomeSomeone
BcomeSomeone collected $17.64 from pot
BcomeSomeone: doesn't show hand
*** SUMMARY ***
Total pot $18 | Rake $0.36
Board [Ad 3h 9d]
Seat 1: nrJitsu (button) (small blind) folded on the Flop
Seat 2: BcomeSomeone (big blind) collected ($17.64)


PokerStars Hand #146305349812:  Hold'em Limit ($3/$6 USD) - 2016/01/01 21:07:55 ET
Table 'Dschubba II' 2-max Seat #2 is the button
Seat 1: nrJitsu ($1170.93 in chips)
Seat 2: BcomeSomeone ($442.82 in chips)
BcomeSomeone: posts small blind $1
nrJitsu: posts big blind $3
*** HOLE CARDS ***
BcomeSomeone: raises $3 to $6
nrJitsu: calls $3
*** FLOP *** [Qh 3h 6h]
nrJitsu: checks
BcomeSomeone: bets $3
nrJitsu: calls $3
*** TURN *** [Qh 3h 6h] [Kh]
nrJitsu: checks
BcomeSomeone: checks
*** RIVER *** [Qh 3h 6h Kh] [Jh]
nrJitsu: checks
BcomeSomeone: bets $6
nrJitsu: calls $6
*** SHOW DOWN ***
BcomeSomeone: shows [9h Ts] (a flush, King high)
nrJitsu: mucks hand
BcomeSomeone collected $29.50 from pot
*** SUMMARY ***
Total pot $30 | Rake $0.50
Board [Qh 3h 6h Kh Jh]
Seat 1: nrJitsu (big blind) mucked
Seat 2: BcomeSomeone (button) (small blind) showed [9h Ts] and won ($29.50) with a flush, King high


PokerStars Hand #146305358156:  Hold'em Limit ($3/$6 USD) - 2016/01/01 21:08:12 ET
Table 'Dschubba II' 2-max Seat #1 is the button
Seat 1: nrJitsu ($1155.93 in chips)
Seat 2: BcomeSomeone ($457.32 in chips)
nrJitsu: posts small blind $1
BcomeSomeone: posts big blind $3
*** HOLE CARDS ***
nrJitsu: raises $3 to $6
BcomeSomeone: calls $3
*** FLOP *** [Qs Tc Kh]
BcomeSomeone: checks
nrJitsu: bets $3
BcomeSomeone: calls $3
*** TURN *** [Qs Tc Kh] [Kc]
BcomeSomeone: checks
nrJitsu: checks
*** RIVER *** [Qs Tc Kh Kc] [2c]
BcomeSomeone: bets $6
nrJitsu: calls $6
*** SHOW DOWN ***
BcomeSomeone: shows [Qc 5h] (two pair, Kings and Queens)
nrJitsu: mucks hand
BcomeSomeone collected $29.50 from pot
*** SUMMARY ***
Total pot $30 | Rake $0.50
Board [Qs Tc Kh Kc 2c]
Seat 1: nrJitsu (button) (small blind) mucked
Seat 2: BcomeSomeone (big blind) showed [Qc 5h] and won ($29.50) with two pair, Kings and Queens


PokerStars Hand #146305363555:  Hold'em Limit ($3/$6 USD) - 2016/01/01 21:08:22 ET
Table 'Dschubba II' 2-max Seat #2 is the button
Seat 1: nrJitsu ($1140.93 in chips)
Seat 2: BcomeSomeone ($471.82 in chips)
BcomeSomeone: posts small blind $1
nrJitsu: posts big blind $3
*** HOLE CARDS ***
BcomeSomeone: raises $3 to $6
nrJitsu: folds
Uncalled bet ($3) returned to BcomeSomeone
BcomeSomeone collected $6 from pot
BcomeSomeone: doesn't show hand
*** SUMMARY ***
Total pot $6 | Rake $0
Seat 1: nrJitsu (big blind) folded before Flop
Seat 2: BcomeSomeone (button) (small blind) collected ($6)


PokerStars Hand #146305371804:  Hold'em Limit ($3/$6 USD) - 2016/01/01 21:08:38 ET
Table 'Dschubba II' 2-max Seat #2 is the button
Seat 1: nrJitsu ($1152.43 in chips)
Seat 2: BcomeSomeone ($459.82 in chips)
BcomeSomeone: posts small blind $1
nrJitsu: posts big blind $3
*** HOLE CARDS ***
BcomeSomeone: raises $3 to $6
nrJitsu: folds
Uncalled bet ($3) returned to BcomeSomeone
BcomeSomeone collected $6 from pot
BcomeSomeone: doesn't show hand
*** SUMMARY ***
Total pot $6 | Rake $0
Seat 1: nrJitsu (big blind) folded before Flop
Seat 2: BcomeSomeone (button) (small blind) collected ($6)


PokerStars Hand #146305365874:  Hold'em Limit ($3/$6 USD) - 2016/01/01 21:08:27 ET
Table 'Dschubba II' 2-max Seat #1 is the button
Seat 1: nrJitsu ($1137.93 in chips)
Seat 2: BcomeSomeone ($474.82 in chips)
nrJitsu: posts small blind $1
BcomeSomeone: posts big blind $3
*** HOLE CARDS ***
nrJitsu: raises $3 to $6
BcomeSomeone: calls $3
*** FLOP *** [2h Jh 9c]
BcomeSomeone: checks
nrJitsu: bets $3
BcomeSomeone: calls $3
*** TURN *** [2h Jh 9c] [Td]
BcomeSomeone: checks
nrJitsu: bets $6
BcomeSomeone: calls $6
*** RIVER *** [2h Jh 9c Td] [Tc]
BcomeSomeone: checks
nrJitsu: bets $6
BcomeSomeone: folds
Uncalled bet ($6) returned to nrJitsu
nrJitsu collected $29.50 from pot
nrJitsu: doesn't show hand
*** SUMMARY ***
Total pot $30 | Rake $0.50
Board [2h Jh 9c Td Tc]
Seat 1: nrJitsu (button) (small blind) collected ($29.50)
Seat 2: BcomeSomeone (big blind) folded on the River


PokerStars Hand #146305374216:  Hold'em Limit ($3/$6 USD) - 2016/01/01 21:08:43 ET
Table 'Dschubba II' 2-max Seat #1 is the button
Seat 1: nrJitsu ($1149.43 in chips)
Seat 2: BcomeSomeone ($462.82 in chips)
nrJitsu: posts small blind $1
BcomeSomeone: posts big blind $3
*** HOLE CARDS ***
nrJitsu: raises $3 to $6
BcomeSomeone: calls $3
*** FLOP *** [Js 8s 9s]
BcomeSomeone: checks
nrJitsu: bets $3
BcomeSomeone: calls $3
*** TURN *** [Js 8s 9s] [6h]
BcomeSomeone: checks
nrJitsu: bets $6
BcomeSomeone: folds
Uncalled bet ($6) returned to nrJitsu
nrJitsu collected $17.64 from pot
nrJitsu: doesn't show hand
*** SUMMARY ***
Total pot $18 | Rake $0.36
Board [Js 8s 9s 6h]
Seat 1: nrJitsu (button) (small blind) collected ($17.64)
Seat 2: BcomeSomeone (big blind) folded on the Turn


PokerStars Hand #146305379630:  Hold'em Limit ($3/$6 USD) - 2016/01/01 21:08:53 ET
Table 'Dschubba II' 2-max Seat #2 is the button
Seat 1: nrJitsu ($1158.07 in chips)
Seat 2: BcomeSomeone ($453.82 in chips)
BcomeSomeone: posts small blind $1
nrJitsu: posts big blind $3
*** HOLE CARDS ***
BcomeSomeone: raises $3 to $6
nrJitsu: folds
Uncalled bet ($3) returned to BcomeSomeone
BcomeSomeone collected $6 from pot
BcomeSomeone: doesn't show hand
*** SUMMARY ***
Total pot $6 | Rake $0
Seat 1: nrJitsu (big blind) folded before Flop
Seat 2: BcomeSomeone (button) (small blind) collected ($6)


PokerStars Hand #146305384058:  Hold'em Limit ($3/$6 USD) - 2016/01/01 21:09:02 ET
Table 'Dschubba II' 2-max Seat #1 is the button
Seat 1: nrJitsu ($1155.07 in chips)
Seat 2: BcomeSomeone ($456.82 in chips)
nrJitsu: posts small blind $1
BcomeSomeone: posts big blind $3
*** HOLE CARDS ***
nrJitsu: raises $3 to $6
BcomeSomeone: raises $3 to $9
nrJitsu: calls $3
*** FLOP *** [2s 8s 6s]
BcomeSomeone: bets $3
nrJitsu: folds
Uncalled bet ($3) returned to BcomeSomeone
BcomeSomeone collected $17.64 from pot
BcomeSomeone: doesn't show hand
*** SUMMARY ***
Total pot $18 | Rake $0.36
Board [2s 8s 6s]
Seat 1: nrJitsu (button) (small blind) folded on the Flop
Seat 2: BcomeSomeone (big blind) collected ($17.64)


PokerStars Hand #146305389514:  Hold'em Limit ($3/$6 USD) - 2016/01/01 21:09:12 ET
Table 'Dschubba II' 2-max Seat #2 is the button
Seat 1: nrJitsu ($1146.07 in chips)
Seat 2: BcomeSomeone ($465.46 in chips)
BcomeSomeone: posts small blind $1
nrJitsu: posts big blind $3
*** HOLE CARDS ***
BcomeSomeone: raises $3 to $6
nrJitsu: calls $3
*** FLOP *** [9s Ac 7c]
nrJitsu: checks
BcomeSomeone: bets $3
nrJitsu: folds
Uncalled bet ($3) returned to BcomeSomeone
BcomeSomeone collected $11.76 from pot
BcomeSomeone: doesn't show hand
*** SUMMARY ***
Total pot $12 | Rake $0.24
Board [9s Ac 7c]
Seat 1: nrJitsu (big blind) folded on the Flop
Seat 2: BcomeSomeone (button) (small blind) collected ($11.76)


PokerStars Hand #146305397788:  Hold'em Limit ($3/$6 USD) - 2016/01/01 21:09:29 ET
Table 'Dschubba II' 2-max Seat #1 is the button
Seat 1: nrJitsu ($1140.07 in chips)
Seat 2: BcomeSomeone ($471.22 in chips)
nrJitsu: posts small blind $1
BcomeSomeone: posts big blind $3
*** HOLE CARDS ***
nrJitsu: raises $3 to $6
BcomeSomeone: folds
Uncalled bet ($3) returned to nrJitsu
nrJitsu collected $6 from pot
nrJitsu: doesn't show hand
*** SUMMARY ***
Total pot $6 | Rake $0
Seat 1: nrJitsu (button) (small blind) collected ($6)
Seat 2: BcomeSomeone (big blind) folded before Flop


PokerStars Hand #146305395455:  Hold'em Limit ($3/$6 USD) - 2016/01/01 21:09:24 ET
Table 'Dschubba II' 2-max Seat #2 is the button
Seat 1: nrJitsu ($1139.07 in chips)
Seat 2: BcomeSomeone ($472.22 in chips)
BcomeSomeone: posts small blind $1
nrJitsu: posts big blind $3
*** HOLE CARDS ***
BcomeSomeone: folds
Uncalled bet ($2) returned to nrJitsu
nrJitsu collected $2 from pot
nrJitsu: doesn't show hand
*** SUMMARY ***
Total pot $2 | Rake $0
Seat 1: nrJitsu (big blind) collected ($2)
Seat 2: BcomeSomeone (button) (small blind) folded before Flop


PokerStars Hand #146305393221:  Hold'em Limit ($3/$6 USD) - 2016/01/01 21:09:20 ET
Table 'Dschubba II' 2-max Seat #1 is the button
Seat 1: nrJitsu ($1140.07 in chips)
Seat 2: BcomeSomeone ($471.22 in chips)
nrJitsu: posts small blind $1
BcomeSomeone: posts big blind $3
*** HOLE CARDS ***
nrJitsu: folds
Uncalled bet ($2) returned to BcomeSomeone
BcomeSomeone collected $2 from pot
BcomeSomeone: doesn't show hand
*** SUMMARY ***
Total pot $2 | Rake $0
Seat 1: nrJitsu (button) (small blind) folded before Flop
Seat 2: BcomeSomeone (big blind) collected ($2)


PokerStars Hand #146305400354:  Hold'em Limit ($3/$6 USD) - 2016/01/01 21:09:34 ET
Table 'Dschubba II' 2-max Seat #2 is the button
Seat 1: nrJitsu ($1143.07 in chips)
Seat 2: BcomeSomeone ($468.22 in chips)
BcomeSomeone: posts small blind $1
nrJitsu: posts big blind $3
*** HOLE CARDS ***
BcomeSomeone: folds
Uncalled bet ($2) returned to nrJitsu
nrJitsu collected $2 from pot
nrJitsu: doesn't show hand
*** SUMMARY ***
Total pot $2 | Rake $0
Seat 1: nrJitsu (big blind) collected ($2)
Seat 2: BcomeSomeone (button) (small blind) folded before Flop


PokerStars Hand #146305411031:  Hold'em Limit ($3/$6 USD) - 2016/01/01 21:09:54 ET
Table 'Dschubba II' 2-max Seat #2 is the button
Seat 1: nrJitsu ($1123.07 in chips)
Seat 2: BcomeSomeone ($487.72 in chips)
BcomeSomeone: posts small blind $1
nrJitsu: posts big blind $3
*** HOLE CARDS ***
BcomeSomeone: raises $3 to $6
nrJitsu: folds
Uncalled bet ($3) returned to BcomeSomeone
BcomeSomeone collected $6 from pot
BcomeSomeone: doesn't show hand
*** SUMMARY ***
Total pot $6 | Rake $0
Seat 1: nrJitsu (big blind) folded before Flop
Seat 2: BcomeSomeone (button) (small blind) collected ($6)


PokerStars Hand #146305402495:  Hold'em Limit ($3/$6 USD) - 2016/01/01 21:09:38 ET
Table 'Dschubba II' 2-max Seat #1 is the button
Seat 1: nrJitsu ($1144.07 in chips)
Seat 2: BcomeSomeone ($467.22 in chips)
nrJitsu: posts small blind $1
BcomeSomeone: posts big blind $3
*** HOLE CARDS ***
nrJitsu: raises $3 to $6
BcomeSomeone: calls $3
*** FLOP *** [6d Qs Th]
BcomeSomeone: checks
nrJitsu: bets $3
BcomeSomeone: calls $3
*** TURN *** [6d Qs Th] [Ts]
BcomeSomeone: checks
nrJitsu: bets $6
BcomeSomeone: raises $6 to $12
nrJitsu: calls $6
*** RIVER *** [6d Qs Th Ts] [2c]
BcomeSomeone: bets $6
nrJitsu: folds
Uncalled bet ($6) returned to BcomeSomeone
BcomeSomeone collected $41.50 from pot
BcomeSomeone: doesn't show hand
*** SUMMARY ***
Total pot $42 | Rake $0.50
Board [6d Qs Th Ts 2c]
Seat 1: nrJitsu (button) (small blind) folded on the River
Seat 2: BcomeSomeone (big blind) collected ($41.50)


PokerStars Hand #146305413398:  Hold'em Limit ($3/$6 USD) - 2016/01/01 21:09:59 ET
Table 'Dschubba II' 2-max Seat #1 is the button
Seat 1: nrJitsu ($1120.07 in chips)
Seat 2: BcomeSomeone ($490.72 in chips)
nrJitsu: posts small blind $1
BcomeSomeone: posts big blind $3
*** HOLE CARDS ***
nrJitsu: raises $3 to $6
BcomeSomeone: calls $3
*** FLOP *** [5s 4d Jd]
BcomeSomeone: checks
nrJitsu: bets $3
BcomeSomeone: calls $3
*** TURN *** [5s 4d Jd] [6s]
BcomeSomeone: checks
nrJitsu: checks
*** RIVER *** [5s 4d Jd 6s] [7c]
BcomeSomeone: checks
nrJitsu: checks
*** SHOW DOWN ***
BcomeSomeone: shows [6h Ah] (a pair of Sixes)
nrJitsu: mucks hand
BcomeSomeone collected $17.64 from pot
*** SUMMARY ***
Total pot $18 | Rake $0.36
Board [5s 4d Jd 6s 7c]
Seat 1: nrJitsu (button) (small blind) mucked
Seat 2: BcomeSomeone (big blind) showed [6h Ah] and won ($17.64) with a pair of Sixes


PokerStars Hand #146305419649:  Hold'em Limit ($3/$6 USD) - 2016/01/01 21:10:11 ET
Table 'Dschubba II' 2-max Seat #2 is the button
Seat 1: nrJitsu ($1111.07 in chips)
Seat 2: BcomeSomeone ($499.36 in chips)
BcomeSomeone: posts small blind $1
nrJitsu: posts big blind $3
*** HOLE CARDS ***
BcomeSomeone: raises $3 to $6
nrJitsu: calls $3
*** FLOP *** [Qc 5c 6s]
nrJitsu: checks
BcomeSomeone: bets $3
nrJitsu: calls $3
*** TURN *** [Qc 5c 6s] [9s]
nrJitsu: checks
BcomeSomeone: bets $6
nrJitsu: calls $6
*** RIVER *** [Qc 5c 6s 9s] [Td]
nrJitsu: checks
BcomeSomeone: checks
*** SHOW DOWN ***
nrJitsu: shows [5s Kd] (a pair of Fives)
BcomeSomeone: shows [7s 6c] (a pair of Sixes)
BcomeSomeone collected $29.50 from pot
*** SUMMARY ***
Total pot $30 | Rake $0.50
Board [Qc 5c 6s 9s Td]
Seat 1: nrJitsu (big blind) showed [5s Kd] and lost with a pair of Fives
Seat 2: BcomeSomeone (button) (small blind) showed [7s 6c] and won ($29.50) with a pair of Sixes


PokerStars Hand #146305428021:  Hold'em Limit ($3/$6 USD) - 2016/01/01 21:10:27 ET
Table 'Dschubba II' 2-max Seat #1 is the button
Seat 1: nrJitsu ($1096.07 in chips)
Seat 2: BcomeSomeone ($513.86 in chips)
nrJitsu: posts small blind $1
BcomeSomeone: posts big blind $3
*** HOLE CARDS ***
nrJitsu: raises $3 to $6
BcomeSomeone: raises $3 to $9
nrJitsu: calls $3
*** FLOP *** [3s Kd Ts]
BcomeSomeone: bets $3
nrJitsu: calls $3
*** TURN *** [3s Kd Ts] [6d]
BcomeSomeone: bets $6
nrJitsu: calls $6
*** RIVER *** [3s Kd Ts 6d] [2s]
BcomeSomeone: bets $6
nrJitsu: folds
Uncalled bet ($6) returned to BcomeSomeone
BcomeSomeone collected $35.50 from pot
BcomeSomeone: doesn't show hand
*** SUMMARY ***
Total pot $36 | Rake $0.50
Board [3s Kd Ts 6d 2s]
Seat 1: nrJitsu (button) (small blind) folded on the River
Seat 2: BcomeSomeone (big blind) collected ($35.50)


PokerStars Hand #146305447188:  Hold'em Limit ($3/$6 USD) - 2016/01/01 21:11:05 ET
Table 'Dschubba II' 2-max Seat #1 is the button
Seat 1: nrJitsu ($1083.83 in chips)
Seat 2: BcomeSomeone ($525.36 in chips)
nrJitsu: posts small blind $1
BcomeSomeone: posts big blind $3
*** HOLE CARDS ***
nrJitsu: raises $3 to $6
BcomeSomeone: folds
Uncalled bet ($3) returned to nrJitsu
nrJitsu collected $6 from pot
nrJitsu: doesn't show hand
*** SUMMARY ***
Total pot $6 | Rake $0
Seat 1: nrJitsu (button) (small blind) collected ($6)
Seat 2: BcomeSomeone (big blind) folded before Flop


PokerStars Hand #146305434262:  Hold'em Limit ($3/$6 USD) - 2016/01/01 21:10:40 ET
Table 'Dschubba II' 2-max Seat #2 is the button
Seat 1: nrJitsu ($1078.07 in chips)
Seat 2: BcomeSomeone ($531.36 in chips)
BcomeSomeone: posts small blind $1
nrJitsu: posts big blind $3
*** HOLE CARDS ***
BcomeSomeone: raises $3 to $6
nrJitsu: calls $3
*** FLOP *** [Ts 4s 8s]
nrJitsu: checks
BcomeSomeone: checks
*** TURN *** [Ts 4s 8s] [Qs]
nrJitsu: checks
BcomeSomeone: checks
*** RIVER *** [Ts 4s 8s Qs] [Js]
nrJitsu: bets $6
BcomeSomeone: folds
Uncalled bet ($6) returned to nrJitsu
nrJitsu collected $11.76 from pot
nrJitsu: doesn't show hand
*** SUMMARY ***
Total pot $12 | Rake $0.24
Board [Ts 4s 8s Qs Js]
Seat 1: nrJitsu (big blind) collected ($11.76)
Seat 2: BcomeSomeone (button) (small blind) folded on the River


PokerStars Hand #146305450194:  Hold'em Limit ($3/$6 USD) - 2016/01/01 21:11:11 ET
Table 'Dschubba II' 2-max Seat #2 is the button
Seat 1: nrJitsu ($1086.83 in chips)
Seat 2: BcomeSomeone ($522.36 in chips)
BcomeSomeone: posts small blind $1
nrJitsu: posts big blind $3
*** HOLE CARDS ***
BcomeSomeone: raises $3 to $6
nrJitsu: folds
Uncalled bet ($3) returned to BcomeSomeone
BcomeSomeone collected $6 from pot
BcomeSomeone: doesn't show hand
*** SUMMARY ***
Total pot $6 | Rake $0
Seat 1: nrJitsu (big blind) folded before Flop
Seat 2: BcomeSomeone (button) (small blind) collected ($6)


PokerStars Hand #146305453046:  Hold'em Limit ($3/$6 USD) - 2016/01/01 21:11:16 ET
Table 'Dschubba II' 2-max Seat #1 is the button
Seat 1: nrJitsu ($1083.83 in chips)
Seat 2: BcomeSomeone ($525.36 in chips)
nrJitsu: posts small blind $1
BcomeSomeone: posts big blind $3
*** HOLE CARDS ***
nrJitsu: raises $3 to $6
BcomeSomeone: calls $3
*** FLOP *** [Qh 3h 5d]
BcomeSomeone: checks
nrJitsu: bets $3
BcomeSomeone: calls $3
*** TURN *** [Qh 3h 5d] [3d]
BcomeSomeone: checks
nrJitsu: bets $6
BcomeSomeone: raises $6 to $12
nrJitsu: folds
Uncalled bet ($6) returned to BcomeSomeone
BcomeSomeone collected $29.50 from pot
BcomeSomeone: doesn't show hand
*** SUMMARY ***
Total pot $30 | Rake $0.50
Board [Qh 3h 5d 3d]
Seat 1: nrJitsu (button) (small blind) folded on the Turn
Seat 2: BcomeSomeone (big blind) collected ($29.50)


PokerStars Hand #146305458916:  Hold'em Limit ($3/$6 USD) - 2016/01/01 21:11:28 ET
Table 'Dschubba II' 2-max Seat #2 is the button
Seat 1: nrJitsu ($1068.83 in chips)
Seat 2: BcomeSomeone ($539.86 in chips)
BcomeSomeone: posts small blind $1
nrJitsu: posts big blind $3
*** HOLE CARDS ***
BcomeSomeone: raises $3 to $6
nrJitsu: raises $3 to $9
BcomeSomeone: calls $3
*** FLOP *** [8h Ah Td]
nrJitsu: bets $3
BcomeSomeone: calls $3
*** TURN *** [8h Ah Td] [8s]
nrJitsu: bets $6
BcomeSomeone: calls $6
*** RIVER *** [8h Ah Td 8s] [9d]
nrJitsu: bets $6
BcomeSomeone: folds
Uncalled bet ($6) returned to nrJitsu
nrJitsu collected $35.50 from pot
nrJitsu: doesn't show hand
*** SUMMARY ***
Total pot $36 | Rake $0.50
Board [8h Ah Td 8s 9d]
Seat 1: nrJitsu (big blind) collected ($35.50)
Seat 2: BcomeSomeone (button) (small blind) folded on the River


PokerStars Hand #146305466216:  Hold'em Limit ($3/$6 USD) - 2016/01/01 21:11:42 ET
Table 'Dschubba II' 2-max Seat #1 is the button
Seat 1: nrJitsu ($1086.33 in chips)
Seat 2: BcomeSomeone ($521.86 in chips)
nrJitsu: posts small blind $1
BcomeSomeone: posts big blind $3
*** HOLE CARDS ***
nrJitsu: raises $3 to $6
BcomeSomeone: calls $3
*** FLOP *** [4h Ks 8s]
BcomeSomeone: checks
nrJitsu: bets $3
BcomeSomeone: calls $3
*** TURN *** [4h Ks 8s] [8h]
BcomeSomeone: checks
nrJitsu: checks
*** RIVER *** [4h Ks 8s 8h] [6d]
BcomeSomeone: bets $6
nrJitsu: folds
Uncalled bet ($6) returned to BcomeSomeone
BcomeSomeone collected $17.64 from pot
BcomeSomeone: doesn't show hand
*** SUMMARY ***
Total pot $18 | Rake $0.36
Board [4h Ks 8s 8h 6d]
Seat 1: nrJitsu (button) (small blind) folded on the River
Seat 2: BcomeSomeone (big blind) collected ($17.64)


PokerStars Hand #146305479415:  Hold'em Limit ($3/$6 USD) - 2016/01/01 21:12:08 ET
Table 'Dschubba II' 2-max Seat #1 is the button
Seat 1: nrJitsu ($1047.33 in chips)
Seat 2: BcomeSomeone ($560 in chips)
nrJitsu: posts small blind $1
BcomeSomeone: posts big blind $3
*** HOLE CARDS ***
nrJitsu: folds
Uncalled bet ($2) returned to BcomeSomeone
BcomeSomeone collected $2 from pot
BcomeSomeone: doesn't show hand
*** SUMMARY ***
Total pot $2 | Rake $0
Seat 1: nrJitsu (button) (small blind) folded before Flop
Seat 2: BcomeSomeone (big blind) collected ($2)


PokerStars Hand #146305471499:  Hold'em Limit ($3/$6 USD) - 2016/01/01 21:11:52 ET
Table 'Dschubba II' 2-max Seat #2 is the button
Seat 1: nrJitsu ($1077.33 in chips)
Seat 2: BcomeSomeone ($530.50 in chips)
BcomeSomeone: posts small blind $1
nrJitsu: posts big blind $3
*** HOLE CARDS ***
BcomeSomeone: raises $3 to $6
nrJitsu: calls $3
*** FLOP *** [2d 9s 4c]
nrJitsu: checks
BcomeSomeone: bets $3
nrJitsu: raises $3 to $6
BcomeSomeone: calls $3
*** TURN *** [2d 9s 4c] [2h]
nrJitsu: bets $6
BcomeSomeone: calls $6
*** RIVER *** [2d 9s 4c 2h] [Ah]
nrJitsu: bets $6
BcomeSomeone: raises $6 to $12
nrJitsu: calls $6
*** SHOW DOWN ***
BcomeSomeone: shows [As 7h] (two pair, Aces and Deuces)
nrJitsu: mucks hand
BcomeSomeone collected $59.50 from pot
*** SUMMARY ***
Total pot $60 | Rake $0.50
Board [2d 9s 4c 2h Ah]
Seat 1: nrJitsu (big blind) mucked
Seat 2: BcomeSomeone (button) (small blind) showed [As 7h] and won ($59.50) with two pair, Aces and Deuces


