PokerStars Hand #161263621070:  Hold'em Limit ($3/$6 USD) - 2016/11/11 19:47:42 ET
Table 'Dschubba' 6-max Seat #6 is the button
Seat 3: TinaTurner72 ($120 in chips)
Seat 6: Brama Br ($120 in chips)
Brama Br: posts small blind $1
TinaTurner72: posts big blind $3
*** HOLE CARDS ***
Brama Br: folds
Uncalled bet ($2) returned to TinaTurner72
TinaTurner72 collected $2 from pot
TinaTurner72: doesn't show hand
*** SUMMARY ***
Total pot $2 | Rake $0
Seat 3: TinaTurner72 (big blind) collected ($2)
Seat 6: Brama Br (button) (small blind) folded before Flop


PokerStars Hand #161263626193:  Hold'em Limit ($3/$6 USD) - 2016/11/11 19:47:51 ET
Table 'Dschubba' 6-max Seat #3 is the button
Seat 3: TinaTurner72 ($121 in chips)
Seat 6: Brama Br ($119 in chips)
TinaTurner72: posts small blind $1
Brama Br: posts big blind $3
*** HOLE CARDS ***
TinaTurner72: raises $3 to $6
Brama Br: calls $3
*** FLOP *** [7c Th 9d]
Brama Br: checks
TinaTurner72: bets $3
Brama Br: calls $3
*** TURN *** [7c Th 9d] [8h]
Brama Br: checks
TinaTurner72: bets $6
Brama Br: folds
Uncalled bet ($6) returned to TinaTurner72
TinaTurner72 collected $17.64 from pot
TinaTurner72: doesn't show hand
*** SUMMARY ***
Total pot $18 | Rake $0.36
Board [7c Th 9d 8h]
Seat 3: TinaTurner72 (button) (small blind) collected ($17.64)
Seat 6: Brama Br (big blind) folded on the Turn


PokerStars Hand #161263640531:  Hold'em Limit ($3/$6 USD) - 2016/11/11 19:48:16 ET
Table 'Dschubba' 6-max Seat #6 is the button
Seat 3: TinaTurner72 ($129.64 in chips)
Seat 6: Brama Br ($110 in chips)
Brama Br: posts small blind $1
TinaTurner72: posts big blind $3
*** HOLE CARDS ***
Brama Br: raises $3 to $6
TinaTurner72: calls $3
*** FLOP *** [Qc Kc 6d]
TinaTurner72: checks
Brama Br: bets $3
TinaTurner72: folds
Uncalled bet ($3) returned to Brama Br
Brama Br collected $11.76 from pot
Brama Br: doesn't show hand
*** SUMMARY ***
Total pot $12 | Rake $0.24
Board [Qc Kc 6d]
Seat 3: TinaTurner72 (big blind) folded on the Flop
Seat 6: Brama Br (button) (small blind) collected ($11.76)


PokerStars Hand #161263651718:  Hold'em Limit ($3/$6 USD) - 2016/11/11 19:48:35 ET
Table 'Dschubba' 6-max Seat #3 is the button
Seat 3: TinaTurner72 ($123.64 in chips)
Seat 6: Brama Br ($115.76 in chips)
TinaTurner72: posts small blind $1
Brama Br: posts big blind $3
*** HOLE CARDS ***
TinaTurner72: raises $3 to $6
Brama Br: calls $3
*** FLOP *** [Kh Ks Jc]
Brama Br: checks
TinaTurner72: bets $3
Brama Br: calls $3
*** TURN *** [Kh Ks Jc] [Qc]
Brama Br: checks
TinaTurner72: bets $6
Brama Br: raises $6 to $12
TinaTurner72: calls $6
*** RIVER *** [Kh Ks Jc Qc] [Ts]
Brama Br: checks
TinaTurner72: checks
*** SHOW DOWN ***
Brama Br: shows [Kd 7c] (three of a kind, Kings)
TinaTurner72: mucks hand
Brama Br collected $41.50 from pot
*** SUMMARY ***
Total pot $42 | Rake $0.50
Board [Kh Ks Jc Qc Ts]
Seat 3: TinaTurner72 (button) (small blind) mucked
Seat 6: Brama Br (big blind) showed [Kd 7c] and won ($41.50) with three of a kind, Kings


PokerStars Hand #161263672856:  Hold'em Limit ($3/$6 USD) - 2016/11/11 19:49:12 ET
Table 'Dschubba' 6-max Seat #6 is the button
Seat 3: TinaTurner72 ($102.64 in chips)
Seat 6: Brama Br ($136.26 in chips)
Brama Br: posts small blind $1
TinaTurner72: posts big blind $3
*** HOLE CARDS ***
ToDaFelt joins the table at seat #1
Brama Br: raises $3 to $6
TinaTurner72: raises $3 to $9
Brama Br: raises $3 to $12
Betting is capped
birmancat44 joins the table at seat #4
TinaTurner72: calls $3
*** FLOP *** [4h Qs 2s]
TinaTurner72: checks
Brama Br: bets $3
TinaTurner72: calls $3
*** TURN *** [4h Qs 2s] [9d]
TinaTurner72: checks
Brama Br: checks
*** RIVER *** [4h Qs 2s 9d] [Ks]
TinaTurner72: checks
Brama Br: checks
*** SHOW DOWN ***
TinaTurner72: shows [As Jh] (high card Ace)
Brama Br: mucks hand
TinaTurner72 collected $29.50 from pot
*** SUMMARY ***
Total pot $30 | Rake $0.50
Board [4h Qs 2s 9d Ks]
Seat 3: TinaTurner72 (big blind) showed [As Jh] and won ($29.50) with high card Ace
Seat 6: Brama Br (button) (small blind) mucked


PokerStars Hand #161266077593:  Hold'em Limit ($3/$6 USD) - 2016/11/11 21:06:59 ET
Table 'Dschubba' 6-max Seat #2 is the button
Seat 1: ToDaFelt ($169.40 in chips)
Seat 2: knas4 ($228.11 in chips)
knas4: posts small blind $1
TinaTurner72: is sitting out
Kosova1968 was removed from the table for failing to post
TinaTurner72 leaves the table
ToDaFelt: posts big blind $3
*** HOLE CARDS ***
knas4: folds
Uncalled bet ($2) returned to ToDaFelt
ToDaFelt collected $2 from pot
ToDaFelt: doesn't show hand
knas4 leaves the table
*** SUMMARY ***
Total pot $2 | Rake $0
Seat 1: ToDaFelt (big blind) collected ($2)
Seat 2: knas4 (button) (small blind) folded before Flop


