PokerStars Hand #146293554102:  Hold'em Limit ($3/$6 USD) - 2016/01/01 16:56:12 ET
Table 'Dschubba II' 2-max Seat #1 is the button
Seat 1: nrJitsu ($193 in chips)
Seat 2: vitalik1203 ($66.72 in chips)
nrJitsu: posts small blind $1
vitalik1203: posts big blind $3
*** HOLE CARDS ***
nrJitsu: raises $3 to $6
vitalik1203: calls $3
*** FLOP *** [Ac 8c 6d]
vitalik1203: bets $3
nrJitsu: calls $3
*** TURN *** [Ac 8c 6d] [8s]
vitalik1203: bets $6
nrJitsu: raises $6 to $12
vitalik1203: calls $6
*** RIVER *** [Ac 8c 6d 8s] [9d]
vitalik1203: bets $6
nrJitsu: calls $6
*** SHOW DOWN ***
vitalik1203: shows [7s 8d] (three of a kind, Eights)
nrJitsu: mucks hand
vitalik1203 collected $53.50 from pot
*** SUMMARY ***
Total pot $54 | Rake $0.50
Board [Ac 8c 6d 8s 9d]
Seat 1: nrJitsu (button) (small blind) mucked
Seat 2: vitalik1203 (big blind) showed [7s 8d] and won ($53.50) with three of a kind, Eights


PokerStars Hand #146293587430:  Hold'em Limit ($3/$6 USD) - 2016/01/01 16:56:54 ET
Table 'Dschubba II' 2-max Seat #1 is the button
Seat 1: nrJitsu ($192.50 in chips)
Seat 2: vitalik1203 ($66.22 in chips)
nrJitsu: posts small blind $1
vitalik1203: posts big blind $3
*** HOLE CARDS ***
nrJitsu: folds
Uncalled bet ($2) returned to vitalik1203
vitalik1203 collected $2 from pot
vitalik1203: doesn't show hand
*** SUMMARY ***
Total pot $2 | Rake $0
Seat 1: nrJitsu (button) (small blind) folded before Flop
Seat 2: vitalik1203 (big blind) collected ($2)


PokerStars Hand #146293570697:  Hold'em Limit ($3/$6 USD) - 2016/01/01 16:56:33 ET
Table 'Dschubba II' 2-max Seat #2 is the button
Seat 1: nrJitsu ($166 in chips)
Seat 2: vitalik1203 ($93.22 in chips)
vitalik1203: posts small blind $1
nrJitsu: posts big blind $3
*** HOLE CARDS ***
vitalik1203: raises $3 to $6
nrJitsu: calls $3
*** FLOP *** [2c Kd 3s]
nrJitsu: checks
vitalik1203: bets $3
nrJitsu: calls $3
*** TURN *** [2c Kd 3s] [As]
nrJitsu: checks
vitalik1203: bets $6
nrJitsu: raises $6 to $12
vitalik1203: calls $6
*** RIVER *** [2c Kd 3s As] [Jh]
nrJitsu: bets $6
vitalik1203: calls $6
*** SHOW DOWN ***
nrJitsu: shows [5s Ah] (a pair of Aces)
vitalik1203: mucks hand
nrJitsu collected $53.50 from pot
*** SUMMARY ***
Total pot $54 | Rake $0.50
Board [2c Kd 3s As Jh]
Seat 1: nrJitsu (big blind) showed [5s Ah] and won ($53.50) with a pair of Aces
Seat 2: vitalik1203 (button) (small blind) mucked


PokerStars Hand #146293616495:  Hold'em Limit ($3/$6 USD) - 2016/01/01 16:57:32 ET
Table 'Dschubba II' 2-max Seat #2 is the button
Seat 1: nrJitsu ($184.50 in chips)
Seat 2: vitalik1203 ($73.98 in chips)
vitalik1203: posts small blind $1
nrJitsu: posts big blind $3
*** HOLE CARDS ***
vitalik1203: calls $2
nrJitsu: checks
*** FLOP *** [8c Jd Ad]
nrJitsu: checks
vitalik1203: checks
*** TURN *** [8c Jd Ad] [Ah]
nrJitsu: checks
vitalik1203: checks
*** RIVER *** [8c Jd Ad Ah] [9h]
nrJitsu: checks
vitalik1203: checks
*** SHOW DOWN ***
nrJitsu: shows [5c 2d] (a pair of Aces)
vitalik1203: shows [7c Qh] (a pair of Aces - Queen kicker)
vitalik1203 collected $5.88 from pot
*** SUMMARY ***
Total pot $6 | Rake $0.12
Board [8c Jd Ad Ah 9h]
Seat 1: nrJitsu (big blind) showed [5c 2d] and lost with a pair of Aces
Seat 2: vitalik1203 (button) (small blind) showed [7c Qh] and won ($5.88) with a pair of Aces


PokerStars Hand #146293611473:  Hold'em Limit ($3/$6 USD) - 2016/01/01 16:57:25 ET
Table 'Dschubba II' 2-max Seat #1 is the button
Seat 1: nrJitsu ($185.50 in chips)
Seat 2: vitalik1203 ($72.98 in chips)
nrJitsu: posts small blind $1
vitalik1203: posts big blind $3
*** HOLE CARDS ***
nrJitsu: folds
Uncalled bet ($2) returned to vitalik1203
vitalik1203 collected $2 from pot
vitalik1203: doesn't show hand
*** SUMMARY ***
Total pot $2 | Rake $0
Seat 1: nrJitsu (button) (small blind) folded before Flop
Seat 2: vitalik1203 (big blind) collected ($2)


PokerStars Hand #146293590927:  Hold'em Limit ($3/$6 USD) - 2016/01/01 16:56:59 ET
Table 'Dschubba II' 2-max Seat #2 is the button
Seat 1: nrJitsu ($191.50 in chips)
Seat 2: vitalik1203 ($67.22 in chips)
vitalik1203: posts small blind $1
nrJitsu: posts big blind $3
*** HOLE CARDS ***
vitalik1203: raises $3 to $6
nrJitsu: calls $3
*** FLOP *** [7d 8d 3d]
nrJitsu: checks
vitalik1203: checks
*** TURN *** [7d 8d 3d] [Jc]
nrJitsu: checks
vitalik1203: checks
*** RIVER *** [7d 8d 3d Jc] [3h]
nrJitsu: checks
vitalik1203: bets $6
nrJitsu: folds
Uncalled bet ($6) returned to vitalik1203
vitalik1203 collected $11.76 from pot
vitalik1203: doesn't show hand
*** SUMMARY ***
Total pot $12 | Rake $0.24
Board [7d 8d 3d Jc 3h]
Seat 1: nrJitsu (big blind) folded on the River
Seat 2: vitalik1203 (button) (small blind) collected ($11.76)


PokerStars Hand #146293635256:  Hold'em Limit ($3/$6 USD) - 2016/01/01 16:57:55 ET
Table 'Dschubba II' 2-max Seat #1 is the button
Seat 1: nrJitsu ($181.50 in chips)
Seat 2: vitalik1203 ($76.86 in chips)
nrJitsu: posts small blind $1
vitalik1203: posts big blind $3
*** HOLE CARDS ***
nrJitsu: raises $3 to $6
vitalik1203: calls $3
*** FLOP *** [Tc 6s 5h]
vitalik1203: checks
nrJitsu: bets $3
vitalik1203: calls $3
*** TURN *** [Tc 6s 5h] [9h]
vitalik1203: checks
nrJitsu: bets $6
vitalik1203: folds
Uncalled bet ($6) returned to nrJitsu
nrJitsu collected $17.64 from pot
nrJitsu: doesn't show hand
*** SUMMARY ***
Total pot $18 | Rake $0.36
Board [Tc 6s 5h 9h]
Seat 1: nrJitsu (button) (small blind) collected ($17.64)
Seat 2: vitalik1203 (big blind) folded on the Turn


PokerStars Hand #146293691723:  Hold'em Limit ($3/$6 USD) - 2016/01/01 16:59:06 ET
Table 'Dschubba II' 2-max Seat #1 is the button
Seat 1: nrJitsu ($187.14 in chips)
Seat 2: vitalik1203 ($70.86 in chips)
nrJitsu: posts small blind $1
vitalik1203: posts big blind $3
*** HOLE CARDS ***
nrJitsu: raises $3 to $6
vitalik1203: raises $3 to $9
nrJitsu: calls $3
*** FLOP *** [6d Tc Qc]
vitalik1203: bets $3
nrJitsu: calls $3
*** TURN *** [6d Tc Qc] [7c]
vitalik1203: bets $6
nrJitsu: calls $6
*** RIVER *** [6d Tc Qc 7c] [8h]
vitalik1203: checks
nrJitsu: checks
*** SHOW DOWN ***
vitalik1203: shows [Kh Jc] (high card King)
nrJitsu: mucks hand
vitalik1203 collected $35.50 from pot
*** SUMMARY ***
Total pot $36 | Rake $0.50
Board [6d Tc Qc 7c 8h]
Seat 1: nrJitsu (button) (small blind) mucked
Seat 2: vitalik1203 (big blind) showed [Kh Jc] and won ($35.50) with high card King


PokerStars Hand #146293682247:  Hold'em Limit ($3/$6 USD) - 2016/01/01 16:58:54 ET
Table 'Dschubba II' 2-max Seat #2 is the button
Seat 1: nrJitsu ($190.14 in chips)
Seat 2: vitalik1203 ($67.86 in chips)
vitalik1203: posts small blind $1
nrJitsu: posts big blind $3
*** HOLE CARDS ***
vitalik1203: raises $3 to $6
nrJitsu: folds
Uncalled bet ($3) returned to vitalik1203
vitalik1203 collected $6 from pot
vitalik1203: doesn't show hand
*** SUMMARY ***
Total pot $6 | Rake $0
Seat 1: nrJitsu (big blind) folded before Flop
Seat 2: vitalik1203 (button) (small blind) collected ($6)


PokerStars Hand #146293745397:  Hold'em Limit ($3/$6 USD) - 2016/01/01 17:00:14 ET
Table 'Dschubba II' 2-max Seat #1 is the button
Seat 1: nrJitsu ($174.90 in chips)
Seat 2: vitalik1203 ($82.36 in chips)
nrJitsu: posts small blind $1
vitalik1203: posts big blind $3
*** HOLE CARDS ***
nrJitsu: raises $3 to $6
vitalik1203: calls $3
*** FLOP *** [2s 5s Qc]
vitalik1203: bets $3
nrJitsu: calls $3
*** TURN *** [2s 5s Qc] [Qs]
vitalik1203: checks
nrJitsu: bets $6
vitalik1203: folds
Uncalled bet ($6) returned to nrJitsu
nrJitsu collected $17.64 from pot
nrJitsu: doesn't show hand
*** SUMMARY ***
Total pot $18 | Rake $0.36
Board [2s 5s Qc Qs]
Seat 1: nrJitsu (button) (small blind) collected ($17.64)
Seat 2: vitalik1203 (big blind) folded on the Turn


PokerStars Hand #146293719524:  Hold'em Limit ($3/$6 USD) - 2016/01/01 16:59:41 ET
Table 'Dschubba II' 2-max Seat #2 is the button
Seat 1: nrJitsu ($169.14 in chips)
Seat 2: vitalik1203 ($88.36 in chips)
vitalik1203: posts small blind $1
nrJitsu: posts big blind $3
*** HOLE CARDS ***
vitalik1203: raises $3 to $6
nrJitsu: calls $3
*** FLOP *** [8c Kh Ah]
nrJitsu: checks
vitalik1203: checks
*** TURN *** [8c Kh Ah] [3d]
nrJitsu: bets $6
vitalik1203: folds
Uncalled bet ($6) returned to nrJitsu
nrJitsu collected $11.76 from pot
nrJitsu: doesn't show hand
*** SUMMARY ***
Total pot $12 | Rake $0.24
Board [8c Kh Ah 3d]
Seat 1: nrJitsu (big blind) collected ($11.76)
Seat 2: vitalik1203 (button) (small blind) folded on the Turn


PokerStars Hand #146293792864:  Hold'em Limit ($3/$6 USD) - 2016/01/01 17:01:12 ET
Table 'Dschubba II' 2-max Seat #1 is the button
Seat 1: nrJitsu ($180.54 in chips)
Seat 2: vitalik1203 ($76.24 in chips)
nrJitsu: posts small blind $1
vitalik1203: posts big blind $3
*** HOLE CARDS ***
nrJitsu: raises $3 to $6
vitalik1203: calls $3
*** FLOP *** [6c Ad 9s]
vitalik1203: checks
nrJitsu: bets $3
vitalik1203: folds
Uncalled bet ($3) returned to nrJitsu
nrJitsu collected $11.76 from pot
nrJitsu: doesn't show hand
*** SUMMARY ***
Total pot $12 | Rake $0.24
Board [6c Ad 9s]
Seat 1: nrJitsu (button) (small blind) collected ($11.76)
Seat 2: vitalik1203 (big blind) folded on the Flop


PokerStars Hand #146293759090:  Hold'em Limit ($3/$6 USD) - 2016/01/01 17:00:31 ET
Table 'Dschubba II' 2-max Seat #2 is the button
Seat 1: nrJitsu ($183.54 in chips)
Seat 2: vitalik1203 ($73.36 in chips)
vitalik1203: posts small blind $1
nrJitsu: posts big blind $3
*** HOLE CARDS ***
vitalik1203: calls $2
nrJitsu: checks
*** FLOP *** [8c Kd 9s]
nrJitsu: checks
vitalik1203: checks
*** TURN *** [8c Kd 9s] [3s]
nrJitsu: checks
vitalik1203: checks
*** RIVER *** [8c Kd 9s 3s] [3d]
nrJitsu: checks
vitalik1203: checks
*** SHOW DOWN ***
nrJitsu: shows [Td 5s] (a pair of Threes)
vitalik1203: shows [Qh 6s] (a pair of Threes - King+Queen kicker)
vitalik1203 collected $5.88 from pot
*** SUMMARY ***
Total pot $6 | Rake $0.12
Board [8c Kd 9s 3s 3d]
Seat 1: nrJitsu (big blind) showed [Td 5s] and lost with a pair of Threes
Seat 2: vitalik1203 (button) (small blind) showed [Qh 6s] and won ($5.88) with a pair of Threes


PokerStars Hand #146293812805:  Hold'em Limit ($3/$6 USD) - 2016/01/01 17:01:35 ET
Table 'Dschubba II' 2-max Seat #2 is the button
Seat 1: nrJitsu ($186.30 in chips)
Seat 2: vitalik1203 ($70.24 in chips)
vitalik1203: posts small blind $1
nrJitsu: posts big blind $3
*** HOLE CARDS ***
vitalik1203: calls $2
nrJitsu: checks
*** FLOP *** [Kh 9s 5c]
nrJitsu: checks
vitalik1203: checks
*** TURN *** [Kh 9s 5c] [9h]
nrJitsu: checks
vitalik1203: checks
*** RIVER *** [Kh 9s 5c 9h] [Qh]
nrJitsu: checks
vitalik1203: checks
*** SHOW DOWN ***
nrJitsu: shows [8s 4c] (a pair of Nines)
vitalik1203: shows [6s Td] (a pair of Nines - King+Queen+Ten kicker)
vitalik1203 collected $5.88 from pot
*** SUMMARY ***
Total pot $6 | Rake $0.12
Board [Kh 9s 5c 9h Qh]
Seat 1: nrJitsu (big blind) showed [8s 4c] and lost with a pair of Nines
Seat 2: vitalik1203 (button) (small blind) showed [6s Td] and won ($5.88) with a pair of Nines


PokerStars Hand #146293861851:  Hold'em Limit ($3/$6 USD) - 2016/01/01 17:02:27 ET
Table 'Dschubba II' 2-max Seat #1 is the button
Seat 1: nrJitsu ($183.30 in chips)
Seat 2: vitalik1203 ($73.12 in chips)
nrJitsu: posts small blind $1
vitalik1203: posts big blind $3
*** HOLE CARDS ***
nrJitsu: raises $3 to $6
vitalik1203: raises $3 to $9
nrJitsu: calls $3
*** FLOP *** [Ac 6h Th]
vitalik1203: bets $3
nrJitsu: raises $3 to $6
vitalik1203: calls $3
*** TURN *** [Ac 6h Th] [2s]
vitalik1203: bets $6
nrJitsu: folds
Uncalled bet ($6) returned to vitalik1203
vitalik1203 collected $29.50 from pot
vitalik1203: doesn't show hand
*** SUMMARY ***
Total pot $30 | Rake $0.50
Board [Ac 6h Th 2s]
Seat 1: nrJitsu (button) (small blind) folded on the Turn
Seat 2: vitalik1203 (big blind) collected ($29.50)


PokerStars Hand #146293933412:  Hold'em Limit ($3/$6 USD) - 2016/01/01 17:03:41 ET
Table 'Dschubba II' 2-max Seat #1 is the button
Seat 1: nrJitsu ($157.30 in chips)
Seat 2: vitalik1203 ($98.14 in chips)
nrJitsu: posts small blind $1
vitalik1203: posts big blind $3
*** HOLE CARDS ***
nrJitsu: folds
Uncalled bet ($2) returned to vitalik1203
vitalik1203 collected $2 from pot
vitalik1203: doesn't show hand
*** SUMMARY ***
Total pot $2 | Rake $0
Seat 1: nrJitsu (button) (small blind) folded before Flop
Seat 2: vitalik1203 (big blind) collected ($2)


PokerStars Hand #146293927469:  Hold'em Limit ($3/$6 USD) - 2016/01/01 17:03:35 ET
Table 'Dschubba II' 2-max Seat #2 is the button
Seat 1: nrJitsu ($156.30 in chips)
Seat 2: vitalik1203 ($99.14 in chips)
vitalik1203: posts small blind $1
nrJitsu: posts big blind $3
*** HOLE CARDS ***
vitalik1203: folds
Uncalled bet ($2) returned to nrJitsu
nrJitsu collected $2 from pot
nrJitsu: doesn't show hand
*** SUMMARY ***
Total pot $2 | Rake $0
Seat 1: nrJitsu (big blind) collected ($2)
Seat 2: vitalik1203 (button) (small blind) folded before Flop


PokerStars Hand #146293903580:  Hold'em Limit ($3/$6 USD) - 2016/01/01 17:03:10 ET
Table 'Dschubba II' 2-max Seat #1 is the button
Seat 1: nrJitsu ($165.30 in chips)
Seat 2: vitalik1203 ($90.50 in chips)
nrJitsu: posts small blind $1
vitalik1203: posts big blind $3
*** HOLE CARDS ***
nrJitsu: raises $3 to $6
vitalik1203: raises $3 to $9
nrJitsu: calls $3
*** FLOP *** [4c Kc 2c]
vitalik1203: bets $3
nrJitsu: folds
Uncalled bet ($3) returned to vitalik1203
vitalik1203 collected $17.64 from pot
*** SUMMARY ***
Total pot $18 | Rake $0.36
Board [4c Kc 2c]
Seat 1: nrJitsu (button) (small blind) folded on the Flop
Seat 2: vitalik1203 (big blind) collected ($17.64)


PokerStars Hand #146293890262:  Hold'em Limit ($3/$6 USD) - 2016/01/01 17:02:56 ET
Table 'Dschubba II' 2-max Seat #2 is the button
Seat 1: nrJitsu ($168.30 in chips)
Seat 2: vitalik1203 ($87.62 in chips)
vitalik1203: posts small blind $1
nrJitsu: posts big blind $3
*** HOLE CARDS ***
vitalik1203: calls $2
nrJitsu: checks
*** FLOP *** [As 2d 3h]
nrJitsu: checks
vitalik1203: bets $3
nrJitsu: folds
Uncalled bet ($3) returned to vitalik1203
vitalik1203 collected $5.88 from pot
*** SUMMARY ***
Total pot $6 | Rake $0.12
Board [As 2d 3h]
Seat 1: nrJitsu (big blind) folded on the Flop
Seat 2: vitalik1203 (button) (small blind) collected ($5.88)


PokerStars Hand #146293957255:  Hold'em Limit ($3/$6 USD) - 2016/01/01 17:04:06 ET
Table 'Dschubba II' 2-max Seat #1 is the button
Seat 1: nrJitsu ($153.30 in chips)
Seat 2: vitalik1203 ($102.02 in chips)
nrJitsu: posts small blind $1
vitalik1203: posts big blind $3
*** HOLE CARDS ***
nrJitsu: raises $3 to $6
vitalik1203: raises $3 to $9
nrJitsu: calls $3
*** FLOP *** [7c 2s 4s]
vitalik1203: bets $3
nrJitsu: calls $3
*** TURN *** [7c 2s 4s] [6c]
vitalik1203: bets $6
nrJitsu: folds
Uncalled bet ($6) returned to vitalik1203
vitalik1203 collected $23.52 from pot
*** SUMMARY ***
Total pot $24 | Rake $0.48
Board [7c 2s 4s 6c]
Seat 1: nrJitsu (button) (small blind) folded on the Turn
Seat 2: vitalik1203 (big blind) collected ($23.52)


PokerStars Hand #146293941007:  Hold'em Limit ($3/$6 USD) - 2016/01/01 17:03:49 ET
Table 'Dschubba II' 2-max Seat #2 is the button
Seat 1: nrJitsu ($156.30 in chips)
Seat 2: vitalik1203 ($99.14 in chips)
vitalik1203: posts small blind $1
nrJitsu: posts big blind $3
*** HOLE CARDS ***
vitalik1203: calls $2
nrJitsu: checks
*** FLOP *** [9d Qs 9s]
nrJitsu: checks
vitalik1203: bets $3
nrJitsu: folds
Uncalled bet ($3) returned to vitalik1203
vitalik1203 collected $5.88 from pot
*** SUMMARY ***
Total pot $6 | Rake $0.12
Board [9d Qs 9s]
Seat 1: nrJitsu (big blind) folded on the Flop
Seat 2: vitalik1203 (button) (small blind) collected ($5.88)


PokerStars Hand #146294043395:  Hold'em Limit ($3/$6 USD) - 2016/01/01 17:05:34 ET
Table 'Dschubba II' 2-max Seat #1 is the button
Seat 1: nrJitsu ($155.80 in chips)
Seat 2: vitalik1203 ($98.54 in chips)
nrJitsu: posts small blind $1
vitalik1203: posts big blind $3
*** HOLE CARDS ***
nrJitsu: folds
Uncalled bet ($2) returned to vitalik1203
vitalik1203 collected $2 from pot
*** SUMMARY ***
Total pot $2 | Rake $0
Seat 1: nrJitsu (button) (small blind) folded before Flop
Seat 2: vitalik1203 (big blind) collected ($2)


PokerStars Hand #146293989811:  Hold'em Limit ($3/$6 USD) - 2016/01/01 17:04:39 ET
Table 'Dschubba II' 2-max Seat #2 is the button
Seat 1: nrJitsu ($141.30 in chips)
Seat 2: vitalik1203 ($113.54 in chips)
vitalik1203: posts small blind $1
nrJitsu: posts big blind $3
*** HOLE CARDS ***
vitalik1203: raises $3 to $6
nrJitsu: calls $3
*** FLOP *** [Qs 3h As]
nrJitsu: checks
vitalik1203: bets $3
nrJitsu: calls $3
*** TURN *** [Qs 3h As] [9d]
nrJitsu: checks
vitalik1203: checks
*** RIVER *** [Qs 3h As 9d] [Jc]
nrJitsu: bets $6
vitalik1203: calls $6
*** SHOW DOWN ***
nrJitsu: shows [3c Ac] (two pair, Aces and Threes)
vitalik1203: mucks hand
nrJitsu collected $29.50 from pot
*** SUMMARY ***
Total pot $30 | Rake $0.50
Board [Qs 3h As 9d Jc]
Seat 1: nrJitsu (big blind) showed [3c Ac] and won ($29.50) with two pair, Aces and Threes
Seat 2: vitalik1203 (button) (small blind) mucked


PokerStars Hand #146294048535:  Hold'em Limit ($3/$6 USD) - 2016/01/01 17:05:40 ET
Table 'Dschubba II' 2-max Seat #2 is the button
Seat 1: nrJitsu ($154.80 in chips)
Seat 2: vitalik1203 ($99.54 in chips)
vitalik1203: posts small blind $1
nrJitsu: posts big blind $3
*** HOLE CARDS ***
vitalik1203: calls $2
nrJitsu: checks
*** FLOP *** [Tc 5c 6c]
nrJitsu: checks
vitalik1203: checks
*** TURN *** [Tc 5c 6c] [Jd]
nrJitsu: checks
vitalik1203: checks
*** RIVER *** [Tc 5c 6c Jd] [Ks]
nrJitsu: checks
vitalik1203 has timed out
vitalik1203: checks
*** SHOW DOWN ***
nrJitsu: shows [3c 2h] (high card King)
vitalik1203: shows [7h Qc] (high card King - Queen kicker)
vitalik1203 collected $5.88 from pot
*** SUMMARY ***
Total pot $6 | Rake $0.12
Board [Tc 5c 6c Jd Ks]
Seat 1: nrJitsu (big blind) showed [3c 2h] and lost with high card King
Seat 2: vitalik1203 (button) (small blind) showed [7h Qc] and won ($5.88) with high card King


PokerStars Hand #146294112301:  Hold'em Limit ($3/$6 USD) - 2016/01/01 17:06:45 ET
Table 'Dschubba II' 2-max Seat #1 is the button
Seat 1: nrJitsu ($151.80 in chips)
Seat 2: vitalik1203 ($102.42 in chips)
nrJitsu: posts small blind $1
vitalik1203: posts big blind $3
*** HOLE CARDS ***
nrJitsu: raises $3 to $6
vitalik1203 has timed out
vitalik1203: folds
Uncalled bet ($3) returned to nrJitsu
nrJitsu collected $6 from pot
nrJitsu: doesn't show hand
*** SUMMARY ***
Total pot $6 | Rake $0
Seat 1: nrJitsu (button) (small blind) collected ($6)
Seat 2: vitalik1203 (big blind) folded before Flop


PokerStars Hand #146295772689:  Hold'em Limit ($3/$6 USD) - 2016/01/01 17:32:02 ET
Table 'Dschubba II' 2-max Seat #1 is the button
Seat 1: nrJitsu ($167.80 in chips)
Seat 2: Pete81 ($45.50 in chips)
nrJitsu: posts small blind $1
Pete81: posts big blind $3
*** HOLE CARDS ***
nrJitsu: raises $3 to $6
Pete81: folds
Uncalled bet ($3) returned to nrJitsu
nrJitsu collected $6 from pot
nrJitsu: doesn't show hand
*** SUMMARY ***
Total pot $6 | Rake $0
Seat 1: nrJitsu (button) (small blind) collected ($6)
Seat 2: Pete81 (big blind) folded before Flop


PokerStars Hand #146295757958:  Hold'em Limit ($3/$6 USD) - 2016/01/01 17:31:46 ET
Table 'Dschubba II' 2-max Seat #2 is the button
Seat 1: nrJitsu ($185.80 in chips)
Seat 2: Pete81 ($28 in chips)
Pete81: posts small blind $1
nrJitsu: posts big blind $3
*** HOLE CARDS ***
Pete81: raises $3 to $6
nrJitsu: raises $3 to $9
Pete81: calls $3
*** FLOP *** [2h 7h 9h]
nrJitsu: bets $3
Pete81: calls $3
*** TURN *** [2h 7h 9h] [Ad]
nrJitsu: bets $6
Pete81: raises $6 to $12
nrJitsu: folds
Uncalled bet ($6) returned to Pete81
Pete81 collected $35.50 from pot
Pete81: doesn't show hand
*** SUMMARY ***
Total pot $36 | Rake $0.50
Board [2h 7h 9h Ad]
Seat 1: nrJitsu (big blind) folded on the Turn
Seat 2: Pete81 (button) (small blind) collected ($35.50)


PokerStars Hand #146295754100:  Hold'em Limit ($3/$6 USD) - 2016/01/01 17:31:42 ET
Table 'Dschubba II' 2-max Seat #1 is the button
Seat 1: nrJitsu ($186.80 in chips)
Seat 2: Pete81 ($27 in chips)
nrJitsu: posts small blind $1
Pete81: posts big blind $3
*** HOLE CARDS ***
nrJitsu: folds
Uncalled bet ($2) returned to Pete81
Pete81 collected $2 from pot
Pete81: doesn't show hand
*** SUMMARY ***
Total pot $2 | Rake $0
Seat 1: nrJitsu (button) (small blind) folded before Flop
Seat 2: Pete81 (big blind) collected ($2)


PokerStars Hand #146295725970:  Hold'em Limit ($3/$6 USD) - 2016/01/01 17:31:13 ET
Table 'Dschubba II' 2-max Seat #2 is the button
Seat 1: nrJitsu ($166.30 in chips)
Seat 2: Pete81 ($48 in chips)
Pete81: posts small blind $1
nrJitsu: posts big blind $3
*** HOLE CARDS ***
Pete81: raises $3 to $6
nrJitsu: raises $3 to $9
Pete81: calls $3
*** FLOP *** [8s Ks 2s]
nrJitsu: bets $3
Pete81: raises $3 to $6
nrJitsu: calls $3
*** TURN *** [8s Ks 2s] [5d]
nrJitsu: checks
Pete81: bets $6
nrJitsu: calls $6
*** RIVER *** [8s Ks 2s 5d] [Jd]
nrJitsu: checks
Pete81: checks
*** SHOW DOWN ***
nrJitsu: shows [9c 8c] (a pair of Eights)
Pete81: mucks hand
nrJitsu collected $41.50 from pot
*** SUMMARY ***
Total pot $42 | Rake $0.50
Board [8s Ks 2s 5d Jd]
Seat 1: nrJitsu (big blind) showed [9c 8c] and won ($41.50) with a pair of Eights
Seat 2: Pete81 (button) (small blind) mucked


PokerStars Hand #146295814623:  Hold'em Limit ($3/$6 USD) - 2016/01/01 17:32:46 ET
Table 'Dschubba II' 2-max Seat #1 is the button
Seat 1: nrJitsu ($143.80 in chips)
Seat 2: Pete81 ($68.76 in chips)
nrJitsu: posts small blind $1
Pete81: posts big blind $3
*** HOLE CARDS ***
nrJitsu: folds
Uncalled bet ($2) returned to Pete81
Pete81 collected $2 from pot
Pete81: doesn't show hand
*** SUMMARY ***
Total pot $2 | Rake $0
Seat 1: nrJitsu (button) (small blind) folded before Flop
Seat 2: Pete81 (big blind) collected ($2)


PokerStars Hand #146295802565:  Hold'em Limit ($3/$6 USD) - 2016/01/01 17:32:33 ET
Table 'Dschubba II' 2-max Seat #2 is the button
Seat 1: nrJitsu ($146.80 in chips)
Seat 2: Pete81 ($65.76 in chips)
Pete81: posts small blind $1
nrJitsu: posts big blind $3
*** HOLE CARDS ***
Pete81: raises $3 to $6
nrJitsu: folds
Uncalled bet ($3) returned to Pete81
Pete81 collected $6 from pot
Pete81: doesn't show hand
*** SUMMARY ***
Total pot $6 | Rake $0
Seat 1: nrJitsu (big blind) folded before Flop
Seat 2: Pete81 (button) (small blind) collected ($6)


PokerStars Hand #146295788462:  Hold'em Limit ($3/$6 USD) - 2016/01/01 17:32:18 ET
Table 'Dschubba II' 2-max Seat #1 is the button
Seat 1: nrJitsu ($164.80 in chips)
Seat 2: Pete81 ($48.26 in chips)
nrJitsu: posts small blind $1
Pete81: posts big blind $3
*** HOLE CARDS ***
nrJitsu: raises $3 to $6
Pete81: raises $3 to $9
nrJitsu: calls $3
*** FLOP *** [4c 3d 4s]
Pete81: bets $3
nrJitsu: calls $3
*** TURN *** [4c 3d 4s] [7s]
Pete81: bets $6
nrJitsu: calls $6
*** RIVER *** [4c 3d 4s 7s] [Tc]
Pete81: checks
nrJitsu: checks
*** SHOW DOWN ***
Pete81: shows [Qd Ah] (a pair of Fours)
nrJitsu: mucks hand
Pete81 collected $35.50 from pot
*** SUMMARY ***
Total pot $36 | Rake $0.50
Board [4c 3d 4s 7s Tc]
Seat 1: nrJitsu (button) (small blind) mucked
Seat 2: Pete81 (big blind) showed [Qd Ah] and won ($35.50) with a pair of Fours


PokerStars Hand #146295779385:  Hold'em Limit ($3/$6 USD) - 2016/01/01 17:32:09 ET
Table 'Dschubba II' 2-max Seat #2 is the button
Seat 1: nrJitsu ($170.80 in chips)
Seat 2: Pete81 ($42.50 in chips)
Pete81: posts small blind $1
nrJitsu: posts big blind $3
*** HOLE CARDS ***
Pete81: raises $3 to $6
nrJitsu: calls $3
*** FLOP *** [9c Ad 4c]
nrJitsu: checks
Pete81: bets $3
nrJitsu: folds
Uncalled bet ($3) returned to Pete81
Pete81 collected $11.76 from pot
Pete81: doesn't show hand
*** SUMMARY ***
Total pot $12 | Rake $0.24
Board [9c Ad 4c]
Seat 1: nrJitsu (big blind) folded on the Flop
Seat 2: Pete81 (button) (small blind) collected ($11.76)


PokerStars Hand #146295888163:  Hold'em Limit ($3/$6 USD) - 2016/01/01 17:34:04 ET
Table 'Dschubba II' 2-max Seat #1 is the button
Seat 1: nrJitsu ($127.80 in chips)
Seat 2: Pete81 ($84.26 in chips)
nrJitsu: posts small blind $1
Pete81: posts big blind $3
*** HOLE CARDS ***
nrJitsu: raises $3 to $6
Pete81: raises $3 to $9
nrJitsu: calls $3
*** FLOP *** [Ad Ah 7d]
Pete81: bets $3
nrJitsu: folds
Uncalled bet ($3) returned to Pete81
Pete81 collected $17.64 from pot
Pete81: doesn't show hand
*** SUMMARY ***
Total pot $18 | Rake $0.36
Board [Ad Ah 7d]
Seat 1: nrJitsu (button) (small blind) folded on the Flop
Seat 2: Pete81 (big blind) collected ($17.64)


PokerStars Hand #146295881544:  Hold'em Limit ($3/$6 USD) - 2016/01/01 17:33:57 ET
Table 'Dschubba II' 2-max Seat #2 is the button
Seat 1: nrJitsu ($126.80 in chips)
Seat 2: Pete81 ($85.26 in chips)
Pete81: posts small blind $1
nrJitsu: posts big blind $3
*** HOLE CARDS ***
Pete81: folds
Uncalled bet ($2) returned to nrJitsu
nrJitsu collected $2 from pot
nrJitsu: doesn't show hand
*** SUMMARY ***
Total pot $2 | Rake $0
Seat 1: nrJitsu (big blind) collected ($2)
Seat 2: Pete81 (button) (small blind) folded before Flop


PokerStars Hand #146295875249:  Hold'em Limit ($3/$6 USD) - 2016/01/01 17:33:50 ET
Table 'Dschubba II' 2-max Seat #1 is the button
Seat 1: nrJitsu ($123.80 in chips)
Seat 2: Pete81 ($88.26 in chips)
nrJitsu: posts small blind $1
Pete81: posts big blind $3
*** HOLE CARDS ***
nrJitsu: raises $3 to $6
Pete81: folds
Uncalled bet ($3) returned to nrJitsu
nrJitsu collected $6 from pot
nrJitsu: doesn't show hand
*** SUMMARY ***
Total pot $6 | Rake $0
Seat 1: nrJitsu (button) (small blind) collected ($6)
Seat 2: Pete81 (big blind) folded before Flop


PokerStars Hand #146295864594:  Hold'em Limit ($3/$6 USD) - 2016/01/01 17:33:39 ET
Table 'Dschubba II' 2-max Seat #2 is the button
Seat 1: nrJitsu ($126.80 in chips)
Seat 2: Pete81 ($85.26 in chips)
Pete81: posts small blind $1
nrJitsu: posts big blind $3
*** HOLE CARDS ***
Pete81: raises $3 to $6
nrJitsu: folds
Uncalled bet ($3) returned to Pete81
Pete81 collected $6 from pot
Pete81: doesn't show hand
*** SUMMARY ***
Total pot $6 | Rake $0
Seat 1: nrJitsu (big blind) folded before Flop
Seat 2: Pete81 (button) (small blind) collected ($6)


PokerStars Hand #146295860214:  Hold'em Limit ($3/$6 USD) - 2016/01/01 17:33:34 ET
Table 'Dschubba II' 2-max Seat #1 is the button
Seat 1: nrJitsu ($127.80 in chips)
Seat 2: Pete81 ($84.26 in chips)
nrJitsu: posts small blind $1
Pete81: posts big blind $3
*** HOLE CARDS ***
nrJitsu: folds
Uncalled bet ($2) returned to Pete81
Pete81 collected $2 from pot
Pete81: doesn't show hand
*** SUMMARY ***
Total pot $2 | Rake $0
Seat 1: nrJitsu (button) (small blind) folded before Flop
Seat 2: Pete81 (big blind) collected ($2)


PokerStars Hand #146295818939:  Hold'em Limit ($3/$6 USD) - 2016/01/01 17:32:51 ET
Table 'Dschubba II' 2-max Seat #2 is the button
Seat 1: nrJitsu ($142.80 in chips)
Seat 2: Pete81 ($69.76 in chips)
Pete81: posts small blind $1
nrJitsu: posts big blind $3
*** HOLE CARDS ***
Pete81: raises $3 to $6
nrJitsu: calls $3
*** FLOP *** [6s 6h 7s]
nrJitsu: checks
Pete81: bets $3
nrJitsu: calls $3
*** TURN *** [6s 6h 7s] [Qh]
nrJitsu: checks
Pete81: bets $6
nrJitsu: calls $6
*** RIVER *** [6s 6h 7s Qh] [5s]
nrJitsu: checks
Pete81: bets $6
nrJitsu: folds
Uncalled bet ($6) returned to Pete81
Pete81 collected $29.50 from pot
Pete81: doesn't show hand
*** SUMMARY ***
Total pot $30 | Rake $0.50
Board [6s 6h 7s Qh 5s]
Seat 1: nrJitsu (big blind) folded on the River
Seat 2: Pete81 (button) (small blind) collected ($29.50)


PokerStars Hand #146295942297:  Hold'em Limit ($3/$6 USD) - 2016/01/01 17:35:01 ET
Table 'Dschubba II' 2-max Seat #2 is the button
Seat 1: nrJitsu ($118.56 in chips)
Seat 2: Pete81 ($92.66 in chips)
Pete81: posts small blind $1
nrJitsu: posts big blind $3
*** HOLE CARDS ***
Pete81: raises $3 to $6
nrJitsu: calls $3
*** FLOP *** [Kc 9s Qh]
nrJitsu: checks
Pete81: bets $3
nrJitsu: folds
Uncalled bet ($3) returned to Pete81
Pete81 collected $11.76 from pot
Pete81: doesn't show hand
*** SUMMARY ***
Total pot $12 | Rake $0.24
Board [Kc 9s Qh]
Seat 1: nrJitsu (big blind) folded on the Flop
Seat 2: Pete81 (button) (small blind) collected ($11.76)


PokerStars Hand #146295936868:  Hold'em Limit ($3/$6 USD) - 2016/01/01 17:34:55 ET
Table 'Dschubba II' 2-max Seat #1 is the button
Seat 1: nrJitsu ($115.56 in chips)
Seat 2: Pete81 ($95.66 in chips)
nrJitsu: posts small blind $1
Pete81: posts big blind $3
*** HOLE CARDS ***
nrJitsu: raises $3 to $6
Pete81: folds
Uncalled bet ($3) returned to nrJitsu
nrJitsu collected $6 from pot
nrJitsu: doesn't show hand
*** SUMMARY ***
Total pot $6 | Rake $0
Seat 1: nrJitsu (button) (small blind) collected ($6)
Seat 2: Pete81 (big blind) folded before Flop


PokerStars Hand #146295930421:  Hold'em Limit ($3/$6 USD) - 2016/01/01 17:34:49 ET
Table 'Dschubba II' 2-max Seat #2 is the button
Seat 1: nrJitsu ($118.56 in chips)
Seat 2: Pete81 ($92.66 in chips)
Pete81: posts small blind $1
nrJitsu: posts big blind $3
*** HOLE CARDS ***
Pete81: raises $3 to $6
nrJitsu: folds
Uncalled bet ($3) returned to Pete81
Pete81 collected $6 from pot
Pete81: doesn't show hand
*** SUMMARY ***
Total pot $6 | Rake $0
Seat 1: nrJitsu (big blind) folded before Flop
Seat 2: Pete81 (button) (small blind) collected ($6)


PokerStars Hand #146295915438:  Hold'em Limit ($3/$6 USD) - 2016/01/01 17:34:33 ET
Table 'Dschubba II' 2-max Seat #1 is the button
Seat 1: nrJitsu ($112.80 in chips)
Seat 2: Pete81 ($98.66 in chips)
nrJitsu: posts small blind $1
Pete81: posts big blind $3
*** HOLE CARDS ***
nrJitsu: raises $3 to $6
Pete81: calls $3
*** FLOP *** [6h 8h 4s]
Pete81: checks
nrJitsu: bets $3
Pete81: folds
Uncalled bet ($3) returned to nrJitsu
nrJitsu collected $11.76 from pot
nrJitsu: doesn't show hand
*** SUMMARY ***
Total pot $12 | Rake $0.24
Board [6h 8h 4s]
Seat 1: nrJitsu (button) (small blind) collected ($11.76)
Seat 2: Pete81 (big blind) folded on the Flop


PokerStars Hand #146295899039:  Hold'em Limit ($3/$6 USD) - 2016/01/01 17:34:15 ET
Table 'Dschubba II' 2-max Seat #2 is the button
Seat 1: nrJitsu ($118.80 in chips)
Seat 2: Pete81 ($92.90 in chips)
Pete81: posts small blind $1
nrJitsu: posts big blind $3
*** HOLE CARDS ***
Pete81: raises $3 to $6
nrJitsu: calls $3
*** FLOP *** [3s 2s Qh]
nrJitsu: checks
Pete81: bets $3
nrJitsu: folds
Uncalled bet ($3) returned to Pete81
Pete81 collected $11.76 from pot
Pete81: doesn't show hand
*** SUMMARY ***
Total pot $12 | Rake $0.24
Board [3s 2s Qh]
Seat 1: nrJitsu (big blind) folded on the Flop
Seat 2: Pete81 (button) (small blind) collected ($11.76)


PokerStars Hand #146295996791:  Hold'em Limit ($3/$6 USD) - 2016/01/01 17:35:59 ET
Table 'Dschubba II' 2-max Seat #2 is the button
Seat 1: nrJitsu ($124.06 in chips)
Seat 2: Pete81 ($85.92 in chips)
Pete81: posts small blind $1
nrJitsu: posts big blind $3
*** HOLE CARDS ***
Pete81: folds
Uncalled bet ($2) returned to nrJitsu
nrJitsu collected $2 from pot
nrJitsu: doesn't show hand
*** SUMMARY ***
Total pot $2 | Rake $0
Seat 1: nrJitsu (big blind) collected ($2)
Seat 2: Pete81 (button) (small blind) folded before Flop


PokerStars Hand #146295980725:  Hold'em Limit ($3/$6 USD) - 2016/01/01 17:35:42 ET
Table 'Dschubba II' 2-max Seat #1 is the button
Seat 1: nrJitsu ($142.06 in chips)
Seat 2: Pete81 ($68.42 in chips)
nrJitsu: posts small blind $1
Pete81: posts big blind $3
*** HOLE CARDS ***
nrJitsu: raises $3 to $6
Pete81: raises $3 to $9
nrJitsu: calls $3
*** FLOP *** [3d 8h 6h]
Pete81: bets $3
nrJitsu: calls $3
*** TURN *** [3d 8h 6h] [7s]
Pete81: bets $6
nrJitsu: calls $6
*** RIVER *** [3d 8h 6h 7s] [8s]
Pete81: bets $6
nrJitsu: folds
Uncalled bet ($6) returned to Pete81
Pete81 collected $35.50 from pot
Pete81: doesn't show hand
*** SUMMARY ***
Total pot $36 | Rake $0.50
Board [3d 8h 6h 7s 8s]
Seat 1: nrJitsu (button) (small blind) folded on the River
Seat 2: Pete81 (big blind) collected ($35.50)


PokerStars Hand #146295961691:  Hold'em Limit ($3/$6 USD) - 2016/01/01 17:35:22 ET
Table 'Dschubba II' 2-max Seat #2 is the button
Seat 1: nrJitsu ($115.56 in chips)
Seat 2: Pete81 ($95.42 in chips)
Pete81: posts small blind $1
nrJitsu: posts big blind $3
*** HOLE CARDS ***
Pete81: raises $3 to $6
nrJitsu: calls $3
*** FLOP *** [6c 2s 3s]
nrJitsu: checks
Pete81: bets $3
nrJitsu: calls $3
*** TURN *** [6c 2s 3s] [8d]
nrJitsu: checks
Pete81: bets $6
nrJitsu: raises $6 to $12
Pete81: calls $6
*** RIVER *** [6c 2s 3s 8d] [2c]
nrJitsu: bets $6
Pete81: calls $6
*** SHOW DOWN ***
nrJitsu: shows [8h 9s] (two pair, Eights and Deuces)
Pete81: mucks hand
nrJitsu collected $53.50 from pot
*** SUMMARY ***
Total pot $54 | Rake $0.50
Board [6c 2s 3s 8d 2c]
Seat 1: nrJitsu (big blind) showed [8h 9s] and won ($53.50) with two pair, Eights and Deuces
Seat 2: Pete81 (button) (small blind) mucked


PokerStars Hand #146295954416:  Hold'em Limit ($3/$6 USD) - 2016/01/01 17:35:14 ET
Table 'Dschubba II' 2-max Seat #1 is the button
Seat 1: nrJitsu ($112.56 in chips)
Seat 2: Pete81 ($98.42 in chips)
nrJitsu: posts small blind $1
Pete81: posts big blind $3
*** HOLE CARDS ***
nrJitsu: raises $3 to $6
Pete81: folds
Uncalled bet ($3) returned to nrJitsu
nrJitsu collected $6 from pot
nrJitsu: doesn't show hand
*** SUMMARY ***
Total pot $6 | Rake $0
Seat 1: nrJitsu (button) (small blind) collected ($6)
Seat 2: Pete81 (big blind) folded before Flop


PokerStars Hand #146296055446:  Hold'em Limit ($3/$6 USD) - 2016/01/01 17:37:03 ET
Table 'Dschubba II' 2-max Seat #2 is the button
Seat 1: nrJitsu ($101.06 in chips)
Seat 2: Pete81 ($108.06 in chips)
Pete81: posts small blind $1
nrJitsu: posts big blind $3
*** HOLE CARDS ***
Pete81: raises $3 to $6
nrJitsu: folds
Uncalled bet ($3) returned to Pete81
Pete81 collected $6 from pot
Pete81: doesn't show hand
*** SUMMARY ***
Total pot $6 | Rake $0
Seat 1: nrJitsu (big blind) folded before Flop
Seat 2: Pete81 (button) (small blind) collected ($6)


PokerStars Hand #146296048871:  Hold'em Limit ($3/$6 USD) - 2016/01/01 17:36:56 ET
Table 'Dschubba II' 2-max Seat #1 is the button
Seat 1: nrJitsu ($98.06 in chips)
Seat 2: Pete81 ($111.06 in chips)
nrJitsu: posts small blind $1
Pete81: posts big blind $3
*** HOLE CARDS ***
nrJitsu: raises $3 to $6
Pete81: folds
Uncalled bet ($3) returned to nrJitsu
nrJitsu collected $6 from pot
nrJitsu: doesn't show hand
*** SUMMARY ***
Total pot $6 | Rake $0
Seat 1: nrJitsu (button) (small blind) collected ($6)
Seat 2: Pete81 (big blind) folded before Flop


PokerStars Hand #146296025102:  Hold'em Limit ($3/$6 USD) - 2016/01/01 17:36:30 ET
Table 'Dschubba II' 2-max Seat #2 is the button
Seat 1: nrJitsu ($116.06 in chips)
Seat 2: Pete81 ($93.56 in chips)
Pete81: posts small blind $1
nrJitsu: posts big blind $3
*** HOLE CARDS ***
Pete81: raises $3 to $6
nrJitsu: calls $3
*** FLOP *** [Ts 3d Tc]
nrJitsu: checks
Pete81: checks
*** TURN *** [Ts 3d Tc] [Jc]
nrJitsu: bets $6
Pete81: raises $6 to $12
nrJitsu: calls $6
*** RIVER *** [Ts 3d Tc Jc] [2s]
nrJitsu: checks
Pete81: bets $6
nrJitsu: folds
Uncalled bet ($6) returned to Pete81
Pete81 collected $35.50 from pot
Pete81: doesn't show hand
*** SUMMARY ***
Total pot $36 | Rake $0.50
Board [Ts 3d Tc Jc 2s]
Seat 1: nrJitsu (big blind) folded on the River
Seat 2: Pete81 (button) (small blind) collected ($35.50)


PokerStars Hand #146296001804:  Hold'em Limit ($3/$6 USD) - 2016/01/01 17:36:05 ET
Table 'Dschubba II' 2-max Seat #1 is the button
Seat 1: nrJitsu ($125.06 in chips)
Seat 2: Pete81 ($84.92 in chips)
nrJitsu: posts small blind $1
Pete81: posts big blind $3
*** HOLE CARDS ***
nrJitsu: raises $3 to $6
Pete81: calls $3
*** FLOP *** [Ah 7h Kd]
Pete81: checks
nrJitsu: bets $3
Pete81: raises $3 to $6
nrJitsu: folds
Uncalled bet ($3) returned to Pete81
Pete81 collected $17.64 from pot
Pete81: doesn't show hand
*** SUMMARY ***
Total pot $18 | Rake $0.36
Board [Ah 7h Kd]
Seat 1: nrJitsu (button) (small blind) folded on the Flop
Seat 2: Pete81 (big blind) collected ($17.64)


PokerStars Hand #146296113749:  Hold'em Limit ($3/$6 USD) - 2016/01/01 17:38:07 ET
Table 'Dschubba II' 2-max Seat #2 is the button
Seat 1: nrJitsu ($106.32 in chips)
Seat 2: Pete81 ($101.46 in chips)
Pete81: posts small blind $1
nrJitsu: posts big blind $3
*** HOLE CARDS ***
Pete81: folds
Uncalled bet ($2) returned to nrJitsu
nrJitsu collected $2 from pot
nrJitsu: doesn't show hand
*** SUMMARY ***
Total pot $2 | Rake $0
Seat 1: nrJitsu (big blind) collected ($2)
Seat 2: Pete81 (button) (small blind) folded before Flop


PokerStars Hand #146296110140:  Hold'em Limit ($3/$6 USD) - 2016/01/01 17:38:03 ET
Table 'Dschubba II' 2-max Seat #1 is the button
Seat 1: nrJitsu ($107.32 in chips)
Seat 2: Pete81 ($100.46 in chips)
nrJitsu: posts small blind $1
Pete81: posts big blind $3
*** HOLE CARDS ***
nrJitsu: folds
Uncalled bet ($2) returned to Pete81
Pete81 collected $2 from pot
*** SUMMARY ***
Total pot $2 | Rake $0
Seat 1: nrJitsu (button) (small blind) folded before Flop
Seat 2: Pete81 (big blind) collected ($2)


PokerStars Hand #146296098565:  Hold'em Limit ($3/$6 USD) - 2016/01/01 17:37:51 ET
Table 'Dschubba II' 2-max Seat #2 is the button
Seat 1: nrJitsu ($113.32 in chips)
Seat 2: Pete81 ($94.70 in chips)
Pete81: posts small blind $1
nrJitsu: posts big blind $3
*** HOLE CARDS ***
Pete81: raises $3 to $6
nrJitsu: calls $3
*** FLOP *** [5d 3d 3h]
nrJitsu: checks
Pete81: bets $3
nrJitsu: folds
Uncalled bet ($3) returned to Pete81
Pete81 collected $11.76 from pot
Pete81: doesn't show hand
*** SUMMARY ***
Total pot $12 | Rake $0.24
Board [5d 3d 3h]
Seat 1: nrJitsu (big blind) folded on the Flop
Seat 2: Pete81 (button) (small blind) collected ($11.76)


PokerStars Hand #146296088095:  Hold'em Limit ($3/$6 USD) - 2016/01/01 17:37:39 ET
Table 'Dschubba II' 2-max Seat #1 is the button
Seat 1: nrJitsu ($122.32 in chips)
Seat 2: Pete81 ($86.06 in chips)
nrJitsu: posts small blind $1
Pete81: posts big blind $3
*** HOLE CARDS ***
nrJitsu: raises $3 to $6
Pete81: raises $3 to $9
nrJitsu: calls $3
*** FLOP *** [Ad Ac 9h]
Pete81: bets $3
nrJitsu: folds
Uncalled bet ($3) returned to Pete81
Pete81 collected $17.64 from pot
Pete81: doesn't show hand
*** SUMMARY ***
Total pot $18 | Rake $0.36
Board [Ad Ac 9h]
Seat 1: nrJitsu (button) (small blind) folded on the Flop
Seat 2: Pete81 (big blind) collected ($17.64)


PokerStars Hand #146296076678:  Hold'em Limit ($3/$6 USD) - 2016/01/01 17:37:27 ET
Table 'Dschubba II' 2-max Seat #2 is the button
Seat 1: nrJitsu ($107.82 in chips)
Seat 2: Pete81 ($101.06 in chips)
Pete81: posts small blind $1
nrJitsu: posts big blind $3
*** HOLE CARDS ***
Pete81: raises $3 to $6
nrJitsu: calls $3
*** FLOP *** [8h 5d 3c]
nrJitsu: checks
Pete81: bets $3
nrJitsu: calls $3
*** TURN *** [8h 5d 3c] [4d]
nrJitsu: checks
Pete81: bets $6
nrJitsu: calls $6
*** RIVER *** [8h 5d 3c 4d] [Tc]
nrJitsu: checks
Pete81: checks
*** SHOW DOWN ***
nrJitsu: shows [4h Qc] (a pair of Fours)
Pete81: mucks hand
nrJitsu collected $29.50 from pot
*** SUMMARY ***
Total pot $30 | Rake $0.50
Board [8h 5d 3c 4d Tc]
Seat 1: nrJitsu (big blind) showed [4h Qc] and won ($29.50) with a pair of Fours
Seat 2: Pete81 (button) (small blind) mucked


PokerStars Hand #146296071970:  Hold'em Limit ($3/$6 USD) - 2016/01/01 17:37:21 ET
Table 'Dschubba II' 2-max Seat #1 is the button
Seat 1: nrJitsu ($104.82 in chips)
Seat 2: Pete81 ($104.06 in chips)
nrJitsu: posts small blind $1
Pete81: posts big blind $3
*** HOLE CARDS ***
nrJitsu: raises $3 to $6
Pete81: folds
Uncalled bet ($3) returned to nrJitsu
nrJitsu collected $6 from pot
nrJitsu: doesn't show hand
*** SUMMARY ***
Total pot $6 | Rake $0
Seat 1: nrJitsu (button) (small blind) collected ($6)
Seat 2: Pete81 (big blind) folded before Flop


PokerStars Hand #146296067546:  Hold'em Limit ($3/$6 USD) - 2016/01/01 17:37:16 ET
Table 'Dschubba II' 2-max Seat #2 is the button
Seat 1: nrJitsu ($103.82 in chips)
Seat 2: Pete81 ($105.06 in chips)
Pete81: posts small blind $1
nrJitsu: posts big blind $3
*** HOLE CARDS ***
Pete81: folds
Uncalled bet ($2) returned to nrJitsu
nrJitsu collected $2 from pot
nrJitsu: doesn't show hand
*** SUMMARY ***
Total pot $2 | Rake $0
Seat 1: nrJitsu (big blind) collected ($2)
Seat 2: Pete81 (button) (small blind) folded before Flop


PokerStars Hand #146296059709:  Hold'em Limit ($3/$6 USD) - 2016/01/01 17:37:08 ET
Table 'Dschubba II' 2-max Seat #1 is the button
Seat 1: nrJitsu ($98.06 in chips)
Seat 2: Pete81 ($111.06 in chips)
nrJitsu: posts small blind $1
Pete81: posts big blind $3
*** HOLE CARDS ***
nrJitsu: raises $3 to $6
Pete81: calls $3
*** FLOP *** [8s Jc 2h]
Pete81: checks
nrJitsu: bets $3
Pete81: folds
Uncalled bet ($3) returned to nrJitsu
nrJitsu collected $11.76 from pot
nrJitsu: doesn't show hand
*** SUMMARY ***
Total pot $12 | Rake $0.24
Board [8s Jc 2h]
Seat 1: nrJitsu (button) (small blind) collected ($11.76)
Seat 2: Pete81 (big blind) folded on the Flop


PokerStars Hand #146296165468:  Hold'em Limit ($3/$6 USD) - 2016/01/01 17:39:04 ET
Table 'Dschubba II' 2-max Seat #2 is the button
Seat 1: nrJitsu ($77.32 in chips)
Seat 2: Pete81 ($129.36 in chips)
Pete81: posts small blind $1
nrJitsu: posts big blind $3
*** HOLE CARDS ***
Pete81: folds
Uncalled bet ($2) returned to nrJitsu
nrJitsu collected $2 from pot
nrJitsu: doesn't show hand
*** SUMMARY ***
Total pot $2 | Rake $0
Seat 1: nrJitsu (big blind) collected ($2)
Seat 2: Pete81 (button) (small blind) folded before Flop


PokerStars Hand #146296147320:  Hold'em Limit ($3/$6 USD) - 2016/01/01 17:38:44 ET
Table 'Dschubba II' 2-max Seat #1 is the button
Seat 1: nrJitsu ($92.32 in chips)
Seat 2: Pete81 ($114.86 in chips)
nrJitsu: posts small blind $1
Pete81: posts big blind $3
*** HOLE CARDS ***
nrJitsu: raises $3 to $6
Pete81: calls $3
*** FLOP *** [7d 8c Kd]
Pete81: checks
nrJitsu: bets $3
Pete81: calls $3
*** TURN *** [7d 8c Kd] [9h]
Pete81: checks
nrJitsu: bets $6
Pete81: raises $6 to $12
nrJitsu: folds
Uncalled bet ($6) returned to Pete81
Pete81 collected $29.50 from pot
Pete81: doesn't show hand
*** SUMMARY ***
Total pot $30 | Rake $0.50
Board [7d 8c Kd 9h]
Seat 1: nrJitsu (button) (small blind) folded on the Turn
Seat 2: Pete81 (big blind) collected ($29.50)


PokerStars Hand #146296132771:  Hold'em Limit ($3/$6 USD) - 2016/01/01 17:38:28 ET
Table 'Dschubba II' 2-max Seat #2 is the button
Seat 1: nrJitsu ($98.32 in chips)
Seat 2: Pete81 ($109.10 in chips)
Pete81: posts small blind $1
nrJitsu: posts big blind $3
*** HOLE CARDS ***
Pete81: raises $3 to $6
nrJitsu: calls $3
*** FLOP *** [8s 2s 8c]
nrJitsu: checks
Pete81: bets $3
nrJitsu: folds
Uncalled bet ($3) returned to Pete81
Pete81 collected $11.76 from pot
Pete81: doesn't show hand
*** SUMMARY ***
Total pot $12 | Rake $0.24
Board [8s 2s 8c]
Seat 1: nrJitsu (big blind) folded on the Flop
Seat 2: Pete81 (button) (small blind) collected ($11.76)


PokerStars Hand #146296120013:  Hold'em Limit ($3/$6 USD) - 2016/01/01 17:38:14 ET
Table 'Dschubba II' 2-max Seat #1 is the button
Seat 1: nrJitsu ($107.32 in chips)
Seat 2: Pete81 ($100.46 in chips)
nrJitsu: posts small blind $1
Pete81: posts big blind $3
*** HOLE CARDS ***
nrJitsu: raises $3 to $6
Pete81: raises $3 to $9
nrJitsu: calls $3
*** FLOP *** [Td Tc 8d]
Pete81: bets $3
nrJitsu: folds
Uncalled bet ($3) returned to Pete81
Pete81 collected $17.64 from pot
Pete81: doesn't show hand
*** SUMMARY ***
Total pot $18 | Rake $0.36
Board [Td Tc 8d]
Seat 1: nrJitsu (button) (small blind) folded on the Flop
Seat 2: Pete81 (big blind) collected ($17.64)


PokerStars Hand #146296205994:  Hold'em Limit ($3/$6 USD) - 2016/01/01 17:39:49 ET
Table 'Dschubba II' 2-max Seat #2 is the button
Seat 1: nrJitsu ($294.07 in chips)
Seat 2: Pete81 ($128.11 in chips)
Pete81: posts small blind $1
nrJitsu: posts big blind $3
*** HOLE CARDS ***
Pete81: raises $3 to $6
nrJitsu: raises $3 to $9
Pete81: calls $3
*** FLOP *** [8c Td Kc]
nrJitsu: bets $3
Pete81: calls $3
*** TURN *** [8c Td Kc] [9h]
nrJitsu: bets $6
Pete81: raises $6 to $12
nrJitsu: calls $6
*** RIVER *** [8c Td Kc 9h] [5c]
nrJitsu: checks
Pete81: bets $6
nrJitsu: calls $6
*** SHOW DOWN ***
Pete81: shows [9d Kh] (two pair, Kings and Nines)
nrJitsu: mucks hand
Pete81 collected $59.50 from pot
*** SUMMARY ***
Total pot $60 | Rake $0.50
Board [8c Td Kc 9h 5c]
Seat 1: nrJitsu (big blind) mucked
Seat 2: Pete81 (button) (small blind) showed [9d Kh] and won ($59.50) with two pair, Kings and Nines


PokerStars Hand #146296170044:  Hold'em Limit ($3/$6 USD) - 2016/01/01 17:39:09 ET
Table 'Dschubba II' 2-max Seat #1 is the button
Seat 1: nrJitsu ($294.32 in chips)
Seat 2: Pete81 ($128.36 in chips)
nrJitsu: posts small blind $1
Pete81: posts big blind $3
*** HOLE CARDS ***
nrJitsu: raises $3 to $6
Pete81: calls $3
*** FLOP *** [Ac 7h 9h]
Pete81: checks
nrJitsu: bets $3
Pete81: raises $3 to $6
nrJitsu: calls $3
*** TURN *** [Ac 7h 9h] [Jd]
Pete81: bets $6
nrJitsu: calls $6
*** RIVER *** [Ac 7h 9h Jd] [Ts]
Pete81: bets $6
nrJitsu: raises $6 to $12
Pete81: calls $6
*** SHOW DOWN ***
nrJitsu: shows [8h 5d] (a straight, Seven to Jack)
Pete81: shows [Td 8s] (a straight, Seven to Jack)
Pete81 collected $29.75 from pot
nrJitsu collected $29.75 from pot
*** SUMMARY ***
Total pot $60 | Rake $0.50
Board [Ac 7h 9h Jd Ts]
Seat 1: nrJitsu (button) (small blind) showed [8h 5d] and won ($29.75) with a straight, Seven to Jack
Seat 2: Pete81 (big blind) showed [Td 8s] and won ($29.75) with a straight, Seven to Jack


PokerStars Hand #146296277980:  Hold'em Limit ($3/$6 USD) - 2016/01/01 17:41:08 ET
Table 'Dschubba II' 2-max Seat #2 is the button
Seat 1: nrJitsu ($309.07 in chips)
Seat 2: Pete81 ($111.61 in chips)
Pete81: posts small blind $1
nrJitsu: posts big blind $3
*** HOLE CARDS ***
Pete81: folds
Uncalled bet ($2) returned to nrJitsu
nrJitsu collected $2 from pot
nrJitsu: doesn't show hand
*** SUMMARY ***
Total pot $2 | Rake $0
Seat 1: nrJitsu (big blind) collected ($2)
Seat 2: Pete81 (button) (small blind) folded before Flop


PokerStars Hand #146296262080:  Hold'em Limit ($3/$6 USD) - 2016/01/01 17:40:50 ET
Table 'Dschubba II' 2-max Seat #1 is the button
Seat 1: nrJitsu ($279.57 in chips)
Seat 2: Pete81 ($141.61 in chips)
nrJitsu: posts small blind $1
Pete81: posts big blind $3
*** HOLE CARDS ***
nrJitsu: raises $3 to $6
Pete81: raises $3 to $9
nrJitsu: calls $3
*** FLOP *** [2d 2s 7h]
Pete81: bets $3
nrJitsu: calls $3
*** TURN *** [2d 2s 7h] [Kh]
Pete81: bets $6
nrJitsu: raises $6 to $12
Pete81: calls $6
*** RIVER *** [2d 2s 7h Kh] [8d]
Pete81: checks
nrJitsu: bets $6
Pete81: calls $6
*** SHOW DOWN ***
nrJitsu: shows [7c 7d] (a full house, Sevens full of Deuces)
Pete81: mucks hand
nrJitsu collected $59.50 from pot
*** SUMMARY ***
Total pot $60 | Rake $0.50
Board [2d 2s 7h Kh 8d]
Seat 1: nrJitsu (button) (small blind) showed [7c 7d] and won ($59.50) with a full house, Sevens full of Deuces
Seat 2: Pete81 (big blind) mucked


PokerStars Hand #146296257443:  Hold'em Limit ($3/$6 USD) - 2016/01/01 17:40:45 ET
Table 'Dschubba II' 2-max Seat #2 is the button
Seat 1: nrJitsu ($278.57 in chips)
Seat 2: Pete81 ($142.61 in chips)
Pete81: posts small blind $1
nrJitsu: posts big blind $3
*** HOLE CARDS ***
Pete81: folds
Uncalled bet ($2) returned to nrJitsu
nrJitsu collected $2 from pot
nrJitsu: doesn't show hand
*** SUMMARY ***
Total pot $2 | Rake $0
Seat 1: nrJitsu (big blind) collected ($2)
Seat 2: Pete81 (button) (small blind) folded before Flop


PokerStars Hand #146296230288:  Hold'em Limit ($3/$6 USD) - 2016/01/01 17:40:15 ET
Table 'Dschubba II' 2-max Seat #1 is the button
Seat 1: nrJitsu ($264.07 in chips)
Seat 2: Pete81 ($157.61 in chips)
nrJitsu: posts small blind $1
Pete81: posts big blind $3
*** HOLE CARDS ***
nrJitsu: raises $3 to $6
Pete81: calls $3
*** FLOP *** [Qs 9d Jc]
Pete81: checks
nrJitsu: bets $3
Pete81: calls $3
*** TURN *** [Qs 9d Jc] [9c]
Pete81: checks
nrJitsu: bets $6
Pete81: calls $6
*** RIVER *** [Qs 9d Jc 9c] [6h]
Pete81: checks
nrJitsu: bets $6
Pete81: folds
Uncalled bet ($6) returned to nrJitsu
nrJitsu collected $29.50 from pot
nrJitsu: doesn't show hand
*** SUMMARY ***
Total pot $30 | Rake $0.50
Board [Qs 9d Jc 9c 6h]
Seat 1: nrJitsu (button) (small blind) collected ($29.50)
Seat 2: Pete81 (big blind) folded on the River


PokerStars Hand #146296332990:  Hold'em Limit ($3/$6 USD) - 2016/01/01 17:42:07 ET
Table 'Dschubba II' 2-max Seat #2 is the button
Seat 1: nrJitsu ($345.33 in chips)
Seat 2: Pete81 ($74.61 in chips)
Pete81: posts small blind $1
nrJitsu: posts big blind $3
*** HOLE CARDS ***
Pete81: folds
Uncalled bet ($2) returned to nrJitsu
nrJitsu collected $2 from pot
nrJitsu: doesn't show hand
*** SUMMARY ***
Total pot $2 | Rake $0
Seat 1: nrJitsu (big blind) collected ($2)
Seat 2: Pete81 (button) (small blind) folded before Flop


PokerStars Hand #146296326295:  Hold'em Limit ($3/$6 USD) - 2016/01/01 17:42:01 ET
Table 'Dschubba II' 2-max Seat #1 is the button
Seat 1: nrJitsu ($342.33 in chips)
Seat 2: Pete81 ($77.61 in chips)
nrJitsu: posts small blind $1
Pete81: posts big blind $3
*** HOLE CARDS ***
nrJitsu: raises $3 to $6
Pete81: folds
Uncalled bet ($3) returned to nrJitsu
nrJitsu collected $6 from pot
nrJitsu: doesn't show hand
*** SUMMARY ***
Total pot $6 | Rake $0
Seat 1: nrJitsu (button) (small blind) collected ($6)
Seat 2: Pete81 (big blind) folded before Flop


PokerStars Hand #146296306650:  Hold'em Limit ($3/$6 USD) - 2016/01/01 17:41:39 ET
Table 'Dschubba II' 2-max Seat #2 is the button
Seat 1: nrJitsu ($315.83 in chips)
Seat 2: Pete81 ($104.61 in chips)
Pete81: posts small blind $1
nrJitsu: posts big blind $3
*** HOLE CARDS ***
Pete81: raises $3 to $6
nrJitsu: calls $3
*** FLOP *** [7d 7h Jc]
nrJitsu: checks
Pete81: bets $3
nrJitsu: calls $3
*** TURN *** [7d 7h Jc] [Qh]
nrJitsu: checks
Pete81: bets $6
nrJitsu: raises $6 to $12
Pete81: calls $6
*** RIVER *** [7d 7h Jc Qh] [4s]
nrJitsu: bets $6
Pete81: calls $6
*** SHOW DOWN ***
nrJitsu: shows [Ah 7c] (three of a kind, Sevens)
Pete81: mucks hand
nrJitsu collected $53.50 from pot
*** SUMMARY ***
Total pot $54 | Rake $0.50
Board [7d 7h Jc Qh 4s]
Seat 1: nrJitsu (big blind) showed [Ah 7c] and won ($53.50) with three of a kind, Sevens
Seat 2: Pete81 (button) (small blind) mucked


PokerStars Hand #146296285323:  Hold'em Limit ($3/$6 USD) - 2016/01/01 17:41:16 ET
Table 'Dschubba II' 2-max Seat #1 is the button
Seat 1: nrJitsu ($310.07 in chips)
Seat 2: Pete81 ($110.61 in chips)
nrJitsu: posts small blind $1
Pete81: posts big blind $3
*** HOLE CARDS ***
nrJitsu: raises $3 to $6
Pete81: calls $3
*** FLOP *** [3c Qc 5h]
Pete81: checks
nrJitsu: bets $3
Pete81: folds
Uncalled bet ($3) returned to nrJitsu
nrJitsu collected $11.76 from pot
nrJitsu: doesn't show hand
*** SUMMARY ***
Total pot $12 | Rake $0.24
Board [3c Qc 5h]
Seat 1: nrJitsu (button) (small blind) collected ($11.76)
Seat 2: Pete81 (big blind) folded on the Flop


PokerStars Hand #146296382533:  Hold'em Limit ($3/$6 USD) - 2016/01/01 17:43:01 ET
Table 'Dschubba II' 2-max Seat #1 is the button
Seat 1: nrJitsu ($331.33 in chips)
Seat 2: Pete81 ($88.01 in chips)
nrJitsu: posts small blind $1
Pete81: posts big blind $3
*** HOLE CARDS ***
nrJitsu: raises $3 to $6
Pete81: raises $3 to $9
nrJitsu: calls $3
*** FLOP *** [4s Kd 3s]
Pete81: bets $3
nrJitsu: calls $3
*** TURN *** [4s Kd 3s] [7d]
Pete81: bets $6
nrJitsu: folds
Uncalled bet ($6) returned to Pete81
Pete81 collected $23.52 from pot
Pete81: doesn't show hand
*** SUMMARY ***
Total pot $24 | Rake $0.48
Board [4s Kd 3s 7d]
Seat 1: nrJitsu (button) (small blind) folded on the Turn
Seat 2: Pete81 (big blind) collected ($23.52)


PokerStars Hand #146296372788:  Hold'em Limit ($3/$6 USD) - 2016/01/01 17:42:51 ET
Table 'Dschubba II' 2-max Seat #2 is the button
Seat 1: nrJitsu ($337.33 in chips)
Seat 2: Pete81 ($82.25 in chips)
Pete81: posts small blind $1
nrJitsu: posts big blind $3
*** HOLE CARDS ***
Pete81: raises $3 to $6
nrJitsu: calls $3
*** FLOP *** [Th 9d Jh]
nrJitsu: checks
Pete81: bets $3
nrJitsu: folds
Uncalled bet ($3) returned to Pete81
Pete81 collected $11.76 from pot
Pete81: doesn't show hand
*** SUMMARY ***
Total pot $12 | Rake $0.24
Board [Th 9d Jh]
Seat 1: nrJitsu (big blind) folded on the Flop
Seat 2: Pete81 (button) (small blind) collected ($11.76)


PokerStars Hand #146296350576:  Hold'em Limit ($3/$6 USD) - 2016/01/01 17:42:27 ET
Table 'Dschubba II' 2-max Seat #1 is the button
Seat 1: nrJitsu ($346.33 in chips)
Seat 2: Pete81 ($73.61 in chips)
nrJitsu: posts small blind $1
Pete81: posts big blind $3
*** HOLE CARDS ***
nrJitsu: raises $3 to $6
Pete81: raises $3 to $9
nrJitsu: calls $3
*** FLOP *** [9c Ts 8d]
Pete81: bets $3
nrJitsu: folds
Uncalled bet ($3) returned to Pete81
Pete81 collected $17.64 from pot
Pete81: doesn't show hand
*** SUMMARY ***
Total pot $18 | Rake $0.36
Board [9c Ts 8d]
Seat 1: nrJitsu (button) (small blind) folded on the Flop
Seat 2: Pete81 (big blind) collected ($17.64)


PokerStars Hand #146296345681:  Hold'em Limit ($3/$6 USD) - 2016/01/01 17:42:21 ET
Table 'Dschubba II' 2-max Seat #2 is the button
Seat 1: nrJitsu ($349.33 in chips)
Seat 2: Pete81 ($70.61 in chips)
Pete81: posts small blind $1
nrJitsu: posts big blind $3
*** HOLE CARDS ***
Pete81: raises $3 to $6
nrJitsu: folds
Uncalled bet ($3) returned to Pete81
Pete81 collected $6 from pot
Pete81: doesn't show hand
*** SUMMARY ***
Total pot $6 | Rake $0
Seat 1: nrJitsu (big blind) folded before Flop
Seat 2: Pete81 (button) (small blind) collected ($6)


PokerStars Hand #146296337687:  Hold'em Limit ($3/$6 USD) - 2016/01/01 17:42:12 ET
Table 'Dschubba II' 2-max Seat #1 is the button
Seat 1: nrJitsu ($346.33 in chips)
Seat 2: Pete81 ($73.61 in chips)
nrJitsu: posts small blind $1
Pete81: posts big blind $3
*** HOLE CARDS ***
nrJitsu: raises $3 to $6
Pete81: folds
Uncalled bet ($3) returned to nrJitsu
nrJitsu collected $6 from pot
nrJitsu: doesn't show hand
*** SUMMARY ***
Total pot $6 | Rake $0
Seat 1: nrJitsu (button) (small blind) collected ($6)
Seat 2: Pete81 (big blind) folded before Flop


PokerStars Hand #146296426020:  Hold'em Limit ($3/$6 USD) - 2016/01/01 17:43:48 ET
Table 'Dschubba II' 2-max Seat #2 is the button
Seat 1: nrJitsu ($305.33 in chips)
Seat 2: Pete81 ($112.81 in chips)
Pete81: posts small blind $1
nrJitsu: posts big blind $3
*** HOLE CARDS ***
Pete81: raises $3 to $6
nrJitsu: calls $3
*** FLOP *** [Ks Qh 8h]
nrJitsu: checks
Pete81: checks
*** TURN *** [Ks Qh 8h] [5h]
nrJitsu: checks
Pete81: bets $6
nrJitsu: raises $6 to $12
Pete81: calls $6
*** RIVER *** [Ks Qh 8h 5h] [7d]
nrJitsu: bets $6
Pete81: raises $6 to $12
nrJitsu: folds
Uncalled bet ($6) returned to Pete81
Pete81 collected $47.50 from pot
Pete81: doesn't show hand
*** SUMMARY ***
Total pot $48 | Rake $0.50
Board [Ks Qh 8h 5h 7d]
Seat 1: nrJitsu (big blind) folded on the River
Seat 2: Pete81 (button) (small blind) collected ($47.50)


PokerStars Hand #146296414242:  Hold'em Limit ($3/$6 USD) - 2016/01/01 17:43:36 ET
Table 'Dschubba II' 2-max Seat #1 is the button
Seat 1: nrJitsu ($314.33 in chips)
Seat 2: Pete81 ($104.17 in chips)
nrJitsu: posts small blind $1
Pete81: posts big blind $3
*** HOLE CARDS ***
nrJitsu: raises $3 to $6
Pete81: calls $3
*** FLOP *** [7d 3h 5d]
Pete81: checks
nrJitsu: bets $3
Pete81: calls $3
*** TURN *** [7d 3h 5d] [4c]
Pete81: checks
nrJitsu: checks
*** RIVER *** [7d 3h 5d 4c] [3d]
Pete81: bets $6
nrJitsu: folds
Uncalled bet ($6) returned to Pete81
Pete81 collected $17.64 from pot
Pete81: doesn't show hand
*** SUMMARY ***
Total pot $18 | Rake $0.36
Board [7d 3h 5d 4c 3d]
Seat 1: nrJitsu (button) (small blind) folded on the River
Seat 2: Pete81 (big blind) collected ($17.64)


PokerStars Hand #146296404305:  Hold'em Limit ($3/$6 USD) - 2016/01/01 17:43:25 ET
Table 'Dschubba II' 2-max Seat #2 is the button
Seat 1: nrJitsu ($323.33 in chips)
Seat 2: Pete81 ($95.53 in chips)
Pete81: posts small blind $1
nrJitsu: posts big blind $3
*** HOLE CARDS ***
Pete81: raises $3 to $6
nrJitsu: calls $3
*** FLOP *** [6d 9h 5c]
nrJitsu: checks
Pete81: bets $3
nrJitsu: calls $3
*** TURN *** [6d 9h 5c] [9c]
nrJitsu: checks
Pete81: checks
*** RIVER *** [6d 9h 5c 9c] [4h]
nrJitsu: checks
Pete81: checks
*** SHOW DOWN ***
nrJitsu: shows [Ts Qc] (a pair of Nines)
Pete81: shows [2s As] (a pair of Nines - Ace kicker)
Pete81 collected $17.64 from pot
*** SUMMARY ***
Total pot $18 | Rake $0.36
Board [6d 9h 5c 9c 4h]
Seat 1: nrJitsu (big blind) showed [Ts Qc] and lost with a pair of Nines
Seat 2: Pete81 (button) (small blind) showed [2s As] and won ($17.64) with a pair of Nines


PokerStars Hand #146296399592:  Hold'em Limit ($3/$6 USD) - 2016/01/01 17:43:20 ET
Table 'Dschubba II' 2-max Seat #1 is the button
Seat 1: nrJitsu ($320.33 in chips)
Seat 2: Pete81 ($98.53 in chips)
nrJitsu: posts small blind $1
Pete81: posts big blind $3
*** HOLE CARDS ***
nrJitsu: raises $3 to $6
Pete81: folds
Uncalled bet ($3) returned to nrJitsu
nrJitsu collected $6 from pot
nrJitsu: doesn't show hand
*** SUMMARY ***
Total pot $6 | Rake $0
Seat 1: nrJitsu (button) (small blind) collected ($6)
Seat 2: Pete81 (big blind) folded before Flop


PokerStars Hand #146296395026:  Hold'em Limit ($3/$6 USD) - 2016/01/01 17:43:15 ET
Table 'Dschubba II' 2-max Seat #2 is the button
Seat 1: nrJitsu ($319.33 in chips)
Seat 2: Pete81 ($99.53 in chips)
Pete81: posts small blind $1
nrJitsu: posts big blind $3
*** HOLE CARDS ***
Pete81: folds
Uncalled bet ($2) returned to nrJitsu
nrJitsu collected $2 from pot
nrJitsu: doesn't show hand
*** SUMMARY ***
Total pot $2 | Rake $0
Seat 1: nrJitsu (big blind) collected ($2)
Seat 2: Pete81 (button) (small blind) folded before Flop


PokerStars Hand #146296495516:  Hold'em Limit ($3/$6 USD) - 2016/01/01 17:45:03 ET
Table 'Dschubba II' 2-max Seat #2 is the button
Seat 1: nrJitsu ($324.85 in chips)
Seat 2: Pete81 ($90.71 in chips)
Pete81: posts small blind $1
nrJitsu: posts big blind $3
*** HOLE CARDS ***
Pete81: folds
Uncalled bet ($2) returned to nrJitsu
nrJitsu collected $2 from pot
nrJitsu: doesn't show hand
*** SUMMARY ***
Total pot $2 | Rake $0
Seat 1: nrJitsu (big blind) collected ($2)
Seat 2: Pete81 (button) (small blind) folded before Flop


PokerStars Hand #146296481560:  Hold'em Limit ($3/$6 USD) - 2016/01/01 17:44:48 ET
Table 'Dschubba II' 2-max Seat #1 is the button
Seat 1: nrJitsu ($301.35 in chips)
Seat 2: Pete81 ($114.71 in chips)
nrJitsu: posts small blind $1
Pete81: posts big blind $3
*** HOLE CARDS ***
nrJitsu: raises $3 to $6
Pete81: raises $3 to $9
nrJitsu: calls $3
*** FLOP *** [4s 8c Jd]
Pete81: bets $3
nrJitsu: calls $3
*** TURN *** [4s 8c Jd] [2s]
Pete81: bets $6
nrJitsu: calls $6
*** RIVER *** [4s 8c Jd 2s] [Kd]
Pete81: checks
nrJitsu: bets $6
Pete81: calls $6
*** SHOW DOWN ***
nrJitsu: shows [3d 4d] (a pair of Fours)
Pete81: mucks hand
nrJitsu collected $47.50 from pot
*** SUMMARY ***
Total pot $48 | Rake $0.50
Board [4s 8c Jd 2s Kd]
Seat 1: nrJitsu (button) (small blind) showed [3d 4d] and won ($47.50) with a pair of Fours
Seat 2: Pete81 (big blind) mucked


PokerStars Hand #146296470290:  Hold'em Limit ($3/$6 USD) - 2016/01/01 17:44:36 ET
Table 'Dschubba II' 2-max Seat #2 is the button
Seat 1: nrJitsu ($289.83 in chips)
Seat 2: Pete81 ($126.71 in chips)
Pete81: posts small blind $1
nrJitsu: posts big blind $3
*** HOLE CARDS ***
Pete81: raises $3 to $6
nrJitsu: calls $3
*** FLOP *** [2d 4h 3c]
nrJitsu: checks
Pete81: bets $3
nrJitsu: raises $3 to $6
Pete81: calls $3
*** TURN *** [2d 4h 3c] [8h]
nrJitsu: bets $6
Pete81: folds
Uncalled bet ($6) returned to nrJitsu
nrJitsu collected $23.52 from pot
nrJitsu: doesn't show hand
*** SUMMARY ***
Total pot $24 | Rake $0.48
Board [2d 4h 3c 8h]
Seat 1: nrJitsu (big blind) collected ($23.52)
Seat 2: Pete81 (button) (small blind) folded on the Turn


PokerStars Hand #146296460909:  Hold'em Limit ($3/$6 USD) - 2016/01/01 17:44:26 ET
Table 'Dschubba II' 2-max Seat #1 is the button
Seat 1: nrJitsu ($298.83 in chips)
Seat 2: Pete81 ($118.07 in chips)
nrJitsu: posts small blind $1
Pete81: posts big blind $3
*** HOLE CARDS ***
nrJitsu: raises $3 to $6
Pete81: calls $3
*** FLOP *** [2d Td Ac]
Pete81: checks
nrJitsu: bets $3
Pete81: raises $3 to $6
nrJitsu: folds
Uncalled bet ($3) returned to Pete81
Pete81 collected $17.64 from pot
Pete81: doesn't show hand
*** SUMMARY ***
Total pot $18 | Rake $0.36
Board [2d Td Ac]
Seat 1: nrJitsu (button) (small blind) folded on the Flop
Seat 2: Pete81 (big blind) collected ($17.64)


PokerStars Hand #146296453929:  Hold'em Limit ($3/$6 USD) - 2016/01/01 17:44:18 ET
Table 'Dschubba II' 2-max Seat #2 is the button
Seat 1: nrJitsu ($304.83 in chips)
Seat 2: Pete81 ($112.31 in chips)
Pete81: posts small blind $1
nrJitsu: posts big blind $3
*** HOLE CARDS ***
Pete81: raises $3 to $6
nrJitsu: calls $3
*** FLOP *** [7c 4h 4d]
nrJitsu: checks
Pete81: bets $3
nrJitsu: folds
Uncalled bet ($3) returned to Pete81
Pete81 collected $11.76 from pot
Pete81: doesn't show hand
*** SUMMARY ***
Total pot $12 | Rake $0.24
Board [7c 4h 4d]
Seat 1: nrJitsu (big blind) folded on the Flop
Seat 2: Pete81 (button) (small blind) collected ($11.76)


PokerStars Hand #146296440453:  Hold'em Limit ($3/$6 USD) - 2016/01/01 17:44:04 ET
Table 'Dschubba II' 2-max Seat #1 is the button
Seat 1: nrJitsu ($281.33 in chips)
Seat 2: Pete81 ($136.31 in chips)
nrJitsu: posts small blind $1
Pete81: posts big blind $3
*** HOLE CARDS ***
nrJitsu: raises $3 to $6
Pete81: raises $3 to $9
nrJitsu: calls $3
*** FLOP *** [8h 5c Qc]
Pete81: bets $3
nrJitsu: calls $3
*** TURN *** [8h 5c Qc] [9c]
Pete81: checks
nrJitsu: bets $6
Pete81: calls $6
*** RIVER *** [8h 5c Qc 9c] [Qh]
Pete81: checks
nrJitsu: bets $6
Pete81: calls $6
*** SHOW DOWN ***
nrJitsu: shows [6c 8c] (a flush, Queen high)
Pete81: mucks hand
nrJitsu collected $47.50 from pot
*** SUMMARY ***
Total pot $48 | Rake $0.50
Board [8h 5c Qc 9c Qh]
Seat 1: nrJitsu (button) (small blind) showed [6c 8c] and won ($47.50) with a flush, Queen high
Seat 2: Pete81 (big blind) mucked


PokerStars Hand #146296557266:  Hold'em Limit ($3/$6 USD) - 2016/01/01 17:46:10 ET
Table 'Dschubba II' 2-max Seat #1 is the button
Seat 1: nrJitsu ($337.11 in chips)
Seat 2: Pete81 ($76.99 in chips)
nrJitsu: posts small blind $1
Pete81: posts big blind $3
*** HOLE CARDS ***
nrJitsu: folds
Uncalled bet ($2) returned to Pete81
Pete81 collected $2 from pot
Pete81: doesn't show hand
*** SUMMARY ***
Total pot $2 | Rake $0
Seat 1: nrJitsu (button) (small blind) folded before Flop
Seat 2: Pete81 (big blind) collected ($2)


PokerStars Hand #146296550102:  Hold'em Limit ($3/$6 USD) - 2016/01/01 17:46:03 ET
Table 'Dschubba II' 2-max Seat #2 is the button
Seat 1: nrJitsu ($343.11 in chips)
Seat 2: Pete81 ($71.23 in chips)
Pete81: posts small blind $1
nrJitsu: posts big blind $3
*** HOLE CARDS ***
Pete81: raises $3 to $6
nrJitsu: calls $3
*** FLOP *** [Ac 9s 4d]
nrJitsu: checks
Pete81: bets $3
nrJitsu: folds
Uncalled bet ($3) returned to Pete81
Pete81 collected $11.76 from pot
Pete81: doesn't show hand
*** SUMMARY ***
Total pot $12 | Rake $0.24
Board [Ac 9s 4d]
Seat 1: nrJitsu (big blind) folded on the Flop
Seat 2: Pete81 (button) (small blind) collected ($11.76)


PokerStars Hand #146296540807:  Hold'em Limit ($3/$6 USD) - 2016/01/01 17:45:52 ET
Table 'Dschubba II' 2-max Seat #1 is the button
Seat 1: nrJitsu ($355.11 in chips)
Seat 2: Pete81 ($59.71 in chips)
nrJitsu: posts small blind $1
Pete81: posts big blind $3
*** HOLE CARDS ***
nrJitsu: raises $3 to $6
Pete81: raises $3 to $9
nrJitsu: calls $3
*** FLOP *** [Ts Qh 7c]
Pete81: bets $3
nrJitsu: calls $3
*** TURN *** [Ts Qh 7c] [4h]
Pete81: bets $6
nrJitsu: folds
Uncalled bet ($6) returned to Pete81
Pete81 collected $23.52 from pot
Pete81: doesn't show hand
*** SUMMARY ***
Total pot $24 | Rake $0.48
Board [Ts Qh 7c 4h]
Seat 1: nrJitsu (button) (small blind) folded on the Turn
Seat 2: Pete81 (big blind) collected ($23.52)


PokerStars Hand #146296502093:  Hold'em Limit ($3/$6 USD) - 2016/01/01 17:45:10 ET
Table 'Dschubba II' 2-max Seat #1 is the button
Seat 1: nrJitsu ($325.85 in chips)
Seat 2: Pete81 ($89.71 in chips)
nrJitsu: posts small blind $1
Pete81: posts big blind $3
*** HOLE CARDS ***
nrJitsu: raises $3 to $6
Pete81: calls $3
*** FLOP *** [Kc 9d 2h]
Pete81: checks
nrJitsu: checks
*** TURN *** [Kc 9d 2h] [4d]
Pete81: checks
nrJitsu: bets $6
Pete81: folds
Uncalled bet ($6) returned to nrJitsu
nrJitsu collected $11.76 from pot
nrJitsu: doesn't show hand
*** SUMMARY ***
Total pot $12 | Rake $0.24
Board [Kc 9d 2h 4d]
Seat 1: nrJitsu (button) (small blind) collected ($11.76)
Seat 2: Pete81 (big blind) folded on the Turn


PokerStars Hand #146296513301:  Hold'em Limit ($3/$6 USD) - 2016/01/01 17:45:23 ET
Table 'Dschubba II' 2-max Seat #2 is the button
Seat 1: nrJitsu ($331.61 in chips)
Seat 2: Pete81 ($83.71 in chips)
Pete81: posts small blind $1
nrJitsu: posts big blind $3
*** HOLE CARDS ***
Pete81: raises $3 to $6
nrJitsu: raises $3 to $9
Pete81: calls $3
*** FLOP *** [8s Jd 4h]
nrJitsu: bets $3
Pete81: calls $3
*** TURN *** [8s Jd 4h] [2d]
nrJitsu: bets $6
Pete81: calls $6
*** RIVER *** [8s Jd 4h 2d] [Qs]
nrJitsu: bets $6
Pete81: calls $6
*** SHOW DOWN ***
nrJitsu: shows [Ac Ah] (a pair of Aces)
Pete81: mucks hand
nrJitsu collected $47.50 from pot
*** SUMMARY ***
Total pot $48 | Rake $0.50
Board [8s Jd 4h 2d Qs]
Seat 1: nrJitsu (big blind) showed [Ac Ah] and won ($47.50) with a pair of Aces
Seat 2: Pete81 (button) (small blind) mucked


PokerStars Hand #146296536530:  Hold'em Limit ($3/$6 USD) - 2016/01/01 17:45:48 ET
Table 'Dschubba II' 2-max Seat #2 is the button
Seat 1: nrJitsu ($354.11 in chips)
Seat 2: Pete81 ($60.71 in chips)
Pete81: posts small blind $1
nrJitsu: posts big blind $3
*** HOLE CARDS ***
Pete81: folds
Uncalled bet ($2) returned to nrJitsu
nrJitsu collected $2 from pot
nrJitsu: doesn't show hand
*** SUMMARY ***
Total pot $2 | Rake $0
Seat 1: nrJitsu (big blind) collected ($2)
Seat 2: Pete81 (button) (small blind) folded before Flop


PokerStars Hand #146296531002:  Hold'em Limit ($3/$6 USD) - 2016/01/01 17:45:42 ET
Table 'Dschubba II' 2-max Seat #1 is the button
Seat 1: nrJitsu ($355.11 in chips)
Seat 2: Pete81 ($59.71 in chips)
nrJitsu: posts small blind $1
Pete81: posts big blind $3
*** HOLE CARDS ***
nrJitsu: folds
Uncalled bet ($2) returned to Pete81
Pete81 collected $2 from pot
Pete81: doesn't show hand
*** SUMMARY ***
Total pot $2 | Rake $0
Seat 1: nrJitsu (button) (small blind) folded before Flop
Seat 2: Pete81 (big blind) collected ($2)


PokerStars Hand #146296561133:  Hold'em Limit ($3/$6 USD) - 2016/01/01 17:46:14 ET
Table 'Dschubba II' 2-max Seat #2 is the button
Seat 1: nrJitsu ($336.11 in chips)
Seat 2: Pete81 ($77.99 in chips)
Pete81: posts small blind $1
nrJitsu: posts big blind $3
*** HOLE CARDS ***
Pete81: folds
Uncalled bet ($2) returned to nrJitsu
nrJitsu collected $2 from pot
nrJitsu: doesn't show hand
*** SUMMARY ***
Total pot $2 | Rake $0
Seat 1: nrJitsu (big blind) collected ($2)
Seat 2: Pete81 (button) (small blind) folded before Flop


PokerStars Hand #146296574269:  Hold'em Limit ($3/$6 USD) - 2016/01/01 17:46:29 ET
Table 'Dschubba II' 2-max Seat #2 is the button
Seat 1: nrJitsu ($342.87 in chips)
Seat 2: Pete81 ($70.99 in chips)
Pete81: posts small blind $1
nrJitsu: posts big blind $3
*** HOLE CARDS ***
Pete81: folds
Uncalled bet ($2) returned to nrJitsu
nrJitsu collected $2 from pot
nrJitsu: doesn't show hand
*** SUMMARY ***
Total pot $2 | Rake $0
Seat 1: nrJitsu (big blind) collected ($2)
Seat 2: Pete81 (button) (small blind) folded before Flop


PokerStars Hand #146296565524:  Hold'em Limit ($3/$6 USD) - 2016/01/01 17:46:19 ET
Table 'Dschubba II' 2-max Seat #1 is the button
Seat 1: nrJitsu ($337.11 in chips)
Seat 2: Pete81 ($76.99 in chips)
nrJitsu: posts small blind $1
Pete81: posts big blind $3
*** HOLE CARDS ***
nrJitsu: raises $3 to $6
Pete81: calls $3
*** FLOP *** [4s Ts Jd]
Pete81: checks
nrJitsu: bets $3
Pete81: folds
Uncalled bet ($3) returned to nrJitsu
nrJitsu collected $11.76 from pot
nrJitsu: doesn't show hand
*** SUMMARY ***
Total pot $12 | Rake $0.24
Board [4s Ts Jd]
Seat 1: nrJitsu (button) (small blind) collected ($11.76)
Seat 2: Pete81 (big blind) folded on the Flop


PokerStars Hand #146296578658:  Hold'em Limit ($3/$6 USD) - 2016/01/01 17:46:33 ET
Table 'Dschubba II' 2-max Seat #1 is the button
Seat 1: nrJitsu ($343.87 in chips)
Seat 2: Pete81 ($69.99 in chips)
nrJitsu: posts small blind $1
Pete81: posts big blind $3
*** HOLE CARDS ***
nrJitsu: folds
Uncalled bet ($2) returned to Pete81
Pete81 collected $2 from pot
Pete81: doesn't show hand
*** SUMMARY ***
Total pot $2 | Rake $0
Seat 1: nrJitsu (button) (small blind) folded before Flop
Seat 2: Pete81 (big blind) collected ($2)


PokerStars Hand #146296585799:  Hold'em Limit ($3/$6 USD) - 2016/01/01 17:46:41 ET
Table 'Dschubba II' 2-max Seat #2 is the button
Seat 1: nrJitsu ($342.87 in chips)
Seat 2: Pete81 ($70.99 in chips)
Pete81: posts small blind $1
nrJitsu: posts big blind $3
*** HOLE CARDS ***
Pete81: raises $3 to $6
nrJitsu: raises $3 to $9
Pete81: calls $3
*** FLOP *** [2d Jh 8d]
nrJitsu: bets $3
Pete81: raises $3 to $6
nrJitsu: calls $3
*** TURN *** [2d Jh 8d] [Qd]
nrJitsu: checks
Pete81: bets $6
nrJitsu: calls $6
*** RIVER *** [2d Jh 8d Qd] [9d]
nrJitsu: checks
Pete81: checks
*** SHOW DOWN ***
nrJitsu: shows [Kh As] (high card Ace)
Pete81: mucks hand
nrJitsu collected $41.50 from pot
*** SUMMARY ***
Total pot $42 | Rake $0.50
Board [2d Jh 8d Qd 9d]
Seat 1: nrJitsu (big blind) showed [Kh As] and won ($41.50) with high card Ace
Seat 2: Pete81 (button) (small blind) mucked


PokerStars Hand #146296614915:  Hold'em Limit ($3/$6 USD) - 2016/01/01 17:47:09 ET
Table 'Dschubba II' 2-max Seat #1 is the button
Seat 1: nrJitsu ($363.37 in chips)
Seat 2: Pete81 ($49.99 in chips)
nrJitsu: posts small blind $1
Pete81: posts big blind $3
*** HOLE CARDS ***
nrJitsu: raises $3 to $6
Pete81: calls $3
*** FLOP *** [2h 7d 3h]
Pete81: checks
nrJitsu: bets $3
Pete81: raises $3 to $6
nrJitsu: calls $3
*** TURN *** [2h 7d 3h] [4c]
Pete81: bets $6
nrJitsu: calls $6
*** RIVER *** [2h 7d 3h 4c] [Th]
Pete81: bets $6
nrJitsu: calls $6
*** SHOW DOWN ***
Pete81: shows [6h 9h] (a flush, Ten high)
nrJitsu: mucks hand
Pete81 collected $47.50 from pot
*** SUMMARY ***
Total pot $48 | Rake $0.50
Board [2h 7d 3h 4c Th]
Seat 1: nrJitsu (button) (small blind) mucked
Seat 2: Pete81 (big blind) showed [6h 9h] and won ($47.50) with a flush, Ten high


PokerStars Hand #146296642092:  Hold'em Limit ($3/$6 USD) - 2016/01/01 17:47:32 ET
Table 'Dschubba II' 2-max Seat #2 is the button
Seat 1: nrJitsu ($339.37 in chips)
Seat 2: Pete81 ($73.49 in chips)
Pete81: posts small blind $1
nrJitsu: posts big blind $3
*** HOLE CARDS ***
Pete81: raises $3 to $6
nrJitsu: calls $3
*** FLOP *** [6c Ad 6h]
nrJitsu: checks
Pete81: bets $3
nrJitsu: folds
Uncalled bet ($3) returned to Pete81
Pete81 collected $11.76 from pot
Pete81: doesn't show hand
*** SUMMARY ***
Total pot $12 | Rake $0.24
Board [6c Ad 6h]
Seat 1: nrJitsu (big blind) folded on the Flop
Seat 2: Pete81 (button) (small blind) collected ($11.76)


PokerStars Hand #146296653486:  Hold'em Limit ($3/$6 USD) - 2016/01/01 17:47:44 ET
Table 'Dschubba II' 2-max Seat #1 is the button
Seat 1: nrJitsu ($333.37 in chips)
Seat 2: Pete81 ($79.25 in chips)
nrJitsu: posts small blind $1
Pete81: posts big blind $3
*** HOLE CARDS ***
nrJitsu: raises $3 to $6
Pete81: folds
Uncalled bet ($3) returned to nrJitsu
nrJitsu collected $6 from pot
nrJitsu: doesn't show hand
*** SUMMARY ***
Total pot $6 | Rake $0
Seat 1: nrJitsu (button) (small blind) collected ($6)
Seat 2: Pete81 (big blind) folded before Flop


PokerStars Hand #146296670301:  Hold'em Limit ($3/$6 USD) - 2016/01/01 17:48:01 ET
Table 'Dschubba II' 2-max Seat #2 is the button
Seat 1: nrJitsu ($336.37 in chips)
Seat 2: Pete81 ($76.25 in chips)
Pete81: posts small blind $1
nrJitsu: posts big blind $3
*** HOLE CARDS ***
Pete81: raises $3 to $6
nrJitsu: folds
Uncalled bet ($3) returned to Pete81
Pete81 collected $6 from pot
Pete81: doesn't show hand
*** SUMMARY ***
Total pot $6 | Rake $0
Seat 1: nrJitsu (big blind) folded before Flop
Seat 2: Pete81 (button) (small blind) collected ($6)


PokerStars Hand #146296681241:  Hold'em Limit ($3/$6 USD) - 2016/01/01 17:48:13 ET
Table 'Dschubba II' 2-max Seat #1 is the button
Seat 1: nrJitsu ($333.37 in chips)
Seat 2: Pete81 ($79.25 in chips)
nrJitsu: posts small blind $1
Pete81: posts big blind $3
*** HOLE CARDS ***
nrJitsu: raises $3 to $6
Pete81: folds
Uncalled bet ($3) returned to nrJitsu
nrJitsu collected $6 from pot
*** SUMMARY ***
Total pot $6 | Rake $0
Seat 1: nrJitsu (button) (small blind) collected ($6)
Seat 2: Pete81 (big blind) folded before Flop


PokerStars Hand #146296698071:  Hold'em Limit ($3/$6 USD) - 2016/01/01 17:48:31 ET
Table 'Dschubba II' 2-max Seat #1 is the button
Seat 1: nrJitsu ($347.89 in chips)
Seat 2: Pete81 ($64.25 in chips)
nrJitsu: posts small blind $1
Pete81: posts big blind $3
*** HOLE CARDS ***
nrJitsu: folds
Uncalled bet ($2) returned to Pete81
Pete81 collected $2 from pot
Pete81: doesn't show hand
*** SUMMARY ***
Total pot $2 | Rake $0
Seat 1: nrJitsu (button) (small blind) folded before Flop
Seat 2: Pete81 (big blind) collected ($2)


PokerStars Hand #146296686733:  Hold'em Limit ($3/$6 USD) - 2016/01/01 17:48:19 ET
Table 'Dschubba II' 2-max Seat #2 is the button
Seat 1: nrJitsu ($336.37 in chips)
Seat 2: Pete81 ($76.25 in chips)
Pete81: posts small blind $1
nrJitsu: posts big blind $3
*** HOLE CARDS ***
Pete81: raises $3 to $6
nrJitsu: calls $3
*** FLOP *** [5h 2s 2h]
nrJitsu: checks
Pete81: bets $3
nrJitsu: raises $3 to $6
Pete81: calls $3
*** TURN *** [5h 2s 2h] [Ad]
nrJitsu: bets $6
Pete81: folds
Uncalled bet ($6) returned to nrJitsu
nrJitsu collected $23.52 from pot
nrJitsu: doesn't show hand
*** SUMMARY ***
Total pot $24 | Rake $0.48
Board [5h 2s 2h Ad]
Seat 1: nrJitsu (big blind) collected ($23.52)
Seat 2: Pete81 (button) (small blind) folded on the Turn


PokerStars Hand #146296701984:  Hold'em Limit ($3/$6 USD) - 2016/01/01 17:48:36 ET
Table 'Dschubba II' 2-max Seat #2 is the button
Seat 1: nrJitsu ($346.89 in chips)
Seat 2: Pete81 ($65.25 in chips)
Pete81: posts small blind $1
nrJitsu: posts big blind $3
*** HOLE CARDS ***
Pete81: raises $3 to $6
nrJitsu: calls $3
*** FLOP *** [3s 7h Ks]
nrJitsu: checks
Pete81: bets $3
nrJitsu: calls $3
*** TURN *** [3s 7h Ks] [Kh]
nrJitsu: checks
Pete81: bets $6
nrJitsu: raises $6 to $12
Pete81: raises $6 to $18
nrJitsu: calls $6
*** RIVER *** [3s 7h Ks Kh] [Qs]
nrJitsu: checks
Pete81: checks
*** SHOW DOWN ***
nrJitsu: shows [8d Kd] (three of a kind, Kings)
Pete81: mucks hand
nrJitsu collected $53.50 from pot
*** SUMMARY ***
Total pot $54 | Rake $0.50
Board [3s 7h Ks Kh Qs]
Seat 1: nrJitsu (big blind) showed [8d Kd] and won ($53.50) with three of a kind, Kings
Seat 2: Pete81 (button) (small blind) mucked


PokerStars Hand #146296715862:  Hold'em Limit ($3/$6 USD) - 2016/01/01 17:48:51 ET
Table 'Dschubba II' 2-max Seat #1 is the button
Seat 1: nrJitsu ($373.39 in chips)
Seat 2: Pete81 ($38.25 in chips)
nrJitsu: posts small blind $1
Pete81: posts big blind $3
*** HOLE CARDS ***
nrJitsu: raises $3 to $6
Pete81: raises $3 to $9
nrJitsu: calls $3
*** FLOP *** [5d 4d Qc]
Pete81: bets $3
nrJitsu: calls $3
*** TURN *** [5d 4d Qc] [Ah]
Pete81: bets $6
nrJitsu: calls $6
*** RIVER *** [5d 4d Qc Ah] [7c]
Pete81: bets $6
nrJitsu: folds
Uncalled bet ($6) returned to Pete81
Pete81 collected $35.50 from pot
Pete81: doesn't show hand
*** SUMMARY ***
Total pot $36 | Rake $0.50
Board [5d 4d Qc Ah 7c]
Seat 1: nrJitsu (button) (small blind) folded on the River
Seat 2: Pete81 (big blind) collected ($35.50)


PokerStars Hand #146296730072:  Hold'em Limit ($3/$6 USD) - 2016/01/01 17:49:06 ET
Table 'Dschubba II' 2-max Seat #2 is the button
Seat 1: nrJitsu ($355.39 in chips)
Seat 2: Pete81 ($55.75 in chips)
Pete81: posts small blind $1
nrJitsu: posts big blind $3
*** HOLE CARDS ***
Pete81: raises $3 to $6
nrJitsu: calls $3
*** FLOP *** [Ac 4d 9d]
nrJitsu: checks
Pete81: bets $3
nrJitsu: folds
Uncalled bet ($3) returned to Pete81
Pete81 collected $11.76 from pot
Pete81: doesn't show hand
*** SUMMARY ***
Total pot $12 | Rake $0.24
Board [Ac 4d 9d]
Seat 1: nrJitsu (big blind) folded on the Flop
Seat 2: Pete81 (button) (small blind) collected ($11.76)


PokerStars Hand #146296739662:  Hold'em Limit ($3/$6 USD) - 2016/01/01 17:49:17 ET
Table 'Dschubba II' 2-max Seat #1 is the button
Seat 1: nrJitsu ($349.39 in chips)
Seat 2: Pete81 ($61.51 in chips)
nrJitsu: posts small blind $1
Pete81: posts big blind $3
*** HOLE CARDS ***
nrJitsu: raises $3 to $6
Pete81: calls $3
*** FLOP *** [Jh 3s Qc]
Pete81: checks
nrJitsu: bets $3
Pete81: raises $3 to $6
nrJitsu: calls $3
*** TURN *** [Jh 3s Qc] [5s]
Pete81: bets $6
nrJitsu: raises $6 to $12
Pete81: raises $6 to $18
nrJitsu: raises $6 to $24
Betting is capped
Pete81: calls $6
*** RIVER *** [Jh 3s Qc 5s] [As]
Pete81: checks
nrJitsu: bets $6
Pete81: calls $6
*** SHOW DOWN ***
nrJitsu: shows [Jc Qh] (two pair, Queens and Jacks)
Pete81: mucks hand
nrJitsu collected $83.50 from pot
*** SUMMARY ***
Total pot $84 | Rake $0.50
Board [Jh 3s Qc 5s As]
Seat 1: nrJitsu (button) (small blind) showed [Jc Qh] and won ($83.50) with two pair, Queens and Jacks
Seat 2: Pete81 (big blind) mucked


PokerStars Hand #146296756323:  Hold'em Limit ($3/$6 USD) - 2016/01/01 17:49:35 ET
Table 'Dschubba II' 2-max Seat #2 is the button
Seat 1: nrJitsu ($390.89 in chips)
Seat 2: Pete81 ($19.51 in chips)
Pete81: posts small blind $1
nrJitsu: posts big blind $3
*** HOLE CARDS ***
Pete81: raises $3 to $6
nrJitsu: calls $3
*** FLOP *** [Kc Ac 9c]
nrJitsu: checks
Pete81: bets $3
nrJitsu: folds
Uncalled bet ($3) returned to Pete81
Pete81 collected $11.76 from pot
Pete81: doesn't show hand
*** SUMMARY ***
Total pot $12 | Rake $0.24
Board [Kc Ac 9c]
Seat 1: nrJitsu (big blind) folded on the Flop
Seat 2: Pete81 (button) (small blind) collected ($11.76)


PokerStars Hand #146296772662:  Hold'em Limit ($3/$6 USD) - 2016/01/01 17:49:53 ET
Table 'Dschubba II' 2-max Seat #2 is the button
Seat 1: nrJitsu ($375.89 in chips)
Seat 2: Pete81 ($33.91 in chips)
Pete81: posts small blind $1
nrJitsu: posts big blind $3
*** HOLE CARDS ***
Pete81: folds
Uncalled bet ($2) returned to nrJitsu
nrJitsu collected $2 from pot
nrJitsu: doesn't show hand
*** SUMMARY ***
Total pot $2 | Rake $0
Seat 1: nrJitsu (big blind) collected ($2)
Seat 2: Pete81 (button) (small blind) folded before Flop


PokerStars Hand #146296765432:  Hold'em Limit ($3/$6 USD) - 2016/01/01 17:49:45 ET
Table 'Dschubba II' 2-max Seat #1 is the button
Seat 1: nrJitsu ($384.89 in chips)
Seat 2: Pete81 ($25.27 in chips)
nrJitsu: posts small blind $1
Pete81: posts big blind $3
*** HOLE CARDS ***
nrJitsu: raises $3 to $6
Pete81: raises $3 to $9
nrJitsu: calls $3
*** FLOP *** [9c 4c As]
Pete81: bets $3
nrJitsu: folds
Uncalled bet ($3) returned to Pete81
Pete81 collected $17.64 from pot
Pete81: doesn't show hand
*** SUMMARY ***
Total pot $18 | Rake $0.36
Board [9c 4c As]
Seat 1: nrJitsu (button) (small blind) folded on the Flop
Seat 2: Pete81 (big blind) collected ($17.64)


PokerStars Hand #146296777013:  Hold'em Limit ($3/$6 USD) - 2016/01/01 17:49:57 ET
Table 'Dschubba II' 2-max Seat #1 is the button
Seat 1: nrJitsu ($376.89 in chips)
Seat 2: Pete81 ($32.91 in chips)
nrJitsu: posts small blind $1
Pete81: posts big blind $3
*** HOLE CARDS ***
nrJitsu: raises $3 to $6
Pete81: calls $3
*** FLOP *** [2h 9h 5s]
Pete81: checks
nrJitsu: bets $3
Pete81: folds
Uncalled bet ($3) returned to nrJitsu
nrJitsu collected $11.76 from pot
nrJitsu: doesn't show hand
*** SUMMARY ***
Total pot $12 | Rake $0.24
Board [2h 9h 5s]
Seat 1: nrJitsu (button) (small blind) collected ($11.76)
Seat 2: Pete81 (big blind) folded on the Flop


PokerStars Hand #146296809879:  Hold'em Limit ($3/$6 USD) - 2016/01/01 17:50:33 ET
Table 'Dschubba II' 2-max Seat #1 is the button
Seat 1: nrJitsu ($376.65 in chips)
Seat 2: Pete81 ($32.67 in chips)
nrJitsu: posts small blind $1
Pete81: posts big blind $3
*** HOLE CARDS ***
nrJitsu: folds
Uncalled bet ($2) returned to Pete81
Pete81 collected $2 from pot
Pete81: doesn't show hand
*** SUMMARY ***
Total pot $2 | Rake $0
Seat 1: nrJitsu (button) (small blind) folded before Flop
Seat 2: Pete81 (big blind) collected ($2)


PokerStars Hand #146296795362:  Hold'em Limit ($3/$6 USD) - 2016/01/01 17:50:17 ET
Table 'Dschubba II' 2-max Seat #2 is the button
Seat 1: nrJitsu ($382.65 in chips)
Seat 2: Pete81 ($26.91 in chips)
Pete81: posts small blind $1
nrJitsu: posts big blind $3
*** HOLE CARDS ***
Pete81: raises $3 to $6
nrJitsu: calls $3
*** FLOP *** [Qh 3s 6s]
nrJitsu: checks
Pete81: bets $3
nrJitsu: folds
Uncalled bet ($3) returned to Pete81
Pete81 collected $11.76 from pot
Pete81: doesn't show hand
*** SUMMARY ***
Total pot $12 | Rake $0.24
Board [Qh 3s 6s]
Seat 1: nrJitsu (big blind) folded on the Flop
Seat 2: Pete81 (button) (small blind) collected ($11.76)


PokerStars Hand #146296813765:  Hold'em Limit ($3/$6 USD) - 2016/01/01 17:50:37 ET
Table 'Dschubba II' 2-max Seat #2 is the button
Seat 1: nrJitsu ($375.65 in chips)
Seat 2: Pete81 ($33.67 in chips)
Pete81: posts small blind $1
nrJitsu: posts big blind $3
*** HOLE CARDS ***
Pete81: folds
Uncalled bet ($2) returned to nrJitsu
nrJitsu collected $2 from pot
nrJitsu: doesn't show hand
*** SUMMARY ***
Total pot $2 | Rake $0
Seat 1: nrJitsu (big blind) collected ($2)
Seat 2: Pete81 (button) (small blind) folded before Flop


PokerStars Hand #146296818599:  Hold'em Limit ($3/$6 USD) - 2016/01/01 17:50:43 ET
Table 'Dschubba II' 2-max Seat #1 is the button
Seat 1: nrJitsu ($376.65 in chips)
Seat 2: Pete81 ($32.67 in chips)
nrJitsu: posts small blind $1
Pete81: posts big blind $3
*** HOLE CARDS ***
nrJitsu: raises $3 to $6
Pete81: calls $3
*** FLOP *** [8d 6c 4s]
Pete81: checks
nrJitsu: bets $3
Pete81: raises $3 to $6
nrJitsu: calls $3
*** TURN *** [8d 6c 4s] [Ac]
Pete81: bets $6
nrJitsu: raises $6 to $12
Pete81: calls $6
*** RIVER *** [8d 6c 4s Ac] [8h]
Pete81: checks
nrJitsu: bets $6
Pete81: calls $6
*** SHOW DOWN ***
nrJitsu: shows [Kh Kd] (two pair, Kings and Eights)
Pete81: mucks hand
nrJitsu collected $59.50 from pot
*** SUMMARY ***
Total pot $60 | Rake $0.50
Board [8d 6c 4s Ac 8h]
Seat 1: nrJitsu (button) (small blind) showed [Kh Kd] and won ($59.50) with two pair, Kings and Eights
Seat 2: Pete81 (big blind) mucked


PokerStars Hand #146296861016:  Hold'em Limit ($3/$6 USD) - 2016/01/01 17:51:29 ET
Table 'Dschubba II' 2-max Seat #1 is the button
Seat 1: nrJitsu ($407.15 in chips)
Seat 2: Pete81 ($61.67 in chips)
nrJitsu: posts small blind $1
Pete81: posts big blind $3
*** HOLE CARDS ***
nrJitsu: folds
Uncalled bet ($2) returned to Pete81
Pete81 collected $2 from pot
Pete81: doesn't show hand
*** SUMMARY ***
Total pot $2 | Rake $0
Seat 1: nrJitsu (button) (small blind) folded before Flop
Seat 2: Pete81 (big blind) collected ($2)


PokerStars Hand #146296854657:  Hold'em Limit ($3/$6 USD) - 2016/01/01 17:51:22 ET
Table 'Dschubba II' 2-max Seat #2 is the button
Seat 1: nrJitsu ($406.15 in chips)
Seat 2: Pete81 ($62.67 in chips)
Pete81: posts small blind $1
nrJitsu: posts big blind $3
*** HOLE CARDS ***
Pete81: folds
Uncalled bet ($2) returned to nrJitsu
nrJitsu collected $2 from pot
nrJitsu: doesn't show hand
*** SUMMARY ***
Total pot $2 | Rake $0
Seat 1: nrJitsu (big blind) collected ($2)
Seat 2: Pete81 (button) (small blind) folded before Flop


PokerStars Hand #146296865093:  Hold'em Limit ($3/$6 USD) - 2016/01/01 17:51:34 ET
Table 'Dschubba II' 2-max Seat #2 is the button
Seat 1: nrJitsu ($406.15 in chips)
Seat 2: Pete81 ($62.67 in chips)
Pete81: posts small blind $1
nrJitsu: posts big blind $3
*** HOLE CARDS ***
Pete81: raises $3 to $6
nrJitsu: raises $3 to $9
Pete81: calls $3
*** FLOP *** [7c Jc Th]
nrJitsu: bets $3
Pete81: calls $3
*** TURN *** [7c Jc Th] [6d]
nrJitsu: bets $6
Pete81: folds
Uncalled bet ($6) returned to nrJitsu
nrJitsu collected $23.52 from pot
nrJitsu: doesn't show hand
*** SUMMARY ***
Total pot $24 | Rake $0.48
Board [7c Jc Th 6d]
Seat 1: nrJitsu (big blind) collected ($23.52)
Seat 2: Pete81 (button) (small blind) folded on the Turn


PokerStars Hand #146296888171:  Hold'em Limit ($3/$6 USD) - 2016/01/01 17:51:59 ET
Table 'Dschubba II' 2-max Seat #2 is the button
Seat 1: nrJitsu ($405.67 in chips)
Seat 2: Pete81 ($62.19 in chips)
Pete81: posts small blind $1
nrJitsu: posts big blind $3
*** HOLE CARDS ***
Pete81: folds
Uncalled bet ($2) returned to nrJitsu
nrJitsu collected $2 from pot
nrJitsu: doesn't show hand
*** SUMMARY ***
Total pot $2 | Rake $0
Seat 1: nrJitsu (big blind) collected ($2)
Seat 2: Pete81 (button) (small blind) folded before Flop


PokerStars Hand #146296876308:  Hold'em Limit ($3/$6 USD) - 2016/01/01 17:51:46 ET
Table 'Dschubba II' 2-max Seat #1 is the button
Seat 1: nrJitsu ($417.67 in chips)
Seat 2: Pete81 ($50.67 in chips)
nrJitsu: posts small blind $1
Pete81: posts big blind $3
*** HOLE CARDS ***
nrJitsu: raises $3 to $6
Pete81: calls $3
*** FLOP *** [Js 9c 8s]
Pete81: checks
nrJitsu: checks
*** TURN *** [Js 9c 8s] [5c]
Pete81: bets $6
nrJitsu: calls $6
*** RIVER *** [Js 9c 8s 5c] [7s]
Pete81: bets $6
nrJitsu: folds
Uncalled bet ($6) returned to Pete81
Pete81 collected $23.52 from pot
Pete81: doesn't show hand
*** SUMMARY ***
Total pot $24 | Rake $0.48
Board [Js 9c 8s 5c 7s]
Seat 1: nrJitsu (button) (small blind) folded on the River
Seat 2: Pete81 (big blind) collected ($23.52)


PokerStars Hand #146296892558:  Hold'em Limit ($3/$6 USD) - 2016/01/01 17:52:04 ET
Table 'Dschubba II' 2-max Seat #1 is the button
Seat 1: nrJitsu ($406.67 in chips)
Seat 2: Pete81 ($61.19 in chips)
nrJitsu: posts small blind $1
Pete81: posts big blind $3
*** HOLE CARDS ***
nrJitsu: raises $3 to $6
Pete81: raises $3 to $9
nrJitsu: calls $3
*** FLOP *** [8d 4h Qd]
Pete81: bets $3
nrJitsu: folds
Uncalled bet ($3) returned to Pete81
Pete81 collected $17.64 from pot
Pete81: doesn't show hand
*** SUMMARY ***
Total pot $18 | Rake $0.36
Board [8d 4h Qd]
Seat 1: nrJitsu (button) (small blind) folded on the Flop
Seat 2: Pete81 (big blind) collected ($17.64)


PokerStars Hand #146296900505:  Hold'em Limit ($3/$6 USD) - 2016/01/01 17:52:13 ET
Table 'Dschubba II' 2-max Seat #2 is the button
Seat 1: nrJitsu ($397.67 in chips)
Seat 2: Pete81 ($69.83 in chips)
Pete81: posts small blind $1
nrJitsu: posts big blind $3
*** HOLE CARDS ***
Pete81: raises $3 to $6
nrJitsu: calls $3
*** FLOP *** [9h 2d 5s]
nrJitsu: checks
Pete81: bets $3
nrJitsu: folds
Uncalled bet ($3) returned to Pete81
Pete81 collected $11.76 from pot
Pete81: doesn't show hand
*** SUMMARY ***
Total pot $12 | Rake $0.24
Board [9h 2d 5s]
Seat 1: nrJitsu (big blind) folded on the Flop
Seat 2: Pete81 (button) (small blind) collected ($11.76)


PokerStars Hand #146296909859:  Hold'em Limit ($3/$6 USD) - 2016/01/01 17:52:23 ET
Table 'Dschubba II' 2-max Seat #1 is the button
Seat 1: nrJitsu ($391.67 in chips)
Seat 2: Pete81 ($75.59 in chips)
nrJitsu: posts small blind $1
Pete81: posts big blind $3
*** HOLE CARDS ***
nrJitsu: raises $3 to $6
Pete81: calls $3
*** FLOP *** [7h Qh 2d]
Pete81: checks
nrJitsu: bets $3
Pete81: raises $3 to $6
nrJitsu: calls $3
*** TURN *** [7h Qh 2d] [Kh]
Pete81: bets $6
nrJitsu: calls $6
*** RIVER *** [7h Qh 2d Kh] [7s]
Pete81: bets $6
nrJitsu: calls $6
*** SHOW DOWN ***
Pete81: shows [3d 7d] (three of a kind, Sevens)
nrJitsu: mucks hand
Pete81 collected $47.50 from pot
*** SUMMARY ***
Total pot $48 | Rake $0.50
Board [7h Qh 2d Kh 7s]
Seat 1: nrJitsu (button) (small blind) mucked
Seat 2: Pete81 (big blind) showed [3d 7d] and won ($47.50) with three of a kind, Sevens


PokerStars Hand #146296942714:  Hold'em Limit ($3/$6 USD) - 2016/01/01 17:52:59 ET
Table 'Dschubba II' 2-max Seat #1 is the button
Seat 1: nrJitsu ($358.67 in chips)
Seat 2: Pete81 ($107.73 in chips)
nrJitsu: posts small blind $1
Pete81: posts big blind $3
*** HOLE CARDS ***
nrJitsu: raises $3 to $6
Pete81: folds
Uncalled bet ($3) returned to nrJitsu
nrJitsu collected $6 from pot
nrJitsu: doesn't show hand
*** SUMMARY ***
Total pot $6 | Rake $0
Seat 1: nrJitsu (button) (small blind) collected ($6)
Seat 2: Pete81 (big blind) folded before Flop


PokerStars Hand #146296927095:  Hold'em Limit ($3/$6 USD) - 2016/01/01 17:52:42 ET
Table 'Dschubba II' 2-max Seat #2 is the button
Seat 1: nrJitsu ($367.67 in chips)
Seat 2: Pete81 ($99.09 in chips)
Pete81: posts small blind $1
nrJitsu: posts big blind $3
*** HOLE CARDS ***
Pete81: raises $3 to $6
nrJitsu: calls $3
*** FLOP *** [As 2s Ad]
nrJitsu: checks
Pete81: bets $3
nrJitsu: calls $3
*** TURN *** [As 2s Ad] [Ah]
nrJitsu: checks
Pete81: bets $6
nrJitsu: folds
Uncalled bet ($6) returned to Pete81
Pete81 collected $17.64 from pot
Pete81: doesn't show hand
*** SUMMARY ***
Total pot $18 | Rake $0.36
Board [As 2s Ad Ah]
Seat 1: nrJitsu (big blind) folded on the Turn
Seat 2: Pete81 (button) (small blind) collected ($17.64)


PokerStars Hand #146296962469:  Hold'em Limit ($3/$6 USD) - 2016/01/01 17:53:21 ET
Table 'Dschubba II' 2-max Seat #1 is the button
Seat 1: nrJitsu ($331.67 in chips)
Seat 2: Pete81 ($134.23 in chips)
nrJitsu: posts small blind $1
Pete81: posts big blind $3
*** HOLE CARDS ***
nrJitsu: folds
Uncalled bet ($2) returned to Pete81
Pete81 collected $2 from pot
Pete81: doesn't show hand
*** SUMMARY ***
Total pot $2 | Rake $0
Seat 1: nrJitsu (button) (small blind) folded before Flop
Seat 2: Pete81 (big blind) collected ($2)


PokerStars Hand #146296948147:  Hold'em Limit ($3/$6 USD) - 2016/01/01 17:53:05 ET
Table 'Dschubba II' 2-max Seat #2 is the button
Seat 1: nrJitsu ($361.67 in chips)
Seat 2: Pete81 ($104.73 in chips)
Pete81: posts small blind $1
nrJitsu: posts big blind $3
*** HOLE CARDS ***
Pete81: raises $3 to $6
nrJitsu: calls $3
*** FLOP *** [7s 8h Ks]
nrJitsu: checks
Pete81: bets $3
nrJitsu: raises $3 to $6
Pete81: calls $3
*** TURN *** [7s 8h Ks] [9c]
nrJitsu: bets $6
Pete81: calls $6
*** RIVER *** [7s 8h Ks 9c] [5d]
nrJitsu: bets $6
Pete81: raises $6 to $12
nrJitsu: calls $6
*** SHOW DOWN ***
Pete81: shows [7c 5s] (two pair, Sevens and Fives)
nrJitsu: mucks hand
Pete81 collected $59.50 from pot
*** SUMMARY ***
Total pot $60 | Rake $0.50
Board [7s 8h Ks 9c 5d]
Seat 1: nrJitsu (big blind) mucked
Seat 2: Pete81 (button) (small blind) showed [7c 5s] and won ($59.50) with two pair, Sevens and Fives


PokerStars Hand #146296970974:  Hold'em Limit ($3/$6 USD) - 2016/01/01 17:53:30 ET
Table 'Dschubba II' 2-max Seat #1 is the button
Seat 1: nrJitsu ($331.67 in chips)
Seat 2: Pete81 ($134.23 in chips)
nrJitsu: posts small blind $1
Pete81: posts big blind $3
*** HOLE CARDS ***
nrJitsu: folds
Uncalled bet ($2) returned to Pete81
Pete81 collected $2 from pot
Pete81: doesn't show hand
*** SUMMARY ***
Total pot $2 | Rake $0
Seat 1: nrJitsu (button) (small blind) folded before Flop
Seat 2: Pete81 (big blind) collected ($2)


PokerStars Hand #146296966295:  Hold'em Limit ($3/$6 USD) - 2016/01/01 17:53:25 ET
Table 'Dschubba II' 2-max Seat #2 is the button
Seat 1: nrJitsu ($330.67 in chips)
Seat 2: Pete81 ($135.23 in chips)
Pete81: posts small blind $1
nrJitsu: posts big blind $3
*** HOLE CARDS ***
Pete81: folds
Uncalled bet ($2) returned to nrJitsu
nrJitsu collected $2 from pot
nrJitsu: doesn't show hand
*** SUMMARY ***
Total pot $2 | Rake $0
Seat 1: nrJitsu (big blind) collected ($2)
Seat 2: Pete81 (button) (small blind) folded before Flop


PokerStars Hand #146296991791:  Hold'em Limit ($3/$6 USD) - 2016/01/01 17:53:53 ET
Table 'Dschubba II' 2-max Seat #1 is the button
Seat 1: nrJitsu ($303.67 in chips)
Seat 2: Pete81 ($161.73 in chips)
nrJitsu: posts small blind $1
Pete81: posts big blind $3
*** HOLE CARDS ***
nrJitsu: folds
Uncalled bet ($2) returned to Pete81
Pete81 collected $2 from pot
Pete81: doesn't show hand
*** SUMMARY ***
Total pot $2 | Rake $0
Seat 1: nrJitsu (button) (small blind) folded before Flop
Seat 2: Pete81 (big blind) collected ($2)


PokerStars Hand #146296975987:  Hold'em Limit ($3/$6 USD) - 2016/01/01 17:53:36 ET
Table 'Dschubba II' 2-max Seat #2 is the button
Seat 1: nrJitsu ($330.67 in chips)
Seat 2: Pete81 ($135.23 in chips)
Pete81: posts small blind $1
nrJitsu: posts big blind $3
*** HOLE CARDS ***
Pete81: raises $3 to $6
nrJitsu: calls $3
*** FLOP *** [Kc 4c 6s]
nrJitsu: checks
Pete81: bets $3
nrJitsu: raises $3 to $6
Pete81: raises $3 to $9
nrJitsu: calls $3
*** TURN *** [Kc 4c 6s] [Th]
nrJitsu: checks
Pete81: bets $6
nrJitsu: calls $6
*** RIVER *** [Kc 4c 6s Th] [2s]
nrJitsu: checks
Pete81: bets $6
nrJitsu: calls $6
*** SHOW DOWN ***
Pete81: shows [Ad Kd] (a pair of Kings)
nrJitsu: mucks hand
Pete81 collected $53.50 from pot
*** SUMMARY ***
Total pot $54 | Rake $0.50
Board [Kc 4c 6s Th 2s]
Seat 1: nrJitsu (big blind) mucked
Seat 2: Pete81 (button) (small blind) showed [Ad Kd] and won ($53.50) with a pair of Kings


PokerStars Hand #146296995874:  Hold'em Limit ($3/$6 USD) - 2016/01/01 17:53:58 ET
Table 'Dschubba II' 2-max Seat #2 is the button
Seat 1: nrJitsu ($302.67 in chips)
Seat 2: Pete81 ($162.73 in chips)
Pete81: posts small blind $1
nrJitsu: posts big blind $3
*** HOLE CARDS ***
Pete81: raises $3 to $6
nrJitsu: calls $3
*** FLOP *** [Kd 4h Ts]
nrJitsu: checks
Pete81: bets $3
nrJitsu: folds
Uncalled bet ($3) returned to Pete81
Pete81 collected $11.76 from pot
*** SUMMARY ***
Total pot $12 | Rake $0.24
Board [Kd 4h Ts]
Seat 1: nrJitsu (big blind) folded on the Flop
Seat 2: Pete81 (button) (small blind) collected ($11.76)


PokerStars Hand #146297005398:  Hold'em Limit ($3/$6 USD) - 2016/01/01 17:54:08 ET
Table 'Dschubba II' 2-max Seat #1 is the button
Seat 1: nrJitsu ($296.67 in chips)
Seat 2: Pete81 ($168.49 in chips)
nrJitsu: posts small blind $1
Pete81: posts big blind $3
*** HOLE CARDS ***
nrJitsu: raises $3 to $6
Pete81: folds
Uncalled bet ($3) returned to nrJitsu
nrJitsu collected $6 from pot
nrJitsu: doesn't show hand
*** SUMMARY ***
Total pot $6 | Rake $0
Seat 1: nrJitsu (button) (small blind) collected ($6)
Seat 2: Pete81 (big blind) folded before Flop


PokerStars Hand #146297025238:  Hold'em Limit ($3/$6 USD) - 2016/01/01 17:54:30 ET
Table 'Dschubba II' 2-max Seat #2 is the button
Seat 1: nrJitsu ($299.67 in chips)
Seat 2: Pete81 ($165.49 in chips)
Pete81: posts small blind $1
nrJitsu: posts big blind $3
*** HOLE CARDS ***
Pete81: raises $3 to $6
nrJitsu: raises $3 to $9
Pete81: calls $3
*** FLOP *** [8d Jd 8h]
nrJitsu: bets $3
Pete81: calls $3
*** TURN *** [8d Jd 8h] [Jc]
nrJitsu: bets $6
Pete81: calls $6
*** RIVER *** [8d Jd 8h Jc] [Ks]
nrJitsu: bets $6
Pete81: calls $6
*** SHOW DOWN ***
nrJitsu: shows [Tc Qc] (two pair, Jacks and Eights)
Pete81: shows [Qd 9c] (two pair, Jacks and Eights)
nrJitsu collected $23.75 from pot
Pete81 collected $23.75 from pot
*** SUMMARY ***
Total pot $48 | Rake $0.50
Board [8d Jd 8h Jc Ks]
Seat 1: nrJitsu (big blind) showed [Tc Qc] and won ($23.75) with two pair, Jacks and Eights
Seat 2: Pete81 (button) (small blind) showed [Qd 9c] and won ($23.75) with two pair, Jacks and Eights


PokerStars Hand #146297050596:  Hold'em Limit ($3/$6 USD) - 2016/01/01 17:54:58 ET
Table 'Dschubba II' 2-max Seat #1 is the button
Seat 1: nrJitsu ($299.42 in chips)
Seat 2: Pete81 ($165.24 in chips)
nrJitsu: posts small blind $1
Pete81: posts big blind $3
*** HOLE CARDS ***
nrJitsu: raises $3 to $6
Pete81: raises $3 to $9
nrJitsu: calls $3
*** FLOP *** [9h 9s 3s]
Pete81: bets $3
nrJitsu: raises $3 to $6
Pete81: raises $3 to $9
nrJitsu: calls $3
*** TURN *** [9h 9s 3s] [Jd]
Pete81: bets $6
nrJitsu: raises $6 to $12
Pete81: calls $6
*** RIVER *** [9h 9s 3s Jd] [5d]
Pete81: checks
nrJitsu: bets $6
Pete81: calls $6
*** SHOW DOWN ***
nrJitsu: shows [9d 7c] (three of a kind, Nines)
Pete81: mucks hand
nrJitsu collected $71.50 from pot
*** SUMMARY ***
Total pot $72 | Rake $0.50
Board [9h 9s 3s Jd 5d]
Seat 1: nrJitsu (button) (small blind) showed [9d 7c] and won ($71.50) with three of a kind, Nines
Seat 2: Pete81 (big blind) mucked


PokerStars Hand #146297074654:  Hold'em Limit ($3/$6 USD) - 2016/01/01 17:55:30 ET
Table 'Dschubba II' 2-max Seat #1 is the button
Seat 1: nrJitsu ($335.92 in chips)
Seat 2: Pete81 ($128.24 in chips)
nrJitsu: posts small blind $1
Pete81: posts big blind $3
*** HOLE CARDS ***
nrJitsu: raises $3 to $6
Pete81: raises $3 to $9
nrJitsu: calls $3
*** FLOP *** [6d Jc 6s]
Pete81: bets $3
nrJitsu: folds
Uncalled bet ($3) returned to Pete81
Pete81 collected $17.64 from pot
Pete81: doesn't show hand
*** SUMMARY ***
Total pot $18 | Rake $0.36
Board [6d Jc 6s]
Seat 1: nrJitsu (button) (small blind) folded on the Flop
Seat 2: Pete81 (big blind) collected ($17.64)


PokerStars Hand #146297070888:  Hold'em Limit ($3/$6 USD) - 2016/01/01 17:55:24 ET
Table 'Dschubba II' 2-max Seat #2 is the button
Seat 1: nrJitsu ($334.92 in chips)
Seat 2: Pete81 ($129.24 in chips)
Pete81: posts small blind $1
nrJitsu: posts big blind $3
*** HOLE CARDS ***
Pete81: folds
Uncalled bet ($2) returned to nrJitsu
nrJitsu collected $2 from pot
nrJitsu: doesn't show hand
*** SUMMARY ***
Total pot $2 | Rake $0
Seat 1: nrJitsu (big blind) collected ($2)
Seat 2: Pete81 (button) (small blind) folded before Flop


PokerStars Hand #146297080960:  Hold'em Limit ($3/$6 USD) - 2016/01/01 17:55:38 ET
Table 'Dschubba II' 2-max Seat #2 is the button
Seat 1: nrJitsu ($326.92 in chips)
Seat 2: Pete81 ($136.88 in chips)
Pete81: posts small blind $1
nrJitsu: posts big blind $3
*** HOLE CARDS ***
Pete81: raises $3 to $6
nrJitsu: raises $3 to $9
Pete81: calls $3
*** FLOP *** [7d 7h Ks]
nrJitsu: bets $3
Pete81: folds
Uncalled bet ($3) returned to nrJitsu
nrJitsu collected $17.64 from pot
nrJitsu: doesn't show hand
*** SUMMARY ***
Total pot $18 | Rake $0.36
Board [7d 7h Ks]
Seat 1: nrJitsu (big blind) collected ($17.64)
Seat 2: Pete81 (button) (small blind) folded on the Flop


PokerStars Hand #146297104236:  Hold'em Limit ($3/$6 USD) - 2016/01/01 17:56:10 ET
Table 'Dschubba II' 2-max Seat #1 is the button
Seat 1: nrJitsu ($335.56 in chips)
Seat 2: Pete81 ($127.88 in chips)
nrJitsu: posts small blind $1
Pete81: posts big blind $3
*** HOLE CARDS ***
nrJitsu: raises $3 to $6
Pete81: folds
Uncalled bet ($3) returned to nrJitsu
nrJitsu collected $6 from pot
nrJitsu: doesn't show hand
*** SUMMARY ***
Total pot $6 | Rake $0
Seat 1: nrJitsu (button) (small blind) collected ($6)
Seat 2: Pete81 (big blind) folded before Flop


PokerStars Hand #146297133787:  Hold'em Limit ($3/$6 USD) - 2016/01/01 17:56:50 ET
Table 'Dschubba II' 2-max Seat #1 is the button
Seat 1: nrJitsu ($317.56 in chips)
Seat 2: Pete81 ($145.38 in chips)
nrJitsu: posts small blind $1
Pete81: posts big blind $3
*** HOLE CARDS ***
nrJitsu: folds
Uncalled bet ($2) returned to Pete81
Pete81 collected $2 from pot
Pete81: doesn't show hand
*** SUMMARY ***
Total pot $2 | Rake $0
Seat 1: nrJitsu (button) (small blind) folded before Flop
Seat 2: Pete81 (big blind) collected ($2)


PokerStars Hand #146297113604:  Hold'em Limit ($3/$6 USD) - 2016/01/01 17:56:23 ET
Table 'Dschubba II' 2-max Seat #2 is the button
Seat 1: nrJitsu ($338.56 in chips)
Seat 2: Pete81 ($124.88 in chips)
Pete81: posts small blind $1
nrJitsu: posts big blind $3
*** HOLE CARDS ***
Pete81: raises $3 to $6
nrJitsu: raises $3 to $9
Pete81: calls $3
*** FLOP *** [7c 3d 4h]
nrJitsu: bets $3
Pete81: raises $3 to $6
nrJitsu: calls $3
*** TURN *** [7c 3d 4h] [As]
nrJitsu: checks
Pete81: bets $6
nrJitsu: calls $6
*** RIVER *** [7c 3d 4h As] [Ts]
nrJitsu: checks
Pete81: checks
*** SHOW DOWN ***
nrJitsu: shows [Qh Ks] (high card Ace)
Pete81: shows [5d 5s] (a pair of Fives)
Pete81 collected $41.50 from pot
*** SUMMARY ***
Total pot $42 | Rake $0.50
Board [7c 3d 4h As Ts]
Seat 1: nrJitsu (big blind) showed [Qh Ks] and lost with high card Ace
Seat 2: Pete81 (button) (small blind) showed [5d 5s] and won ($41.50) with a pair of Fives


PokerStars Hand #146297138352:  Hold'em Limit ($3/$6 USD) - 2016/01/01 17:56:56 ET
Table 'Dschubba II' 2-max Seat #2 is the button
Seat 1: nrJitsu ($316.56 in chips)
Seat 2: Pete81 ($146.38 in chips)
Pete81: posts small blind $1
nrJitsu: posts big blind $3
*** HOLE CARDS ***
Pete81: folds
Uncalled bet ($2) returned to nrJitsu
nrJitsu collected $2 from pot
nrJitsu: doesn't show hand
*** SUMMARY ***
Total pot $2 | Rake $0
Seat 1: nrJitsu (big blind) collected ($2)
Seat 2: Pete81 (button) (small blind) folded before Flop


PokerStars Hand #146297146197:  Hold'em Limit ($3/$6 USD) - 2016/01/01 17:57:07 ET
Table 'Dschubba II' 2-max Seat #1 is the button
Seat 1: nrJitsu ($317.56 in chips)
Seat 2: Pete81 ($145.38 in chips)
nrJitsu: posts small blind $1
Pete81: posts big blind $3
*** HOLE CARDS ***
nrJitsu: raises $3 to $6
Pete81: folds
Uncalled bet ($3) returned to nrJitsu
nrJitsu collected $6 from pot
nrJitsu: doesn't show hand
*** SUMMARY ***
Total pot $6 | Rake $0
Seat 1: nrJitsu (button) (small blind) collected ($6)
Seat 2: Pete81 (big blind) folded before Flop


PokerStars Hand #146297152590:  Hold'em Limit ($3/$6 USD) - 2016/01/01 17:57:15 ET
Table 'Dschubba II' 2-max Seat #2 is the button
Seat 1: nrJitsu ($320.56 in chips)
Seat 2: Pete81 ($142.38 in chips)
Pete81: posts small blind $1
nrJitsu: posts big blind $3
*** HOLE CARDS ***
Pete81: raises $3 to $6
nrJitsu: calls $3
*** FLOP *** [4d 2d 7h]
nrJitsu: checks
Pete81: bets $3
nrJitsu: raises $3 to $6
Pete81: raises $3 to $9
nrJitsu: calls $3
*** TURN *** [4d 2d 7h] [2s]
nrJitsu: checks
Pete81: bets $6
nrJitsu: calls $6
*** RIVER *** [4d 2d 7h 2s] [Js]
nrJitsu: checks
Pete81: checks
*** SHOW DOWN ***
nrJitsu: shows [4h Qs] (two pair, Fours and Deuces)
Pete81: mucks hand
nrJitsu collected $41.50 from pot
*** SUMMARY ***
Total pot $42 | Rake $0.50
Board [4d 2d 7h 2s Js]
Seat 1: nrJitsu (big blind) showed [4h Qs] and won ($41.50) with two pair, Fours and Deuces
Seat 2: Pete81 (button) (small blind) mucked


PokerStars Hand #146297179730:  Hold'em Limit ($3/$6 USD) - 2016/01/01 17:57:52 ET
Table 'Dschubba II' 2-max Seat #1 is the button
Seat 1: nrJitsu ($341.06 in chips)
Seat 2: Pete81 ($121.38 in chips)
nrJitsu: posts small blind $1
Pete81: posts big blind $3
*** HOLE CARDS ***
nrJitsu: raises $3 to $6
Pete81: raises $3 to $9
nrJitsu: calls $3
*** FLOP *** [2d Jh Kd]
Pete81: bets $3
nrJitsu: folds
Uncalled bet ($3) returned to Pete81
Pete81 collected $17.64 from pot
Pete81: doesn't show hand
*** SUMMARY ***
Total pot $18 | Rake $0.36
Board [2d Jh Kd]
Seat 1: nrJitsu (button) (small blind) folded on the Flop
Seat 2: Pete81 (big blind) collected ($17.64)


PokerStars Hand #146297192982:  Hold'em Limit ($3/$6 USD) - 2016/01/01 17:58:10 ET
Table 'Dschubba II' 2-max Seat #2 is the button
Seat 1: nrJitsu ($332.06 in chips)
Seat 2: Pete81 ($130.02 in chips)
Pete81: posts small blind $1
nrJitsu: posts big blind $3
*** HOLE CARDS ***
Pete81: raises $3 to $6
nrJitsu: calls $3
*** FLOP *** [4d 9s 9h]
nrJitsu: checks
Pete81: bets $3
nrJitsu: calls $3
*** TURN *** [4d 9s 9h] [7h]
nrJitsu: checks
Pete81: bets $6
nrJitsu: folds
Uncalled bet ($6) returned to Pete81
Pete81 collected $17.64 from pot
Pete81: doesn't show hand
*** SUMMARY ***
Total pot $18 | Rake $0.36
Board [4d 9s 9h 7h]
Seat 1: nrJitsu (big blind) folded on the Turn
Seat 2: Pete81 (button) (small blind) collected ($17.64)


PokerStars Hand #146297215592:  Hold'em Limit ($3/$6 USD) - 2016/01/01 17:58:41 ET
Table 'Dschubba II' 2-max Seat #2 is the button
Seat 1: nrJitsu ($328.82 in chips)
Seat 2: Pete81 ($132.66 in chips)
Pete81: posts small blind $1
nrJitsu: posts big blind $3
*** HOLE CARDS ***
Pete81: raises $3 to $6
nrJitsu: calls $3
*** FLOP *** [5h As 7h]
nrJitsu: checks
Pete81: bets $3
nrJitsu: folds
Uncalled bet ($3) returned to Pete81
Pete81 collected $11.76 from pot
Pete81: doesn't show hand
*** SUMMARY ***
Total pot $12 | Rake $0.24
Board [5h As 7h]
Seat 1: nrJitsu (big blind) folded on the Flop
Seat 2: Pete81 (button) (small blind) collected ($11.76)


PokerStars Hand #146297205861:  Hold'em Limit ($3/$6 USD) - 2016/01/01 17:58:28 ET
Table 'Dschubba II' 2-max Seat #1 is the button
Seat 1: nrJitsu ($323.06 in chips)
Seat 2: Pete81 ($138.66 in chips)
nrJitsu: posts small blind $1
Pete81: posts big blind $3
*** HOLE CARDS ***
nrJitsu: raises $3 to $6
Pete81: calls $3
*** FLOP *** [Ad Qs 5c]
Pete81: checks
nrJitsu: bets $3
Pete81: folds
Uncalled bet ($3) returned to nrJitsu
nrJitsu collected $11.76 from pot
nrJitsu: doesn't show hand
*** SUMMARY ***
Total pot $12 | Rake $0.24
Board [Ad Qs 5c]
Seat 1: nrJitsu (button) (small blind) collected ($11.76)
Seat 2: Pete81 (big blind) folded on the Flop


PokerStars Hand #146297221829:  Hold'em Limit ($3/$6 USD) - 2016/01/01 17:58:49 ET
Table 'Dschubba II' 2-max Seat #1 is the button
Seat 1: nrJitsu ($322.82 in chips)
Seat 2: Pete81 ($138.42 in chips)
nrJitsu: posts small blind $1
Pete81: posts big blind $3
*** HOLE CARDS ***
nrJitsu: raises $3 to $6
Pete81: folds
Uncalled bet ($3) returned to nrJitsu
nrJitsu collected $6 from pot
nrJitsu: doesn't show hand
*** SUMMARY ***
Total pot $6 | Rake $0
Seat 1: nrJitsu (button) (small blind) collected ($6)
Seat 2: Pete81 (big blind) folded before Flop


PokerStars Hand #146297226182:  Hold'em Limit ($3/$6 USD) - 2016/01/01 17:58:55 ET
Table 'Dschubba II' 2-max Seat #2 is the button
Seat 1: nrJitsu ($325.82 in chips)
Seat 2: Pete81 ($135.42 in chips)
Pete81: posts small blind $1
nrJitsu: posts big blind $3
*** HOLE CARDS ***
Pete81: raises $3 to $6
nrJitsu: calls $3
*** FLOP *** [Kc Qd 5h]
nrJitsu: checks
Pete81: bets $3
nrJitsu: folds
Uncalled bet ($3) returned to Pete81
Pete81 collected $11.76 from pot
Pete81: doesn't show hand
*** SUMMARY ***
Total pot $12 | Rake $0.24
Board [Kc Qd 5h]
Seat 1: nrJitsu (big blind) folded on the Flop
Seat 2: Pete81 (button) (small blind) collected ($11.76)


PokerStars Hand #146297235835:  Hold'em Limit ($3/$6 USD) - 2016/01/01 17:59:08 ET
Table 'Dschubba II' 2-max Seat #1 is the button
Seat 1: nrJitsu ($319.82 in chips)
Seat 2: Pete81 ($141.18 in chips)
nrJitsu: posts small blind $1
Pete81: posts big blind $3
*** HOLE CARDS ***
nrJitsu: raises $3 to $6
Pete81: calls $3
*** FLOP *** [7s 9h Ks]
Pete81: checks
nrJitsu: bets $3
Pete81: raises $3 to $6
nrJitsu: calls $3
*** TURN *** [7s 9h Ks] [5s]
Pete81: bets $6
nrJitsu: calls $6
*** RIVER *** [7s 9h Ks 5s] [9d]
Pete81: checks
nrJitsu: checks
*** SHOW DOWN ***
Pete81: shows [Kh 4d] (two pair, Kings and Nines)
nrJitsu: mucks hand
Pete81 collected $35.50 from pot
*** SUMMARY ***
Total pot $36 | Rake $0.50
Board [7s 9h Ks 5s 9d]
Seat 1: nrJitsu (button) (small blind) mucked
Seat 2: Pete81 (big blind) showed [Kh 4d] and won ($35.50) with two pair, Kings and Nines


PokerStars Hand #146297246346:  Hold'em Limit ($3/$6 USD) - 2016/01/01 17:59:22 ET
Table 'Dschubba II' 2-max Seat #2 is the button
Seat 1: nrJitsu ($301.82 in chips)
Seat 2: Pete81 ($158.68 in chips)
Pete81: posts small blind $1
nrJitsu: posts big blind $3
*** HOLE CARDS ***
Pete81: raises $3 to $6
nrJitsu: calls $3
*** FLOP *** [As Js 8c]
nrJitsu: checks
Pete81: bets $3
nrJitsu: folds
Uncalled bet ($3) returned to Pete81
Pete81 collected $11.76 from pot
Pete81: doesn't show hand
*** SUMMARY ***
Total pot $12 | Rake $0.24
Board [As Js 8c]
Seat 1: nrJitsu (big blind) folded on the Flop
Seat 2: Pete81 (button) (small blind) collected ($11.76)


PokerStars Hand #146297261863:  Hold'em Limit ($3/$6 USD) - 2016/01/01 17:59:43 ET
Table 'Dschubba II' 2-max Seat #2 is the button
Seat 1: nrJitsu ($286.82 in chips)
Seat 2: Pete81 ($173.08 in chips)
Pete81: posts small blind $1
nrJitsu: posts big blind $3
*** HOLE CARDS ***
Pete81: raises $3 to $6
nrJitsu: folds
Uncalled bet ($3) returned to Pete81
Pete81 collected $6 from pot
Pete81: doesn't show hand
*** SUMMARY ***
Total pot $6 | Rake $0
Seat 1: nrJitsu (big blind) folded before Flop
Seat 2: Pete81 (button) (small blind) collected ($6)


PokerStars Hand #146297253861:  Hold'em Limit ($3/$6 USD) - 2016/01/01 17:59:32 ET
Table 'Dschubba II' 2-max Seat #1 is the button
Seat 1: nrJitsu ($295.82 in chips)
Seat 2: Pete81 ($164.44 in chips)
nrJitsu: posts small blind $1
Pete81: posts big blind $3
*** HOLE CARDS ***
nrJitsu: raises $3 to $6
Pete81: calls $3
*** FLOP *** [3c Kd 8d]
Pete81: checks
nrJitsu: bets $3
Pete81: raises $3 to $6
nrJitsu: folds
Uncalled bet ($3) returned to Pete81
Pete81 collected $17.64 from pot
Pete81: doesn't show hand
*** SUMMARY ***
Total pot $18 | Rake $0.36
Board [3c Kd 8d]
Seat 1: nrJitsu (button) (small blind) folded on the Flop
Seat 2: Pete81 (big blind) collected ($17.64)


PokerStars Hand #146297265389:  Hold'em Limit ($3/$6 USD) - 2016/01/01 17:59:48 ET
Table 'Dschubba II' 2-max Seat #1 is the button
Seat 1: nrJitsu ($283.82 in chips)
Seat 2: Pete81 ($176.08 in chips)
nrJitsu: posts small blind $1
Pete81: posts big blind $3
*** HOLE CARDS ***
nrJitsu: raises $3 to $6
Pete81: calls $3
*** FLOP *** [3c 4h Jh]
Pete81: checks
nrJitsu: bets $3
Pete81: raises $3 to $6
nrJitsu: calls $3
*** TURN *** [3c 4h Jh] [As]
Pete81: bets $6
nrJitsu: folds
Uncalled bet ($6) returned to Pete81
Pete81 collected $23.52 from pot
Pete81: doesn't show hand
*** SUMMARY ***
Total pot $24 | Rake $0.48
Board [3c 4h Jh As]
Seat 1: nrJitsu (button) (small blind) folded on the Turn
Seat 2: Pete81 (big blind) collected ($23.52)


PokerStars Hand #146297276218:  Hold'em Limit ($3/$6 USD) - 2016/01/01 18:00:02 ET
Table 'Dschubba II' 2-max Seat #2 is the button
Seat 1: nrJitsu ($271.82 in chips)
Seat 2: Pete81 ($187.60 in chips)
Pete81: posts small blind $1
nrJitsu: posts big blind $3
*** HOLE CARDS ***
Pete81: raises $3 to $6
nrJitsu: calls $3
*** FLOP *** [Jc Qd 5s]
nrJitsu: checks
Pete81: bets $3
nrJitsu: calls $3
*** TURN *** [Jc Qd 5s] [6h]
nrJitsu: checks
Pete81: bets $6
nrJitsu: calls $6
*** RIVER *** [Jc Qd 5s 6h] [Ad]
nrJitsu: checks
Pete81: bets $6
nrJitsu: calls $6
*** SHOW DOWN ***
Pete81: shows [7d 4d] (high card Ace)
nrJitsu: shows [2s Js] (a pair of Jacks)
nrJitsu collected $41.50 from pot
*** SUMMARY ***
Total pot $42 | Rake $0.50
Board [Jc Qd 5s 6h Ad]
Seat 1: nrJitsu (big blind) showed [2s Js] and won ($41.50) with a pair of Jacks
Seat 2: Pete81 (button) (small blind) showed [7d 4d] and lost with high card Ace


PokerStars Hand #146297290032:  Hold'em Limit ($3/$6 USD) - 2016/01/01 18:00:20 ET
Table 'Dschubba II' 2-max Seat #1 is the button
Seat 1: nrJitsu ($292.32 in chips)
Seat 2: Pete81 ($166.60 in chips)
nrJitsu: posts small blind $1
Pete81: posts big blind $3
*** HOLE CARDS ***
nrJitsu: raises $3 to $6
Pete81: calls $3
*** FLOP *** [3c 2h Ah]
Pete81: checks
nrJitsu: bets $3
Pete81: folds
Uncalled bet ($3) returned to nrJitsu
nrJitsu collected $11.76 from pot
nrJitsu: doesn't show hand
*** SUMMARY ***
Total pot $12 | Rake $0.24
Board [3c 2h Ah]
Seat 1: nrJitsu (button) (small blind) collected ($11.76)
Seat 2: Pete81 (big blind) folded on the Flop


PokerStars Hand #146297297391:  Hold'em Limit ($3/$6 USD) - 2016/01/01 18:00:29 ET
Table 'Dschubba II' 2-max Seat #2 is the button
Seat 1: nrJitsu ($298.08 in chips)
Seat 2: Pete81 ($160.60 in chips)
Pete81: posts small blind $1
nrJitsu: posts big blind $3
*** HOLE CARDS ***
Pete81: folds
Uncalled bet ($2) returned to nrJitsu
Pete81 leaves the table
nrJitsu collected $2 from pot
nrJitsu: doesn't show hand
*** SUMMARY ***
Total pot $2 | Rake $0
Seat 1: nrJitsu (big blind) collected ($2)
Seat 2: Pete81 (button) (small blind) folded before Flop


