PokerStars Hand #145051759210:  Hold'em Limit ($3/$6 USD) - 2015/12/08 19:59:59 ET
Table 'Dubhe' 6-max Seat #1 is the button
Seat 1: mdif ($120 in chips)
Seat 2: D Negranz ($30 in chips)
mdif: posts small blind $1
D Negranz: posts big blind $3
*** HOLE CARDS ***
LukaSteel joins the table at seat #3
mdif: raises $3 to $6
D Negranz: raises $3 to $9
mdif: calls $3
*** FLOP *** [7h 7d 8c]
D Negranz: bets $3
mdif: calls $3
*** TURN *** [7h 7d 8c] [4s]
D Negranz: bets $6
mdif: raises $6 to $12
D Negranz: raises $6 to $18 and is all-in
mdif: calls $6
*** RIVER *** [7h 7d 8c 4s] [9h]
*** SHOW DOWN ***
D Negranz: shows [Js Jd] (two pair, Jacks and Sevens)
mdif: shows [Ac Ah] (two pair, Aces and Sevens)
mdif collected $59.50 from pot
*** SUMMARY ***
Total pot $60 | Rake $0.50
Board [7h 7d 8c 4s 9h]
Seat 1: mdif (button) (small blind) showed [Ac Ah] and won ($59.50) with two pair, Aces and Sevens
Seat 2: D Negranz (big blind) showed [Js Jd] and lost with two pair, Jacks and Sevens


PokerStars Hand #145053163966:  Hold'em Limit ($3/$6 USD) - 2015/12/08 20:45:23 ET
Table 'Dubhe' 6-max Seat #1 is the button
Seat 1: mdif ($176 in chips)
Seat 2: carmello774 ($152.53 in chips)
mdif: posts small blind $1
carmello774: posts big blind $3
*** HOLE CARDS ***
mdif: folds
Uncalled bet ($2) returned to carmello774
carmello774 collected $2 from pot
carmello774: doesn't show hand
*** SUMMARY ***
Total pot $2 | Rake $0
Seat 1: mdif (button) (small blind) folded before Flop
Seat 2: carmello774 (big blind) collected ($2)


PokerStars Hand #145053144532:  Hold'em Limit ($3/$6 USD) - 2015/12/08 20:44:42 ET
Table 'Dubhe' 6-max Seat #2 is the button
Seat 1: mdif ($149.50 in chips)
Seat 2: carmello774 ($179.53 in chips)
carmello774: posts small blind $1
mdif: posts big blind $3
*** HOLE CARDS ***
carmello774: raises $3 to $6
mdif: raises $3 to $9
carmello774: raises $3 to $12
Betting is capped
mdif: calls $3
*** FLOP *** [9s As 7d]
mdif: checks
carmello774: bets $3
mdif: calls $3
*** TURN *** [9s As 7d] [Jd]
mdif: checks
carmello774: bets $6
mdif: raises $6 to $12
carmello774: calls $6
*** RIVER *** [9s As 7d Jd] [Qs]
mdif: bets $6
carmello774: folds
Uncalled bet ($6) returned to mdif
mdif collected $53.50 from pot
mdif: doesn't show hand
*** SUMMARY ***
Total pot $54 | Rake $0.50
Board [9s As 7d Jd Qs]
Seat 1: mdif (big blind) collected ($53.50)
Seat 2: carmello774 (button) (small blind) folded on the River


PokerStars Hand #145053168008:  Hold'em Limit ($3/$6 USD) - 2015/12/08 20:45:32 ET
Table 'Dubhe' 6-max Seat #2 is the button
Seat 1: mdif ($175 in chips)
Seat 2: carmello774 ($153.53 in chips)
carmello774: posts small blind $1
mdif: posts big blind $3
*** HOLE CARDS ***
carmello774: raises $3 to $6
mdif: calls $3
*** FLOP *** [6s Kd Jh]
mdif: checks
carmello774: bets $3
mdif: raises $3 to $6
carmello774: folds
Uncalled bet ($3) returned to mdif
mdif collected $17.64 from pot
mdif: doesn't show hand
*** SUMMARY ***
Total pot $18 | Rake $0.36
Board [6s Kd Jh]
Seat 1: mdif (big blind) collected ($17.64)
Seat 2: carmello774 (button) (small blind) folded on the Flop


PokerStars Hand #145053176721:  Hold'em Limit ($3/$6 USD) - 2015/12/08 20:45:50 ET
Table 'Dubhe' 6-max Seat #1 is the button
Seat 1: mdif ($183.64 in chips)
Seat 2: carmello774 ($144.53 in chips)
mdif: posts small blind $1
carmello774: posts big blind $3
*** HOLE CARDS ***
mdif: raises $3 to $6
carmello774: raises $3 to $9
mdif: calls $3
*** FLOP *** [9h 4h Js]
carmello774: bets $3
mdif: calls $3
*** TURN *** [9h 4h Js] [5c]
carmello774: bets $6
mdif: raises $6 to $12
carmello774: calls $6
*** RIVER *** [9h 4h Js 5c] [7c]
carmello774: checks
mdif: bets $6
carmello774: calls $6
*** SHOW DOWN ***
mdif: shows [8h Jc] (a pair of Jacks)
carmello774: mucks hand
mdif collected $59.50 from pot
*** SUMMARY ***
Total pot $60 | Rake $0.50
Board [9h 4h Js 5c 7c]
Seat 1: mdif (button) (small blind) showed [8h Jc] and won ($59.50) with a pair of Jacks
Seat 2: carmello774 (big blind) mucked


PokerStars Hand #145053193373:  Hold'em Limit ($3/$6 USD) - 2015/12/08 20:46:25 ET
Table 'Dubhe' 6-max Seat #2 is the button
Seat 1: mdif ($213.14 in chips)
Seat 2: carmello774 ($114.53 in chips)
carmello774: posts small blind $1
mdif: posts big blind $3
*** HOLE CARDS ***
carmello774: raises $3 to $6
mdif: calls $3
*** FLOP *** [5c 2h Ks]
mdif: checks
carmello774: bets $3
mdif: calls $3
*** TURN *** [5c 2h Ks] [Kc]
mdif: checks
carmello774: checks
*** RIVER *** [5c 2h Ks Kc] [3h]
mdif: bets $6
carmello774: folds
Uncalled bet ($6) returned to mdif
mdif collected $17.64 from pot
mdif: doesn't show hand
*** SUMMARY ***
Total pot $18 | Rake $0.36
Board [5c 2h Ks Kc 3h]
Seat 1: mdif (big blind) collected ($17.64)
Seat 2: carmello774 (button) (small blind) folded on the River


PokerStars Hand #145053296745:  Hold'em Limit ($3/$6 USD) - 2015/12/08 20:50:05 ET
Table 'Dubhe' 6-max Seat #2 is the button
Seat 1: mdif ($212.78 in chips)
Seat 2: ArashCash ($92.64 in chips)
ArashCash: posts small blind $1
mdif: posts big blind $3
*** HOLE CARDS ***
ArashCash: folds
Uncalled bet ($2) returned to mdif
mdif collected $2 from pot
mdif: doesn't show hand
*** SUMMARY ***
Total pot $2 | Rake $0
Seat 1: mdif (big blind) collected ($2)
Seat 2: ArashCash (button) (small blind) folded before Flop


PokerStars Hand #145053281484:  Hold'em Limit ($3/$6 USD) - 2015/12/08 20:49:32 ET
Table 'Dubhe' 6-max Seat #1 is the button
Seat 1: mdif ($221.78 in chips)
Seat 2: ArashCash ($84 in chips)
mdif: posts small blind $1
ArashCash: posts big blind $3
*** HOLE CARDS ***
mdif: raises $3 to $6
ArashCash: raises $3 to $9
mdif: calls $3
*** FLOP *** [5c 6c 9c]
ArashCash: bets $3
mdif: folds
Uncalled bet ($3) returned to ArashCash
ArashCash collected $17.64 from pot
ArashCash: doesn't show hand
*** SUMMARY ***
Total pot $18 | Rake $0.36
Board [5c 6c 9c]
Seat 1: mdif (button) (small blind) folded on the Flop
Seat 2: ArashCash (big blind) collected ($17.64)


PokerStars Hand #145053299868:  Hold'em Limit ($3/$6 USD) - 2015/12/08 20:50:11 ET
Table 'Dubhe' 6-max Seat #1 is the button
Seat 1: mdif ($213.78 in chips)
Seat 2: ArashCash ($91.64 in chips)
mdif: posts small blind $1
ArashCash: posts big blind $3
*** HOLE CARDS ***
mdif: raises $3 to $6
ArashCash: raises $3 to $9
mdif: calls $3
*** FLOP *** [5s Ad 6s]
ArashCash: bets $3
chezlaw joins the table at seat #3
mdif: raises $3 to $6
ArashCash: calls $3
*** TURN *** [5s Ad 6s] [Jc]
ArashCash: checks
mdif: checks
*** RIVER *** [5s Ad 6s Jc] [9h]
ArashCash: checks
mdif: bets $6
ArashCash: calls $6
*** SHOW DOWN ***
mdif: shows [7s 8s] (a straight, Five to Nine)
ArashCash: shows [4c Ac] (a pair of Aces)
mdif collected $41.50 from pot
*** SUMMARY ***
Total pot $42 | Rake $0.50
Board [5s Ad 6s Jc 9h]
Seat 1: mdif (button) (small blind) showed [7s 8s] and won ($41.50) with a straight, Five to Nine
Seat 2: ArashCash (big blind) showed [4c Ac] and lost with a pair of Aces


PokerStars Hand #145053400507:  Hold'em Limit ($3/$6 USD) - 2015/12/08 20:53:49 ET
Table 'Dubhe' 6-max Seat #6 is the button
Seat 3: chezlaw ($155.66 in chips)
Seat 6: boogi ($117 in chips)
boogi: posts small blind $1
mdif: is sitting out
chezlaw: posts big blind $3
*** HOLE CARDS ***
boogi: raises $3 to $6
chezlaw: calls $3
*** FLOP *** [As Jh Ad]
chezlaw: checks
boogi: bets $3
mdif leaves the table
chezlaw: raises $3 to $6
boogi: folds
Uncalled bet ($3) returned to chezlaw
chezlaw collected $17.64 from pot
chezlaw: doesn't show hand
*** SUMMARY ***
Total pot $18 | Rake $0.36
Board [As Jh Ad]
Seat 3: chezlaw (big blind) collected ($17.64)
Seat 6: boogi (button) (small blind) folded on the Flop


PokerStars Hand #145053407889:  Hold'em Limit ($3/$6 USD) - 2015/12/08 20:54:05 ET
Table 'Dubhe' 6-max Seat #3 is the button
Seat 3: chezlaw ($164.30 in chips)
Seat 6: boogi ($108 in chips)
chezlaw: posts small blind $1
boogi: posts big blind $3
*** HOLE CARDS ***
chezlaw: folds
Uncalled bet ($2) returned to boogi
boogi collected $2 from pot
boogi: doesn't show hand
*** SUMMARY ***
Total pot $2 | Rake $0
Seat 3: chezlaw (button) (small blind) folded before Flop
Seat 6: boogi (big blind) collected ($2)


PokerStars Hand #145053411766:  Hold'em Limit ($3/$6 USD) - 2015/12/08 20:54:14 ET
Table 'Dubhe' 6-max Seat #6 is the button
Seat 3: chezlaw ($163.30 in chips)
Seat 6: boogi ($109 in chips)
boogi: posts small blind $1
chezlaw: posts big blind $3
*** HOLE CARDS ***
boogi: calls $2
HAL9QQQ leaves the table
chezlaw: checks
*** FLOP *** [Jc Ac Td]
chezlaw: checks
boogi: bets $3
chezlaw: raises $3 to $6
boogi: calls $3
*** TURN *** [Jc Ac Td] [8s]
chezlaw: bets $6
boogi: folds
Uncalled bet ($6) returned to chezlaw
chezlaw collected $17.64 from pot
chezlaw: doesn't show hand
*** SUMMARY ***
Total pot $18 | Rake $0.36
Board [Jc Ac Td 8s]
Seat 3: chezlaw (big blind) collected ($17.64)
Seat 6: boogi (button) (small blind) folded on the Turn


PokerStars Hand #145053424610:  Hold'em Limit ($3/$6 USD) - 2015/12/08 20:54:42 ET
Table 'Dubhe' 6-max Seat #6 is the button
Seat 3: chezlaw ($174.94 in chips)
Seat 6: boogi ($97 in chips)
boogi: posts small blind $1
chezlaw: posts big blind $3
*** HOLE CARDS ***
boogi: folds
Uncalled bet ($2) returned to chezlaw
chezlaw collected $2 from pot
chezlaw: doesn't show hand
*** SUMMARY ***
Total pot $2 | Rake $0
Seat 3: chezlaw (big blind) collected ($2)
Seat 6: boogi (button) (small blind) folded before Flop


PokerStars Hand #145053426779:  Hold'em Limit ($3/$6 USD) - 2015/12/08 20:54:47 ET
Table 'Dubhe' 6-max Seat #3 is the button
Seat 3: chezlaw ($175.94 in chips)
Seat 6: boogi ($96 in chips)
chezlaw: posts small blind $1
boogi: posts big blind $3
*** HOLE CARDS ***
chezlaw: raises $3 to $6
boogi: raises $3 to $9
chezlaw: calls $3
*** FLOP *** [7s 7c Qd]
boogi: bets $3
chezlaw: folds
Uncalled bet ($3) returned to boogi
boogi collected $17.64 from pot
boogi: doesn't show hand
*** SUMMARY ***
Total pot $18 | Rake $0.36
Board [7s 7c Qd]
Seat 3: chezlaw (button) (small blind) folded on the Flop
Seat 6: boogi (big blind) collected ($17.64)


PokerStars Hand #145053444646:  Hold'em Limit ($3/$6 USD) - 2015/12/08 20:55:30 ET
Table 'Dubhe' 6-max Seat #3 is the button
Seat 3: chezlaw ($181.44 in chips)
Seat 6: boogi ($89.64 in chips)
chezlaw: posts small blind $1
oj_pimpson was removed from the table for failing to post
boogi: posts big blind $3
*** HOLE CARDS ***
chezlaw: folds
Uncalled bet ($2) returned to boogi
boogi collected $2 from pot
boogi: doesn't show hand
*** SUMMARY ***
Total pot $2 | Rake $0
Seat 3: chezlaw (button) (small blind) folded before Flop
Seat 6: boogi (big blind) collected ($2)


PokerStars Hand #145053434977:  Hold'em Limit ($3/$6 USD) - 2015/12/08 20:55:05 ET
Table 'Dubhe' 6-max Seat #6 is the button
Seat 3: chezlaw ($166.94 in chips)
Seat 6: boogi ($104.64 in chips)
boogi: posts small blind $1
chezlaw: posts big blind $3
*** HOLE CARDS ***
boogi: raises $3 to $6
chezlaw: calls $3
*** FLOP *** [3d Qs 8d]
chezlaw: checks
boogi: bets $3
chezlaw: calls $3
*** TURN *** [3d Qs 8d] [Jd]
chezlaw: checks
boogi: bets $6
chezlaw: calls $6
*** RIVER *** [3d Qs 8d Jd] [4s]
chezlaw: checks
boogi: checks
*** SHOW DOWN ***
chezlaw: shows [9s 8h] (a pair of Eights)
boogi: mucks hand
chezlaw collected $29.50 from pot
*** SUMMARY ***
Total pot $30 | Rake $0.50
Board [3d Qs 8d Jd 4s]
Seat 3: chezlaw (big blind) showed [9s 8h] and won ($29.50) with a pair of Eights
Seat 6: boogi (button) (small blind) mucked


PokerStars Hand #145053446463:  Hold'em Limit ($3/$6 USD) - 2015/12/08 20:55:34 ET
Table 'Dubhe' 6-max Seat #6 is the button
Seat 3: chezlaw ($180.44 in chips)
Seat 6: boogi ($90.64 in chips)
boogi: posts small blind $1
chezlaw: posts big blind $3
*** HOLE CARDS ***
boogi: folds
Uncalled bet ($2) returned to chezlaw
chezlaw collected $2 from pot
chezlaw: doesn't show hand
*** SUMMARY ***
Total pot $2 | Rake $0
Seat 3: chezlaw (big blind) collected ($2)
Seat 6: boogi (button) (small blind) folded before Flop


PokerStars Hand #145053448262:  Hold'em Limit ($3/$6 USD) - 2015/12/08 20:55:39 ET
Table 'Dubhe' 6-max Seat #3 is the button
Seat 3: chezlaw ($181.44 in chips)
Seat 6: boogi ($89.64 in chips)
chezlaw: posts small blind $1
boogi: posts big blind $3
*** HOLE CARDS ***
chezlaw: raises $3 to $6
boogi: calls $3
*** FLOP *** [4h 8c Ts]
boogi: checks
chezlaw: checks
*** TURN *** [4h 8c Ts] [4s]
boogi: bets $6
chezlaw: folds
Uncalled bet ($6) returned to boogi
boogi collected $11.76 from pot
boogi: doesn't show hand
*** SUMMARY ***
Total pot $12 | Rake $0.24
Board [4h 8c Ts 4s]
Seat 3: chezlaw (button) (small blind) folded on the Turn
Seat 6: boogi (big blind) collected ($11.76)


PokerStars Hand #145053454681:  Hold'em Limit ($3/$6 USD) - 2015/12/08 20:55:56 ET
Table 'Dubhe' 6-max Seat #6 is the button
Seat 3: chezlaw ($175.44 in chips)
Seat 6: boogi ($95.40 in chips)
boogi: posts small blind $1
chezlaw: posts big blind $3
*** HOLE CARDS ***
boogi: raises $3 to $6
chezlaw: calls $3
*** FLOP *** [7c Kh Jh]
chezlaw: checks
boogi: bets $3
chezlaw: calls $3
*** TURN *** [7c Kh Jh] [8s]
chezlaw: checks
golgoaza joins the table at seat #5
boogi: checks
*** RIVER *** [7c Kh Jh 8s] [Qh]
chezlaw: checks
boogi: bets $6
chezlaw: calls $6
*** SHOW DOWN ***
boogi: shows [Th Qc] (a pair of Queens)
chezlaw: mucks hand
boogi collected $29.50 from pot
*** SUMMARY ***
Total pot $30 | Rake $0.50
Board [7c Kh Jh 8s Qh]
Seat 3: chezlaw (big blind) mucked
Seat 6: boogi (button) (small blind) showed [Th Qc] and won ($29.50) with a pair of Queens


PokerStars Hand #145053905570:  Hold'em Limit ($3/$6 USD) - 2015/12/08 21:12:34 ET
Table 'Dubhe' 6-max Seat #1 is the button
Seat 1: Lillafisen ($181.95 in chips)
Seat 5: oj_pimpson ($77.38 in chips)
Lillafisen: posts small blind $1
HAL9QQQ: is sitting out
Krazy90: is sitting out
oj_pimpson: posts big blind $3
*** HOLE CARDS ***
Krazy90 leaves the table
Lillafisen: raises $3 to $6
HAL9QQQ leaves the table
oj_pimpson: folds
Uncalled bet ($3) returned to Lillafisen
Lillafisen collected $6 from pot
Lillafisen: doesn't show hand
*** SUMMARY ***
Total pot $6 | Rake $0
Seat 1: Lillafisen (button) (small blind) collected ($6)
Seat 5: oj_pimpson (big blind) folded before Flop


PokerStars Hand #145053931206:  Hold'em Limit ($3/$6 USD) - 2015/12/08 21:13:29 ET
Table 'Dubhe' 6-max Seat #1 is the button
Seat 1: Lillafisen ($154.95 in chips)
Seat 5: oj_pimpson ($103.88 in chips)
Lillafisen: posts small blind $1
oj_pimpson: posts big blind $3
*** HOLE CARDS ***
Lillafisen: raises $3 to $6
oj_pimpson: calls $3
*** FLOP *** [Ah 4c 8s]
oj_pimpson: checks
Lillafisen: bets $3
oj_pimpson: raises $3 to $6
Lillafisen: raises $3 to $9
oj_pimpson: calls $3
*** TURN *** [Ah 4c 8s] [9s]
oj_pimpson: checks
Lillafisen: bets $6
oj_pimpson: calls $6
*** RIVER *** [Ah 4c 8s 9s] [4h]
oj_pimpson: checks
Lillafisen: bets $6
oj_pimpson: raises $6 to $12
Lillafisen: calls $6
*** SHOW DOWN ***
oj_pimpson: shows [3s 4d] (three of a kind, Fours)
Lillafisen: mucks hand
oj_pimpson collected $65.50 from pot
*** SUMMARY ***
Total pot $66 | Rake $0.50
Board [Ah 4c 8s 9s 4h]
Seat 1: Lillafisen (button) (small blind) mucked
Seat 5: oj_pimpson (big blind) showed [3s 4d] and won ($65.50) with three of a kind, Fours


PokerStars Hand #145053911071:  Hold'em Limit ($3/$6 USD) - 2015/12/08 21:12:46 ET
Table 'Dubhe' 6-max Seat #5 is the button
Seat 1: Lillafisen ($184.95 in chips)
Seat 5: oj_pimpson ($74.38 in chips)
oj_pimpson: posts small blind $1
Lillafisen: posts big blind $3
*** HOLE CARDS ***
oj_pimpson: raises $3 to $6
Lillafisen: calls $3
*** FLOP *** [8c 2s 5h]
Lillafisen: checks
oj_pimpson: checks
*** TURN *** [8c 2s 5h] [5c]
Lillafisen: bets $6
oj_pimpson: raises $6 to $12
Lillafisen: raises $6 to $18
oj_pimpson: calls $6
*** RIVER *** [8c 2s 5h 5c] [6c]
Lillafisen: checks
oj_pimpson: bets $6
Lillafisen: calls $6
*** SHOW DOWN ***
oj_pimpson: shows [Jc 2c] (a flush, Jack high)
Lillafisen: mucks hand
oj_pimpson collected $59.50 from pot
*** SUMMARY ***
Total pot $60 | Rake $0.50
Board [8c 2s 5h 5c 6c]
Seat 1: Lillafisen (big blind) mucked
Seat 5: oj_pimpson (button) (small blind) showed [Jc 2c] and won ($59.50) with a flush, Jack high


