PokerStars Hand #146555774015:  Hold'em Limit ($3/$6 USD) - 2016/01/06 5:36:48 ET
Table 'Dubhe III' 2-max Seat #1 is the button
Seat 1: capy82 ($100.02 in chips)
Seat 2: NIGHTyxa ($72 in chips)
capy82: posts small blind $1
NIGHTyxa: posts big blind $3
*** HOLE CARDS ***
capy82: folds
Uncalled bet ($2) returned to NIGHTyxa
NIGHTyxa collected $2 from pot
NIGHTyxa: doesn't show hand
*** SUMMARY ***
Total pot $2 | Rake $0
Seat 1: capy82 (button) (small blind) folded before Flop
Seat 2: NIGHTyxa (big blind) collected ($2)


PokerStars Hand #146555762333:  Hold'em Limit ($3/$6 USD) - 2016/01/06 5:36:25 ET
Table 'Dubhe III' 2-max Seat #2 is the button
Seat 1: capy82 ($82.52 in chips)
Seat 2: NIGHTyxa ($73 in chips)
NIGHTyxa: posts small blind $1
capy82: posts big blind $3
*** HOLE CARDS ***
NIGHTyxa: raises $3 to $6
capy82: raises $3 to $9
NIGHTyxa: calls $3
*** FLOP *** [8h 3s 7c]
capy82: bets $3
NIGHTyxa: calls $3
*** TURN *** [8h 3s 7c] [6s]
capy82: checks
NIGHTyxa: checks
*** RIVER *** [8h 3s 7c 6s] [Th]
capy82: checks
NIGHTyxa: bets $6
capy82: calls $6
*** SHOW DOWN ***
NIGHTyxa: shows [Kd 5c] (high card King)
capy82: shows [As Jd] (high card Ace)
capy82 collected $35.50 from pot
*** SUMMARY ***
Total pot $36 | Rake $0.50
Board [8h 3s 7c 6s Th]
Seat 1: capy82 (big blind) showed [As Jd] and won ($35.50) with high card Ace
Seat 2: NIGHTyxa (button) (small blind) showed [Kd 5c] and lost with high card King


PokerStars Hand #146555797315:  Hold'em Limit ($3/$6 USD) - 2016/01/06 5:37:33 ET
Table 'Dubhe III' 2-max Seat #2 is the button
Seat 1: capy82 ($119.28 in chips)
Seat 2: NIGHTyxa ($73 in chips)
NIGHTyxa: posts small blind $1
capy82: posts big blind $3
*** HOLE CARDS ***
NIGHTyxa: raises $3 to $6
capy82: calls $3
*** FLOP *** [3h Ad 6s]
capy82: checks
NIGHTyxa: bets $3
capy82: calls $3
*** TURN *** [3h Ad 6s] [7d]
capy82: checks
NIGHTyxa: checks
*** RIVER *** [3h Ad 6s 7d] [6h]
capy82: checks
NIGHTyxa: checks
*** SHOW DOWN ***
capy82: shows [2s 4s] (a pair of Sixes)
NIGHTyxa: shows [Qd 8s] (a pair of Sixes - Ace+Queen kicker)
NIGHTyxa collected $17.64 from pot
*** SUMMARY ***
Total pot $18 | Rake $0.36
Board [3h Ad 6s 7d 6h]
Seat 1: capy82 (big blind) showed [2s 4s] and lost with a pair of Sixes
Seat 2: NIGHTyxa (button) (small blind) showed [Qd 8s] and won ($17.64) with a pair of Sixes


PokerStars Hand #146555794649:  Hold'em Limit ($3/$6 USD) - 2016/01/06 5:37:28 ET
Table 'Dubhe III' 2-max Seat #1 is the button
Seat 1: capy82 ($120.28 in chips)
Seat 2: NIGHTyxa ($72 in chips)
capy82: posts small blind $1
NIGHTyxa: posts big blind $3
*** HOLE CARDS ***
capy82: folds
Uncalled bet ($2) returned to NIGHTyxa
NIGHTyxa collected $2 from pot
NIGHTyxa: doesn't show hand
*** SUMMARY ***
Total pot $2 | Rake $0
Seat 1: capy82 (button) (small blind) folded before Flop
Seat 2: NIGHTyxa (big blind) collected ($2)


PokerStars Hand #146555792307:  Hold'em Limit ($3/$6 USD) - 2016/01/06 5:37:23 ET
Table 'Dubhe III' 2-max Seat #2 is the button
Seat 1: capy82 ($119.28 in chips)
Seat 2: NIGHTyxa ($72 in chips)
NIGHTyxa: posts small blind $1
capy82: posts big blind $3
*** HOLE CARDS ***
NIGHTyxa: folds
Uncalled bet ($2) returned to capy82
capy82 collected $2 from pot
*** SUMMARY ***
Total pot $2 | Rake $0
Seat 1: capy82 (big blind) collected ($2)
Seat 2: NIGHTyxa (button) (small blind) folded before Flop


PokerStars Hand #146555786771:  Hold'em Limit ($3/$6 USD) - 2016/01/06 5:37:12 ET
Table 'Dubhe III' 2-max Seat #1 is the button
Seat 1: capy82 ($113.52 in chips)
Seat 2: NIGHTyxa ($72 in chips)
capy82: posts small blind $1
NIGHTyxa: posts big blind $3
*** HOLE CARDS ***
capy82: raises $3 to $6
NIGHTyxa: calls $3
*** FLOP *** [Jd 4c 9d]
NIGHTyxa: checks
capy82: bets $3
NIGHTyxa: folds
Uncalled bet ($3) returned to capy82
capy82 collected $11.76 from pot
*** SUMMARY ***
Total pot $12 | Rake $0.24
Board [Jd 4c 9d]
Seat 1: capy82 (button) (small blind) collected ($11.76)
Seat 2: NIGHTyxa (big blind) folded on the Flop


PokerStars Hand #146555776516:  Hold'em Limit ($3/$6 USD) - 2016/01/06 5:36:52 ET
Table 'Dubhe III' 2-max Seat #2 is the button
Seat 1: capy82 ($99.02 in chips)
Seat 2: NIGHTyxa ($73 in chips)
NIGHTyxa: posts small blind $1
capy82: posts big blind $3
*** HOLE CARDS ***
NIGHTyxa: raises $3 to $6
capy82: calls $3
*** FLOP *** [Jd 2c Qc]
capy82: checks
NIGHTyxa: bets $3
capy82: calls $3
*** TURN *** [Jd 2c Qc] [Qh]
capy82: checks
NIGHTyxa: bets $6
capy82: calls $6
*** RIVER *** [Jd 2c Qc Qh] [9c]
capy82: checks
NIGHTyxa: checks
*** SHOW DOWN ***
capy82: shows [Ts 2d] (two pair, Queens and Deuces)
NIGHTyxa: mucks hand
capy82 collected $29.50 from pot
*** SUMMARY ***
Total pot $30 | Rake $0.50
Board [Jd 2c Qc Qh 9c]
Seat 1: capy82 (big blind) showed [Ts 2d] and won ($29.50) with two pair, Queens and Deuces
Seat 2: NIGHTyxa (button) (small blind) mucked


PokerStars Hand #146555827396:  Hold'em Limit ($3/$6 USD) - 2016/01/06 5:38:31 ET
Table 'Dubhe III' 2-max Seat #1 is the button
Seat 1: capy82 ($124.78 in chips)
Seat 2: NIGHTyxa ($80.64 in chips)
capy82: posts small blind $1
NIGHTyxa: posts big blind $3
*** HOLE CARDS ***
capy82: folds
Uncalled bet ($2) returned to NIGHTyxa
NIGHTyxa collected $2 from pot
NIGHTyxa: doesn't show hand
*** SUMMARY ***
Total pot $2 | Rake $0
Seat 1: capy82 (button) (small blind) folded before Flop
Seat 2: NIGHTyxa (big blind) collected ($2)


PokerStars Hand #146555819240:  Hold'em Limit ($3/$6 USD) - 2016/01/06 5:38:15 ET
Table 'Dubhe III' 2-max Seat #2 is the button
Seat 1: capy82 ($133.78 in chips)
Seat 2: NIGHTyxa ($72 in chips)
NIGHTyxa: posts small blind $1
capy82: posts big blind $3
*** HOLE CARDS ***
NIGHTyxa: raises $3 to $6
capy82: calls $3
*** FLOP *** [9h 4h 3h]
capy82: checks
NIGHTyxa: bets $3
capy82: calls $3
*** TURN *** [9h 4h 3h] [5d]
capy82: checks
NIGHTyxa: bets $6
capy82: folds
Uncalled bet ($6) returned to NIGHTyxa
NIGHTyxa collected $17.64 from pot
NIGHTyxa: doesn't show hand
*** SUMMARY ***
Total pot $18 | Rake $0.36
Board [9h 4h 3h 5d]
Seat 1: capy82 (big blind) folded on the Turn
Seat 2: NIGHTyxa (button) (small blind) collected ($17.64)


PokerStars Hand #146555811295:  Hold'em Limit ($3/$6 USD) - 2016/01/06 5:37:59 ET
Table 'Dubhe III' 2-max Seat #1 is the button
Seat 1: capy82 ($110.28 in chips)
Seat 2: NIGHTyxa ($81.64 in chips)
capy82: posts small blind $1
NIGHTyxa: posts big blind $3
*** HOLE CARDS ***
capy82: raises $3 to $6
NIGHTyxa: calls $3
*** FLOP *** [Kh 3h Jh]
NIGHTyxa: checks
capy82: bets $3
NIGHTyxa: raises $3 to $6
capy82: calls $3
*** TURN *** [Kh 3h Jh] [3c]
NIGHTyxa: bets $6
capy82: calls $6
*** RIVER *** [Kh 3h Jh 3c] [4h]
NIGHTyxa: bets $6
capy82: calls $6
*** SHOW DOWN ***
NIGHTyxa: shows [Ks 6h] (a flush, King high)
capy82: shows [7d 7h] (a flush, King high - Seven higher)
capy82 collected $47.50 from pot
*** SUMMARY ***
Total pot $48 | Rake $0.50
Board [Kh 3h Jh 3c 4h]
Seat 1: capy82 (button) (small blind) showed [7d 7h] and won ($47.50) with a flush, King high
Seat 2: NIGHTyxa (big blind) showed [Ks 6h] and lost with a flush, King high


PokerStars Hand #146555808966:  Hold'em Limit ($3/$6 USD) - 2016/01/06 5:37:55 ET
Table 'Dubhe III' 2-max Seat #2 is the button
Seat 1: capy82 ($109.28 in chips)
Seat 2: NIGHTyxa ($82.64 in chips)
NIGHTyxa: posts small blind $1
capy82: posts big blind $3
*** HOLE CARDS ***
NIGHTyxa: folds
Uncalled bet ($2) returned to capy82
capy82 collected $2 from pot
*** SUMMARY ***
Total pot $2 | Rake $0
Seat 1: capy82 (big blind) collected ($2)
Seat 2: NIGHTyxa (button) (small blind) folded before Flop


PokerStars Hand #146555806309:  Hold'em Limit ($3/$6 USD) - 2016/01/06 5:37:50 ET
Table 'Dubhe III' 2-max Seat #1 is the button
Seat 1: capy82 ($110.28 in chips)
Seat 2: NIGHTyxa ($81.64 in chips)
capy82: posts small blind $1
NIGHTyxa: posts big blind $3
*** HOLE CARDS ***
capy82: folds
Uncalled bet ($2) returned to NIGHTyxa
NIGHTyxa collected $2 from pot
NIGHTyxa: doesn't show hand
*** SUMMARY ***
Total pot $2 | Rake $0
Seat 1: capy82 (button) (small blind) folded before Flop
Seat 2: NIGHTyxa (big blind) collected ($2)


PokerStars Hand #146555848961:  Hold'em Limit ($3/$6 USD) - 2016/01/06 5:39:12 ET
Table 'Dubhe III' 2-max Seat #2 is the button
Seat 1: capy82 ($72.78 in chips)
Seat 2: NIGHTyxa ($131.64 in chips)
NIGHTyxa: posts small blind $1
capy82: posts big blind $3
*** HOLE CARDS ***
NIGHTyxa: raises $3 to $6
capy82: calls $3
*** FLOP *** [5h 3h Jd]
capy82: checks
NIGHTyxa: bets $3
capy82: folds
Uncalled bet ($3) returned to NIGHTyxa
NIGHTyxa collected $11.76 from pot
NIGHTyxa: doesn't show hand
*** SUMMARY ***
Total pot $12 | Rake $0.24
Board [5h 3h Jd]
Seat 1: capy82 (big blind) folded on the Flop
Seat 2: NIGHTyxa (button) (small blind) collected ($11.76)


PokerStars Hand #146555841382:  Hold'em Limit ($3/$6 USD) - 2016/01/06 5:38:57 ET
Table 'Dubhe III' 2-max Seat #1 is the button
Seat 1: capy82 ($90.78 in chips)
Seat 2: NIGHTyxa ($114.14 in chips)
capy82: posts small blind $1
NIGHTyxa: posts big blind $3
*** HOLE CARDS ***
capy82: raises $3 to $6
NIGHTyxa: calls $3
*** FLOP *** [Kd 3d Jc]
NIGHTyxa: checks
capy82: bets $3
NIGHTyxa: raises $3 to $6
capy82: calls $3
*** TURN *** [Kd 3d Jc] [7s]
NIGHTyxa: bets $6
capy82: calls $6
*** RIVER *** [Kd 3d Jc 7s] [9d]
NIGHTyxa: bets $6
capy82: folds
Uncalled bet ($6) returned to NIGHTyxa
NIGHTyxa collected $35.50 from pot
NIGHTyxa: doesn't show hand
*** SUMMARY ***
Total pot $36 | Rake $0.50
Board [Kd 3d Jc 7s 9d]
Seat 1: capy82 (button) (small blind) folded on the River
Seat 2: NIGHTyxa (big blind) collected ($35.50)


PokerStars Hand #146555829906:  Hold'em Limit ($3/$6 USD) - 2016/01/06 5:38:35 ET
Table 'Dubhe III' 2-max Seat #2 is the button
Seat 1: capy82 ($123.78 in chips)
Seat 2: NIGHTyxa ($81.64 in chips)
NIGHTyxa: posts small blind $1
capy82: posts big blind $3
*** HOLE CARDS ***
NIGHTyxa: raises $3 to $6
capy82: calls $3
*** FLOP *** [Jh Th 2c]
capy82: checks
NIGHTyxa: bets $3
capy82: calls $3
*** TURN *** [Jh Th 2c] [4s]
capy82: checks
NIGHTyxa: bets $6
capy82: calls $6
*** RIVER *** [Jh Th 2c 4s] [Ac]
capy82: checks
NIGHTyxa: bets $6
capy82: raises $6 to $12
NIGHTyxa: raises $6 to $18
capy82: calls $6
*** SHOW DOWN ***
NIGHTyxa: shows [Td Tc] (three of a kind, Tens)
capy82: mucks hand
NIGHTyxa collected $65.50 from pot
*** SUMMARY ***
Total pot $66 | Rake $0.50
Board [Jh Th 2c 4s Ac]
Seat 1: capy82 (big blind) mucked
Seat 2: NIGHTyxa (button) (small blind) showed [Td Tc] and won ($65.50) with three of a kind, Tens


