PokerStars Hand #155823777644:  Hold'em Limit ($3/$6 USD) - 2016/07/11 1:25:55 ET
Table 'Dubhe' 10-max Seat #5 is the button
Seat 5: RazvanDej ($298.66 in chips)
Seat 6: Pete Barber! ($200.80 in chips)
RazvanDej: posts small blind $1
Pete Barber!: posts big blind $3
*** HOLE CARDS ***
RazvanDej: folds
Uncalled bet ($2) returned to Pete Barber!
Pete Barber! collected $2 from pot
Pete Barber!: doesn't show hand
*** SUMMARY ***
Total pot $2 | Rake $0
Seat 5: RazvanDej (button) (small blind) folded before Flop
Seat 6: Pete Barber! (big blind) collected ($2)


PokerStars Hand #155823776685:  Hold'em Limit ($3/$6 USD) - 2016/07/11 1:25:51 ET
Table 'Dubhe' 10-max Seat #6 is the button
Seat 5: RazvanDej ($297.66 in chips)
Seat 6: Pete Barber! ($201.80 in chips)
Pete Barber!: posts small blind $1
RazvanDej: posts big blind $3
*** HOLE CARDS ***
Pete Barber!: folds
Uncalled bet ($2) returned to RazvanDej
RazvanDej collected $2 from pot
RazvanDej: doesn't show hand
*** SUMMARY ***
Total pot $2 | Rake $0
Seat 5: RazvanDej (big blind) collected ($2)
Seat 6: Pete Barber! (button) (small blind) folded before Flop


PokerStars Hand #155824308534:  Hold'em Limit ($3/$6 USD) - 2016/07/11 2:08:40 ET
Table 'Dubhe' 10-max Seat #6 is the button
Seat 1: RJF1943 ($162.35 in chips)
Seat 6: Pete Barber! ($124.11 in chips)
Pete Barber!: posts small blind $1
bellababy: is sitting out
RJF1943: posts big blind $3
*** HOLE CARDS ***
Pete Barber!: raises $3 to $6
RJF1943: calls $3
*** FLOP *** [8s 5s 9d]
RJF1943: bets $3
Pete Barber!: raises $3 to $6
RJF1943: raises $3 to $9
Pete Barber!: raises $3 to $12
Betting is capped
RJF1943: calls $3
*** TURN *** [8s 5s 9d] [4c]
RJF1943: bets $6
Pete Barber!: raises $6 to $12
RJF1943: calls $6
*** RIVER *** [8s 5s 9d 4c] [2h]
RJF1943: checks
Pete Barber!: bets $6
RJF1943: calls $6
*** SHOW DOWN ***
Pete Barber!: shows [6h 7c] (a straight, Five to Nine)
RJF1943: mucks hand
Pete Barber! collected $71.50 from pot
*** SUMMARY ***
Total pot $72 | Rake $0.50
Board [8s 5s 9d 4c 2h]
Seat 1: RJF1943 (big blind) mucked
Seat 6: Pete Barber! (button) (small blind) showed [6h 7c] and won ($71.50) with a straight, Five to Nine


PokerStars Hand #155824316910:  Hold'em Limit ($3/$6 USD) - 2016/07/11 2:09:21 ET
Table 'Dubhe' 10-max Seat #1 is the button
Seat 1: RJF1943 ($126.35 in chips)
Seat 6: Pete Barber! ($159.61 in chips)
RJF1943: posts small blind $1
Pete Barber!: posts big blind $3
*** HOLE CARDS ***
RJF1943: folds
Uncalled bet ($2) returned to Pete Barber!
Pete Barber! collected $2 from pot
Pete Barber!: doesn't show hand
*** SUMMARY ***
Total pot $2 | Rake $0
Seat 1: RJF1943 (button) (small blind) folded before Flop
Seat 6: Pete Barber! (big blind) collected ($2)


