PokerStars Hand #158404872964:  Hold'em Limit ($3/$6 USD) - 2016/09/10 3:28:41 ET
Table 'Dubiago' 6-max Seat #6 is the button
Seat 3: LifeisagameX ($84 in chips)
Seat 6: prallimall ($48.82 in chips)
prallimall: posts small blind $1
LifeisagameX: posts big blind $3
*** HOLE CARDS ***
prallimall: raises $3 to $6
LifeisagameX: calls $3
*** FLOP *** [4s Th 6c]
LifeisagameX: checks
prallimall: bets $3
LifeisagameX: calls $3
*** TURN *** [4s Th 6c] [Jd]
LifeisagameX: checks
prallimall: checks
*** RIVER *** [4s Th 6c Jd] [Ad]
LifeisagameX: bets $6
prallimall: raises $6 to $12
LifeisagameX: folds
Uncalled bet ($6) returned to prallimall
prallimall collected $29.50 from pot
prallimall: doesn't show hand
*** SUMMARY ***
Total pot $30 | Rake $0.50
Board [4s Th 6c Jd Ad]
Seat 3: LifeisagameX (big blind) folded on the River
Seat 6: prallimall (button) (small blind) collected ($29.50)


PokerStars Hand #158404881803:  Hold'em Limit ($3/$6 USD) - 2016/09/10 3:29:11 ET
Table 'Dubiago' 6-max Seat #3 is the button
Seat 3: LifeisagameX ($84 in chips)
Seat 6: prallimall ($63.32 in chips)
LifeisagameX: posts small blind $1
prallimall: posts big blind $3
*** HOLE CARDS ***
LifeisagameX: raises $3 to $6
prallimall: raises $3 to $9
LifeisagameX: calls $3
*** FLOP *** [2d 5h 3s]
prallimall: bets $3
LifeisagameX: calls $3
*** TURN *** [2d 5h 3s] [4c]
prallimall: bets $6
LifeisagameX: raises $6 to $12
prallimall: folds
Uncalled bet ($6) returned to LifeisagameX
LifeisagameX collected $35.50 from pot
LifeisagameX: doesn't show hand
*** SUMMARY ***
Total pot $36 | Rake $0.50
Board [2d 5h 3s 4c]
Seat 3: LifeisagameX (button) (small blind) collected ($35.50)
Seat 6: prallimall (big blind) folded on the Turn


PokerStars Hand #158404889283:  Hold'em Limit ($3/$6 USD) - 2016/09/10 3:29:37 ET
Table 'Dubiago' 6-max Seat #3 is the button
Seat 3: LifeisagameX ($102.50 in chips)
Seat 6: prallimall ($44.32 in chips)
LifeisagameX: posts small blind $1
prallimall: posts big blind $3
*** HOLE CARDS ***
LifeisagameX: raises $3 to $6
prallimall: raises $3 to $9
LifeisagameX: calls $3
*** FLOP *** [2h Th 3s]
prallimall: bets $3
Mite1981 joins the table at seat #1
LifeisagameX: calls $3
*** TURN *** [2h Th 3s] [8h]
prallimall: checks
LifeisagameX: bets $6
prallimall: calls $6
*** RIVER *** [2h Th 3s 8h] [Kc]
prallimall: checks
LifeisagameX: bets $6
prallimall: raises $6 to $12
LifeisagameX: calls $6
*** SHOW DOWN ***
prallimall: shows [Ks Qc] (a pair of Kings)
LifeisagameX: mucks hand
prallimall collected $59.50 from pot
BuzovaPro joins the table at seat #2
*** SUMMARY ***
Total pot $60 | Rake $0.50
Board [2h Th 3s 8h Kc]
Seat 3: LifeisagameX (button) (small blind) mucked
Seat 6: prallimall (big blind) showed [Ks Qc] and won ($59.50) with a pair of Kings


PokerStars Hand #158404887421:  Hold'em Limit ($3/$6 USD) - 2016/09/10 3:29:30 ET
Table 'Dubiago' 6-max Seat #6 is the button
Seat 3: LifeisagameX ($101.50 in chips)
Seat 6: prallimall ($45.32 in chips)
prallimall: posts small blind $1
LifeisagameX: posts big blind $3
*** HOLE CARDS ***
prallimall: folds
Uncalled bet ($2) returned to LifeisagameX
LifeisagameX collected $2 from pot
LifeisagameX: doesn't show hand
*** SUMMARY ***
Total pot $2 | Rake $0
Seat 3: LifeisagameX (big blind) collected ($2)
Seat 6: prallimall (button) (small blind) folded before Flop


PokerStars Hand #158405336739:  Hold'em Limit ($3/$6 USD) - 2016/09/10 3:54:18 ET
Table 'Dubiago' 6-max Seat #3 is the button
Seat 3: fishbla ($102.92 in chips)
Seat 6: TTBN ($318.89 in chips)
fishbla: posts small blind $1
AAAbeta: is sitting out
TTBN: posts big blind $3
*** HOLE CARDS ***
fishbla: raises $3 to $6
TTBN: calls $3
*** FLOP *** [Jd 5s Jh]
AAAbeta leaves the table
TTBN: checks
fishbla: bets $3
TTBN: calls $3
*** TURN *** [Jd 5s Jh] [3d]
TTBN: checks
fishbla: bets $6
TTBN: calls $6
*** RIVER *** [Jd 5s Jh 3d] [As]
TTBN: bets $6
fishbla: calls $6
*** SHOW DOWN ***
TTBN: shows [6d 7h] (a pair of Jacks)
fishbla: shows [Ac 9s] (two pair, Aces and Jacks)
fishbla collected $41.50 from pot
*** SUMMARY ***
Total pot $42 | Rake $0.50
Board [Jd 5s Jh 3d As]
Seat 3: fishbla (button) (small blind) showed [Ac 9s] and won ($41.50) with two pair, Aces and Jacks
Seat 6: TTBN (big blind) showed [6d 7h] and lost with a pair of Jacks


PokerStars Hand #158405355038:  Hold'em Limit ($3/$6 USD) - 2016/09/10 3:55:17 ET
Table 'Dubiago' 6-max Seat #6 is the button
Seat 3: fishbla ($130.18 in chips)
Seat 6: TTBN ($290.89 in chips)
TTBN: posts small blind $1
fishbla: posts big blind $3
*** HOLE CARDS ***
TTBN: folds
Uncalled bet ($2) returned to fishbla
fishbla collected $2 from pot
fishbla: doesn't show hand
*** SUMMARY ***
Total pot $2 | Rake $0
Seat 3: fishbla (big blind) collected ($2)
Seat 6: TTBN (button) (small blind) folded before Flop


PokerStars Hand #158405357613:  Hold'em Limit ($3/$6 USD) - 2016/09/10 3:55:26 ET
Table 'Dubiago' 6-max Seat #3 is the button
Seat 3: fishbla ($131.18 in chips)
Seat 6: TTBN ($289.89 in chips)
fishbla: posts small blind $1
TTBN: posts big blind $3
*** HOLE CARDS ***
fishbla: folds
Uncalled bet ($2) returned to TTBN
TTBN collected $2 from pot
TTBN: doesn't show hand
*** SUMMARY ***
Total pot $2 | Rake $0
Seat 3: fishbla (button) (small blind) folded before Flop
Seat 6: TTBN (big blind) collected ($2)


PokerStars Hand #158405350873:  Hold'em Limit ($3/$6 USD) - 2016/09/10 3:55:03 ET
Table 'Dubiago' 6-max Seat #3 is the button
Seat 3: fishbla ($124.42 in chips)
Seat 6: TTBN ($296.89 in chips)
fishbla: posts small blind $1
TTBN: posts big blind $3
*** HOLE CARDS ***
fishbla: raises $3 to $6
TTBN: calls $3
*** FLOP *** [Ac 9c 7c]
TTBN: checks
fishbla: bets $3
TTBN: folds
Uncalled bet ($3) returned to fishbla
fishbla collected $11.76 from pot
fishbla: doesn't show hand
*** SUMMARY ***
Total pot $12 | Rake $0.24
Board [Ac 9c 7c]
Seat 3: fishbla (button) (small blind) collected ($11.76)
Seat 6: TTBN (big blind) folded on the Flop


PokerStars Hand #158405349267:  Hold'em Limit ($3/$6 USD) - 2016/09/10 3:54:58 ET
Table 'Dubiago' 6-max Seat #6 is the button
Seat 3: fishbla ($123.42 in chips)
Seat 6: TTBN ($297.89 in chips)
TTBN: posts small blind $1
fishbla: posts big blind $3
*** HOLE CARDS ***
TTBN: folds
Uncalled bet ($2) returned to fishbla
fishbla collected $2 from pot
fishbla: doesn't show hand
*** SUMMARY ***
Total pot $2 | Rake $0
Seat 3: fishbla (big blind) collected ($2)
Seat 6: TTBN (button) (small blind) folded before Flop


PokerStars Hand #158405364673:  Hold'em Limit ($3/$6 USD) - 2016/09/10 3:55:52 ET
Table 'Dubiago' 6-max Seat #3 is the button
Seat 3: fishbla ($138.82 in chips)
Seat 6: TTBN ($281.89 in chips)
fishbla: posts small blind $1
TTBN: posts big blind $3
*** HOLE CARDS ***
fishbla: raises $3 to $6
TTBN: calls $3
*** FLOP *** [Kh Qs 8c]
TTBN: checks
fishbla: bets $3
TTBN: folds
Uncalled bet ($3) returned to fishbla
fishbla collected $11.76 from pot
fishbla: doesn't show hand
*** SUMMARY ***
Total pot $12 | Rake $0.24
Board [Kh Qs 8c]
Seat 3: fishbla (button) (small blind) collected ($11.76)
Seat 6: TTBN (big blind) folded on the Flop


PokerStars Hand #158405368681:  Hold'em Limit ($3/$6 USD) - 2016/09/10 3:56:07 ET
Table 'Dubiago' 6-max Seat #6 is the button
Seat 3: fishbla ($144.58 in chips)
Seat 6: TTBN ($275.89 in chips)
TTBN: posts small blind $1
fishbla: posts big blind $3
*** HOLE CARDS ***
TTBN: folds
Uncalled bet ($2) returned to fishbla
fishbla collected $2 from pot
fishbla: doesn't show hand
*** SUMMARY ***
Total pot $2 | Rake $0
Seat 3: fishbla (big blind) collected ($2)
Seat 6: TTBN (button) (small blind) folded before Flop


PokerStars Hand #158405370202:  Hold'em Limit ($3/$6 USD) - 2016/09/10 3:56:12 ET
Table 'Dubiago' 6-max Seat #3 is the button
Seat 3: fishbla ($145.58 in chips)
Seat 6: TTBN ($274.89 in chips)
fishbla: posts small blind $1
TTBN: posts big blind $3
*** HOLE CARDS ***
fishbla: raises $3 to $6
TTBN: calls $3
*** FLOP *** [Tc 5s Kh]
TTBN: checks
fishbla: bets $3
TTBN: folds
Uncalled bet ($3) returned to fishbla
fishbla collected $11.76 from pot
fishbla: doesn't show hand
*** SUMMARY ***
Total pot $12 | Rake $0.24
Board [Tc 5s Kh]
Seat 3: fishbla (button) (small blind) collected ($11.76)
Seat 6: TTBN (big blind) folded on the Flop


PokerStars Hand #158405359447:  Hold'em Limit ($3/$6 USD) - 2016/09/10 3:55:33 ET
Table 'Dubiago' 6-max Seat #6 is the button
Seat 3: fishbla ($130.18 in chips)
Seat 6: TTBN ($290.89 in chips)
TTBN: posts small blind $1
fishbla: posts big blind $3
*** HOLE CARDS ***
TTBN: raises $3 to $6
fishbla: raises $3 to $9
TTBN: calls $3
*** FLOP *** [Ad Th 7d]
fishbla: bets $3
TTBN: folds
Uncalled bet ($3) returned to fishbla
fishbla collected $17.64 from pot
fishbla: doesn't show hand
*** SUMMARY ***
Total pot $18 | Rake $0.36
Board [Ad Th 7d]
Seat 3: fishbla (big blind) collected ($17.64)
Seat 6: TTBN (button) (small blind) folded on the Flop


PokerStars Hand #158405381093:  Hold'em Limit ($3/$6 USD) - 2016/09/10 3:56:51 ET
Table 'Dubiago' 6-max Seat #6 is the button
Seat 3: fishbla ($147.34 in chips)
Seat 6: TTBN ($272.89 in chips)
TTBN: posts small blind $1
fishbla: posts big blind $3
*** HOLE CARDS ***
TTBN: raises $3 to $6
fishbla: raises $3 to $9
TTBN: calls $3
*** FLOP *** [6h Th 5h]
fishbla: bets $3
TTBN: calls $3
*** TURN *** [6h Th 5h] [9s]
fishbla: bets $6
TTBN: raises $6 to $12
fishbla: calls $6
*** RIVER *** [6h Th 5h 9s] [Jd]
fishbla: checks
TTBN: bets $6
fishbla: calls $6
*** SHOW DOWN ***
TTBN: shows [2h Qh] (a flush, Queen high)
fishbla: mucks hand
TTBN collected $59.50 from pot
*** SUMMARY ***
Total pot $60 | Rake $0.50
Board [6h Th 5h 9s Jd]
Seat 3: fishbla (big blind) mucked
Seat 6: TTBN (button) (small blind) showed [2h Qh] and won ($59.50) with a flush, Queen high


PokerStars Hand #158405375452:  Hold'em Limit ($3/$6 USD) - 2016/09/10 3:56:31 ET
Table 'Dubiago' 6-max Seat #6 is the button
Seat 3: fishbla ($151.34 in chips)
Seat 6: TTBN ($268.89 in chips)
TTBN: posts small blind $1
fishbla: posts big blind $3
*** HOLE CARDS ***
TTBN: raises $3 to $6
fishbla: folds
Uncalled bet ($3) returned to TTBN
TTBN collected $6 from pot
TTBN: doesn't show hand
*** SUMMARY ***
Total pot $6 | Rake $0
Seat 3: fishbla (big blind) folded before Flop
Seat 6: TTBN (button) (small blind) collected ($6)


PokerStars Hand #158405377996:  Hold'em Limit ($3/$6 USD) - 2016/09/10 3:56:40 ET
Table 'Dubiago' 6-max Seat #3 is the button
Seat 3: fishbla ($148.34 in chips)
Seat 6: TTBN ($271.89 in chips)
fishbla: posts small blind $1
TTBN: posts big blind $3
*** HOLE CARDS ***
fishbla: folds
Uncalled bet ($2) returned to TTBN
TTBN collected $2 from pot
TTBN: doesn't show hand
*** SUMMARY ***
Total pot $2 | Rake $0
Seat 3: fishbla (button) (small blind) folded before Flop
Seat 6: TTBN (big blind) collected ($2)


PokerStars Hand #158405398307:  Hold'em Limit ($3/$6 USD) - 2016/09/10 3:57:52 ET
Table 'Dubiago' 6-max Seat #3 is the button
Seat 3: fishbla ($124.10 in chips)
Seat 6: TTBN ($295.39 in chips)
fishbla: posts small blind $1
TTBN: posts big blind $3
*** HOLE CARDS ***
fishbla: raises $3 to $6
TTBN: calls $3
*** FLOP *** [Ad Qc 5d]
TTBN: checks
fishbla: bets $3
TTBN: calls $3
*** TURN *** [Ad Qc 5d] [4c]
TTBN: checks
fishbla: checks
*** RIVER *** [Ad Qc 5d 4c] [4h]
TTBN: checks
fishbla: checks
*** SHOW DOWN ***
TTBN: shows [2c 5h] (two pair, Fives and Fours)
fishbla: mucks hand
TTBN collected $17.64 from pot
*** SUMMARY ***
Total pot $18 | Rake $0.36
Board [Ad Qc 5d 4c 4h]
Seat 3: fishbla (button) (small blind) mucked
Seat 6: TTBN (big blind) showed [2c 5h] and won ($17.64) with two pair, Fives and Fours


PokerStars Hand #158405390791:  Hold'em Limit ($3/$6 USD) - 2016/09/10 3:57:26 ET
Table 'Dubiago' 6-max Seat #3 is the button
Seat 3: fishbla ($117.34 in chips)
Seat 6: TTBN ($302.39 in chips)
fishbla: posts small blind $1
TTBN: posts big blind $3
*** HOLE CARDS ***
fishbla: raises $3 to $6
TTBN: calls $3
*** FLOP *** [Tc Td Qs]
TTBN: checks
fishbla: bets $3
TTBN: folds
Uncalled bet ($3) returned to fishbla
fishbla collected $11.76 from pot
fishbla: doesn't show hand
*** SUMMARY ***
Total pot $12 | Rake $0.24
Board [Tc Td Qs]
Seat 3: fishbla (button) (small blind) collected ($11.76)
Seat 6: TTBN (big blind) folded on the Flop


PokerStars Hand #158405396617:  Hold'em Limit ($3/$6 USD) - 2016/09/10 3:57:46 ET
Table 'Dubiago' 6-max Seat #6 is the button
Seat 3: fishbla ($123.10 in chips)
Seat 6: TTBN ($296.39 in chips)
TTBN: posts small blind $1
fishbla: posts big blind $3
*** HOLE CARDS ***
TTBN: folds
Uncalled bet ($2) returned to fishbla
fishbla collected $2 from pot
fishbla: doesn't show hand
*** SUMMARY ***
Total pot $2 | Rake $0
Seat 3: fishbla (big blind) collected ($2)
Seat 6: TTBN (button) (small blind) folded before Flop


PokerStars Hand #158405417515:  Hold'em Limit ($3/$6 USD) - 2016/09/10 3:59:00 ET
Table 'Dubiago' 6-max Seat #6 is the button
Seat 3: fishbla ($93.10 in chips)
Seat 6: TTBN ($325.53 in chips)
TTBN: posts small blind $1
fishbla: posts big blind $3
*** HOLE CARDS ***
TTBN: raises $3 to $6
fishbla: folds
Uncalled bet ($3) returned to TTBN
TTBN collected $6 from pot
TTBN: doesn't show hand
*** SUMMARY ***
Total pot $6 | Rake $0
Seat 3: fishbla (big blind) folded before Flop
Seat 6: TTBN (button) (small blind) collected ($6)


PokerStars Hand #158405419502:  Hold'em Limit ($3/$6 USD) - 2016/09/10 3:59:07 ET
Table 'Dubiago' 6-max Seat #3 is the button
Seat 3: fishbla ($90.10 in chips)
Seat 6: TTBN ($328.53 in chips)
fishbla: posts small blind $1
TTBN: posts big blind $3
*** HOLE CARDS ***
fishbla: folds
Uncalled bet ($2) returned to TTBN
TTBN collected $2 from pot
TTBN: doesn't show hand
*** SUMMARY ***
Total pot $2 | Rake $0
Seat 3: fishbla (button) (small blind) folded before Flop
Seat 6: TTBN (big blind) collected ($2)


PokerStars Hand #158405422048:  Hold'em Limit ($3/$6 USD) - 2016/09/10 3:59:16 ET
Table 'Dubiago' 6-max Seat #6 is the button
Seat 3: fishbla ($89.10 in chips)
Seat 6: TTBN ($329.53 in chips)
TTBN: posts small blind $1
fishbla: posts big blind $3
*** HOLE CARDS ***
TTBN: folds
Uncalled bet ($2) returned to fishbla
fishbla collected $2 from pot
fishbla: doesn't show hand
*** SUMMARY ***
Total pot $2 | Rake $0
Seat 3: fishbla (big blind) collected ($2)
Seat 6: TTBN (button) (small blind) folded before Flop


PokerStars Hand #158405415498:  Hold'em Limit ($3/$6 USD) - 2016/09/10 3:58:53 ET
Table 'Dubiago' 6-max Seat #3 is the button
Seat 3: fishbla ($94.10 in chips)
Seat 6: TTBN ($324.53 in chips)
fishbla: posts small blind $1
TTBN: posts big blind $3
*** HOLE CARDS ***
fishbla: folds
Uncalled bet ($2) returned to TTBN
TTBN collected $2 from pot
TTBN: doesn't show hand
*** SUMMARY ***
Total pot $2 | Rake $0
Seat 3: fishbla (button) (small blind) folded before Flop
Seat 6: TTBN (big blind) collected ($2)


PokerStars Hand #158405406082:  Hold'em Limit ($3/$6 USD) - 2016/09/10 3:58:20 ET
Table 'Dubiago' 6-max Seat #6 is the button
Seat 3: fishbla ($115.10 in chips)
Seat 6: TTBN ($304.03 in chips)
TTBN: posts small blind $1
fishbla: posts big blind $3
*** HOLE CARDS ***
TTBN: raises $3 to $6
fishbla: calls $3
*** FLOP *** [5d 8d Ts]
fishbla: checks
TTBN: bets $3
fishbla: calls $3
*** TURN *** [5d 8d Ts] [3h]
fishbla: checks
TTBN: bets $6
fishbla: calls $6
*** RIVER *** [5d 8d Ts 3h] [Js]
fishbla: checks
TTBN: bets $6
fishbla: calls $6
*** SHOW DOWN ***
TTBN: shows [Tc Ad] (a pair of Tens)
fishbla: mucks hand
TTBN collected $41.50 from pot
*** SUMMARY ***
Total pot $42 | Rake $0.50
Board [5d 8d Ts 3h Js]
Seat 3: fishbla (big blind) mucked
Seat 6: TTBN (button) (small blind) showed [Tc Ad] and won ($41.50) with a pair of Tens


PokerStars Hand #158405439292:  Hold'em Limit ($3/$6 USD) - 2016/09/10 4:00:16 ET
Table 'Dubiago' 6-max Seat #6 is the button
Seat 3: fishbla ($92.60 in chips)
Seat 6: TTBN ($325.17 in chips)
TTBN: posts small blind $1
fishbla: posts big blind $3
*** HOLE CARDS ***
TTBN: raises $3 to $6
fishbla: folds
Uncalled bet ($3) returned to TTBN
TTBN collected $6 from pot
TTBN: doesn't show hand
*** SUMMARY ***
Total pot $6 | Rake $0
Seat 3: fishbla (big blind) folded before Flop
Seat 6: TTBN (button) (small blind) collected ($6)


PokerStars Hand #158405423514:  Hold'em Limit ($3/$6 USD) - 2016/09/10 3:59:22 ET
Table 'Dubiago' 6-max Seat #3 is the button
Seat 3: fishbla ($90.10 in chips)
Seat 6: TTBN ($328.53 in chips)
fishbla: posts small blind $1
TTBN: posts big blind $3
*** HOLE CARDS ***
fishbla: raises $3 to $6
TTBN: calls $3
*** FLOP *** [Js Ks Ts]
TTBN: checks
fishbla: bets $3
TTBN: calls $3
*** TURN *** [Js Ks Ts] [Jd]
TTBN: checks
fishbla: bets $6
TTBN: calls $6
*** RIVER *** [Js Ks Ts Jd] [2h]
TTBN: checks
fishbla: bets $6
TTBN: folds
Uncalled bet ($6) returned to fishbla
fishbla collected $29.50 from pot
fishbla: doesn't show hand
*** SUMMARY ***
Total pot $30 | Rake $0.50
Board [Js Ks Ts Jd 2h]
Seat 3: fishbla (button) (small blind) collected ($29.50)
Seat 6: TTBN (big blind) folded on the River


PokerStars Hand #158405434070:  Hold'em Limit ($3/$6 USD) - 2016/09/10 3:59:59 ET
Table 'Dubiago' 6-max Seat #3 is the button
Seat 3: fishbla ($101.60 in chips)
Seat 6: TTBN ($316.53 in chips)
fishbla: posts small blind $1
TTBN: posts big blind $3
*** HOLE CARDS ***
fishbla: raises $3 to $6
TTBN: raises $3 to $9
fishbla: calls $3
*** FLOP *** [5s 3s 9h]
TTBN: bets $3
fishbla: folds
Uncalled bet ($3) returned to TTBN
TTBN collected $17.64 from pot
TTBN: doesn't show hand
*** SUMMARY ***
Total pot $18 | Rake $0.36
Board [5s 3s 9h]
Seat 3: fishbla (button) (small blind) folded on the Flop
Seat 6: TTBN (big blind) collected ($17.64)


PokerStars Hand #158405463971:  Hold'em Limit ($3/$6 USD) - 2016/09/10 4:01:15 ET
Table 'Dubiago' 6-max Seat #6 is the button
Seat 3: fishbla ($105 in chips)
Seat 6: TTBN ($312.17 in chips)
TTBN: posts small blind $1
fishbla: posts big blind $3
*** HOLE CARDS ***
TTBN: folds
Uncalled bet ($2) returned to fishbla
fishbla collected $2 from pot
fishbla: doesn't show hand
*** SUMMARY ***
Total pot $2 | Rake $0
Seat 3: fishbla (big blind) collected ($2)
Seat 6: TTBN (button) (small blind) folded before Flop


PokerStars Hand #158405447566:  Hold'em Limit ($3/$6 USD) - 2016/09/10 4:00:44 ET
Table 'Dubiago' 6-max Seat #6 is the button
Seat 3: fishbla ($98.24 in chips)
Seat 6: TTBN ($319.17 in chips)
TTBN: posts small blind $1
fishbla: posts big blind $3
*** HOLE CARDS ***
TTBN: folds
Uncalled bet ($2) returned to fishbla
fishbla collected $2 from pot
fishbla: doesn't show hand
*** SUMMARY ***
Total pot $2 | Rake $0
Seat 3: fishbla (big blind) collected ($2)
Seat 6: TTBN (button) (small blind) folded before Flop


PokerStars Hand #158405441384:  Hold'em Limit ($3/$6 USD) - 2016/09/10 4:00:23 ET
Table 'Dubiago' 6-max Seat #3 is the button
Seat 3: fishbla ($89.60 in chips)
Seat 6: TTBN ($328.17 in chips)
fishbla: posts small blind $1
TTBN: posts big blind $3
*** HOLE CARDS ***
fishbla: raises $3 to $6
TTBN: calls $3
*** FLOP *** [4c 7s 2d]
TTBN: checks
fishbla: bets $3
TTBN: calls $3
*** TURN *** [4c 7s 2d] [Jc]
TTBN: checks
fishbla: bets $6
TTBN: folds
Uncalled bet ($6) returned to fishbla
fishbla collected $17.64 from pot
fishbla: doesn't show hand
*** SUMMARY ***
Total pot $18 | Rake $0.36
Board [4c 7s 2d Jc]
Seat 3: fishbla (button) (small blind) collected ($17.64)
Seat 6: TTBN (big blind) folded on the Turn


PokerStars Hand #158405451074:  Hold'em Limit ($3/$6 USD) - 2016/09/10 4:00:56 ET
Table 'Dubiago' 6-max Seat #6 is the button
Seat 3: fishbla ($98.24 in chips)
Seat 6: TTBN ($319.17 in chips)
TTBN: posts small blind $1
fishbla: posts big blind $3
*** HOLE CARDS ***
TTBN: folds
Uncalled bet ($2) returned to fishbla
fishbla collected $2 from pot
fishbla: doesn't show hand
*** SUMMARY ***
Total pot $2 | Rake $0
Seat 3: fishbla (big blind) collected ($2)
Seat 6: TTBN (button) (small blind) folded before Flop


PokerStars Hand #158405452763:  Hold'em Limit ($3/$6 USD) - 2016/09/10 4:01:01 ET
Table 'Dubiago' 6-max Seat #3 is the button
Seat 3: fishbla ($99.24 in chips)
Seat 6: TTBN ($318.17 in chips)
fishbla: posts small blind $1
TTBN: posts big blind $3
*** HOLE CARDS ***
fishbla: raises $3 to $6
TTBN: calls $3
*** FLOP *** [Kh Jd Tc]
TTBN: checks
fishbla: bets $3
TTBN: folds
Uncalled bet ($3) returned to fishbla
fishbla collected $11.76 from pot
fishbla: doesn't show hand
*** SUMMARY ***
Total pot $12 | Rake $0.24
Board [Kh Jd Tc]
Seat 3: fishbla (button) (small blind) collected ($11.76)
Seat 6: TTBN (big blind) folded on the Flop


PokerStars Hand #158405449243:  Hold'em Limit ($3/$6 USD) - 2016/09/10 4:00:50 ET
Table 'Dubiago' 6-max Seat #3 is the button
Seat 3: fishbla ($99.24 in chips)
Seat 6: TTBN ($318.17 in chips)
fishbla: posts small blind $1
TTBN: posts big blind $3
*** HOLE CARDS ***
fishbla: folds
Uncalled bet ($2) returned to TTBN
TTBN collected $2 from pot
TTBN: doesn't show hand
*** SUMMARY ***
Total pot $2 | Rake $0
Seat 3: fishbla (button) (small blind) folded before Flop
Seat 6: TTBN (big blind) collected ($2)


PokerStars Hand #158405476624:  Hold'em Limit ($3/$6 USD) - 2016/09/10 4:01:56 ET
Table 'Dubiago' 6-max Seat #6 is the button
Seat 3: fishbla ($129.50 in chips)
Seat 6: TTBN ($287.17 in chips)
TTBN: posts small blind $1
fishbla: posts big blind $3
*** HOLE CARDS ***
TTBN: folds
Uncalled bet ($2) returned to fishbla
fishbla collected $2 from pot
fishbla: doesn't show hand
*** SUMMARY ***
Total pot $2 | Rake $0
Seat 3: fishbla (big blind) collected ($2)
Seat 6: TTBN (button) (small blind) folded before Flop


PokerStars Hand #158405465596:  Hold'em Limit ($3/$6 USD) - 2016/09/10 4:01:21 ET
Table 'Dubiago' 6-max Seat #3 is the button
Seat 3: fishbla ($106 in chips)
Seat 6: TTBN ($311.17 in chips)
fishbla: posts small blind $1
TTBN: posts big blind $3
*** HOLE CARDS ***
fishbla: raises $3 to $6
TTBN: calls $3
*** FLOP *** [2h Ac Qc]
TTBN: checks
fishbla: bets $3
TTBN: raises $3 to $6
fishbla: calls $3
*** TURN *** [2h Ac Qc] [2s]
TTBN: bets $6
fishbla: calls $6
*** RIVER *** [2h Ac Qc 2s] [Kc]
TTBN: checks
fishbla: bets $6
TTBN: calls $6
*** SHOW DOWN ***
fishbla: shows [3c 7c] (a flush, Ace high)
TTBN: mucks hand
fishbla collected $47.50 from pot
*** SUMMARY ***
Total pot $48 | Rake $0.50
Board [2h Ac Qc 2s Kc]
Seat 3: fishbla (button) (small blind) showed [3c 7c] and won ($47.50) with a flush, Ace high
Seat 6: TTBN (big blind) mucked


PokerStars Hand #158405478215:  Hold'em Limit ($3/$6 USD) - 2016/09/10 4:02:01 ET
Table 'Dubiago' 6-max Seat #3 is the button
Seat 3: fishbla ($130.50 in chips)
Seat 6: TTBN ($286.17 in chips)
fishbla: posts small blind $1
TTBN: posts big blind $3
*** HOLE CARDS ***
fishbla: raises $3 to $6
TTBN: calls $3
*** FLOP *** [Ad Jh 2s]
TTBN: checks
fishbla: bets $3
TTBN: folds
Uncalled bet ($3) returned to fishbla
fishbla collected $11.76 from pot
fishbla: doesn't show hand
*** SUMMARY ***
Total pot $12 | Rake $0.24
Board [Ad Jh 2s]
Seat 3: fishbla (button) (small blind) collected ($11.76)
Seat 6: TTBN (big blind) folded on the Flop


PokerStars Hand #158405484632:  Hold'em Limit ($3/$6 USD) - 2016/09/10 4:02:21 ET
Table 'Dubiago' 6-max Seat #3 is the button
Seat 3: fishbla ($137.26 in chips)
Seat 6: TTBN ($279.17 in chips)
fishbla: posts small blind $1
TTBN: posts big blind $3
*** HOLE CARDS ***
fishbla: folds
Uncalled bet ($2) returned to TTBN
TTBN collected $2 from pot
TTBN: doesn't show hand
*** SUMMARY ***
Total pot $2 | Rake $0
Seat 3: fishbla (button) (small blind) folded before Flop
Seat 6: TTBN (big blind) collected ($2)


PokerStars Hand #158405482999:  Hold'em Limit ($3/$6 USD) - 2016/09/10 4:02:16 ET
Table 'Dubiago' 6-max Seat #6 is the button
Seat 3: fishbla ($136.26 in chips)
Seat 6: TTBN ($280.17 in chips)
TTBN: posts small blind $1
fishbla: posts big blind $3
*** HOLE CARDS ***
TTBN: folds
Uncalled bet ($2) returned to fishbla
fishbla collected $2 from pot
fishbla: doesn't show hand
*** SUMMARY ***
Total pot $2 | Rake $0
Seat 3: fishbla (big blind) collected ($2)
Seat 6: TTBN (button) (small blind) folded before Flop


PokerStars Hand #158405486573:  Hold'em Limit ($3/$6 USD) - 2016/09/10 4:02:27 ET
Table 'Dubiago' 6-max Seat #6 is the button
Seat 3: fishbla ($136.26 in chips)
Seat 6: TTBN ($280.17 in chips)
TTBN: posts small blind $1
fishbla: posts big blind $3
*** HOLE CARDS ***
TTBN: raises $3 to $6
fishbla: calls $3
*** FLOP *** [Js As Ks]
fishbla: checks
TTBN: bets $3
fishbla: raises $3 to $6
TTBN: folds
Uncalled bet ($3) returned to fishbla
fishbla collected $17.64 from pot
fishbla: doesn't show hand
*** SUMMARY ***
Total pot $18 | Rake $0.36
Board [Js As Ks]
Seat 3: fishbla (big blind) collected ($17.64)
Seat 6: TTBN (button) (small blind) folded on the Flop


PokerStars Hand #158405500522:  Hold'em Limit ($3/$6 USD) - 2016/09/10 4:03:11 ET
Table 'Dubiago' 6-max Seat #3 is the button
Seat 3: fishbla ($147.66 in chips)
Seat 6: TTBN ($268.17 in chips)
fishbla: posts small blind $1
TTBN: posts big blind $3
*** HOLE CARDS ***
fishbla: folds
Uncalled bet ($2) returned to TTBN
TTBN collected $2 from pot
TTBN: doesn't show hand
*** SUMMARY ***
Total pot $2 | Rake $0
Seat 3: fishbla (button) (small blind) folded before Flop
Seat 6: TTBN (big blind) collected ($2)


PokerStars Hand #158405498149:  Hold'em Limit ($3/$6 USD) - 2016/09/10 4:03:04 ET
Table 'Dubiago' 6-max Seat #6 is the button
Seat 3: fishbla ($150.66 in chips)
Seat 6: TTBN ($265.17 in chips)
TTBN: posts small blind $1
fishbla: posts big blind $3
*** HOLE CARDS ***
TTBN: raises $3 to $6
fishbla: folds
Uncalled bet ($3) returned to TTBN
TTBN collected $6 from pot
TTBN: doesn't show hand
*** SUMMARY ***
Total pot $6 | Rake $0
Seat 3: fishbla (big blind) folded before Flop
Seat 6: TTBN (button) (small blind) collected ($6)


PokerStars Hand #158405502497:  Hold'em Limit ($3/$6 USD) - 2016/09/10 4:03:18 ET
Table 'Dubiago' 6-max Seat #6 is the button
Seat 3: fishbla ($146.66 in chips)
Seat 6: TTBN ($269.17 in chips)
TTBN: posts small blind $1
fishbla: posts big blind $3
*** HOLE CARDS ***
TTBN: raises $3 to $6
fishbla: folds
Uncalled bet ($3) returned to TTBN
freestyler85 joins the table at seat #4
TTBN collected $6 from pot
TTBN: doesn't show hand
*** SUMMARY ***
Total pot $6 | Rake $0
Seat 3: fishbla (big blind) folded before Flop
Seat 6: TTBN (button) (small blind) collected ($6)


PokerStars Hand #158405492368:  Hold'em Limit ($3/$6 USD) - 2016/09/10 4:02:46 ET
Table 'Dubiago' 6-max Seat #3 is the button
Seat 3: fishbla ($144.90 in chips)
Seat 6: TTBN ($271.17 in chips)
fishbla: posts small blind $1
TTBN: posts big blind $3
*** HOLE CARDS ***
fishbla: raises $3 to $6
TTBN: calls $3
*** FLOP *** [Ac Ad 7c]
TTBN: checks
fishbla: bets $3
TTBN: folds
Uncalled bet ($3) returned to fishbla
fishbla collected $11.76 from pot
fishbla: doesn't show hand
*** SUMMARY ***
Total pot $12 | Rake $0.24
Board [Ac Ad 7c]
Seat 3: fishbla (button) (small blind) collected ($11.76)
Seat 6: TTBN (big blind) folded on the Flop


PokerStars Hand #158406107026:  Hold'em Limit ($3/$6 USD) - 2016/09/10 4:34:02 ET
Table 'Dubiago' 6-max Seat #6 is the button
Seat 5: AAAbeta ($307.21 in chips)
Seat 6: TTBN ($371.59 in chips)
TTBN: posts small blind $1
Donald: is sitting out
AAAbeta: posts big blind $3
*** HOLE CARDS ***
TTBN: folds
Uncalled bet ($2) returned to AAAbeta
AAAbeta collected $2 from pot
*** SUMMARY ***
Total pot $2 | Rake $0
Seat 5: AAAbeta (big blind) collected ($2)
Seat 6: TTBN (button) (small blind) folded before Flop


PokerStars Hand #158406109243:  Hold'em Limit ($3/$6 USD) - 2016/09/10 4:34:09 ET
Table 'Dubiago' 6-max Seat #5 is the button
Seat 5: AAAbeta ($308.21 in chips)
Seat 6: TTBN ($370.59 in chips)
AAAbeta: posts small blind $1
TTBN: posts big blind $3
*** HOLE CARDS ***
AAAbeta: raises $3 to $6
TTBN: calls $3
*** FLOP *** [9d 7h 8c]
TTBN: checks
AAAbeta: bets $3
TTBN: calls $3
*** TURN *** [9d 7h 8c] [Ad]
TTBN: bets $6
AAAbeta: raises $6 to $12
TTBN: calls $6
*** RIVER *** [9d 7h 8c Ad] [5d]
TTBN: bets $6
AAAbeta: calls $6
*** SHOW DOWN ***
TTBN: shows [6s 4d] (a straight, Five to Nine)
AAAbeta: mucks hand
TTBN collected $53.50 from pot
*** SUMMARY ***
Total pot $54 | Rake $0.50
Board [9d 7h 8c Ad 5d]
Seat 5: AAAbeta (button) (small blind) mucked
Seat 6: TTBN (big blind) showed [6s 4d] and won ($53.50) with a straight, Five to Nine


