PokerStars Hand #176265217383:  Hold'em Limit ($3/$6 USD) - 2017/09/29 9:33:17 ET
Table 'Dubiago' 6-max Seat #3 is the button
Seat 3: Ag3r0n ($72 in chips)
Seat 5: igorkabmw ($41.86 in chips)
Ag3r0n: posts small blind $1
igorkabmw: posts big blind $3
*** HOLE CARDS ***
Ag3r0n: folds
Uncalled bet ($2) returned to igorkabmw
libaikang leaves the table
igorkabmw collected $2 from pot
*** SUMMARY ***
Total pot $2 | Rake $0
Seat 3: Ag3r0n (button) (small blind) folded before Flop
Seat 5: igorkabmw (big blind) collected ($2)


PokerStars Hand #176265224481:  Hold'em Limit ($3/$6 USD) - 2017/09/29 9:33:31 ET
Table 'Dubiago' 6-max Seat #5 is the button
Seat 3: Ag3r0n ($72 in chips)
Seat 5: igorkabmw ($42.86 in chips)
igorkabmw: posts small blind $1
Ag3r0n: posts big blind $3
*** HOLE CARDS ***
igorkabmw: calls $2
Ag3r0n: checks
*** FLOP *** [4h Ac 7c]
Ag3r0n: checks
igorkabmw: bets $3
Ag3r0n: folds
Uncalled bet ($3) returned to igorkabmw
igorkabmw collected $5.88 from pot
*** SUMMARY ***
Total pot $6 | Rake $0.12
Board [4h Ac 7c]
Seat 3: Ag3r0n (big blind) folded on the Flop
Seat 5: igorkabmw (button) (small blind) collected ($5.88)


PokerStars Hand #176265237565:  Hold'em Limit ($3/$6 USD) - 2017/09/29 9:33:57 ET
Table 'Dubiago' 6-max Seat #5 is the button
Seat 3: Ag3r0n ($89.50 in chips)
Seat 5: igorkabmw ($27.74 in chips)
igorkabmw: posts small blind $1
Ag3r0n: posts big blind $3
*** HOLE CARDS ***
igorkabmw: raises $3 to $6
Ag3r0n: raises $3 to $9
igorkabmw: calls $3
*** FLOP *** [3s 5c Ks]
Ag3r0n: bets $3
igorkabmw: raises $3 to $6
Ag3r0n: calls $3
*** TURN *** [3s 5c Ks] [Qs]
Ag3r0n: checks
igorkabmw: checks
*** RIVER *** [3s 5c Ks Qs] [5s]
Ag3r0n: bets $6
igorkabmw: calls $6
*** SHOW DOWN ***
Ag3r0n: shows [7s Ac] (a flush, King high)
igorkabmw: shows [8d 8s] (a flush, King high - Eight higher)
igorkabmw collected $41.50 from pot
*** SUMMARY ***
Total pot $42 | Rake $0.50
Board [3s 5c Ks Qs 5s]
Seat 3: Ag3r0n (big blind) showed [7s Ac] and lost with a flush, King high
Seat 5: igorkabmw (button) (small blind) showed [8d 8s] and won ($41.50) with a flush, King high


PokerStars Hand #176265248359:  Hold'em Limit ($3/$6 USD) - 2017/09/29 9:34:19 ET
Table 'Dubiago' 6-max Seat #3 is the button
Seat 3: Ag3r0n ($72 in chips)
Seat 5: igorkabmw ($48.24 in chips)
Ag3r0n: posts small blind $1
igorkabmw: posts big blind $3
*** HOLE CARDS ***
Ag3r0n: raises $3 to $6
igorkabmw: folds
Uncalled bet ($3) returned to Ag3r0n
Ag3r0n collected $6 from pot
Ag3r0n: doesn't show hand
*** SUMMARY ***
Total pot $6 | Rake $0
Seat 3: Ag3r0n (button) (small blind) collected ($6)
Seat 5: igorkabmw (big blind) folded before Flop


PokerStars Hand #176265251931:  Hold'em Limit ($3/$6 USD) - 2017/09/29 9:34:26 ET
Table 'Dubiago' 6-max Seat #5 is the button
Seat 3: Ag3r0n ($75 in chips)
Seat 5: igorkabmw ($45.24 in chips)
igorkabmw: posts small blind $1
Ag3r0n: posts big blind $3
*** HOLE CARDS ***
igorkabmw: folds
Uncalled bet ($2) returned to Ag3r0n
Ag3r0n collected $2 from pot
Ag3r0n: doesn't show hand
*** SUMMARY ***
Total pot $2 | Rake $0
Seat 3: Ag3r0n (big blind) collected ($2)
Seat 5: igorkabmw (button) (small blind) folded before Flop


PokerStars Hand #176265254713:  Hold'em Limit ($3/$6 USD) - 2017/09/29 9:34:32 ET
Table 'Dubiago' 6-max Seat #3 is the button
Seat 3: Ag3r0n ($76 in chips)
Seat 5: igorkabmw ($44.24 in chips)
Ag3r0n: posts small blind $1
igorkabmw: posts big blind $3
*** HOLE CARDS ***
Ag3r0n: raises $3 to $6
igorkabmw: calls $3
*** FLOP *** [4d 6c 7h]
igorkabmw: bets $3
Ag3r0n: calls $3
*** TURN *** [4d 6c 7h] [9d]
igorkabmw: checks
Ag3r0n: checks
*** RIVER *** [4d 6c 7h 9d] [Ad]
igorkabmw: checks
Ag3r0n: bets $6
igorkabmw: folds
Uncalled bet ($6) returned to Ag3r0n
Ag3r0n collected $17.64 from pot
Ag3r0n: doesn't show hand
*** SUMMARY ***
Total pot $18 | Rake $0.36
Board [4d 6c 7h 9d Ad]
Seat 3: Ag3r0n (button) (small blind) collected ($17.64)
Seat 5: igorkabmw (big blind) folded on the River


PokerStars Hand #176265229922:  Hold'em Limit ($3/$6 USD) - 2017/09/29 9:33:42 ET
Table 'Dubiago' 6-max Seat #3 is the button
Seat 3: Ag3r0n ($72 in chips)
Seat 5: igorkabmw ($45.74 in chips)
Ag3r0n: posts small blind $1
igorkabmw: posts big blind $3
*** HOLE CARDS ***
Ag3r0n: raises $3 to $6
igorkabmw: calls $3
*** FLOP *** [Jd 8c 5s]
igorkabmw: checks
Ag3r0n: checks
*** TURN *** [Jd 8c 5s] [3h]
igorkabmw: checks
Ag3r0n: bets $6
igorkabmw: calls $6
*** RIVER *** [Jd 8c 5s 3h] [As]
igorkabmw: bets $6
Ag3r0n: calls $6
*** SHOW DOWN ***
igorkabmw: shows [Ac 2d] (a pair of Aces)
Ag3r0n: shows [7h Ad] (a pair of Aces - Jack+Eight+Seven kicker)
Ag3r0n collected $35.50 from pot
*** SUMMARY ***
Total pot $36 | Rake $0.50
Board [Jd 8c 5s 3h As]
Seat 3: Ag3r0n (button) (small blind) showed [7h Ad] and won ($35.50) with a pair of Aces
Seat 5: igorkabmw (big blind) showed [Ac 2d] and lost with a pair of Aces


PokerStars Hand #176265261977:  Hold'em Limit ($3/$6 USD) - 2017/09/29 9:34:46 ET
Table 'Dubiago' 6-max Seat #5 is the button
Seat 3: Ag3r0n ($84.64 in chips)
Seat 5: igorkabmw ($35.24 in chips)
igorkabmw: posts small blind $1
Ag3r0n: posts big blind $3
*** HOLE CARDS ***
igorkabmw: raises $3 to $6
Ag3r0n: raises $3 to $9
igorkabmw: calls $3
*** FLOP *** [Jh Tc Ah]
Ag3r0n: bets $3
igorkabmw: calls $3
*** TURN *** [Jh Tc Ah] [6h]
Ag3r0n: bets $6
igorkabmw: calls $6
*** RIVER *** [Jh Tc Ah 6h] [6s]
Ag3r0n: bets $6
igorkabmw: calls $6
*** SHOW DOWN ***
Ag3r0n: shows [Kd Qd] (a straight, Ten to Ace)
igorkabmw: mucks hand
Ag3r0n collected $47.50 from pot
*** SUMMARY ***
Total pot $48 | Rake $0.50
Board [Jh Tc Ah 6h 6s]
Seat 3: Ag3r0n (big blind) showed [Kd Qd] and won ($47.50) with a straight, Ten to Ace
Seat 5: igorkabmw (button) (small blind) mucked


PokerStars Hand #176265271718:  Hold'em Limit ($3/$6 USD) - 2017/09/29 9:35:06 ET
Table 'Dubiago' 6-max Seat #3 is the button
Seat 3: Ag3r0n ($108.14 in chips)
Seat 5: igorkabmw ($11.24 in chips)
Ag3r0n: posts small blind $1
igorkabmw: posts big blind $3
*** HOLE CARDS ***
Ag3r0n: raises $3 to $6
igorkabmw: calls $3
*** FLOP *** [7d 3c Qd]
igorkabmw: bets $3
Ag3r0n: raises $3 to $6
igorkabmw: calls $2.24 and is all-in
Uncalled bet ($0.76) returned to Ag3r0n
*** TURN *** [7d 3c Qd] [Kh]
*** RIVER *** [7d 3c Qd Kh] [Ad]
*** SHOW DOWN ***
igorkabmw: shows [Qh 6d] (a pair of Queens)
Ag3r0n: shows [9h Jd] (high card Ace)
igorkabmw collected $22.03 from pot
*** SUMMARY ***
Total pot $22.48 | Rake $0.45
Board [7d 3c Qd Kh Ad]
Seat 3: Ag3r0n (button) (small blind) showed [9h Jd] and lost with high card Ace
Seat 5: igorkabmw (big blind) showed [Qh 6d] and won ($22.03) with a pair of Queens


PokerStars Hand #176265279309:  Hold'em Limit ($3/$6 USD) - 2017/09/29 9:35:21 ET
Table 'Dubiago' 6-max Seat #5 is the button
Seat 3: Ag3r0n ($96.90 in chips)
Seat 5: igorkabmw ($22.03 in chips)
igorkabmw: posts small blind $1
Ag3r0n: posts big blind $3
*** HOLE CARDS ***
igorkabmw: calls $2
Ag3r0n: checks
*** FLOP *** [Kc Th 4d]
Ag3r0n: checks
igorkabmw: checks
*** TURN *** [Kc Th 4d] [8h]
Ag3r0n: bets $6
igorkabmw: folds
Uncalled bet ($6) returned to Ag3r0n
Ag3r0n collected $5.88 from pot
Ag3r0n: doesn't show hand
*** SUMMARY ***
Total pot $6 | Rake $0.12
Board [Kc Th 4d 8h]
Seat 3: Ag3r0n (big blind) collected ($5.88)
Seat 5: igorkabmw (button) (small blind) folded on the Turn


PokerStars Hand #176265288890:  Hold'em Limit ($3/$6 USD) - 2017/09/29 9:35:41 ET
Table 'Dubiago' 6-max Seat #3 is the button
Seat 3: Ag3r0n ($99.78 in chips)
Seat 5: igorkabmw ($19.03 in chips)
Ag3r0n: posts small blind $1
igorkabmw: posts big blind $3
*** HOLE CARDS ***
Ag3r0n: raises $3 to $6
igorkabmw: calls $3
*** FLOP *** [As Ts Ad]
igorkabmw: checks
Ag3r0n: bets $3
igorkabmw: calls $3
*** TURN *** [As Ts Ad] [2c]
igorkabmw: checks
Ag3r0n: bets $6
igorkabmw: raises $4.03 to $10.03 and is all-in
Ag3r0n: calls $4.03
*** RIVER *** [As Ts Ad 2c] [Qs]
*** SHOW DOWN ***
igorkabmw: shows [Qd Td] (two pair, Aces and Queens)
Ag3r0n: shows [Ac 7s] (three of a kind, Aces)
Ag3r0n collected $37.56 from pot
*** SUMMARY ***
Total pot $38.06 | Rake $0.50
Board [As Ts Ad 2c Qs]
Seat 3: Ag3r0n (button) (small blind) showed [Ac 7s] and won ($37.56) with three of a kind, Aces
Seat 5: igorkabmw (big blind) showed [Qd Td] and lost with two pair, Aces and Queens


