PokerStars Hand #174163990215:  Hold'em Limit ($3/$6 USD) - 2017/08/10 13:49:47 ET
Table 'Ducrosa' 6-max Seat #3 is the button
Seat 3: Rus29APX ($120 in chips)
Seat 4: Eklund_1891 ($120 in chips)
Rus29APX: posts small blind $1
Eklund_1891: posts big blind $3
*** HOLE CARDS ***
Rus29APX: raises $3 to $6
Eklund_1891: raises $3 to $9
Rus29APX: calls $3
*** FLOP *** [5h Ks Kd]
Eklund_1891: bets $3
Rus29APX: folds
Uncalled bet ($3) returned to Eklund_1891
Eklund_1891 collected $17.64 from pot
Eklund_1891: doesn't show hand
*** SUMMARY ***
Total pot $18 | Rake $0.36
Board [5h Ks Kd]
Seat 3: Rus29APX (button) (small blind) folded on the Flop
Seat 4: Eklund_1891 (big blind) collected ($17.64)


PokerStars Hand #174169283311:  Hold'em Limit ($3/$6 USD) - 2017/08/10 15:53:30 ET
Table 'Ducrosa' 6-max Seat #6 is the button
Seat 2: Jannuh ($200.36 in chips)
Seat 6: Pelurile ($134.68 in chips)
Pelurile: posts small blind $1
ToDaFelt: is sitting out
Jannuh: posts big blind $3
*** HOLE CARDS ***
ToDaFelt leaves the table
Pelurile: raises $3 to $6
Jannuh: calls $3
*** FLOP *** [3s As Kc]
Jannuh: checks
Pelurile: bets $3
Jannuh: raises $3 to $6
Pelurile: calls $3
*** TURN *** [3s As Kc] [Jd]
Jannuh: bets $6
Pelurile: calls $6
*** RIVER *** [3s As Kc Jd] [Qc]
Jannuh: bets $6
Pelurile: calls $6
*** SHOW DOWN ***
Jannuh: shows [2h Jc] (a pair of Jacks)
Pelurile: shows [9d Ac] (a pair of Aces)
Pelurile collected $47.50 from pot
*** SUMMARY ***
Total pot $48 | Rake $0.50
Board [3s As Kc Jd Qc]
Seat 2: Jannuh (big blind) showed [2h Jc] and lost with a pair of Jacks
Seat 6: Pelurile (button) (small blind) showed [9d Ac] and won ($47.50) with a pair of Aces


