PokerStars Hand #146612910599:  Hold'em Limit ($3/$6 USD) - 2016/01/07 5:43:57 ET
Table 'Dudu' 2-max Seat #2 is the button
Seat 1: jl45259071 ($164.36 in chips)
Seat 2: MTails ($132.16 in chips)
MTails: posts small blind $1
jl45259071: posts big blind $3
*** HOLE CARDS ***
MTails: folds
Uncalled bet ($2) returned to jl45259071
jl45259071 collected $2 from pot
*** SUMMARY ***
Total pot $2 | Rake $0
Seat 1: jl45259071 (big blind) collected ($2)
Seat 2: MTails (button) (small blind) folded before Flop


PokerStars Hand #146612906133:  Hold'em Limit ($3/$6 USD) - 2016/01/07 5:43:49 ET
Table 'Dudu' 2-max Seat #1 is the button
Seat 1: jl45259071 ($170.36 in chips)
Seat 2: MTails ($126.40 in chips)
jl45259071: posts small blind $1
MTails: posts big blind $3
*** HOLE CARDS ***
jl45259071: calls $2
MTails: raises $3 to $6
jl45259071: calls $3
*** FLOP *** [6d Qc 3c]
MTails: bets $3
jl45259071: folds
Uncalled bet ($3) returned to MTails
MTails collected $11.76 from pot
MTails: doesn't show hand
*** SUMMARY ***
Total pot $12 | Rake $0.24
Board [6d Qc 3c]
Seat 1: jl45259071 (button) (small blind) folded on the Flop
Seat 2: MTails (big blind) collected ($11.76)


PokerStars Hand #146612903090:  Hold'em Limit ($3/$6 USD) - 2016/01/07 5:43:43 ET
Table 'Dudu' 2-max Seat #2 is the button
Seat 1: jl45259071 ($173.36 in chips)
Seat 2: MTails ($123.40 in chips)
MTails: posts small blind $1
jl45259071: posts big blind $3
*** HOLE CARDS ***
MTails: raises $3 to $6
jl45259071: folds
Uncalled bet ($3) returned to MTails
MTails collected $6 from pot
MTails: doesn't show hand
*** SUMMARY ***
Total pot $6 | Rake $0
Seat 1: jl45259071 (big blind) folded before Flop
Seat 2: MTails (button) (small blind) collected ($6)


PokerStars Hand #146612891925:  Hold'em Limit ($3/$6 USD) - 2016/01/07 5:43:21 ET
Table 'Dudu' 2-max Seat #1 is the button
Seat 1: jl45259071 ($161.84 in chips)
Seat 2: MTails ($135.40 in chips)
jl45259071: posts small blind $1
MTails: posts big blind $3
*** HOLE CARDS ***
jl45259071: calls $2
MTails: raises $3 to $6
jl45259071: calls $3
*** FLOP *** [8s 2h 3c]
MTails: bets $3
jl45259071: raises $3 to $6
MTails: calls $3
*** TURN *** [8s 2h 3c] [Th]
MTails: checks
jl45259071: checks
*** RIVER *** [8s 2h 3c Th] [Ac]
MTails: checks
jl45259071: bets $6
MTails: folds
Uncalled bet ($6) returned to jl45259071
jl45259071 collected $23.52 from pot
*** SUMMARY ***
Total pot $24 | Rake $0.48
Board [8s 2h 3c Th Ac]
Seat 1: jl45259071 (button) (small blind) collected ($23.52)
Seat 2: MTails (big blind) folded on the River


PokerStars Hand #146612886625:  Hold'em Limit ($3/$6 USD) - 2016/01/07 5:43:10 ET
Table 'Dudu' 2-max Seat #2 is the button
Seat 1: jl45259071 ($167.84 in chips)
Seat 2: MTails ($129.64 in chips)
MTails: posts small blind $1
jl45259071: posts big blind $3
*** HOLE CARDS ***
MTails: raises $3 to $6
jl45259071: calls $3
*** FLOP *** [Qh Jc 4c]
jl45259071: checks
MTails: bets $3
jl45259071: folds
Uncalled bet ($3) returned to MTails
MTails collected $11.76 from pot
*** SUMMARY ***
Total pot $12 | Rake $0.24
Board [Qh Jc 4c]
Seat 1: jl45259071 (big blind) folded on the Flop
Seat 2: MTails (button) (small blind) collected ($11.76)


PokerStars Hand #146612939640:  Hold'em Limit ($3/$6 USD) - 2016/01/07 5:44:54 ET
Table 'Dudu' 2-max Seat #2 is the button
Seat 1: jl45259071 ($182.36 in chips)
Seat 2: MTails ($112.66 in chips)
MTails: posts small blind $1
jl45259071: posts big blind $3
*** HOLE CARDS ***
MTails: raises $3 to $6
jl45259071: folds
Uncalled bet ($3) returned to MTails
MTails collected $6 from pot
MTails: doesn't show hand
*** SUMMARY ***
Total pot $6 | Rake $0
Seat 1: jl45259071 (big blind) folded before Flop
Seat 2: MTails (button) (small blind) collected ($6)


PokerStars Hand #146612930453:  Hold'em Limit ($3/$6 USD) - 2016/01/07 5:44:36 ET
Table 'Dudu' 2-max Seat #1 is the button
Seat 1: jl45259071 ($203.36 in chips)
Seat 2: MTails ($92.16 in chips)
jl45259071: posts small blind $1
MTails: posts big blind $3
*** HOLE CARDS ***
jl45259071: calls $2
MTails: raises $3 to $6
jl45259071: calls $3
*** FLOP *** [2d 9d 2h]
MTails: bets $3
jl45259071: calls $3
*** TURN *** [2d 9d 2h] [9c]
MTails: bets $6
jl45259071: calls $6
*** RIVER *** [2d 9d 2h 9c] [5d]
MTails: bets $6
jl45259071: calls $6
*** SHOW DOWN ***
MTails: shows [5s Jc] (two pair, Nines and Fives)
jl45259071: mucks hand
MTails collected $41.50 from pot
*** SUMMARY ***
Total pot $42 | Rake $0.50
Board [2d 9d 2h 9c 5d]
Seat 1: jl45259071 (button) (small blind) mucked
Seat 2: MTails (big blind) showed [5s Jc] and won ($41.50) with two pair, Nines and Fives


PokerStars Hand #146612922811:  Hold'em Limit ($3/$6 USD) - 2016/01/07 5:44:21 ET
Table 'Dudu' 2-max Seat #2 is the button
Seat 1: jl45259071 ($188.86 in chips)
Seat 2: MTails ($107.16 in chips)
MTails: posts small blind $1
jl45259071: posts big blind $3
*** HOLE CARDS ***
MTails: raises $3 to $6
jl45259071: calls $3
*** FLOP *** [3d Ad Ac]
jl45259071: checks
MTails: bets $3
jl45259071: calls $3
*** TURN *** [3d Ad Ac] [5h]
jl45259071: checks
MTails: bets $6
jl45259071: calls $6
*** RIVER *** [3d Ad Ac 5h] [Qs]
jl45259071: checks
MTails: checks
*** SHOW DOWN ***
jl45259071: shows [Tc Kd] (a pair of Aces)
MTails: mucks hand
jl45259071 collected $29.50 from pot
*** SUMMARY ***
Total pot $30 | Rake $0.50
Board [3d Ad Ac 5h Qs]
Seat 1: jl45259071 (big blind) showed [Tc Kd] and won ($29.50) with a pair of Aces
Seat 2: MTails (button) (small blind) mucked


PokerStars Hand #146612913005:  Hold'em Limit ($3/$6 USD) - 2016/01/07 5:44:02 ET
Table 'Dudu' 2-max Seat #1 is the button
Seat 1: jl45259071 ($165.36 in chips)
Seat 2: MTails ($131.16 in chips)
jl45259071: posts small blind $1
MTails: posts big blind $3
*** HOLE CARDS ***
jl45259071: calls $2
MTails: raises $3 to $6
jl45259071: raises $3 to $9
MTails: calls $3
*** FLOP *** [Ah 5h 7h]
MTails: checks
jl45259071: bets $3
MTails: calls $3
*** TURN *** [Ah 5h 7h] [8s]
MTails: checks
jl45259071: checks
*** RIVER *** [Ah 5h 7h 8s] [3s]
MTails: bets $6
jl45259071: raises $6 to $12
MTails: calls $6
*** SHOW DOWN ***
jl45259071: shows [Js Jc] (a pair of Jacks)
MTails: mucks hand
jl45259071 collected $47.50 from pot
*** SUMMARY ***
Total pot $48 | Rake $0.50
Board [Ah 5h 7h 8s 3s]
Seat 1: jl45259071 (button) (small blind) showed [Js Jc] and won ($47.50) with a pair of Jacks
Seat 2: MTails (big blind) mucked


PokerStars Hand #146612957995:  Hold'em Limit ($3/$6 USD) - 2016/01/07 5:45:30 ET
Table 'Dudu' 2-max Seat #1 is the button
Seat 1: jl45259071 ($149.36 in chips)
Seat 2: MTails ($144.92 in chips)
jl45259071: posts small blind $1
MTails: posts big blind $3
*** HOLE CARDS ***
jl45259071: calls $2
MTails: raises $3 to $6
jl45259071: calls $3
*** FLOP *** [9s 7d 8h]
MTails: bets $3
jl45259071: calls $3
*** TURN *** [9s 7d 8h] [Qh]
MTails: checks
jl45259071: bets $6
MTails: raises $6 to $12
jl45259071: calls $6
*** RIVER *** [9s 7d 8h Qh] [Jd]
MTails: checks
jl45259071: checks
*** SHOW DOWN ***
MTails: shows [9d 6s] (a pair of Nines)
jl45259071: mucks hand
MTails collected $41.50 from pot
*** SUMMARY ***
Total pot $42 | Rake $0.50
Board [9s 7d 8h Qh Jd]
Seat 1: jl45259071 (button) (small blind) mucked
Seat 2: MTails (big blind) showed [9d 6s] and won ($41.50) with a pair of Nines


PokerStars Hand #146612952838:  Hold'em Limit ($3/$6 USD) - 2016/01/07 5:45:20 ET
Table 'Dudu' 2-max Seat #2 is the button
Seat 1: jl45259071 ($155.36 in chips)
Seat 2: MTails ($139.16 in chips)
MTails: posts small blind $1
jl45259071: posts big blind $3
*** HOLE CARDS ***
MTails: raises $3 to $6
jl45259071: calls $3
*** FLOP *** [2d 5c Qc]
jl45259071: checks
MTails: bets $3
jl45259071: folds
Uncalled bet ($3) returned to MTails
MTails collected $11.76 from pot
*** SUMMARY ***
Total pot $12 | Rake $0.24
Board [2d 5c Qc]
Seat 1: jl45259071 (big blind) folded on the Flop
Seat 2: MTails (button) (small blind) collected ($11.76)


PokerStars Hand #146612942697:  Hold'em Limit ($3/$6 USD) - 2016/01/07 5:45:00 ET
Table 'Dudu' 2-max Seat #1 is the button
Seat 1: jl45259071 ($179.36 in chips)
Seat 2: MTails ($115.66 in chips)
jl45259071: posts small blind $1
MTails: posts big blind $3
*** HOLE CARDS ***
jl45259071: calls $2
MTails: raises $3 to $6
jl45259071: calls $3
*** FLOP *** [6c 6d 5s]
MTails: bets $3
jl45259071: raises $3 to $6
MTails: calls $3
*** TURN *** [6c 6d 5s] [9s]
MTails: checks
jl45259071: checks
*** RIVER *** [6c 6d 5s 9s] [Tc]
MTails: checks
jl45259071: bets $6
MTails: raises $6 to $12
jl45259071: calls $6
*** SHOW DOWN ***
MTails: shows [Ts Kd] (two pair, Tens and Sixes)
jl45259071: mucks hand
MTails collected $47.50 from pot
*** SUMMARY ***
Total pot $48 | Rake $0.50
Board [6c 6d 5s 9s Tc]
Seat 1: jl45259071 (button) (small blind) mucked
Seat 2: MTails (big blind) showed [Ts Kd] and won ($47.50) with two pair, Tens and Sixes


PokerStars Hand #146612992517:  Hold'em Limit ($3/$6 USD) - 2016/01/07 5:46:37 ET
Table 'Dudu' 2-max Seat #2 is the button
Seat 1: jl45259071 ($98.36 in chips)
Seat 2: MTails ($194.56 in chips)
MTails: posts small blind $1
jl45259071: posts big blind $3
*** HOLE CARDS ***
MTails: raises $3 to $6
jl45259071: folds
Uncalled bet ($3) returned to MTails
MTails collected $6 from pot
*** SUMMARY ***
Total pot $6 | Rake $0
Seat 1: jl45259071 (big blind) folded before Flop
Seat 2: MTails (button) (small blind) collected ($6)


PokerStars Hand #146612983379:  Hold'em Limit ($3/$6 USD) - 2016/01/07 5:46:19 ET
Table 'Dudu' 2-max Seat #1 is the button
Seat 1: jl45259071 ($119.36 in chips)
Seat 2: MTails ($174.06 in chips)
jl45259071: posts small blind $1
MTails: posts big blind $3
*** HOLE CARDS ***
jl45259071: calls $2
MTails: raises $3 to $6
jl45259071: calls $3
*** FLOP *** [3h 5h 9s]
MTails: bets $3
jl45259071: calls $3
*** TURN *** [3h 5h 9s] [9h]
MTails: checks
jl45259071: bets $6
MTails: raises $6 to $12
jl45259071: calls $6
*** RIVER *** [3h 5h 9s 9h] [Kh]
MTails: bets $6
jl45259071: folds
Uncalled bet ($6) returned to MTails
MTails collected $41.50 from pot
*** SUMMARY ***
Total pot $42 | Rake $0.50
Board [3h 5h 9s 9h Kh]
Seat 1: jl45259071 (button) (small blind) folded on the River
Seat 2: MTails (big blind) collected ($41.50)


PokerStars Hand #146612968793:  Hold'em Limit ($3/$6 USD) - 2016/01/07 5:45:51 ET
Table 'Dudu' 2-max Seat #2 is the button
Seat 1: jl45259071 ($128.36 in chips)
Seat 2: MTails ($165.42 in chips)
MTails: posts small blind $1
jl45259071: posts big blind $3
*** HOLE CARDS ***
MTails: raises $3 to $6
jl45259071: calls $3
*** FLOP *** [8c Kd 4h]
jl45259071: checks
MTails: bets $3
jl45259071: calls $3
*** TURN *** [8c Kd 4h] [7s]
jl45259071: checks
MTails: bets $6
jl45259071: folds
Uncalled bet ($6) returned to MTails
MTails collected $17.64 from pot
*** SUMMARY ***
Total pot $18 | Rake $0.36
Board [8c Kd 4h 7s]
Seat 1: jl45259071 (big blind) folded on the Turn
Seat 2: MTails (button) (small blind) collected ($17.64)


PokerStars Hand #146612995535:  Hold'em Limit ($3/$6 USD) - 2016/01/07 5:46:43 ET
Table 'Dudu' 2-max Seat #1 is the button
Seat 1: jl45259071 ($95.36 in chips)
Seat 2: MTails ($197.56 in chips)
jl45259071: posts small blind $1
MTails: posts big blind $3
*** HOLE CARDS ***
jl45259071: calls $2
MTails: raises $3 to $6
jl45259071: calls $3
*** FLOP *** [7s 5h 4s]
MTails: bets $3
jl45259071: calls $3
*** TURN *** [7s 5h 4s] [Ks]
MTails: bets $6
jl45259071: calls $6
*** RIVER *** [7s 5h 4s Ks] [Th]
MTails: checks
jl45259071: checks
*** SHOW DOWN ***
MTails: shows [4d 7h] (two pair, Sevens and Fours)
jl45259071: mucks hand
MTails collected $29.50 from pot
*** SUMMARY ***
Total pot $30 | Rake $0.50
Board [7s 5h 4s Ks Th]
Seat 1: jl45259071 (button) (small blind) mucked
Seat 2: MTails (big blind) showed [4d 7h] and won ($29.50) with two pair, Sevens and Fours


PokerStars Hand #146613042920:  Hold'em Limit ($3/$6 USD) - 2016/01/07 5:47:48 ET
Table 'Dudu' 2-max Seat #1 is the button
Seat 1: jl45259071 ($35.36 in chips)
Seat 2: MTails ($255.70 in chips)
jl45259071: posts small blind $1
MTails: posts big blind $3
*** HOLE CARDS ***
jl45259071: folds
Uncalled bet ($2) returned to MTails
MTails collected $2 from pot
MTails: doesn't show hand
*** SUMMARY ***
Total pot $2 | Rake $0
Seat 1: jl45259071 (button) (small blind) folded before Flop
Seat 2: MTails (big blind) collected ($2)


PokerStars Hand #146613033472:  Hold'em Limit ($3/$6 USD) - 2016/01/07 5:47:35 ET
Table 'Dudu' 2-max Seat #2 is the button
Seat 1: jl45259071 ($44.36 in chips)
Seat 2: MTails ($247.06 in chips)
MTails: posts small blind $1
jl45259071: posts big blind $3
*** HOLE CARDS ***
MTails: raises $3 to $6
jl45259071: calls $3
*** FLOP *** [2d 8d Jd]
jl45259071: checks
MTails: bets $3
jl45259071: calls $3
*** TURN *** [2d 8d Jd] [3c]
jl45259071: checks
MTails: bets $6
jl45259071: folds
Uncalled bet ($6) returned to MTails
MTails collected $17.64 from pot
*** SUMMARY ***
Total pot $18 | Rake $0.36
Board [2d 8d Jd 3c]
Seat 1: jl45259071 (big blind) folded on the Turn
Seat 2: MTails (button) (small blind) collected ($17.64)


PokerStars Hand #146613022255:  Hold'em Limit ($3/$6 USD) - 2016/01/07 5:47:19 ET
Table 'Dudu' 2-max Seat #1 is the button
Seat 1: jl45259071 ($59.36 in chips)
Seat 2: MTails ($232.56 in chips)
jl45259071: posts small blind $1
MTails: posts big blind $3
*** HOLE CARDS ***
jl45259071: calls $2
MTails: raises $3 to $6
jl45259071: calls $3
*** FLOP *** [3d Jc 9c]
MTails: bets $3
jl45259071: calls $3
*** TURN *** [3d Jc 9c] [5c]
MTails: checks
jl45259071: checks
*** RIVER *** [3d Jc 9c 5c] [Ts]
MTails: checks
jl45259071: bets $6
MTails: calls $6
*** SHOW DOWN ***
jl45259071: shows [6d 4d] (high card Jack)
MTails: shows [5s Ah] (a pair of Fives)
MTails collected $29.50 from pot
*** SUMMARY ***
Total pot $30 | Rake $0.50
Board [3d Jc 9c 5c Ts]
Seat 1: jl45259071 (button) (small blind) showed [6d 4d] and lost with high card Jack
Seat 2: MTails (big blind) showed [5s Ah] and won ($29.50) with a pair of Fives


PokerStars Hand #146613004770:  Hold'em Limit ($3/$6 USD) - 2016/01/07 5:47:00 ET
Table 'Dudu' 2-max Seat #2 is the button
Seat 1: jl45259071 ($80.36 in chips)
Seat 2: MTails ($212.06 in chips)
MTails: posts small blind $1
jl45259071: posts big blind $3
*** HOLE CARDS ***
MTails: raises $3 to $6
jl45259071: calls $3
*** FLOP *** [5d 9h Qc]
jl45259071: checks
MTails: bets $3
jl45259071: calls $3
*** TURN *** [5d 9h Qc] [3s]
jl45259071: checks
MTails: bets $6
jl45259071: calls $6
*** RIVER *** [5d 9h Qc 3s] [4d]
jl45259071: checks
MTails: bets $6
jl45259071: calls $6
*** SHOW DOWN ***
MTails: shows [9c 8h] (a pair of Nines)
jl45259071: mucks hand
MTails collected $41.50 from pot
*** SUMMARY ***
Total pot $42 | Rake $0.50
Board [5d 9h Qc 3s 4d]
Seat 1: jl45259071 (big blind) mucked
Seat 2: MTails (button) (small blind) showed [9c 8h] and won ($41.50) with a pair of Nines


PokerStars Hand #146613045580:  Hold'em Limit ($3/$6 USD) - 2016/01/07 5:47:53 ET
Table 'Dudu' 2-max Seat #2 is the button
Seat 1: jl45259071 ($34.36 in chips)
Seat 2: MTails ($256.70 in chips)
MTails: posts small blind $1
jl45259071: posts big blind $3
*** HOLE CARDS ***
MTails: folds
Uncalled bet ($2) returned to jl45259071
jl45259071 collected $2 from pot
*** SUMMARY ***
Total pot $2 | Rake $0
Seat 1: jl45259071 (big blind) collected ($2)
Seat 2: MTails (button) (small blind) folded before Flop


PokerStars Hand #146613048712:  Hold'em Limit ($3/$6 USD) - 2016/01/07 5:47:58 ET
Table 'Dudu' 2-max Seat #1 is the button
Seat 1: jl45259071 ($35.36 in chips)
Seat 2: MTails ($255.70 in chips)
jl45259071: posts small blind $1
MTails: posts big blind $3
*** HOLE CARDS ***
jl45259071: calls $2
MTails: raises $3 to $6
jl45259071: calls $3
*** FLOP *** [8d Th 3d]
MTails: bets $3
jl45259071: calls $3
*** TURN *** [8d Th 3d] [7d]
MTails: bets $6
jl45259071: calls $6
*** RIVER *** [8d Th 3d 7d] [2h]
MTails: bets $6
jl45259071: raises $6 to $12
MTails: raises $6 to $18
jl45259071: calls $6
*** SHOW DOWN ***
MTails: shows [6d 2d] (a flush, Eight high)
jl45259071: mucks hand
MTails collected $65.50 from pot
*** SUMMARY ***
Total pot $66 | Rake $0.50
Board [8d Th 3d 7d 2h]
Seat 1: jl45259071 (button) (small blind) mucked
Seat 2: MTails (big blind) showed [6d 2d] and won ($65.50) with a flush, Eight high


PokerStars Hand #146613483970:  Hold'em Limit ($3/$6 USD) - 2016/01/07 6:02:35 ET
Table 'Dudu' 2-max Seat #2 is the button
Seat 1: lidkov ($101.36 in chips)
Seat 2: 99nata ($124 in chips)
99nata: posts small blind $1
lidkov: posts big blind $3
*** HOLE CARDS ***
99nata: calls $2
lidkov: raises $3 to $6
99nata: folds
Uncalled bet ($3) returned to lidkov
lidkov collected $6 from pot
lidkov: doesn't show hand
*** SUMMARY ***
Total pot $6 | Rake $0
Seat 1: lidkov (big blind) collected ($6)
Seat 2: 99nata (button) (small blind) folded before Flop


PokerStars Hand #146613515378:  Hold'em Limit ($3/$6 USD) - 2016/01/07 6:03:35 ET
Table 'Dudu' 2-max Seat #2 is the button
Seat 1: lidkov ($111.24 in chips)
Seat 2: 99nata ($114 in chips)
99nata: posts small blind $1
lidkov: posts big blind $3
*** HOLE CARDS ***
99nata: calls $2
lidkov: raises $3 to $6
99nata: folds
Uncalled bet ($3) returned to lidkov
lidkov collected $6 from pot
lidkov: doesn't show hand
*** SUMMARY ***
Total pot $6 | Rake $0
Seat 1: lidkov (big blind) collected ($6)
Seat 2: 99nata (button) (small blind) folded before Flop


PokerStars Hand #146613526106:  Hold'em Limit ($3/$6 USD) - 2016/01/07 6:03:55 ET
Table 'Dudu' 2-max Seat #1 is the button
Seat 1: lidkov ($114.24 in chips)
Seat 2: 99nata ($111 in chips)
lidkov: posts small blind $1
99nata: posts big blind $3
*** HOLE CARDS ***
lidkov: raises $3 to $6
99nata: folds
Uncalled bet ($3) returned to lidkov
lidkov collected $6 from pot
lidkov: doesn't show hand
*** SUMMARY ***
Total pot $6 | Rake $0
Seat 1: lidkov (button) (small blind) collected ($6)
Seat 2: 99nata (big blind) folded before Flop


PokerStars Hand #146613510997:  Hold'em Limit ($3/$6 USD) - 2016/01/07 6:03:27 ET
Table 'Dudu' 2-max Seat #1 is the button
Seat 1: lidkov ($108.24 in chips)
Seat 2: 99nata ($117 in chips)
lidkov: posts small blind $1
99nata: posts big blind $3
*** HOLE CARDS ***
lidkov: raises $3 to $6
99nata: folds
Uncalled bet ($3) returned to lidkov
lidkov collected $6 from pot
*** SUMMARY ***
Total pot $6 | Rake $0
Seat 1: lidkov (button) (small blind) collected ($6)
Seat 2: 99nata (big blind) folded before Flop


PokerStars Hand #146613490618:  Hold'em Limit ($3/$6 USD) - 2016/01/07 6:02:48 ET
Table 'Dudu' 2-max Seat #1 is the button
Seat 1: lidkov ($104.36 in chips)
Seat 2: 99nata ($121 in chips)
lidkov: posts small blind $1
99nata: posts big blind $3
*** HOLE CARDS ***
lidkov: calls $2
99nata: checks
*** FLOP *** [Qc 2d Jc]
99nata: checks
lidkov: checks
*** TURN *** [Qc 2d Jc] [3d]
99nata: checks
lidkov: checks
*** RIVER *** [Qc 2d Jc 3d] [9c]
99nata: checks
lidkov: bets $6
99nata: folds
Uncalled bet ($6) returned to lidkov
lidkov collected $5.88 from pot
lidkov: doesn't show hand
*** SUMMARY ***
Total pot $6 | Rake $0.12
Board [Qc 2d Jc 3d 9c]
Seat 1: lidkov (button) (small blind) collected ($5.88)
Seat 2: 99nata (big blind) folded on the River


PokerStars Hand #146613507344:  Hold'em Limit ($3/$6 USD) - 2016/01/07 6:03:20 ET
Table 'Dudu' 2-max Seat #2 is the button
Seat 1: lidkov ($107.24 in chips)
Seat 2: 99nata ($118 in chips)
99nata: posts small blind $1
lidkov: posts big blind $3
*** HOLE CARDS ***
99nata: folds
Uncalled bet ($2) returned to lidkov
lidkov collected $2 from pot
lidkov: doesn't show hand
*** SUMMARY ***
Total pot $2 | Rake $0
Seat 1: lidkov (big blind) collected ($2)
Seat 2: 99nata (button) (small blind) folded before Flop


PokerStars Hand #146613532388:  Hold'em Limit ($3/$6 USD) - 2016/01/07 6:04:07 ET
Table 'Dudu' 2-max Seat #2 is the button
Seat 1: lidkov ($117.24 in chips)
Seat 2: 99nata ($108 in chips)
99nata: posts small blind $1
lidkov: posts big blind $3
*** HOLE CARDS ***
99nata: folds
Uncalled bet ($2) returned to lidkov
lidkov collected $2 from pot
lidkov: doesn't show hand
*** SUMMARY ***
Total pot $2 | Rake $0
Seat 1: lidkov (big blind) collected ($2)
Seat 2: 99nata (button) (small blind) folded before Flop


PokerStars Hand #146613559107:  Hold'em Limit ($3/$6 USD) - 2016/01/07 6:04:56 ET
Table 'Dudu' 2-max Seat #2 is the button
Seat 1: lidkov ($121.24 in chips)
Seat 2: 99nata ($104 in chips)
99nata: posts small blind $1
lidkov: posts big blind $3
*** HOLE CARDS ***
99nata: calls $2
lidkov: raises $3 to $6
99nata: folds
Uncalled bet ($3) returned to lidkov
lidkov collected $6 from pot
lidkov: doesn't show hand
*** SUMMARY ***
Total pot $6 | Rake $0
Seat 1: lidkov (big blind) collected ($6)
Seat 2: 99nata (button) (small blind) folded before Flop


PokerStars Hand #146613538576:  Hold'em Limit ($3/$6 USD) - 2016/01/07 6:04:18 ET
Table 'Dudu' 2-max Seat #1 is the button
Seat 1: lidkov ($118.24 in chips)
Seat 2: 99nata ($107 in chips)
lidkov: posts small blind $1
99nata: posts big blind $3
*** HOLE CARDS ***
lidkov: folds
Uncalled bet ($2) returned to 99nata
99nata collected $2 from pot
99nata: doesn't show hand
*** SUMMARY ***
Total pot $2 | Rake $0
Seat 1: lidkov (button) (small blind) folded before Flop
Seat 2: 99nata (big blind) collected ($2)


PokerStars Hand #146613554911:  Hold'em Limit ($3/$6 USD) - 2016/01/07 6:04:49 ET
Table 'Dudu' 2-max Seat #1 is the button
Seat 1: lidkov ($118.24 in chips)
Seat 2: 99nata ($107 in chips)
lidkov: posts small blind $1
99nata: posts big blind $3
*** HOLE CARDS ***
lidkov: raises $3 to $6
99nata: folds
Uncalled bet ($3) returned to lidkov
lidkov collected $6 from pot
lidkov: doesn't show hand
*** SUMMARY ***
Total pot $6 | Rake $0
Seat 1: lidkov (button) (small blind) collected ($6)
Seat 2: 99nata (big blind) folded before Flop


PokerStars Hand #146613575024:  Hold'em Limit ($3/$6 USD) - 2016/01/07 6:05:26 ET
Table 'Dudu' 2-max Seat #1 is the button
Seat 1: lidkov ($124.24 in chips)
Seat 2: 99nata ($101 in chips)
lidkov: posts small blind $1
99nata: posts big blind $3
*** HOLE CARDS ***
lidkov: folds
Uncalled bet ($2) returned to 99nata
99nata collected $2 from pot
99nata: doesn't show hand
*** SUMMARY ***
Total pot $2 | Rake $0
Seat 1: lidkov (button) (small blind) folded before Flop
Seat 2: 99nata (big blind) collected ($2)


PokerStars Hand #146613571601:  Hold'em Limit ($3/$6 USD) - 2016/01/07 6:05:20 ET
Table 'Dudu' 2-max Seat #2 is the button
Seat 1: lidkov ($123.24 in chips)
Seat 2: 99nata ($102 in chips)
99nata: posts small blind $1
lidkov: posts big blind $3
*** HOLE CARDS ***
99nata: folds
Uncalled bet ($2) returned to lidkov
lidkov collected $2 from pot
*** SUMMARY ***
Total pot $2 | Rake $0
Seat 1: lidkov (big blind) collected ($2)
Seat 2: 99nata (button) (small blind) folded before Flop


PokerStars Hand #146613565040:  Hold'em Limit ($3/$6 USD) - 2016/01/07 6:05:07 ET
Table 'Dudu' 2-max Seat #1 is the button
Seat 1: lidkov ($124.24 in chips)
Seat 2: 99nata ($101 in chips)
lidkov: posts small blind $1
99nata: posts big blind $3
*** HOLE CARDS ***
lidkov: folds
Uncalled bet ($2) returned to 99nata
99nata collected $2 from pot
99nata: doesn't show hand
*** SUMMARY ***
Total pot $2 | Rake $0
Seat 1: lidkov (button) (small blind) folded before Flop
Seat 2: 99nata (big blind) collected ($2)


PokerStars Hand #146613583338:  Hold'em Limit ($3/$6 USD) - 2016/01/07 6:05:42 ET
Table 'Dudu' 2-max Seat #2 is the button
Seat 1: lidkov ($123.24 in chips)
Seat 2: 99nata ($102 in chips)
99nata: posts small blind $1
lidkov: posts big blind $3
*** HOLE CARDS ***
99nata: folds
Uncalled bet ($2) returned to lidkov
lidkov collected $2 from pot
lidkov: doesn't show hand
*** SUMMARY ***
Total pot $2 | Rake $0
Seat 1: lidkov (big blind) collected ($2)
Seat 2: 99nata (button) (small blind) folded before Flop


PokerStars Hand #146613609709:  Hold'em Limit ($3/$6 USD) - 2016/01/07 6:06:31 ET
Table 'Dudu' 2-max Seat #1 is the button
Seat 1: lidkov ($130.24 in chips)
Seat 2: 99nata ($95 in chips)
lidkov: posts small blind $1
99nata: posts big blind $3
*** HOLE CARDS ***
lidkov: raises $3 to $6
99nata: folds
Uncalled bet ($3) returned to lidkov
lidkov collected $6 from pot
lidkov: doesn't show hand
*** SUMMARY ***
Total pot $6 | Rake $0
Seat 1: lidkov (button) (small blind) collected ($6)
Seat 2: 99nata (big blind) folded before Flop


PokerStars Hand #146613603413:  Hold'em Limit ($3/$6 USD) - 2016/01/07 6:06:19 ET
Table 'Dudu' 2-max Seat #2 is the button
Seat 1: lidkov ($127.24 in chips)
Seat 2: 99nata ($98 in chips)
99nata: posts small blind $1
lidkov: posts big blind $3
*** HOLE CARDS ***
99nata: calls $2
lidkov: raises $3 to $6
99nata: folds
Uncalled bet ($3) returned to lidkov
lidkov collected $6 from pot
lidkov: doesn't show hand
*** SUMMARY ***
Total pot $6 | Rake $0
Seat 1: lidkov (big blind) collected ($6)
Seat 2: 99nata (button) (small blind) folded before Flop


PokerStars Hand #146613593686:  Hold'em Limit ($3/$6 USD) - 2016/01/07 6:06:01 ET
Table 'Dudu' 2-max Seat #1 is the button
Seat 1: lidkov ($124.24 in chips)
Seat 2: 99nata ($101 in chips)
lidkov: posts small blind $1
99nata: posts big blind $3
*** HOLE CARDS ***
lidkov: raises $3 to $6
99nata: folds
Uncalled bet ($3) returned to lidkov
lidkov collected $6 from pot
lidkov: doesn't show hand
*** SUMMARY ***
Total pot $6 | Rake $0
Seat 1: lidkov (button) (small blind) collected ($6)
Seat 2: 99nata (big blind) folded before Flop


PokerStars Hand #146613616041:  Hold'em Limit ($3/$6 USD) - 2016/01/07 6:06:43 ET
Table 'Dudu' 2-max Seat #2 is the button
Seat 1: lidkov ($133.24 in chips)
Seat 2: 99nata ($92 in chips)
99nata: posts small blind $1
lidkov: posts big blind $3
*** HOLE CARDS ***
99nata: folds
Uncalled bet ($2) returned to lidkov
99nata leaves the table
lidkov collected $2 from pot
*** SUMMARY ***
Total pot $2 | Rake $0
Seat 1: lidkov (big blind) collected ($2)
Seat 2: 99nata (button) (small blind) folded before Flop


