PokerStars Hand #166339012325:  Hold'em Limit ($3/$6 USD) - 2017/02/17 7:36:02 ET
Table 'Dufour II' 6-max Seat #4 is the button
Seat 3: Batavus ($117.50 in chips)
Seat 4: Actionni13 ($165.52 in chips)
Actionni13: posts small blind $1
Batavus: posts big blind $3
*** HOLE CARDS ***
Actionni13: raises $3 to $6
Batavus: calls $3
*** FLOP *** [7c Qh Kd]
Batavus: checks
Actionni13: bets $3
Batavus: calls $3
*** TURN *** [7c Qh Kd] [7d]
vestimokrec leaves the table
Batavus: checks
Actionni13: checks
*** RIVER *** [7c Qh Kd 7d] [6d]
Batavus: bets $6
Actionni13: calls $6
*** SHOW DOWN ***
Batavus: shows [Kh 4h] (two pair, Kings and Sevens)
Actionni13: mucks hand
Batavus collected $29.50 from pot
*** SUMMARY ***
Total pot $30 | Rake $0.50
Board [7c Qh Kd 7d 6d]
Seat 3: Batavus (big blind) showed [Kh 4h] and won ($29.50) with two pair, Kings and Sevens
Seat 4: Actionni13 (button) (small blind) mucked


PokerStars Hand #166338998961:  Hold'em Limit ($3/$6 USD) - 2017/02/17 7:35:37 ET
Table 'Dufour II' 6-max Seat #4 is the button
Seat 3: Batavus ($132.50 in chips)
Seat 4: Actionni13 ($151 in chips)
Actionni13: posts small blind $1
RockKillerTY: is sitting out
vestimokrec: is sitting out
Batavus: posts big blind $3
*** HOLE CARDS ***
Actionni13: raises $3 to $6
Batavus: folds
Uncalled bet ($3) returned to Actionni13
Actionni13 collected $6 from pot
*** SUMMARY ***
Total pot $6 | Rake $0
Seat 3: Batavus (big blind) folded before Flop
Seat 4: Actionni13 (button) (small blind) collected ($6)


PokerStars Hand #166339002247:  Hold'em Limit ($3/$6 USD) - 2017/02/17 7:35:44 ET
Table 'Dufour II' 6-max Seat #3 is the button
Seat 3: Batavus ($129.50 in chips)
Seat 4: Actionni13 ($154 in chips)
Batavus: posts small blind $1
Actionni13: posts big blind $3
*** HOLE CARDS ***
Batavus: raises $3 to $6
RockKillerTY leaves the table
Actionni13: calls $3
*** FLOP *** [6h Ah 7c]
Actionni13: checks
Batavus: bets $3
Actionni13: raises $3 to $6
Batavus: calls $3
*** TURN *** [6h Ah 7c] [6c]
Actionni13: bets $6
Batavus: folds
Uncalled bet ($6) returned to Actionni13
Actionni13 collected $23.52 from pot
*** SUMMARY ***
Total pot $24 | Rake $0.48
Board [6h Ah 7c 6c]
Seat 3: Batavus (button) (small blind) folded on the Turn
Seat 4: Actionni13 (big blind) collected ($23.52)


PokerStars Hand #166339024136:  Hold'em Limit ($3/$6 USD) - 2017/02/17 7:36:24 ET
Table 'Dufour II' 6-max Seat #3 is the button
Seat 3: Batavus ($132 in chips)
Seat 4: Actionni13 ($150.52 in chips)
Batavus: posts small blind $1
Actionni13: posts big blind $3
*** HOLE CARDS ***
Batavus: raises $3 to $6
Actionni13: calls $3
*** FLOP *** [3d 7s 9h]
Actionni13: checks
Batavus: checks
*** TURN *** [3d 7s 9h] [8s]
Actionni13: bets $6
Batavus: folds
Uncalled bet ($6) returned to Actionni13
Actionni13 collected $11.76 from pot
*** SUMMARY ***
Total pot $12 | Rake $0.24
Board [3d 7s 9h 8s]
Seat 3: Batavus (button) (small blind) folded on the Turn
Seat 4: Actionni13 (big blind) collected ($11.76)


PokerStars Hand #166339031897:  Hold'em Limit ($3/$6 USD) - 2017/02/17 7:36:38 ET
Table 'Dufour II' 6-max Seat #4 is the button
Seat 3: Batavus ($126 in chips)
Seat 4: Actionni13 ($156.28 in chips)
Actionni13: posts small blind $1
Batavus: posts big blind $3
*** HOLE CARDS ***
Actionni13: folds
Uncalled bet ($2) returned to Batavus
Batavus collected $2 from pot
*** SUMMARY ***
Total pot $2 | Rake $0
Seat 3: Batavus (big blind) collected ($2)
Seat 4: Actionni13 (button) (small blind) folded before Flop


PokerStars Hand #166339037123:  Hold'em Limit ($3/$6 USD) - 2017/02/17 7:36:48 ET
Table 'Dufour II' 6-max Seat #4 is the button
Seat 3: Batavus ($126 in chips)
Seat 4: Actionni13 ($156.28 in chips)
Actionni13: posts small blind $1
Batavus: posts big blind $3
*** HOLE CARDS ***
Actionni13: raises $3 to $6
Batavus: calls $3
*** FLOP *** [Jh Ac Kc]
Batavus: checks
Actionni13: bets $3
Batavus: calls $3
*** TURN *** [Jh Ac Kc] [As]
Batavus: checks
Actionni13: checks
*** RIVER *** [Jh Ac Kc As] [Td]
Batavus: bets $6
Actionni13: folds
Uncalled bet ($6) returned to Batavus
Batavus collected $17.64 from pot
*** SUMMARY ***
Total pot $18 | Rake $0.36
Board [Jh Ac Kc As Td]
Seat 3: Batavus (big blind) collected ($17.64)
Seat 4: Actionni13 (button) (small blind) folded on the River


PokerStars Hand #166339068056:  Hold'em Limit ($3/$6 USD) - 2017/02/17 7:37:45 ET
Table 'Dufour II' 6-max Seat #3 is the button
Seat 3: Batavus ($139.40 in chips)
Seat 4: Actionni13 ($150 in chips)
Batavus: posts small blind $1
Actionni13: posts big blind $3
*** HOLE CARDS ***
Batavus: folds
Uncalled bet ($2) returned to Actionni13
Actionni13 collected $2 from pot
*** SUMMARY ***
Total pot $2 | Rake $0
Seat 3: Batavus (button) (small blind) folded before Flop
Seat 4: Actionni13 (big blind) collected ($2)


PokerStars Hand #166339053463:  Hold'em Limit ($3/$6 USD) - 2017/02/17 7:37:18 ET
Table 'Dufour II' 6-max Seat #4 is the button
Seat 3: Batavus ($133.64 in chips)
Seat 4: Actionni13 ($151 in chips)
Actionni13: posts small blind $1
Batavus: posts big blind $3
*** HOLE CARDS ***
Actionni13: raises $3 to $6
Batavus: calls $3
*** FLOP *** [2s 9s 3h]
Batavus: checks
Actionni13: checks
*** TURN *** [2s 9s 3h] [Jc]
Batavus: checks
Actionni13: checks
*** RIVER *** [2s 9s 3h Jc] [Ts]
Batavus: bets $6
Actionni13: folds
Uncalled bet ($6) returned to Batavus
Batavus collected $11.76 from pot
*** SUMMARY ***
Total pot $12 | Rake $0.24
Board [2s 9s 3h Jc Ts]
Seat 3: Batavus (big blind) collected ($11.76)
Seat 4: Actionni13 (button) (small blind) folded on the River


PokerStars Hand #166339073861:  Hold'em Limit ($3/$6 USD) - 2017/02/17 7:37:56 ET
Table 'Dufour II' 6-max Seat #3 is the button
Seat 3: Batavus ($139.40 in chips)
Seat 4: Actionni13 ($150 in chips)
Batavus: posts small blind $1
Actionni13: posts big blind $3
*** HOLE CARDS ***
Batavus: folds
Uncalled bet ($2) returned to Actionni13
Actionni13 collected $2 from pot
*** SUMMARY ***
Total pot $2 | Rake $0
Seat 3: Batavus (button) (small blind) folded before Flop
Seat 4: Actionni13 (big blind) collected ($2)


PokerStars Hand #166339071071:  Hold'em Limit ($3/$6 USD) - 2017/02/17 7:37:51 ET
Table 'Dufour II' 6-max Seat #4 is the button
Seat 3: Batavus ($138.40 in chips)
Seat 4: Actionni13 ($151 in chips)
Actionni13: posts small blind $1
Batavus: posts big blind $3
*** HOLE CARDS ***
Actionni13: folds
Uncalled bet ($2) returned to Batavus
Batavus collected $2 from pot
*** SUMMARY ***
Total pot $2 | Rake $0
Seat 3: Batavus (big blind) collected ($2)
Seat 4: Actionni13 (button) (small blind) folded before Flop


PokerStars Hand #166339076238:  Hold'em Limit ($3/$6 USD) - 2017/02/17 7:38:00 ET
Table 'Dufour II' 6-max Seat #4 is the button
Seat 3: Batavus ($138.40 in chips)
Seat 4: Actionni13 ($151 in chips)
Actionni13: posts small blind $1
Batavus: posts big blind $3
*** HOLE CARDS ***
Actionni13: raises $3 to $6
Batavus: calls $3
*** FLOP *** [7h 3c Jh]
Batavus: checks
Actionni13: checks
*** TURN *** [7h 3c Jh] [2h]
Batavus: checks
Actionni13: checks
*** RIVER *** [7h 3c Jh 2h] [8h]
Batavus: bets $6
Actionni13: folds
Uncalled bet ($6) returned to Batavus
laubes04 joins the table at seat #5
Batavus collected $11.76 from pot
*** SUMMARY ***
Total pot $12 | Rake $0.24
Board [7h 3c Jh 2h 8h]
Seat 3: Batavus (big blind) collected ($11.76)
Seat 4: Actionni13 (button) (small blind) folded on the River


PokerStars Hand #166339083852:  Hold'em Limit ($3/$6 USD) - 2017/02/17 7:38:14 ET
Table 'Dufour II' 6-max Seat #3 is the button
Seat 3: Batavus ($144.16 in chips)
Seat 4: Actionni13 ($150 in chips)
Batavus: posts small blind $1
Actionni13: posts big blind $3
*** HOLE CARDS ***
Batavus: raises $3 to $6
Actionni13: folds
Uncalled bet ($3) returned to Batavus
Batavus collected $6 from pot
*** SUMMARY ***
Total pot $6 | Rake $0
Seat 3: Batavus (button) (small blind) collected ($6)
Seat 4: Actionni13 (big blind) folded before Flop


PokerStars Hand #166340264046:  Hold'em Limit ($3/$6 USD) - 2017/02/17 8:14:25 ET
Table 'Dufour II' 6-max Seat #1 is the button
Seat 1: vestimokrec ($72 in chips)
Seat 6: dwer43 ($122 in chips)
vestimokrec: posts small blind $1
RockKillerTY: is sitting out
dwer43: posts big blind $3
*** HOLE CARDS ***
vestimokrec: raises $3 to $6
RockKillerTY leaves the table
dwer43: folds
Uncalled bet ($3) returned to vestimokrec
vestimokrec collected $6 from pot
vestimokrec: doesn't show hand
*** SUMMARY ***
Total pot $6 | Rake $0
Seat 1: vestimokrec (button) (small blind) collected ($6)
Seat 6: dwer43 (big blind) folded before Flop


