PokerStars Hand #144681991872:  Hold'em Limit ($3/$6 USD) - 2015/12/01 17:10:30 ET
Table 'Duhr II' 2-max Seat #2 is the button
Seat 1: Cah4ec1982 ($126.52 in chips)
Seat 2: vanand ($112.76 in chips)
vanand: posts small blind $1
Cah4ec1982: posts big blind $3
*** HOLE CARDS ***
vanand: raises $3 to $6
Cah4ec1982: folds
Uncalled bet ($3) returned to vanand
vanand collected $6 from pot
*** SUMMARY ***
Total pot $6 | Rake $0
Seat 1: Cah4ec1982 (big blind) folded before Flop
Seat 2: vanand (button) (small blind) collected ($6)


PokerStars Hand #144682056802:  Hold'em Limit ($3/$6 USD) - 2015/12/01 17:11:40 ET
Table 'Duhr II' 2-max Seat #2 is the button
Seat 1: Cah4ec1982 ($155.02 in chips)
Seat 2: vanand ($83.76 in chips)
vanand: posts small blind $1
Cah4ec1982: posts big blind $3
*** HOLE CARDS ***
vanand: raises $3 to $6
Cah4ec1982: folds
Uncalled bet ($3) returned to vanand
vanand collected $6 from pot
*** SUMMARY ***
Total pot $6 | Rake $0
Seat 1: Cah4ec1982 (big blind) folded before Flop
Seat 2: vanand (button) (small blind) collected ($6)


PokerStars Hand #144682045043:  Hold'em Limit ($3/$6 USD) - 2015/12/01 17:11:27 ET
Table 'Duhr II' 2-max Seat #1 is the button
Seat 1: Cah4ec1982 ($156.02 in chips)
Seat 2: vanand ($82.76 in chips)
Cah4ec1982: posts small blind $1
vanand: posts big blind $3
*** HOLE CARDS ***
Cah4ec1982: folds
Uncalled bet ($2) returned to vanand
vanand collected $2 from pot
*** SUMMARY ***
Total pot $2 | Rake $0
Seat 1: Cah4ec1982 (button) (small blind) folded before Flop
Seat 2: vanand (big blind) collected ($2)


PokerStars Hand #144682016610:  Hold'em Limit ($3/$6 USD) - 2015/12/01 17:10:57 ET
Table 'Duhr II' 2-max Seat #2 is the button
Seat 1: Cah4ec1982 ($126.52 in chips)
Seat 2: vanand ($112.76 in chips)
vanand: posts small blind $1
Cah4ec1982: posts big blind $3
*** HOLE CARDS ***
vanand: raises $3 to $6
Cah4ec1982: raises $3 to $9
vanand: calls $3
*** FLOP *** [Kh 8h As]
Cah4ec1982: bets $3
vanand: raises $3 to $6
Cah4ec1982: raises $3 to $9
vanand: calls $3
*** TURN *** [Kh 8h As] [6d]
Cah4ec1982: bets $6
vanand: calls $6
*** RIVER *** [Kh 8h As 6d] [2h]
Cah4ec1982: bets $6
vanand: calls $6
*** SHOW DOWN ***
Cah4ec1982: shows [6h Ah] (a flush, Ace high)
vanand: mucks hand
Cah4ec1982 collected $59.50 from pot
*** SUMMARY ***
Total pot $60 | Rake $0.50
Board [Kh 8h As 6d 2h]
Seat 1: Cah4ec1982 (big blind) showed [6h Ah] and won ($59.50) with a flush, Ace high
Seat 2: vanand (button) (small blind) mucked


PokerStars Hand #144682003576:  Hold'em Limit ($3/$6 USD) - 2015/12/01 17:10:43 ET
Table 'Duhr II' 2-max Seat #1 is the button
Seat 1: Cah4ec1982 ($123.52 in chips)
Seat 2: vanand ($115.76 in chips)
Cah4ec1982: posts small blind $1
vanand: posts big blind $3
*** HOLE CARDS ***
Cah4ec1982: raises $3 to $6
vanand: folds
Uncalled bet ($3) returned to Cah4ec1982
Cah4ec1982 collected $6 from pot
*** SUMMARY ***
Total pot $6 | Rake $0
Seat 1: Cah4ec1982 (button) (small blind) collected ($6)
Seat 2: vanand (big blind) folded before Flop


PokerStars Hand #144682111915:  Hold'em Limit ($3/$6 USD) - 2015/12/01 17:12:40 ET
Table 'Duhr II' 2-max Seat #2 is the button
Seat 1: Cah4ec1982 ($95.02 in chips)
Seat 2: vanand ($142.76 in chips)
vanand: posts small blind $1
Cah4ec1982: posts big blind $3
*** HOLE CARDS ***
vanand: raises $3 to $6
Cah4ec1982: raises $3 to $9
vanand: raises $3 to $12
Betting is capped
Cah4ec1982: calls $3
*** FLOP *** [Tc Qs 4d]
Cah4ec1982: checks
vanand: bets $3
Cah4ec1982: calls $3
*** TURN *** [Tc Qs 4d] [As]
Cah4ec1982: checks
vanand: bets $6
Cah4ec1982: calls $6
*** RIVER *** [Tc Qs 4d As] [5s]
Cah4ec1982: checks
vanand: bets $6
Cah4ec1982: calls $6
*** SHOW DOWN ***
vanand: shows [Ts Th] (three of a kind, Tens)
Cah4ec1982: mucks hand
vanand collected $53.50 from pot
*** SUMMARY ***
Total pot $54 | Rake $0.50
Board [Tc Qs 4d As 5s]
Seat 1: Cah4ec1982 (big blind) mucked
Seat 2: vanand (button) (small blind) showed [Ts Th] and won ($53.50) with three of a kind, Tens


PokerStars Hand #144682096294:  Hold'em Limit ($3/$6 USD) - 2015/12/01 17:12:23 ET
Table 'Duhr II' 2-max Seat #1 is the button
Seat 1: Cah4ec1982 ($119.02 in chips)
Seat 2: vanand ($119.26 in chips)
Cah4ec1982: posts small blind $1
vanand: posts big blind $3
*** HOLE CARDS ***
Cah4ec1982: raises $3 to $6
vanand: raises $3 to $9
Cah4ec1982: calls $3
*** FLOP *** [8d 6c 6s]
vanand: bets $3
Cah4ec1982: raises $3 to $6
vanand: raises $3 to $9
Cah4ec1982: calls $3
*** TURN *** [8d 6c 6s] [3d]
vanand: bets $6
Cah4ec1982: calls $6
*** RIVER *** [8d 6c 6s 3d] [2s]
vanand: bets $6
Cah4ec1982: folds
Uncalled bet ($6) returned to vanand
vanand collected $47.50 from pot
*** SUMMARY ***
Total pot $48 | Rake $0.50
Board [8d 6c 6s 3d 2s]
Seat 1: Cah4ec1982 (button) (small blind) folded on the River
Seat 2: vanand (big blind) collected ($47.50)


PokerStars Hand #144682090207:  Hold'em Limit ($3/$6 USD) - 2015/12/01 17:12:16 ET
Table 'Duhr II' 2-max Seat #2 is the button
Seat 1: Cah4ec1982 ($122.02 in chips)
Seat 2: vanand ($116.26 in chips)
vanand: posts small blind $1
Cah4ec1982: posts big blind $3
*** HOLE CARDS ***
vanand: raises $3 to $6
Cah4ec1982: folds
Uncalled bet ($3) returned to vanand
vanand collected $6 from pot
*** SUMMARY ***
Total pot $6 | Rake $0
Seat 1: Cah4ec1982 (big blind) folded before Flop
Seat 2: vanand (button) (small blind) collected ($6)


PokerStars Hand #144682066821:  Hold'em Limit ($3/$6 USD) - 2015/12/01 17:11:51 ET
Table 'Duhr II' 2-max Seat #1 is the button
Seat 1: Cah4ec1982 ($152.02 in chips)
Seat 2: vanand ($86.76 in chips)
Cah4ec1982: posts small blind $1
vanand: posts big blind $3
*** HOLE CARDS ***
Cah4ec1982: raises $3 to $6
vanand: calls $3
*** FLOP *** [Td 4c 7c]
vanand: bets $3
Cah4ec1982: raises $3 to $6
vanand: calls $3
*** TURN *** [Td 4c 7c] [7d]
vanand: checks
Cah4ec1982: bets $6
vanand: calls $6
*** RIVER *** [Td 4c 7c 7d] [4h]
vanand: bets $6
Cah4ec1982: raises $6 to $12
vanand: calls $6
*** SHOW DOWN ***
Cah4ec1982: shows [9d Jd] (two pair, Sevens and Fours)
vanand: shows [4d Kc] (a full house, Fours full of Sevens)
vanand collected $59.50 from pot
*** SUMMARY ***
Total pot $60 | Rake $0.50
Board [Td 4c 7c 7d 4h]
Seat 1: Cah4ec1982 (button) (small blind) showed [9d Jd] and lost with two pair, Sevens and Fours
Seat 2: vanand (big blind) showed [4d Kc] and won ($59.50) with a full house, Fours full of Sevens


PokerStars Hand #144682170696:  Hold'em Limit ($3/$6 USD) - 2015/12/01 17:13:44 ET
Table 'Duhr II' 2-max Seat #1 is the button
Seat 1: Cah4ec1982 ($183.28 in chips)
Seat 2: vanand ($172.76 in chips)
Cah4ec1982: posts small blind $1
vanand: posts big blind $3
*** HOLE CARDS ***
Cah4ec1982: raises $3 to $6
vanand: folds
Uncalled bet ($3) returned to Cah4ec1982
Cah4ec1982 collected $6 from pot
Cah4ec1982: doesn't show hand
*** SUMMARY ***
Total pot $6 | Rake $0
Seat 1: Cah4ec1982 (button) (small blind) collected ($6)
Seat 2: vanand (big blind) folded before Flop


PokerStars Hand #144682159557:  Hold'em Limit ($3/$6 USD) - 2015/12/01 17:13:31 ET
Table 'Duhr II' 2-max Seat #2 is the button
Seat 1: Cah4ec1982 ($177.52 in chips)
Seat 2: vanand ($178.76 in chips)
vanand: posts small blind $1
Cah4ec1982: posts big blind $3
*** HOLE CARDS ***
vanand: raises $3 to $6
Cah4ec1982: calls $3
*** FLOP *** [Kh 6h 9d]
Cah4ec1982: checks
vanand: checks
*** TURN *** [Kh 6h 9d] [6d]
Cah4ec1982: bets $6
vanand: folds
Uncalled bet ($6) returned to Cah4ec1982
Cah4ec1982 collected $11.76 from pot
Cah4ec1982: doesn't show hand
*** SUMMARY ***
Total pot $12 | Rake $0.24
Board [Kh 6h 9d 6d]
Seat 1: Cah4ec1982 (big blind) collected ($11.76)
Seat 2: vanand (button) (small blind) folded on the Turn


PokerStars Hand #144682154872:  Hold'em Limit ($3/$6 USD) - 2015/12/01 17:13:26 ET
Table 'Duhr II' 2-max Seat #1 is the button
Seat 1: Cah4ec1982 ($178.52 in chips)
Seat 2: vanand ($177.76 in chips)
Cah4ec1982: posts small blind $1
vanand: posts big blind $3
*** HOLE CARDS ***
Cah4ec1982: folds
Uncalled bet ($2) returned to vanand
vanand collected $2 from pot
*** SUMMARY ***
Total pot $2 | Rake $0
Seat 1: Cah4ec1982 (button) (small blind) folded before Flop
Seat 2: vanand (big blind) collected ($2)


PokerStars Hand #144682140748:  Hold'em Limit ($3/$6 USD) - 2015/12/01 17:13:11 ET
Table 'Duhr II' 2-max Seat #2 is the button
Seat 1: Cah4ec1982 ($104.02 in chips)
Seat 2: vanand ($192.76 in chips)
vanand: posts small blind $1
Cah4ec1982: posts big blind $3
*** HOLE CARDS ***
vanand: raises $3 to $6
Cah4ec1982: calls $3
*** FLOP *** [3s 2s 4s]
Cah4ec1982: checks
vanand: bets $3
Cah4ec1982: calls $3
*** TURN *** [3s 2s 4s] [Js]
Cah4ec1982: checks
vanand: bets $6
Cah4ec1982: calls $6
*** RIVER *** [3s 2s 4s Js] [9c]
Cah4ec1982: checks
vanand: checks
*** SHOW DOWN ***
Cah4ec1982: shows [Jd 3d] (two pair, Jacks and Threes)
vanand: mucks hand
Cah4ec1982 collected $29.50 from pot
*** SUMMARY ***
Total pot $30 | Rake $0.50
Board [3s 2s 4s Js 9c]
Seat 1: Cah4ec1982 (big blind) showed [Jd 3d] and won ($29.50) with two pair, Jacks and Threes
Seat 2: vanand (button) (small blind) mucked


PokerStars Hand #144682126818:  Hold'em Limit ($3/$6 USD) - 2015/12/01 17:12:56 ET
Table 'Duhr II' 2-max Seat #1 is the button
Seat 1: Cah4ec1982 ($68.02 in chips)
Seat 2: vanand ($169.26 in chips)
Cah4ec1982: posts small blind $1
vanand: posts big blind $3
*** HOLE CARDS ***
Cah4ec1982: raises $3 to $6
vanand: raises $3 to $9
Cah4ec1982: calls $3
*** FLOP *** [Ac 6h Ad]
vanand: bets $3
Cah4ec1982: calls $3
*** TURN *** [Ac 6h Ad] [2d]
vanand: bets $6
Cah4ec1982: calls $6
*** RIVER *** [Ac 6h Ad 2d] [9h]
vanand: bets $6
Cah4ec1982: calls $6
*** SHOW DOWN ***
vanand: shows [2s As] (a full house, Aces full of Deuces)
Cah4ec1982: mucks hand
vanand collected $47.50 from pot
*** SUMMARY ***
Total pot $48 | Rake $0.50
Board [Ac 6h Ad 2d 9h]
Seat 1: Cah4ec1982 (button) (small blind) mucked
Seat 2: vanand (big blind) showed [2s As] and won ($47.50) with a full house, Aces full of Deuces


PokerStars Hand #144682225115:  Hold'em Limit ($3/$6 USD) - 2015/12/01 17:14:42 ET
Table 'Duhr II' 2-max Seat #2 is the button
Seat 1: Cah4ec1982 ($193.04 in chips)
Seat 2: vanand ($162.76 in chips)
vanand: posts small blind $1
Cah4ec1982: posts big blind $3
*** HOLE CARDS ***
vanand: folds
Uncalled bet ($2) returned to Cah4ec1982
Cah4ec1982 collected $2 from pot
Cah4ec1982: doesn't show hand
*** SUMMARY ***
Total pot $2 | Rake $0
Seat 1: Cah4ec1982 (big blind) collected ($2)
Seat 2: vanand (button) (small blind) folded before Flop


PokerStars Hand #144682203673:  Hold'em Limit ($3/$6 USD) - 2015/12/01 17:14:19 ET
Table 'Duhr II' 2-max Seat #1 is the button
Seat 1: Cah4ec1982 ($187.28 in chips)
Seat 2: vanand ($168.76 in chips)
Cah4ec1982: posts small blind $1
vanand: posts big blind $3
*** HOLE CARDS ***
Cah4ec1982: raises $3 to $6
vanand: calls $3
*** FLOP *** [2s Kh 2c]
vanand: checks
Cah4ec1982: bets $3
vanand: folds
Uncalled bet ($3) returned to Cah4ec1982
Cah4ec1982 collected $11.76 from pot
Cah4ec1982: doesn't show hand
*** SUMMARY ***
Total pot $12 | Rake $0.24
Board [2s Kh 2c]
Seat 1: Cah4ec1982 (button) (small blind) collected ($11.76)
Seat 2: vanand (big blind) folded on the Flop


PokerStars Hand #144682175844:  Hold'em Limit ($3/$6 USD) - 2015/12/01 17:13:49 ET
Table 'Duhr II' 2-max Seat #2 is the button
Seat 1: Cah4ec1982 ($186.28 in chips)
Seat 2: vanand ($169.76 in chips)
vanand: posts small blind $1
Cah4ec1982: posts big blind $3
*** HOLE CARDS ***
vanand: folds
Uncalled bet ($2) returned to Cah4ec1982
Cah4ec1982 collected $2 from pot
*** SUMMARY ***
Total pot $2 | Rake $0
Seat 1: Cah4ec1982 (big blind) collected ($2)
Seat 2: vanand (button) (small blind) folded before Flop


PokerStars Hand #144682249120:  Hold'em Limit ($3/$6 USD) - 2015/12/01 17:15:08 ET
Table 'Duhr II' 2-max Seat #1 is the button
Seat 1: Cah4ec1982 ($186.04 in chips)
Seat 2: vanand ($169.40 in chips)
Cah4ec1982: posts small blind $1
vanand: posts big blind $3
*** HOLE CARDS ***
Cah4ec1982: raises $3 to $6
vanand: calls $3
*** FLOP *** [Th Td 2c]
vanand: bets $3
Cah4ec1982: raises $3 to $6
vanand: calls $3
*** TURN *** [Th Td 2c] [6s]
vanand: checks
Cah4ec1982: bets $6
vanand: calls $6
*** RIVER *** [Th Td 2c 6s] [6h]
vanand: checks
Cah4ec1982: bets $6
vanand: folds
Uncalled bet ($6) returned to Cah4ec1982
Cah4ec1982 collected $35.50 from pot
Cah4ec1982: doesn't show hand
*** SUMMARY ***
Total pot $36 | Rake $0.50
Board [Th Td 2c 6s 6h]
Seat 1: Cah4ec1982 (button) (small blind) collected ($35.50)
Seat 2: vanand (big blind) folded on the River


PokerStars Hand #144682243894:  Hold'em Limit ($3/$6 USD) - 2015/12/01 17:15:02 ET
Table 'Duhr II' 2-max Seat #2 is the button
Seat 1: Cah4ec1982 ($185.04 in chips)
Seat 2: vanand ($170.40 in chips)
vanand: posts small blind $1
Cah4ec1982: posts big blind $3
*** HOLE CARDS ***
vanand: folds
Uncalled bet ($2) returned to Cah4ec1982
Cah4ec1982 collected $2 from pot
Cah4ec1982: doesn't show hand
*** SUMMARY ***
Total pot $2 | Rake $0
Seat 1: Cah4ec1982 (big blind) collected ($2)
Seat 2: vanand (button) (small blind) folded before Flop


PokerStars Hand #144682230162:  Hold'em Limit ($3/$6 USD) - 2015/12/01 17:14:48 ET
Table 'Duhr II' 2-max Seat #1 is the button
Seat 1: Cah4ec1982 ($194.04 in chips)
Seat 2: vanand ($161.76 in chips)
Cah4ec1982: posts small blind $1
vanand: posts big blind $3
*** HOLE CARDS ***
Cah4ec1982: raises $3 to $6
vanand: calls $3
*** FLOP *** [4c 2s 2c]
vanand: checks
Cah4ec1982: bets $3
vanand: calls $3
*** TURN *** [4c 2s 2c] [5s]
vanand: checks
Cah4ec1982: checks
*** RIVER *** [4c 2s 2c 5s] [Jd]
vanand: bets $6
Cah4ec1982: folds
Uncalled bet ($6) returned to vanand
vanand collected $17.64 from pot
*** SUMMARY ***
Total pot $18 | Rake $0.36
Board [4c 2s 2c 5s Jd]
Seat 1: Cah4ec1982 (button) (small blind) folded on the River
Seat 2: vanand (big blind) collected ($17.64)


PokerStars Hand #144682342516:  Hold'em Limit ($3/$6 USD) - 2015/12/01 17:16:49 ET
Table 'Duhr II' 2-max Seat #1 is the button
Seat 1: Cah4ec1982 ($156.18 in chips)
Seat 2: vanand ($197.04 in chips)
Cah4ec1982: posts small blind $1
vanand: posts big blind $3
*** HOLE CARDS ***
Cah4ec1982: raises $3 to $6
vanand: folds
Uncalled bet ($3) returned to Cah4ec1982
Cah4ec1982 collected $6 from pot
Cah4ec1982: doesn't show hand
*** SUMMARY ***
Total pot $6 | Rake $0
Seat 1: Cah4ec1982 (button) (small blind) collected ($6)
Seat 2: vanand (big blind) folded before Flop


PokerStars Hand #144682327764:  Hold'em Limit ($3/$6 USD) - 2015/12/01 17:16:33 ET
Table 'Duhr II' 2-max Seat #2 is the button
Seat 1: Cah4ec1982 ($177.18 in chips)
Seat 2: vanand ($176.54 in chips)
vanand: posts small blind $1
Cah4ec1982: posts big blind $3
*** HOLE CARDS ***
vanand: raises $3 to $6
Cah4ec1982: calls $3
*** FLOP *** [Qs 6s Td]
Cah4ec1982: checks
vanand: bets $3
Cah4ec1982: calls $3
*** TURN *** [Qs 6s Td] [Th]
Cah4ec1982: checks
vanand: bets $6
Cah4ec1982: calls $6
*** RIVER *** [Qs 6s Td Th] [5h]
Cah4ec1982: checks
vanand: bets $6
Cah4ec1982: calls $6
*** SHOW DOWN ***
vanand: shows [Js Jd] (two pair, Jacks and Tens)
Cah4ec1982: mucks hand
vanand collected $41.50 from pot
*** SUMMARY ***
Total pot $42 | Rake $0.50
Board [Qs 6s Td Th 5h]
Seat 1: Cah4ec1982 (big blind) mucked
Seat 2: vanand (button) (small blind) showed [Js Jd] and won ($41.50) with two pair, Jacks and Tens


PokerStars Hand #144682316194:  Hold'em Limit ($3/$6 USD) - 2015/12/01 17:16:20 ET
Table 'Duhr II' 2-max Seat #1 is the button
Seat 1: Cah4ec1982 ($186.18 in chips)
Seat 2: vanand ($167.90 in chips)
Cah4ec1982: posts small blind $1
vanand: posts big blind $3
*** HOLE CARDS ***
Cah4ec1982: raises $3 to $6
vanand: raises $3 to $9
Cah4ec1982: calls $3
*** FLOP *** [9h 8c Ks]
vanand: bets $3
Cah4ec1982: folds
Uncalled bet ($3) returned to vanand
vanand collected $17.64 from pot
*** SUMMARY ***
Total pot $18 | Rake $0.36
Board [9h 8c Ks]
Seat 1: Cah4ec1982 (button) (small blind) folded on the Flop
Seat 2: vanand (big blind) collected ($17.64)


PokerStars Hand #144682310965:  Hold'em Limit ($3/$6 USD) - 2015/12/01 17:16:15 ET
Table 'Duhr II' 2-max Seat #2 is the button
Seat 1: Cah4ec1982 ($185.18 in chips)
Seat 2: vanand ($168.90 in chips)
vanand: posts small blind $1
Cah4ec1982: posts big blind $3
*** HOLE CARDS ***
vanand: folds
Uncalled bet ($2) returned to Cah4ec1982
Cah4ec1982 collected $2 from pot
Cah4ec1982: doesn't show hand
*** SUMMARY ***
Total pot $2 | Rake $0
Seat 1: Cah4ec1982 (big blind) collected ($2)
Seat 2: vanand (button) (small blind) folded before Flop


PokerStars Hand #144682296957:  Hold'em Limit ($3/$6 USD) - 2015/12/01 17:16:00 ET
Table 'Duhr II' 2-max Seat #1 is the button
Seat 1: Cah4ec1982 ($176.54 in chips)
Seat 2: vanand ($177.90 in chips)
Cah4ec1982: posts small blind $1
vanand: posts big blind $3
*** HOLE CARDS ***
Cah4ec1982: raises $3 to $6
vanand: calls $3
*** FLOP *** [6h Qh Ah]
vanand: checks
Cah4ec1982: bets $3
vanand: calls $3
*** TURN *** [6h Qh Ah] [5s]
vanand: checks
Cah4ec1982: bets $6
vanand: folds
Uncalled bet ($6) returned to Cah4ec1982
Cah4ec1982 collected $17.64 from pot
Cah4ec1982: doesn't show hand
*** SUMMARY ***
Total pot $18 | Rake $0.36
Board [6h Qh Ah 5s]
Seat 1: Cah4ec1982 (button) (small blind) collected ($17.64)
Seat 2: vanand (big blind) folded on the Turn


PokerStars Hand #144682269464:  Hold'em Limit ($3/$6 USD) - 2015/12/01 17:15:30 ET
Table 'Duhr II' 2-max Seat #2 is the button
Seat 1: Cah4ec1982 ($203.54 in chips)
Seat 2: vanand ($151.40 in chips)
vanand: posts small blind $1
Cah4ec1982: posts big blind $3
*** HOLE CARDS ***
vanand: raises $3 to $6
Cah4ec1982: raises $3 to $9
vanand: raises $3 to $12
Betting is capped
Cah4ec1982: calls $3
*** FLOP *** [9s 9c Jc]
Cah4ec1982: checks
vanand: bets $3
Cah4ec1982: calls $3
*** TURN *** [9s 9c Jc] [9d]
Cah4ec1982: checks
vanand: bets $6
Cah4ec1982: calls $6
*** RIVER *** [9s 9c Jc 9d] [2s]
Cah4ec1982: checks
vanand: bets $6
Cah4ec1982: calls $6
*** SHOW DOWN ***
vanand: shows [9h 7c] (four of a kind, Nines)
Cah4ec1982: mucks hand
vanand collected $53.50 from pot
*** SUMMARY ***
Total pot $54 | Rake $0.50
Board [9s 9c Jc 9d 2s]
Seat 1: Cah4ec1982 (big blind) mucked
Seat 2: vanand (button) (small blind) showed [9h 7c] and won ($53.50) with four of a kind, Nines


PokerStars Hand #144682377317:  Hold'em Limit ($3/$6 USD) - 2015/12/01 17:17:26 ET
Table 'Duhr II' 2-max Seat #2 is the button
Seat 1: Cah4ec1982 ($167.68 in chips)
Seat 2: vanand ($184.80 in chips)
vanand: posts small blind $1
Cah4ec1982: posts big blind $3
*** HOLE CARDS ***
vanand: raises $3 to $6
Cah4ec1982: calls $3
*** FLOP *** [Tc 9d 8h]
Cah4ec1982: checks
vanand: bets $3
Cah4ec1982: calls $3
*** TURN *** [Tc 9d 8h] [3c]
Cah4ec1982: checks
vanand: bets $6
Cah4ec1982: calls $6
*** RIVER *** [Tc 9d 8h 3c] [2c]
Cah4ec1982: checks
vanand: bets $6
Cah4ec1982: calls $6
*** SHOW DOWN ***
vanand: shows [Qh 6c] (high card Queen)
Cah4ec1982: shows [8d Qc] (a pair of Eights)
Cah4ec1982 collected $41.50 from pot
*** SUMMARY ***
Total pot $42 | Rake $0.50
Board [Tc 9d 8h 3c 2c]
Seat 1: Cah4ec1982 (big blind) showed [8d Qc] and won ($41.50) with a pair of Eights
Seat 2: vanand (button) (small blind) showed [Qh 6c] and lost with high card Queen


PokerStars Hand #144682358185:  Hold'em Limit ($3/$6 USD) - 2015/12/01 17:17:05 ET
Table 'Duhr II' 2-max Seat #1 is the button
Seat 1: Cah4ec1982 ($153.18 in chips)
Seat 2: vanand ($199.80 in chips)
Cah4ec1982: posts small blind $1
vanand: posts big blind $3
*** HOLE CARDS ***
Cah4ec1982: raises $3 to $6
vanand: calls $3
*** FLOP *** [Qd Jd Tc]
vanand: checks
Cah4ec1982: bets $3
vanand: calls $3
*** TURN *** [Qd Jd Tc] [2h]
vanand: checks
Cah4ec1982: bets $6
vanand: calls $6
*** RIVER *** [Qd Jd Tc 2h] [6s]
vanand: checks
Cah4ec1982: bets $6
vanand: folds
Uncalled bet ($6) returned to Cah4ec1982
Cah4ec1982 collected $29.50 from pot
Cah4ec1982: doesn't show hand
*** SUMMARY ***
Total pot $30 | Rake $0.50
Board [Qd Jd Tc 2h 6s]
Seat 1: Cah4ec1982 (button) (small blind) collected ($29.50)
Seat 2: vanand (big blind) folded on the River


PokerStars Hand #144682347634:  Hold'em Limit ($3/$6 USD) - 2015/12/01 17:16:54 ET
Table 'Duhr II' 2-max Seat #2 is the button
Seat 1: Cah4ec1982 ($159.18 in chips)
Seat 2: vanand ($194.04 in chips)
vanand: posts small blind $1
Cah4ec1982: posts big blind $3
*** HOLE CARDS ***
vanand: raises $3 to $6
Cah4ec1982: calls $3
*** FLOP *** [Th Kh 2s]
Cah4ec1982: checks
vanand: bets $3
Cah4ec1982: folds
Uncalled bet ($3) returned to vanand
vanand collected $11.76 from pot
*** SUMMARY ***
Total pot $12 | Rake $0.24
Board [Th Kh 2s]
Seat 1: Cah4ec1982 (big blind) folded on the Flop
Seat 2: vanand (button) (small blind) collected ($11.76)


PokerStars Hand #144682455118:  Hold'em Limit ($3/$6 USD) - 2015/12/01 17:18:52 ET
Table 'Duhr II' 2-max Seat #1 is the button
Seat 1: Cah4ec1982 ($205.84 in chips)
Seat 2: vanand ($144.30 in chips)
Cah4ec1982: posts small blind $1
vanand: posts big blind $3
*** HOLE CARDS ***
Cah4ec1982: raises $3 to $6
vanand: folds
Uncalled bet ($3) returned to Cah4ec1982
Cah4ec1982 collected $6 from pot
Cah4ec1982: doesn't show hand
*** SUMMARY ***
Total pot $6 | Rake $0
Seat 1: Cah4ec1982 (button) (small blind) collected ($6)
Seat 2: vanand (big blind) folded before Flop


PokerStars Hand #144682440721:  Hold'em Limit ($3/$6 USD) - 2015/12/01 17:18:36 ET
Table 'Duhr II' 2-max Seat #2 is the button
Seat 1: Cah4ec1982 ($235.84 in chips)
Seat 2: vanand ($114.80 in chips)
vanand: posts small blind $1
Cah4ec1982: posts big blind $3
*** HOLE CARDS ***
vanand: raises $3 to $6
Cah4ec1982: raises $3 to $9
vanand: calls $3
*** FLOP *** [6d Ah 4s]
Cah4ec1982: bets $3
vanand: calls $3
*** TURN *** [6d Ah 4s] [3c]
Cah4ec1982: bets $6
vanand: calls $6
*** RIVER *** [6d Ah 4s 3c] [3d]
Cah4ec1982: bets $6
vanand: raises $6 to $12
Cah4ec1982: calls $6
*** SHOW DOWN ***
vanand: shows [3h 9h] (three of a kind, Threes)
Cah4ec1982: mucks hand
vanand collected $59.50 from pot
*** SUMMARY ***
Total pot $60 | Rake $0.50
Board [6d Ah 4s 3c 3d]
Seat 1: Cah4ec1982 (big blind) mucked
Seat 2: vanand (button) (small blind) showed [3h 9h] and won ($59.50) with three of a kind, Threes


PokerStars Hand #144682435598:  Hold'em Limit ($3/$6 USD) - 2015/12/01 17:18:31 ET
Table 'Duhr II' 2-max Seat #1 is the button
Seat 1: Cah4ec1982 ($232.84 in chips)
Seat 2: vanand ($117.80 in chips)
Cah4ec1982: posts small blind $1
vanand: posts big blind $3
*** HOLE CARDS ***
Cah4ec1982: raises $3 to $6
vanand: folds
Uncalled bet ($3) returned to Cah4ec1982
Cah4ec1982 collected $6 from pot
Cah4ec1982: doesn't show hand
*** SUMMARY ***
Total pot $6 | Rake $0
Seat 1: Cah4ec1982 (button) (small blind) collected ($6)
Seat 2: vanand (big blind) folded before Flop


PokerStars Hand #144682424996:  Hold'em Limit ($3/$6 USD) - 2015/12/01 17:18:19 ET
Table 'Duhr II' 2-max Seat #2 is the button
Seat 1: Cah4ec1982 ($224.20 in chips)
Seat 2: vanand ($126.80 in chips)
vanand: posts small blind $1
Cah4ec1982: posts big blind $3
*** HOLE CARDS ***
vanand: raises $3 to $6
Cah4ec1982: calls $3
*** FLOP *** [As Kc 2d]
Cah4ec1982: checks
vanand: bets $3
Cah4ec1982: raises $3 to $6
vanand: folds
Uncalled bet ($3) returned to Cah4ec1982
Cah4ec1982 collected $17.64 from pot
Cah4ec1982: doesn't show hand
*** SUMMARY ***
Total pot $18 | Rake $0.36
Board [As Kc 2d]
Seat 1: Cah4ec1982 (big blind) collected ($17.64)
Seat 2: vanand (button) (small blind) folded on the Flop


PokerStars Hand #144682411213:  Hold'em Limit ($3/$6 USD) - 2015/12/01 17:18:04 ET
Table 'Duhr II' 2-max Seat #1 is the button
Seat 1: Cah4ec1982 ($200.70 in chips)
Seat 2: vanand ($150.80 in chips)
Cah4ec1982: posts small blind $1
vanand: posts big blind $3
*** HOLE CARDS ***
Cah4ec1982: raises $3 to $6
vanand: raises $3 to $9
Cah4ec1982: calls $3
*** FLOP *** [8d As Js]
vanand: bets $3
Cah4ec1982: calls $3
*** TURN *** [8d As Js] [2s]
vanand: bets $6
Cah4ec1982: calls $6
*** RIVER *** [8d As Js 2s] [7d]
vanand: bets $6
Cah4ec1982: calls $6
*** SHOW DOWN ***
vanand: shows [4c 7c] (a pair of Sevens)
Cah4ec1982: shows [Jd 5h] (a pair of Jacks)
Cah4ec1982 collected $47.50 from pot
*** SUMMARY ***
Total pot $48 | Rake $0.50
Board [8d As Js 2s 7d]
Seat 1: Cah4ec1982 (button) (small blind) showed [Jd 5h] and won ($47.50) with a pair of Jacks
Seat 2: vanand (big blind) showed [4c 7c] and lost with a pair of Sevens


PokerStars Hand #144682406363:  Hold'em Limit ($3/$6 USD) - 2015/12/01 17:17:59 ET
Table 'Duhr II' 2-max Seat #2 is the button
Seat 1: Cah4ec1982 ($199.70 in chips)
Seat 2: vanand ($151.80 in chips)
vanand: posts small blind $1
Cah4ec1982: posts big blind $3
*** HOLE CARDS ***
vanand: folds
Uncalled bet ($2) returned to Cah4ec1982
Cah4ec1982 collected $2 from pot
Cah4ec1982: doesn't show hand
*** SUMMARY ***
Total pot $2 | Rake $0
Seat 1: Cah4ec1982 (big blind) collected ($2)
Seat 2: vanand (button) (small blind) folded before Flop


PokerStars Hand #144682391031:  Hold'em Limit ($3/$6 USD) - 2015/12/01 17:17:41 ET
Table 'Duhr II' 2-max Seat #1 is the button
Seat 1: Cah4ec1982 ($188.18 in chips)
Seat 2: vanand ($163.80 in chips)
Cah4ec1982: posts small blind $1
vanand: posts big blind $3
*** HOLE CARDS ***
Cah4ec1982: raises $3 to $6
vanand: calls $3
*** FLOP *** [Ac 6c 4d]
vanand: checks
Cah4ec1982: bets $3
vanand: raises $3 to $6
Cah4ec1982: calls $3
*** TURN *** [Ac 6c 4d] [Qd]
vanand: checks
Cah4ec1982: bets $6
vanand: folds
Uncalled bet ($6) returned to Cah4ec1982
Cah4ec1982 collected $23.52 from pot
Cah4ec1982: doesn't show hand
*** SUMMARY ***
Total pot $24 | Rake $0.48
Board [Ac 6c 4d Qd]
Seat 1: Cah4ec1982 (button) (small blind) collected ($23.52)
Seat 2: vanand (big blind) folded on the Turn


PokerStars Hand #144682490100:  Hold'em Limit ($3/$6 USD) - 2015/12/01 17:19:30 ET
Table 'Duhr II' 2-max Seat #1 is the button
Seat 1: Cah4ec1982 ($194.84 in chips)
Seat 2: vanand ($154.70 in chips)
Cah4ec1982: posts small blind $1
vanand: posts big blind $3
*** HOLE CARDS ***
Cah4ec1982: raises $3 to $6
vanand: calls $3
*** FLOP *** [2c 6h Ad]
vanand: checks
Cah4ec1982: bets $3
vanand: raises $3 to $6
Cah4ec1982: calls $3
*** TURN *** [2c 6h Ad] [3h]
vanand: bets $6
Cah4ec1982: calls $6
*** RIVER *** [2c 6h Ad 3h] [Kc]
vanand: bets $6
Cah4ec1982: raises $6 to $12
vanand: calls $6
*** SHOW DOWN ***
Cah4ec1982: shows [Qs Ah] (a pair of Aces)
vanand: mucks hand
Cah4ec1982 collected $59.50 from pot
*** SUMMARY ***
Total pot $60 | Rake $0.50
Board [2c 6h Ad 3h Kc]
Seat 1: Cah4ec1982 (button) (small blind) showed [Qs Ah] and won ($59.50) with a pair of Aces
Seat 2: vanand (big blind) mucked


PokerStars Hand #144682480753:  Hold'em Limit ($3/$6 USD) - 2015/12/01 17:19:20 ET
Table 'Duhr II' 2-max Seat #2 is the button
Seat 1: Cah4ec1982 ($200.84 in chips)
Seat 2: vanand ($148.94 in chips)
vanand: posts small blind $1
Cah4ec1982: posts big blind $3
*** HOLE CARDS ***
vanand: raises $3 to $6
Cah4ec1982: calls $3
*** FLOP *** [Ks 8d Jc]
Cah4ec1982: checks
vanand: bets $3
Cah4ec1982: folds
Uncalled bet ($3) returned to vanand
vanand collected $11.76 from pot
*** SUMMARY ***
Total pot $12 | Rake $0.24
Board [Ks 8d Jc]
Seat 1: Cah4ec1982 (big blind) folded on the Flop
Seat 2: vanand (button) (small blind) collected ($11.76)


PokerStars Hand #144682465567:  Hold'em Limit ($3/$6 USD) - 2015/12/01 17:19:03 ET
Table 'Duhr II' 2-max Seat #1 is the button
Seat 1: Cah4ec1982 ($209.84 in chips)
Seat 2: vanand ($140.30 in chips)
Cah4ec1982: posts small blind $1
vanand: posts big blind $3
*** HOLE CARDS ***
Cah4ec1982: raises $3 to $6
vanand: calls $3
*** FLOP *** [5h Th Js]
vanand: checks
Cah4ec1982: bets $3
vanand: calls $3
*** TURN *** [5h Th Js] [Qd]
vanand: checks
Cah4ec1982: checks
*** RIVER *** [5h Th Js Qd] [Jc]
vanand: checks
Cah4ec1982: checks
*** SHOW DOWN ***
vanand: shows [5s 9c] (two pair, Jacks and Fives)
Cah4ec1982: mucks hand
vanand collected $17.64 from pot
*** SUMMARY ***
Total pot $18 | Rake $0.36
Board [5h Th Js Qd Jc]
Seat 1: Cah4ec1982 (button) (small blind) mucked
Seat 2: vanand (big blind) showed [5s 9c] and won ($17.64) with two pair, Jacks and Fives


PokerStars Hand #144682460568:  Hold'em Limit ($3/$6 USD) - 2015/12/01 17:18:58 ET
Table 'Duhr II' 2-max Seat #2 is the button
Seat 1: Cah4ec1982 ($208.84 in chips)
Seat 2: vanand ($141.30 in chips)
vanand: posts small blind $1
Cah4ec1982: posts big blind $3
*** HOLE CARDS ***
vanand: folds
Uncalled bet ($2) returned to Cah4ec1982
Cah4ec1982 collected $2 from pot
Cah4ec1982: doesn't show hand
*** SUMMARY ***
Total pot $2 | Rake $0
Seat 1: Cah4ec1982 (big blind) collected ($2)
Seat 2: vanand (button) (small blind) folded before Flop


PokerStars Hand #144682547272:  Hold'em Limit ($3/$6 USD) - 2015/12/01 17:20:33 ET
Table 'Duhr II' 2-max Seat #2 is the button
Seat 1: Cah4ec1982 ($265.34 in chips)
Seat 2: vanand ($82.70 in chips)
vanand: posts small blind $1
Cah4ec1982: posts big blind $3
*** HOLE CARDS ***
vanand: raises $3 to $6
Cah4ec1982: calls $3
*** FLOP *** [Qs Th Ac]
Cah4ec1982: checks
vanand: bets $3
Cah4ec1982: calls $3
*** TURN *** [Qs Th Ac] [5d]
Cah4ec1982: checks
vanand: bets $6
Cah4ec1982: calls $6
*** RIVER *** [Qs Th Ac 5d] [3s]
Cah4ec1982: checks
vanand: checks
*** SHOW DOWN ***
Cah4ec1982: shows [Qd 9s] (a pair of Queens)
vanand: mucks hand
Cah4ec1982 collected $29.50 from pot
*** SUMMARY ***
Total pot $30 | Rake $0.50
Board [Qs Th Ac 5d 3s]
Seat 1: Cah4ec1982 (big blind) showed [Qd 9s] and won ($29.50) with a pair of Queens
Seat 2: vanand (button) (small blind) mucked


PokerStars Hand #144682525215:  Hold'em Limit ($3/$6 USD) - 2015/12/01 17:20:09 ET
Table 'Duhr II' 2-max Seat #1 is the button
Seat 1: Cah4ec1982 ($238.84 in chips)
Seat 2: vanand ($109.70 in chips)
Cah4ec1982: posts small blind $1
vanand: posts big blind $3
*** HOLE CARDS ***
Cah4ec1982: raises $3 to $6
vanand: raises $3 to $9
Cah4ec1982: raises $3 to $12
Betting is capped
vanand: calls $3
*** FLOP *** [3d 6d 3s]
vanand: checks
Cah4ec1982: bets $3
vanand: calls $3
*** TURN *** [3d 6d 3s] [Td]
vanand: checks
Cah4ec1982: bets $6
vanand: calls $6
*** RIVER *** [3d 6d 3s Td] [As]
vanand: checks
Cah4ec1982: bets $6
vanand: calls $6
*** SHOW DOWN ***
Cah4ec1982: shows [Jc Js] (two pair, Jacks and Threes)
vanand: mucks hand
Cah4ec1982 collected $53.50 from pot
*** SUMMARY ***
Total pot $54 | Rake $0.50
Board [3d 6d 3s Td As]
Seat 1: Cah4ec1982 (button) (small blind) showed [Jc Js] and won ($53.50) with two pair, Jacks and Threes
Seat 2: vanand (big blind) mucked


PokerStars Hand #144682508308:  Hold'em Limit ($3/$6 USD) - 2015/12/01 17:19:50 ET
Table 'Duhr II' 2-max Seat #2 is the button
Seat 1: Cah4ec1982 ($224.34 in chips)
Seat 2: vanand ($124.70 in chips)
vanand: posts small blind $1
Cah4ec1982: posts big blind $3
*** HOLE CARDS ***
vanand: raises $3 to $6
Cah4ec1982: calls $3
*** FLOP *** [2s 6d 5s]
Cah4ec1982: checks
vanand: bets $3
Cah4ec1982: calls $3
*** TURN *** [2s 6d 5s] [8s]
Cah4ec1982: checks
vanand: bets $6
Cah4ec1982: calls $6
*** RIVER *** [2s 6d 5s 8s] [7d]
Cah4ec1982: checks
vanand: checks
*** SHOW DOWN ***
Cah4ec1982: shows [9s Td] (a straight, Six to Ten)
vanand: mucks hand
Cah4ec1982 collected $29.50 from pot
*** SUMMARY ***
Total pot $30 | Rake $0.50
Board [2s 6d 5s 8s 7d]
Seat 1: Cah4ec1982 (big blind) showed [9s Td] and won ($29.50) with a straight, Six to Ten
Seat 2: vanand (button) (small blind) mucked


PokerStars Hand #144682570314:  Hold'em Limit ($3/$6 USD) - 2015/12/01 17:20:58 ET
Table 'Duhr II' 2-max Seat #1 is the button
Seat 1: Cah4ec1982 ($279.84 in chips)
Seat 2: vanand ($67.70 in chips)
Cah4ec1982: posts small blind $1
vanand: posts big blind $3
*** HOLE CARDS ***
Cah4ec1982: raises $3 to $6
vanand: raises $3 to $9
Cah4ec1982: calls $3
*** FLOP *** [4c Qd 6c]
vanand: bets $3
Cah4ec1982: raises $3 to $6
vanand: raises $3 to $9
Cah4ec1982: calls $3
*** TURN *** [4c Qd 6c] [9s]
vanand: bets $6
Cah4ec1982: calls $6
*** RIVER *** [4c Qd 6c 9s] [Qh]
vanand: bets $6
Cah4ec1982: folds
Uncalled bet ($6) returned to vanand
vanand collected $47.50 from pot
*** SUMMARY ***
Total pot $48 | Rake $0.50
Board [4c Qd 6c 9s Qh]
Seat 1: Cah4ec1982 (button) (small blind) folded on the River
Seat 2: vanand (big blind) collected ($47.50)


PokerStars Hand #144682619072:  Hold'em Limit ($3/$6 USD) - 2015/12/01 17:21:52 ET
Table 'Duhr II' 2-max Seat #1 is the button
Seat 1: Cah4ec1982 ($219.84 in chips)
Seat 2: vanand ($126.70 in chips)
Cah4ec1982: posts small blind $1
vanand: posts big blind $3
*** HOLE CARDS ***
Cah4ec1982: folds
Uncalled bet ($2) returned to vanand
vanand collected $2 from pot
*** SUMMARY ***
Total pot $2 | Rake $0
Seat 1: Cah4ec1982 (button) (small blind) folded before Flop
Seat 2: vanand (big blind) collected ($2)


PokerStars Hand #144682594613:  Hold'em Limit ($3/$6 USD) - 2015/12/01 17:21:25 ET
Table 'Duhr II' 2-max Seat #2 is the button
Seat 1: Cah4ec1982 ($255.84 in chips)
Seat 2: vanand ($91.20 in chips)
vanand: posts small blind $1
Cah4ec1982: posts big blind $3
*** HOLE CARDS ***
vanand: raises $3 to $6
Cah4ec1982: calls $3
*** FLOP *** [7s 9s 6d]
Cah4ec1982: checks
vanand: bets $3
Cah4ec1982: raises $3 to $6
vanand: raises $3 to $9
Cah4ec1982: raises $3 to $12
Betting is capped
vanand: calls $3
*** TURN *** [7s 9s 6d] [Qs]
Cah4ec1982: bets $6
vanand: calls $6
*** RIVER *** [7s 9s 6d Qs] [8h]
Cah4ec1982: bets $6
vanand: raises $6 to $12
Cah4ec1982: calls $6
*** SHOW DOWN ***
vanand: shows [Ts Jh] (a straight, Eight to Queen)
Cah4ec1982: mucks hand
vanand collected $71.50 from pot
*** SUMMARY ***
Total pot $72 | Rake $0.50
Board [7s 9s 6d Qs 8h]
Seat 1: Cah4ec1982 (big blind) mucked
Seat 2: vanand (button) (small blind) showed [Ts Jh] and won ($71.50) with a straight, Eight to Queen


PokerStars Hand #144682624337:  Hold'em Limit ($3/$6 USD) - 2015/12/01 17:21:57 ET
Table 'Duhr II' 2-max Seat #2 is the button
Seat 1: Cah4ec1982 ($218.84 in chips)
Seat 2: vanand ($127.70 in chips)
vanand: posts small blind $1
Cah4ec1982: posts big blind $3
*** HOLE CARDS ***
vanand: raises $3 to $6
Cah4ec1982: folds
Uncalled bet ($3) returned to vanand
vanand collected $6 from pot
*** SUMMARY ***
Total pot $6 | Rake $0
Seat 1: Cah4ec1982 (big blind) folded before Flop
Seat 2: vanand (button) (small blind) collected ($6)


PokerStars Hand #144682632667:  Hold'em Limit ($3/$6 USD) - 2015/12/01 17:22:07 ET
Table 'Duhr II' 2-max Seat #1 is the button
Seat 1: Cah4ec1982 ($215.84 in chips)
Seat 2: vanand ($130.70 in chips)
Cah4ec1982: posts small blind $1
vanand: posts big blind $3
*** HOLE CARDS ***
Cah4ec1982: folds
Uncalled bet ($2) returned to vanand
vanand collected $2 from pot
*** SUMMARY ***
Total pot $2 | Rake $0
Seat 1: Cah4ec1982 (button) (small blind) folded before Flop
Seat 2: vanand (big blind) collected ($2)


PokerStars Hand #144682653874:  Hold'em Limit ($3/$6 USD) - 2015/12/01 17:22:30 ET
Table 'Duhr II' 2-max Seat #1 is the button
Seat 1: Cah4ec1982 ($226.36 in chips)
Seat 2: vanand ($119.70 in chips)
Cah4ec1982: posts small blind $1
vanand: posts big blind $3
*** HOLE CARDS ***
Cah4ec1982: folds
Uncalled bet ($2) returned to vanand
vanand collected $2 from pot
*** SUMMARY ***
Total pot $2 | Rake $0
Seat 1: Cah4ec1982 (button) (small blind) folded before Flop
Seat 2: vanand (big blind) collected ($2)


PokerStars Hand #144682637915:  Hold'em Limit ($3/$6 USD) - 2015/12/01 17:22:12 ET
Table 'Duhr II' 2-max Seat #2 is the button
Seat 1: Cah4ec1982 ($214.84 in chips)
Seat 2: vanand ($131.70 in chips)
vanand: posts small blind $1
Cah4ec1982: posts big blind $3
*** HOLE CARDS ***
vanand: raises $3 to $6
Cah4ec1982: calls $3
*** FLOP *** [Qs 8c 9d]
Cah4ec1982: checks
vanand: checks
*** TURN *** [Qs 8c 9d] [8d]
Cah4ec1982: bets $6
vanand: calls $6
*** RIVER *** [Qs 8c 9d 8d] [Tc]
Cah4ec1982: bets $6
vanand: folds
Uncalled bet ($6) returned to Cah4ec1982
Cah4ec1982 collected $23.52 from pot
Cah4ec1982: doesn't show hand
*** SUMMARY ***
Total pot $24 | Rake $0.48
Board [Qs 8c 9d 8d Tc]
Seat 1: Cah4ec1982 (big blind) collected ($23.52)
Seat 2: vanand (button) (small blind) folded on the River


PokerStars Hand #144682658658:  Hold'em Limit ($3/$6 USD) - 2015/12/01 17:22:35 ET
Table 'Duhr II' 2-max Seat #2 is the button
Seat 1: Cah4ec1982 ($225.36 in chips)
Seat 2: vanand ($120.70 in chips)
vanand: posts small blind $1
Cah4ec1982: posts big blind $3
*** HOLE CARDS ***
vanand: folds
Uncalled bet ($2) returned to Cah4ec1982
Cah4ec1982 collected $2 from pot
Cah4ec1982: doesn't show hand
*** SUMMARY ***
Total pot $2 | Rake $0
Seat 1: Cah4ec1982 (big blind) collected ($2)
Seat 2: vanand (button) (small blind) folded before Flop


PokerStars Hand #144682663667:  Hold'em Limit ($3/$6 USD) - 2015/12/01 17:22:41 ET
Table 'Duhr II' 2-max Seat #1 is the button
Seat 1: Cah4ec1982 ($226.36 in chips)
Seat 2: vanand ($119.70 in chips)
Cah4ec1982: posts small blind $1
vanand: posts big blind $3
*** HOLE CARDS ***
Cah4ec1982: raises $3 to $6
vanand: raises $3 to $9
Cah4ec1982: calls $3
*** FLOP *** [3c Jd 6c]
vanand: bets $3
Cah4ec1982: folds
Uncalled bet ($3) returned to vanand
vanand collected $17.64 from pot
*** SUMMARY ***
Total pot $18 | Rake $0.36
Board [3c Jd 6c]
Seat 1: Cah4ec1982 (button) (small blind) folded on the Flop
Seat 2: vanand (big blind) collected ($17.64)


PokerStars Hand #144682675298:  Hold'em Limit ($3/$6 USD) - 2015/12/01 17:22:54 ET
Table 'Duhr II' 2-max Seat #2 is the button
Seat 1: Cah4ec1982 ($217.36 in chips)
Seat 2: vanand ($128.34 in chips)
vanand: posts small blind $1
Cah4ec1982: posts big blind $3
*** HOLE CARDS ***
vanand: raises $3 to $6
Cah4ec1982: raises $3 to $9
vanand: calls $3
*** FLOP *** [9s Jh 2s]
Cah4ec1982: bets $3
vanand: calls $3
*** TURN *** [9s Jh 2s] [8d]
Cah4ec1982: bets $6
vanand: folds
Uncalled bet ($6) returned to Cah4ec1982
Cah4ec1982 collected $23.52 from pot
Cah4ec1982: doesn't show hand
*** SUMMARY ***
Total pot $24 | Rake $0.48
Board [9s Jh 2s 8d]
Seat 1: Cah4ec1982 (big blind) collected ($23.52)
Seat 2: vanand (button) (small blind) folded on the Turn


PokerStars Hand #144682691655:  Hold'em Limit ($3/$6 USD) - 2015/12/01 17:23:12 ET
Table 'Duhr II' 2-max Seat #1 is the button
Seat 1: Cah4ec1982 ($228.88 in chips)
Seat 2: vanand ($116.34 in chips)
Cah4ec1982: posts small blind $1
vanand: posts big blind $3
*** HOLE CARDS ***
Cah4ec1982: raises $3 to $6
vanand: raises $3 to $9
Cah4ec1982: calls $3
*** FLOP *** [3h 5c Kc]
vanand: bets $3
Cah4ec1982: calls $3
*** TURN *** [3h 5c Kc] [6h]
vanand: bets $6
Cah4ec1982: calls $6
*** RIVER *** [3h 5c Kc 6h] [Js]
vanand: bets $6
Cah4ec1982: calls $6
*** SHOW DOWN ***
vanand: shows [9d 3d] (a pair of Threes)
Cah4ec1982: shows [Ac 6s] (a pair of Sixes)
Cah4ec1982 collected $47.50 from pot
*** SUMMARY ***
Total pot $48 | Rake $0.50
Board [3h 5c Kc 6h Js]
Seat 1: Cah4ec1982 (button) (small blind) showed [Ac 6s] and won ($47.50) with a pair of Sixes
Seat 2: vanand (big blind) showed [9d 3d] and lost with a pair of Threes


PokerStars Hand #144682711386:  Hold'em Limit ($3/$6 USD) - 2015/12/01 17:23:34 ET
Table 'Duhr II' 2-max Seat #2 is the button
Seat 1: Cah4ec1982 ($252.38 in chips)
Seat 2: vanand ($92.34 in chips)
vanand: posts small blind $1
Cah4ec1982: posts big blind $3
*** HOLE CARDS ***
vanand: raises $3 to $6
Cah4ec1982: raises $3 to $9
vanand: raises $3 to $12
Betting is capped
Cah4ec1982: calls $3
*** FLOP *** [9d Th 8s]
Cah4ec1982: checks
vanand: bets $3
Cah4ec1982: raises $3 to $6
vanand: raises $3 to $9
Cah4ec1982: raises $3 to $12
Betting is capped
vanand: calls $3
*** TURN *** [9d Th 8s] [Kh]
Cah4ec1982: bets $6
vanand: calls $6
*** RIVER *** [9d Th 8s Kh] [5h]
Cah4ec1982: bets $6
vanand: calls $6
*** SHOW DOWN ***
Cah4ec1982: shows [Js Qc] (a straight, Nine to King)
vanand: mucks hand
Cah4ec1982 collected $71.50 from pot
*** SUMMARY ***
Total pot $72 | Rake $0.50
Board [9d Th 8s Kh 5h]
Seat 1: Cah4ec1982 (big blind) showed [Js Qc] and won ($71.50) with a straight, Nine to King
Seat 2: vanand (button) (small blind) mucked


PokerStars Hand #144682731039:  Hold'em Limit ($3/$6 USD) - 2015/12/01 17:23:56 ET
Table 'Duhr II' 2-max Seat #1 is the button
Seat 1: Cah4ec1982 ($287.88 in chips)
Seat 2: vanand ($56.34 in chips)
Cah4ec1982: posts small blind $1
vanand: posts big blind $3
*** HOLE CARDS ***
Cah4ec1982: raises $3 to $6
vanand: calls $3
*** FLOP *** [8d 2d 9c]
vanand: checks
Cah4ec1982: bets $3
vanand: folds
Uncalled bet ($3) returned to Cah4ec1982
Cah4ec1982 collected $11.76 from pot
Cah4ec1982: doesn't show hand
*** SUMMARY ***
Total pot $12 | Rake $0.24
Board [8d 2d 9c]
Seat 1: Cah4ec1982 (button) (small blind) collected ($11.76)
Seat 2: vanand (big blind) folded on the Flop


PokerStars Hand #144682755896:  Hold'em Limit ($3/$6 USD) - 2015/12/01 17:24:24 ET
Table 'Duhr II' 2-max Seat #1 is the button
Seat 1: Cah4ec1982 ($294.64 in chips)
Seat 2: vanand ($1525.49 in chips)
Cah4ec1982: posts small blind $1
vanand: posts big blind $3
*** HOLE CARDS ***
Cah4ec1982: folds
Uncalled bet ($2) returned to vanand
vanand collected $2 from pot
*** SUMMARY ***
Total pot $2 | Rake $0
Seat 1: Cah4ec1982 (button) (small blind) folded before Flop
Seat 2: vanand (big blind) collected ($2)


PokerStars Hand #144682750223:  Hold'em Limit ($3/$6 USD) - 2015/12/01 17:24:17 ET
Table 'Duhr II' 2-max Seat #2 is the button
Seat 1: Cah4ec1982 ($293.64 in chips)
Seat 2: vanand ($1526.49 in chips)
vanand: posts small blind $1
Cah4ec1982: posts big blind $3
*** HOLE CARDS ***
vanand: folds
Uncalled bet ($2) returned to Cah4ec1982
Cah4ec1982 collected $2 from pot
Cah4ec1982: doesn't show hand
*** SUMMARY ***
Total pot $2 | Rake $0
Seat 1: Cah4ec1982 (big blind) collected ($2)
Seat 2: vanand (button) (small blind) folded before Flop


PokerStars Hand #144682760851:  Hold'em Limit ($3/$6 USD) - 2015/12/01 17:24:29 ET
Table 'Duhr II' 2-max Seat #2 is the button
Seat 1: Cah4ec1982 ($293.64 in chips)
Seat 2: vanand ($1526.49 in chips)
vanand: posts small blind $1
Cah4ec1982: posts big blind $3
*** HOLE CARDS ***
vanand: raises $3 to $6
Cah4ec1982: calls $3
*** FLOP *** [As 4h 8d]
Cah4ec1982: checks
vanand: bets $3
Cah4ec1982: folds
Uncalled bet ($3) returned to vanand
vanand collected $11.76 from pot
*** SUMMARY ***
Total pot $12 | Rake $0.24
Board [As 4h 8d]
Seat 1: Cah4ec1982 (big blind) folded on the Flop
Seat 2: vanand (button) (small blind) collected ($11.76)


PokerStars Hand #144682772240:  Hold'em Limit ($3/$6 USD) - 2015/12/01 17:24:42 ET
Table 'Duhr II' 2-max Seat #1 is the button
Seat 1: Cah4ec1982 ($287.64 in chips)
Seat 2: vanand ($1532.25 in chips)
Cah4ec1982: posts small blind $1
vanand: posts big blind $3
*** HOLE CARDS ***
Cah4ec1982: raises $3 to $6
vanand: raises $3 to $9
Cah4ec1982: calls $3
*** FLOP *** [5h 2s 7h]
vanand: bets $3
Cah4ec1982: calls $3
*** TURN *** [5h 2s 7h] [Kc]
vanand: bets $6
Cah4ec1982: calls $6
*** RIVER *** [5h 2s 7h Kc] [7c]
vanand: bets $6
Cah4ec1982: calls $6
*** SHOW DOWN ***
vanand: shows [9c Ts] (a pair of Sevens)
Cah4ec1982: shows [4h As] (a pair of Sevens - Ace kicker)
Cah4ec1982 collected $47.50 from pot
*** SUMMARY ***
Total pot $48 | Rake $0.50
Board [5h 2s 7h Kc 7c]
Seat 1: Cah4ec1982 (button) (small blind) showed [4h As] and won ($47.50) with a pair of Sevens
Seat 2: vanand (big blind) showed [9c Ts] and lost with a pair of Sevens


PokerStars Hand #144682793913:  Hold'em Limit ($3/$6 USD) - 2015/12/01 17:25:06 ET
Table 'Duhr II' 2-max Seat #2 is the button
Seat 1: Cah4ec1982 ($311.14 in chips)
Seat 2: vanand ($1508.25 in chips)
vanand: posts small blind $1
Cah4ec1982: posts big blind $3
*** HOLE CARDS ***
vanand: raises $3 to $6
Cah4ec1982: calls $3
*** FLOP *** [4c 9d Ad]
Cah4ec1982: checks
vanand: bets $3
Cah4ec1982: calls $3
*** TURN *** [4c 9d Ad] [7c]
Cah4ec1982: checks
vanand: bets $6
Cah4ec1982: calls $6
*** RIVER *** [4c 9d Ad 7c] [4h]
Cah4ec1982: checks
vanand: bets $6
Cah4ec1982: calls $6
*** SHOW DOWN ***
vanand: shows [Qh Qc] (two pair, Queens and Fours)
Cah4ec1982: mucks hand
vanand collected $41.50 from pot
*** SUMMARY ***
Total pot $42 | Rake $0.50
Board [4c 9d Ad 7c 4h]
Seat 1: Cah4ec1982 (big blind) mucked
Seat 2: vanand (button) (small blind) showed [Qh Qc] and won ($41.50) with two pair, Queens and Fours


PokerStars Hand #144682816726:  Hold'em Limit ($3/$6 USD) - 2015/12/01 17:25:32 ET
Table 'Duhr II' 2-max Seat #1 is the button
Seat 1: Cah4ec1982 ($290.14 in chips)
Seat 2: vanand ($1528.75 in chips)
Cah4ec1982: posts small blind $1
vanand: posts big blind $3
*** HOLE CARDS ***
Cah4ec1982: raises $3 to $6
vanand: raises $3 to $9
Cah4ec1982: calls $3
*** FLOP *** [6h 4h Qd]
vanand: bets $3
Cah4ec1982: calls $3
*** TURN *** [6h 4h Qd] [2h]
vanand: checks
Cah4ec1982: bets $6
vanand: folds
Uncalled bet ($6) returned to Cah4ec1982
Cah4ec1982 collected $23.52 from pot
Cah4ec1982: doesn't show hand
*** SUMMARY ***
Total pot $24 | Rake $0.48
Board [6h 4h Qd 2h]
Seat 1: Cah4ec1982 (button) (small blind) collected ($23.52)
Seat 2: vanand (big blind) folded on the Turn


