PokerStars Hand #166200952921:  Hold'em Limit ($3/$6 USD) - 2017/02/14 10:51:39 ET
Table 'Dulcinea II' 6-max Seat #3 is the button
Seat 3: _fayzulllo_ ($86.40 in chips)
Seat 5: belik555 ($90 in chips)
_fayzulllo_: posts small blind $1
belik555: posts big blind $3
*** HOLE CARDS ***
_fayzulllo_: raises $3 to $6
belik555: raises $3 to $9
_fayzulllo_: calls $3
*** FLOP *** [6d 5s 7d]
belik555: bets $3
_fayzulllo_: calls $3
*** TURN *** [6d 5s 7d] [5d]
belik555: bets $6
_fayzulllo_: calls $6
*** RIVER *** [6d 5s 7d 5d] [Ad]
belik555: checks
_fayzulllo_: bets $6
belik555: calls $6
*** SHOW DOWN ***
_fayzulllo_: shows [Qh As] (two pair, Aces and Fives)
belik555: shows [Ac 7s] (two pair, Aces and Sevens)
belik555 collected $47.50 from pot
*** SUMMARY ***
Total pot $48 | Rake $0.50
Board [6d 5s 7d 5d Ad]
Seat 3: _fayzulllo_ (button) (small blind) showed [Qh As] and lost with two pair, Aces and Fives
Seat 5: belik555 (big blind) showed [Ac 7s] and won ($47.50) with two pair, Aces and Sevens


PokerStars Hand #166200931566:  Hold'em Limit ($3/$6 USD) - 2017/02/14 10:51:08 ET
Table 'Dulcinea II' 6-max Seat #5 is the button
Seat 3: _fayzulllo_ ($77.76 in chips)
Seat 5: belik555 ($90 in chips)
belik555: posts small blind $1
_fayzulllo_: posts big blind $3
*** HOLE CARDS ***
belik555: raises $3 to $6
_fayzulllo_: calls $3
*** FLOP *** [5d 7h 6c]
_fayzulllo_: checks
belik555: bets $3
_fayzulllo_: calls $3
*** TURN *** [5d 7h 6c] [2c]
_fayzulllo_: checks
belik555: checks
*** RIVER *** [5d 7h 6c 2c] [8d]
_fayzulllo_: bets $6
belik555: folds
Uncalled bet ($6) returned to _fayzulllo_
_fayzulllo_ collected $17.64 from pot
_fayzulllo_: doesn't show hand
*** SUMMARY ***
Total pot $18 | Rake $0.36
Board [5d 7h 6c 2c 8d]
Seat 3: _fayzulllo_ (big blind) collected ($17.64)
Seat 5: belik555 (button) (small blind) folded on the River


PokerStars Hand #166200904110:  Hold'em Limit ($3/$6 USD) - 2017/02/14 10:50:29 ET
Table 'Dulcinea II' 6-max Seat #3 is the button
Seat 3: _fayzulllo_ ($72 in chips)
Seat 5: belik555 ($90 in chips)
MTails has timed out
MTails: is sitting out
_fayzulllo_: posts small blind $1
belik555: posts big blind $3
*** HOLE CARDS ***
_fayzulllo_: raises $3 to $6
belik555: calls $3
*** FLOP *** [Ts 5d 7d]
belik555: checks
_fayzulllo_: bets $3
belik555: folds
Uncalled bet ($3) returned to _fayzulllo_
_fayzulllo_ collected $11.76 from pot
_fayzulllo_: doesn't show hand
*** SUMMARY ***
Total pot $12 | Rake $0.24
Board [Ts 5d 7d]
Seat 3: _fayzulllo_ (button) (small blind) collected ($11.76)
Seat 5: belik555 (big blind) folded on the Flop


PokerStars Hand #166200993756:  Hold'em Limit ($3/$6 USD) - 2017/02/14 10:52:37 ET
Table 'Dulcinea II' 6-max Seat #3 is the button
Seat 3: _fayzulllo_ ($79.90 in chips)
Seat 5: belik555 ($95.50 in chips)
_fayzulllo_: posts small blind $1
belik555: posts big blind $3
*** HOLE CARDS ***
_fayzulllo_: calls $2
belik555: checks
*** FLOP *** [Qc 5h 4c]
belik555: bets $3
_fayzulllo_: calls $3
*** TURN *** [Qc 5h 4c] [Th]
belik555: checks
_fayzulllo_: bets $6
belik555: calls $6
*** RIVER *** [Qc 5h 4c Th] [Qs]
belik555: checks
_fayzulllo_: bets $6
belik555: calls $6
*** SHOW DOWN ***
_fayzulllo_: shows [5d 7h] (two pair, Queens and Fives)
belik555: mucks hand
_fayzulllo_ collected $35.50 from pot
*** SUMMARY ***
Total pot $36 | Rake $0.50
Board [Qc 5h 4c Th Qs]
Seat 3: _fayzulllo_ (button) (small blind) showed [5d 7h] and won ($35.50) with two pair, Queens and Fives
Seat 5: belik555 (big blind) mucked


PokerStars Hand #166200971980:  Hold'em Limit ($3/$6 USD) - 2017/02/14 10:52:06 ET
Table 'Dulcinea II' 6-max Seat #5 is the button
Seat 3: _fayzulllo_ ($62.40 in chips)
Seat 5: belik555 ($113.50 in chips)
belik555: posts small blind $1
_fayzulllo_: posts big blind $3
*** HOLE CARDS ***
belik555: raises $3 to $6
_fayzulllo_: raises $3 to $9
belik555: calls $3
*** FLOP *** [8h 9s 3s]
_fayzulllo_: bets $3
CG_XVI joins the table at seat #6
kolaz03 joins the table at seat #1
belik555: calls $3
*** TURN *** [8h 9s 3s] [2c]
_fayzulllo_: bets $6
belik555: calls $6
*** RIVER *** [8h 9s 3s 2c] [Qh]
_fayzulllo_: bets $6
belik555: folds
Uncalled bet ($6) returned to _fayzulllo_
vestimokrec joins the table at seat #2
_fayzulllo_ collected $35.50 from pot
_fayzulllo_: doesn't show hand
*** SUMMARY ***
Total pot $36 | Rake $0.50
Board [8h 9s 3s 2c Qh]
Seat 3: _fayzulllo_ (big blind) collected ($35.50)
Seat 5: belik555 (button) (small blind) folded on the River


