PokerStars Hand #161638237382:  Hold'em Limit ($3/$6 USD) - 2016/11/19 10:12:28 ET
Table 'Dulcinea II' 6-max Seat #1 is the button
Seat 1: LifeisagameX ($84 in chips)
Seat 2: MMM 22666 ($72 in chips)
LifeisagameX: posts small blind $1
MMM 22666: posts big blind $3
*** HOLE CARDS ***
LifeisagameX: raises $3 to $6
MMM 22666: raises $3 to $9
LifeisagameX: calls $3
*** FLOP *** [8d 6d 3d]
MMM 22666: bets $3
LifeisagameX: calls $3
*** TURN *** [8d 6d 3d] [Td]
MMM 22666: bets $6
LifeisagameX: calls $6
*** RIVER *** [8d 6d 3d Td] [Ad]
MMM 22666: bets $6
LifeisagameX: calls $6
*** SHOW DOWN ***
MMM 22666: shows [Qh Qd] (a flush, Ace high)
LifeisagameX: mucks hand
MMM 22666 collected $47.50 from pot
*** SUMMARY ***
Total pot $48 | Rake $0.50
Board [8d 6d 3d Td Ad]
Seat 1: LifeisagameX (button) (small blind) mucked
Seat 2: MMM 22666 (big blind) showed [Qh Qd] and won ($47.50) with a flush, Ace high


PokerStars Hand #161638307863:  Hold'em Limit ($3/$6 USD) - 2016/11/19 10:14:06 ET
Table 'Dulcinea II' 6-max Seat #1 is the button
Seat 1: LifeisagameX ($108.26 in chips)
Seat 2: MMM 22666 ($70.50 in chips)
LifeisagameX: posts small blind $1
MMM 22666: posts big blind $3
*** HOLE CARDS ***
LifeisagameX: raises $3 to $6
MMM 22666: calls $3
*** FLOP *** [Qh Ah 9d]
MMM 22666: checks
LifeisagameX: bets $3
MMM 22666: folds
Uncalled bet ($3) returned to LifeisagameX
LifeisagameX collected $11.76 from pot
LifeisagameX: doesn't show hand
*** SUMMARY ***
Total pot $12 | Rake $0.24
Board [Qh Ah 9d]
Seat 1: LifeisagameX (button) (small blind) collected ($11.76)
Seat 2: MMM 22666 (big blind) folded on the Flop


PokerStars Hand #161638302521:  Hold'em Limit ($3/$6 USD) - 2016/11/19 10:13:59 ET
Table 'Dulcinea II' 6-max Seat #2 is the button
Seat 1: LifeisagameX ($107.26 in chips)
Seat 2: MMM 22666 ($71.50 in chips)
MMM 22666: posts small blind $1
LifeisagameX: posts big blind $3
*** HOLE CARDS ***
MMM 22666: folds
Uncalled bet ($2) returned to LifeisagameX
ZinZar joins the table at seat #3
LifeisagameX collected $2 from pot
LifeisagameX: doesn't show hand
*** SUMMARY ***
Total pot $2 | Rake $0
Seat 1: LifeisagameX (big blind) collected ($2)
Seat 2: MMM 22666 (button) (small blind) folded before Flop


PokerStars Hand #161638286353:  Hold'em Limit ($3/$6 USD) - 2016/11/19 10:13:36 ET
Table 'Dulcinea II' 6-max Seat #1 is the button
Seat 1: LifeisagameX ($101.50 in chips)
Seat 2: MMM 22666 ($77.50 in chips)
LifeisagameX: posts small blind $1
MMM 22666: posts big blind $3
*** HOLE CARDS ***
LifeisagameX: raises $3 to $6
MMM 22666: calls $3
*** FLOP *** [Ts 2s Qs]
MMM 22666: checks
LifeisagameX: bets $3
MMM 22666: folds
Uncalled bet ($3) returned to LifeisagameX
LifeisagameX collected $11.76 from pot
LifeisagameX: doesn't show hand
*** SUMMARY ***
Total pot $12 | Rake $0.24
Board [Ts 2s Qs]
Seat 1: LifeisagameX (button) (small blind) collected ($11.76)
Seat 2: MMM 22666 (big blind) folded on the Flop


PokerStars Hand #161638266467:  Hold'em Limit ($3/$6 USD) - 2016/11/19 10:13:08 ET
Table 'Dulcinea II' 6-max Seat #2 is the button
Seat 1: LifeisagameX ($84 in chips)
Seat 2: MMM 22666 ($95.50 in chips)
MMM 22666: posts small blind $1
LifeisagameX: posts big blind $3
*** HOLE CARDS ***
MMM 22666: calls $2
LifeisagameX: checks
*** FLOP *** [3d 5d 4h]
LifeisagameX: bets $3
MMM 22666: calls $3
*** TURN *** [3d 5d 4h] [Td]
LifeisagameX: bets $6
MMM 22666: raises $6 to $12
LifeisagameX: calls $6
*** RIVER *** [3d 5d 4h Td] [7d]
LifeisagameX: checks
MMM 22666: checks
*** SHOW DOWN ***
LifeisagameX: shows [Jd 4s] (a flush, Jack high)
MMM 22666: mucks hand
LifeisagameX collected $35.50 from pot
*** SUMMARY ***
Total pot $36 | Rake $0.50
Board [3d 5d 4h Td 7d]
Seat 1: LifeisagameX (big blind) showed [Jd 4s] and won ($35.50) with a flush, Jack high
Seat 2: MMM 22666 (button) (small blind) mucked


PokerStars Hand #161638573525:  Hold'em Limit ($3/$6 USD) - 2016/11/19 10:20:14 ET
Table 'Dulcinea II' 6-max Seat #5 is the button
Seat 1: Koraseg ($119.19 in chips)
Seat 5: HAL9QQQ ($152.14 in chips)
HAL9QQQ: posts small blind $1
veterankwu: is sitting out
Koraseg: posts big blind $3
*** HOLE CARDS ***
HAL9QQQ: raises $3 to $6
veterankwu leaves the table
Koraseg: calls $3
*** FLOP *** [6c 9h 7c]
Koraseg: checks
HAL9QQQ: bets $3
Koraseg: calls $3
*** TURN *** [6c 9h 7c] [9s]
Koraseg: checks
HAL9QQQ: checks
*** RIVER *** [6c 9h 7c 9s] [7s]
Koraseg: bets $6
HAL9QQQ: calls $6
*** SHOW DOWN ***
Koraseg: shows [Ad 2h] (two pair, Nines and Sevens)
HAL9QQQ: mucks hand
Koraseg collected $29.50 from pot
*** SUMMARY ***
Total pot $30 | Rake $0.50
Board [6c 9h 7c 9s 7s]
Seat 1: Koraseg (big blind) showed [Ad 2h] and won ($29.50) with two pair, Nines and Sevens
Seat 5: HAL9QQQ (button) (small blind) mucked


