PokerStars Hand #145040524953:  Hold'em Limit ($3/$6 USD) - 2015/12/08 16:03:40 ET
Table 'Duponta' 2-max Seat #1 is the button
Seat 1: aruhtart ($135.52 in chips)
Seat 2: wesdeluxe ($110.64 in chips)
aruhtart: posts small blind $1
wesdeluxe: posts big blind $3
*** HOLE CARDS ***
aruhtart: raises $3 to $6
wesdeluxe: calls $3
*** FLOP *** [9d Ks 2s]
wesdeluxe: folds
aruhtart collected $11.76 from pot
aruhtart: doesn't show hand
*** SUMMARY ***
Total pot $12 | Rake $0.24
Board [9d Ks 2s]
Seat 1: aruhtart (button) (small blind) collected ($11.76)
Seat 2: wesdeluxe (big blind) folded on the Flop


PokerStars Hand #145040517868:  Hold'em Limit ($3/$6 USD) - 2015/12/08 16:03:32 ET
Table 'Duponta' 2-max Seat #2 is the button
Seat 1: aruhtart ($134.52 in chips)
Seat 2: wesdeluxe ($111.64 in chips)
wesdeluxe: posts small blind $1
aruhtart: posts big blind $3
*** HOLE CARDS ***
wesdeluxe: folds
Uncalled bet ($2) returned to aruhtart
aruhtart collected $2 from pot
aruhtart: doesn't show hand
*** SUMMARY ***
Total pot $2 | Rake $0
Seat 1: aruhtart (big blind) collected ($2)
Seat 2: wesdeluxe (button) (small blind) folded before Flop


PokerStars Hand #145040512783:  Hold'em Limit ($3/$6 USD) - 2015/12/08 16:03:28 ET
Table 'Duponta' 2-max Seat #1 is the button
Seat 1: aruhtart ($135.52 in chips)
Seat 2: wesdeluxe ($110.64 in chips)
aruhtart: posts small blind $1
wesdeluxe: posts big blind $3
*** HOLE CARDS ***
aruhtart: folds
Uncalled bet ($2) returned to wesdeluxe
wesdeluxe collected $2 from pot
wesdeluxe: doesn't show hand
*** SUMMARY ***
Total pot $2 | Rake $0
Seat 1: aruhtart (button) (small blind) folded before Flop
Seat 2: wesdeluxe (big blind) collected ($2)


PokerStars Hand #145040497815:  Hold'em Limit ($3/$6 USD) - 2015/12/08 16:03:13 ET
Table 'Duponta' 2-max Seat #2 is the button
Seat 1: aruhtart ($124 in chips)
Seat 2: wesdeluxe ($122.64 in chips)
wesdeluxe: posts small blind $1
aruhtart: posts big blind $3
*** HOLE CARDS ***
wesdeluxe: raises $3 to $6
aruhtart: raises $3 to $9
wesdeluxe: calls $3
*** FLOP *** [5s Qh 9d]
aruhtart: bets $3
wesdeluxe: calls $3
*** TURN *** [5s Qh 9d] [6c]
aruhtart: bets $6
wesdeluxe: folds
Uncalled bet ($6) returned to aruhtart
aruhtart collected $23.52 from pot
aruhtart: doesn't show hand
*** SUMMARY ***
Total pot $24 | Rake $0.48
Board [5s Qh 9d 6c]
Seat 1: aruhtart (big blind) collected ($23.52)
Seat 2: wesdeluxe (button) (small blind) folded on the Turn


