PokerStars Hand #171545489782:  Hold'em Limit ($3/$6 USD) - 2017/06/09 8:28:02 ET
Table 'Duponta' 6-max Seat #3 is the button
Seat 3: maurouai2005 ($405.98 in chips)
Seat 4: Agrotait ($72 in chips)
maurouai2005: posts small blind $1
Agrotait: posts big blind $3
*** HOLE CARDS ***
maurouai2005: raises $3 to $6
Agrotait: calls $3
*** FLOP *** [7c Qh 3h]
Agrotait: checks
maurouai2005: bets $3
Agrotait: calls $3
*** TURN *** [7c Qh 3h] [8c]
Agrotait: checks
maurouai2005: bets $6
Agrotait: raises $6 to $12
maurouai2005: calls $6
*** RIVER *** [7c Qh 3h 8c] [9s]
Agrotait: bets $6
maurouai2005: calls $6
*** SHOW DOWN ***
Agrotait: shows [8s 7h] (two pair, Eights and Sevens)
maurouai2005: mucks hand
Agrotait collected $53.50 from pot
*** SUMMARY ***
Total pot $54 | Rake $0.50
Board [7c Qh 3h 8c 9s]
Seat 3: maurouai2005 (button) (small blind) mucked
Seat 4: Agrotait (big blind) showed [8s 7h] and won ($53.50) with two pair, Eights and Sevens


PokerStars Hand #171545505359:  Hold'em Limit ($3/$6 USD) - 2017/06/09 8:28:36 ET
Table 'Duponta' 6-max Seat #4 is the button
Seat 3: maurouai2005 ($378.98 in chips)
Seat 4: Agrotait ($98.50 in chips)
Agrotait: posts small blind $1
maurouai2005: posts big blind $3
*** HOLE CARDS ***
Agrotait: folds
Uncalled bet ($2) returned to maurouai2005
maurouai2005 collected $2 from pot
*** SUMMARY ***
Total pot $2 | Rake $0
Seat 3: maurouai2005 (big blind) collected ($2)
Seat 4: Agrotait (button) (small blind) folded before Flop


PokerStars Hand #171545510707:  Hold'em Limit ($3/$6 USD) - 2017/06/09 8:28:47 ET
Table 'Duponta' 6-max Seat #3 is the button
Seat 3: maurouai2005 ($379.98 in chips)
Seat 4: Agrotait ($97.50 in chips)
maurouai2005: posts small blind $1
Agrotait: posts big blind $3
*** HOLE CARDS ***
maurouai2005: raises $3 to $6
Agrotait: calls $3
*** FLOP *** [Jc 9c 5d]
Agrotait: checks
maurouai2005: bets $3
Agrotait: calls $3
*** TURN *** [Jc 9c 5d] [9d]
Agrotait: checks
maurouai2005: bets $6
Agrotait: calls $6
*** RIVER *** [Jc 9c 5d 9d] [7c]
Agrotait: checks
maurouai2005: checks
*** SHOW DOWN ***
Agrotait: shows [Ah 8s] (a pair of Nines)
maurouai2005: shows [7s Js] (two pair, Jacks and Nines)
maurouai2005 collected $29.50 from pot
*** SUMMARY ***
Total pot $30 | Rake $0.50
Board [Jc 9c 5d 9d 7c]
Seat 3: maurouai2005 (button) (small blind) showed [7s Js] and won ($29.50) with two pair, Jacks and Nines
Seat 4: Agrotait (big blind) showed [Ah 8s] and lost with a pair of Nines


PokerStars Hand #171545544244:  Hold'em Limit ($3/$6 USD) - 2017/06/09 8:29:59 ET
Table 'Duponta' 6-max Seat #4 is the button
Seat 3: maurouai2005 ($387.48 in chips)
Seat 4: Agrotait ($89.26 in chips)
Agrotait: posts small blind $1
maurouai2005: posts big blind $3
*** HOLE CARDS ***
Agrotait: raises $3 to $6
maurouai2005: calls $3
*** FLOP *** [Jd 5s 3h]
maurouai2005: checks
Agrotait: bets $3
maurouai2005: raises $3 to $6
Agrotait: calls $3
*** TURN *** [Jd 5s 3h] [Js]
maurouai2005: bets $6
Agrotait: folds
Uncalled bet ($6) returned to maurouai2005
maurouai2005 collected $23.52 from pot
*** SUMMARY ***
Total pot $24 | Rake $0.48
Board [Jd 5s 3h Js]
Seat 3: maurouai2005 (big blind) collected ($23.52)
Seat 4: Agrotait (button) (small blind) folded on the Turn


PokerStars Hand #171545541965:  Hold'em Limit ($3/$6 USD) - 2017/06/09 8:29:54 ET
Table 'Duponta' 6-max Seat #3 is the button
Seat 3: maurouai2005 ($388.48 in chips)
Seat 4: Agrotait ($88.26 in chips)
maurouai2005: posts small blind $1
Agrotait: posts big blind $3
*** HOLE CARDS ***
maurouai2005: folds
Uncalled bet ($2) returned to Agrotait
Agrotait collected $2 from pot
Agrotait: doesn't show hand
*** SUMMARY ***
Total pot $2 | Rake $0
Seat 3: maurouai2005 (button) (small blind) folded before Flop
Seat 4: Agrotait (big blind) collected ($2)


PokerStars Hand #171545531489:  Hold'em Limit ($3/$6 USD) - 2017/06/09 8:29:32 ET
Table 'Duponta' 6-max Seat #4 is the button
Seat 3: maurouai2005 ($394.48 in chips)
Seat 4: Agrotait ($82.50 in chips)
Agrotait: posts small blind $1
maurouai2005: posts big blind $3
*** HOLE CARDS ***
Agrotait: raises $3 to $6
maurouai2005: calls $3
*** FLOP *** [3d 3h 6h]
maurouai2005: checks
Agrotait: bets $3
maurouai2005: folds
Uncalled bet ($3) returned to Agrotait
Agrotait collected $11.76 from pot
Agrotait: doesn't show hand
*** SUMMARY ***
Total pot $12 | Rake $0.24
Board [3d 3h 6h]
Seat 3: maurouai2005 (big blind) folded on the Flop
Seat 4: Agrotait (button) (small blind) collected ($11.76)


PokerStars Hand #171545579407:  Hold'em Limit ($3/$6 USD) - 2017/06/09 8:31:13 ET
Table 'Duponta' 6-max Seat #3 is the button
Seat 3: maurouai2005 ($431.26 in chips)
Seat 4: Agrotait ($72 in chips)
maurouai2005: posts small blind $1
Agrotait: posts big blind $3
*** HOLE CARDS ***
maurouai2005: folds
Uncalled bet ($2) returned to Agrotait
Agrotait collected $2 from pot
Agrotait: doesn't show hand
*** SUMMARY ***
Total pot $2 | Rake $0
Seat 3: maurouai2005 (button) (small blind) folded before Flop
Seat 4: Agrotait (big blind) collected ($2)


PokerStars Hand #171545567389:  Hold'em Limit ($3/$6 USD) - 2017/06/09 8:30:48 ET
Table 'Duponta' 6-max Seat #4 is the button
Seat 3: maurouai2005 ($404.76 in chips)
Seat 4: Agrotait ($71.26 in chips)
Agrotait: posts small blind $1
maurouai2005: posts big blind $3
*** HOLE CARDS ***
Agrotait: raises $3 to $6
maurouai2005: calls $3
*** FLOP *** [Qd Js 8d]
maurouai2005: checks
Agrotait: bets $3
maurouai2005: calls $3
*** TURN *** [Qd Js 8d] [3h]
maurouai2005: checks
Agrotait: bets $6
maurouai2005: raises $6 to $12
Agrotait: calls $6
*** RIVER *** [Qd Js 8d 3h] [Qs]
maurouai2005: bets $6
Agrotait: calls $6
*** SHOW DOWN ***
maurouai2005: shows [8s 8h] (a full house, Eights full of Queens)
Agrotait: mucks hand
maurouai2005 collected $53.50 from pot
*** SUMMARY ***
Total pot $54 | Rake $0.50
Board [Qd Js 8d 3h Qs]
Seat 3: maurouai2005 (big blind) showed [8s 8h] and won ($53.50) with a full house, Eights full of Queens
Seat 4: Agrotait (button) (small blind) mucked


PokerStars Hand #171545559033:  Hold'em Limit ($3/$6 USD) - 2017/06/09 8:30:30 ET
Table 'Duponta' 6-max Seat #3 is the button
Seat 3: maurouai2005 ($399 in chips)
Seat 4: Agrotait ($77.26 in chips)
maurouai2005: posts small blind $1
Agrotait: posts big blind $3
*** HOLE CARDS ***
maurouai2005: raises $3 to $6
Agrotait: calls $3
*** FLOP *** [Ac 8h Th]
Agrotait: checks
maurouai2005: checks
*** TURN *** [Ac 8h Th] [Tc]
Agrotait: checks
maurouai2005: bets $6
Agrotait: folds
Uncalled bet ($6) returned to maurouai2005
maurouai2005 collected $11.76 from pot
*** SUMMARY ***
Total pot $12 | Rake $0.24
Board [Ac 8h Th Tc]
Seat 3: maurouai2005 (button) (small blind) collected ($11.76)
Seat 4: Agrotait (big blind) folded on the Turn


PokerStars Hand #171545595410:  Hold'em Limit ($3/$6 USD) - 2017/06/09 8:31:48 ET
Table 'Duponta' 6-max Seat #3 is the button
Seat 3: maurouai2005 ($453.76 in chips)
Seat 4: Agrotait ($72 in chips)
maurouai2005: posts small blind $1
Agrotait: posts big blind $3
*** HOLE CARDS ***
maurouai2005: folds
Uncalled bet ($2) returned to Agrotait
Agrotait collected $2 from pot
Agrotait: doesn't show hand
*** SUMMARY ***
Total pot $2 | Rake $0
Seat 3: maurouai2005 (button) (small blind) folded before Flop
Seat 4: Agrotait (big blind) collected ($2)


PokerStars Hand #171545598188:  Hold'em Limit ($3/$6 USD) - 2017/06/09 8:31:54 ET
Table 'Duponta' 6-max Seat #4 is the button
Seat 3: maurouai2005 ($452.76 in chips)
Seat 4: Agrotait ($73 in chips)
Agrotait: posts small blind $1
maurouai2005: posts big blind $3
*** HOLE CARDS ***
Agrotait: raises $3 to $6
maurouai2005: calls $3
*** FLOP *** [Ac 3h 2h]
maurouai2005: checks
Agrotait: bets $3
maurouai2005: folds
Uncalled bet ($3) returned to Agrotait
Agrotait collected $11.76 from pot
Agrotait: doesn't show hand
*** SUMMARY ***
Total pot $12 | Rake $0.24
Board [Ac 3h 2h]
Seat 3: maurouai2005 (big blind) folded on the Flop
Seat 4: Agrotait (button) (small blind) collected ($11.76)


PokerStars Hand #171545582414:  Hold'em Limit ($3/$6 USD) - 2017/06/09 8:31:20 ET
Table 'Duponta' 6-max Seat #4 is the button
Seat 3: maurouai2005 ($430.26 in chips)
Seat 4: Agrotait ($73 in chips)
Agrotait: posts small blind $1
maurouai2005: posts big blind $3
*** HOLE CARDS ***
Agrotait: raises $3 to $6
maurouai2005: calls $3
*** FLOP *** [9d 9s 2d]
maurouai2005: checks
Agrotait: bets $3
maurouai2005: raises $3 to $6
Agrotait: calls $3
*** TURN *** [9d 9s 2d] [Kh]
maurouai2005: bets $6
Agrotait: calls $6
*** RIVER *** [9d 9s 2d Kh] [2h]
maurouai2005: bets $6
Agrotait: calls $6
*** SHOW DOWN ***
maurouai2005: shows [Ks 6d] (two pair, Kings and Nines)
Agrotait: mucks hand
maurouai2005 collected $47.50 from pot
*** SUMMARY ***
Total pot $48 | Rake $0.50
Board [9d 9s 2d Kh 2h]
Seat 3: maurouai2005 (big blind) showed [Ks 6d] and won ($47.50) with two pair, Kings and Nines
Seat 4: Agrotait (button) (small blind) mucked


PokerStars Hand #171545627022:  Hold'em Limit ($3/$6 USD) - 2017/06/09 8:32:54 ET
Table 'Duponta' 6-max Seat #4 is the button
Seat 3: maurouai2005 ($467.26 in chips)
Seat 4: Agrotait ($72 in chips)
Agrotait: posts small blind $1
maurouai2005: posts big blind $3
*** HOLE CARDS ***
Agrotait: raises $3 to $6
maurouai2005: calls $3
*** FLOP *** [Ts Ac 6h]
maurouai2005: checks
Agrotait: bets $3
maurouai2005: calls $3
*** TURN *** [Ts Ac 6h] [2h]
maurouai2005: checks
Agrotait: bets $6
maurouai2005: folds
Uncalled bet ($6) returned to Agrotait
Agrotait collected $17.64 from pot
Agrotait: doesn't show hand
*** SUMMARY ***
Total pot $18 | Rake $0.36
Board [Ts Ac 6h 2h]
Seat 3: maurouai2005 (big blind) folded on the Turn
Seat 4: Agrotait (button) (small blind) collected ($17.64)


PokerStars Hand #171545604919:  Hold'em Limit ($3/$6 USD) - 2017/06/09 8:32:07 ET
Table 'Duponta' 6-max Seat #3 is the button
Seat 3: maurouai2005 ($446.76 in chips)
Seat 4: Agrotait ($78.76 in chips)
maurouai2005: posts small blind $1
Agrotait: posts big blind $3
*** HOLE CARDS ***
maurouai2005: raises $3 to $6
Agrotait: calls $3
*** FLOP *** [5c 6h 9c]
Agrotait: checks
maurouai2005: bets $3
Agrotait: raises $3 to $6
maurouai2005: raises $3 to $9
Agrotait: calls $3
*** TURN *** [5c 6h 9c] [Tc]
Agrotait: checks
maurouai2005: checks
*** RIVER *** [5c 6h 9c Tc] [5h]
Agrotait: checks
maurouai2005: bets $6
Agrotait: calls $6
*** SHOW DOWN ***
maurouai2005: shows [5s 9h] (a full house, Fives full of Nines)
Agrotait: mucks hand
maurouai2005 collected $41.50 from pot
*** SUMMARY ***
Total pot $42 | Rake $0.50
Board [5c 6h 9c Tc 5h]
Seat 3: maurouai2005 (button) (small blind) showed [5s 9h] and won ($41.50) with a full house, Fives full of Nines
Seat 4: Agrotait (big blind) mucked


PokerStars Hand #171545639114:  Hold'em Limit ($3/$6 USD) - 2017/06/09 8:33:20 ET
Table 'Duponta' 6-max Seat #3 is the button
Seat 3: maurouai2005 ($458.26 in chips)
Seat 4: Agrotait ($80.64 in chips)
maurouai2005: posts small blind $1
Agrotait: posts big blind $3
*** HOLE CARDS ***
maurouai2005: raises $3 to $6
Agrotait: calls $3
*** FLOP *** [5d 3c 3d]
Agrotait: checks
maurouai2005: checks
*** TURN *** [5d 3c 3d] [5h]
Agrotait: checks
maurouai2005: checks
*** RIVER *** [5d 3c 3d 5h] [Kc]
Agrotait: checks
maurouai2005: bets $6
Agrotait: folds
Uncalled bet ($6) returned to maurouai2005
maurouai2005 collected $11.76 from pot
*** SUMMARY ***
Total pot $12 | Rake $0.24
Board [5d 3c 3d 5h Kc]
Seat 3: maurouai2005 (button) (small blind) collected ($11.76)
Seat 4: Agrotait (big blind) folded on the River


PokerStars Hand #171545659167:  Hold'em Limit ($3/$6 USD) - 2017/06/09 8:34:03 ET
Table 'Duponta' 6-max Seat #4 is the button
Seat 3: maurouai2005 ($464.02 in chips)
Seat 4: Agrotait ($74.64 in chips)
Agrotait: posts small blind $1
maurouai2005: posts big blind $3
*** HOLE CARDS ***
Agrotait: folds
Uncalled bet ($2) returned to maurouai2005
maurouai2005 collected $2 from pot
*** SUMMARY ***
Total pot $2 | Rake $0
Seat 3: maurouai2005 (big blind) collected ($2)
Seat 4: Agrotait (button) (small blind) folded before Flop


PokerStars Hand #171545661886:  Hold'em Limit ($3/$6 USD) - 2017/06/09 8:34:08 ET
Table 'Duponta' 6-max Seat #3 is the button
Seat 3: maurouai2005 ($465.02 in chips)
Seat 4: Agrotait ($73.64 in chips)
maurouai2005: posts small blind $1
Agrotait: posts big blind $3
*** HOLE CARDS ***
maurouai2005: raises $3 to $6
Agrotait: raises $3 to $9
maurouai2005: calls $3
*** FLOP *** [2s 4d 3h]
Agrotait: checks
maurouai2005: checks
*** TURN *** [2s 4d 3h] [4c]
Agrotait: checks
maurouai2005: checks
*** RIVER *** [2s 4d 3h 4c] [5c]
Agrotait: checks
maurouai2005: checks
*** SHOW DOWN ***
Agrotait: shows [Jh Qc] (a pair of Fours)
maurouai2005: shows [Jc Qh] (a pair of Fours)
Agrotait collected $8.82 from pot
maurouai2005 collected $8.82 from pot
*** SUMMARY ***
Total pot $18 | Rake $0.36
Board [2s 4d 3h 4c 5c]
Seat 3: maurouai2005 (button) (small blind) showed [Jc Qh] and won ($8.82) with a pair of Fours
Seat 4: Agrotait (big blind) showed [Jh Qc] and won ($8.82) with a pair of Fours


PokerStars Hand #171545681221:  Hold'em Limit ($3/$6 USD) - 2017/06/09 8:34:49 ET
Table 'Duponta' 6-max Seat #4 is the button
Seat 3: maurouai2005 ($464.84 in chips)
Seat 4: Agrotait ($73.46 in chips)
Agrotait: posts small blind $1
maurouai2005: posts big blind $3
*** HOLE CARDS ***
Agrotait: raises $3 to $6
maurouai2005: calls $3
*** FLOP *** [8h 3d Qd]
maurouai2005: checks
Agrotait: bets $3
maurouai2005: calls $3
*** TURN *** [8h 3d Qd] [9d]
maurouai2005: checks
Agrotait: checks
*** RIVER *** [8h 3d Qd 9d] [Td]
maurouai2005: bets $6
Agrotait: calls $6
*** SHOW DOWN ***
maurouai2005: shows [6c Kc] (high card King)
Agrotait: shows [6h 9s] (a pair of Nines)
Agrotait collected $29.50 from pot
*** SUMMARY ***
Total pot $30 | Rake $0.50
Board [8h 3d Qd 9d Td]
Seat 3: maurouai2005 (big blind) showed [6c Kc] and lost with high card King
Seat 4: Agrotait (button) (small blind) showed [6h 9s] and won ($29.50) with a pair of Nines


PokerStars Hand #171545694680:  Hold'em Limit ($3/$6 USD) - 2017/06/09 8:35:17 ET
Table 'Duponta' 6-max Seat #3 is the button
Seat 3: maurouai2005 ($449.84 in chips)
Seat 4: Agrotait ($87.96 in chips)
maurouai2005: posts small blind $1
Agrotait: posts big blind $3
*** HOLE CARDS ***
maurouai2005: raises $3 to $6
Agrotait: calls $3
*** FLOP *** [Qc 2d Ah]
Agrotait: checks
maurouai2005: checks
*** TURN *** [Qc 2d Ah] [Jh]
Agrotait: bets $6
maurouai2005: raises $6 to $12
Agrotait: calls $6
*** RIVER *** [Qc 2d Ah Jh] [5d]
Agrotait: checks
maurouai2005: bets $6
Agrotait: folds
Uncalled bet ($6) returned to maurouai2005
maurouai2005 collected $35.50 from pot
*** SUMMARY ***
Total pot $36 | Rake $0.50
Board [Qc 2d Ah Jh 5d]
Seat 3: maurouai2005 (button) (small blind) collected ($35.50)
Seat 4: Agrotait (big blind) folded on the River


PokerStars Hand #171545706391:  Hold'em Limit ($3/$6 USD) - 2017/06/09 8:35:42 ET
Table 'Duponta' 6-max Seat #4 is the button
Seat 3: maurouai2005 ($467.34 in chips)
Seat 4: Agrotait ($69.96 in chips)
Agrotait: posts small blind $1
maurouai2005: posts big blind $3
*** HOLE CARDS ***
Agrotait: raises $3 to $6
maurouai2005: calls $3
*** FLOP *** [3h 9d 4h]
maurouai2005: checks
Agrotait: bets $3
maurouai2005: calls $3
*** TURN *** [3h 9d 4h] [9s]
maurouai2005: checks
Agrotait: bets $6
maurouai2005: raises $6 to $12
Agrotait: calls $6
*** RIVER *** [3h 9d 4h 9s] [6h]
maurouai2005: bets $6
Agrotait: calls $6
*** SHOW DOWN ***
maurouai2005: shows [Js 9h] (three of a kind, Nines)
Agrotait: mucks hand
maurouai2005 collected $53.50 from pot
*** SUMMARY ***
Total pot $54 | Rake $0.50
Board [3h 9d 4h 9s 6h]
Seat 3: maurouai2005 (big blind) showed [Js 9h] and won ($53.50) with three of a kind, Nines
Seat 4: Agrotait (button) (small blind) mucked


PokerStars Hand #171545728618:  Hold'em Limit ($3/$6 USD) - 2017/06/09 8:36:29 ET
Table 'Duponta' 6-max Seat #3 is the button
Seat 3: maurouai2005 ($493.84 in chips)
Seat 4: Agrotait ($72 in chips)
maurouai2005: posts small blind $1
Agrotait: posts big blind $3
*** HOLE CARDS ***
maurouai2005: raises $3 to $6
Agrotait: calls $3
*** FLOP *** [4h 2h 8c]
Agrotait: checks
maurouai2005: checks
*** TURN *** [4h 2h 8c] [2d]
Agrotait: bets $6
maurouai2005: calls $6
*** RIVER *** [4h 2h 8c 2d] [5s]
Agrotait: bets $6
maurouai2005: calls $6
*** SHOW DOWN ***
Agrotait: shows [4d 3d] (two pair, Fours and Deuces)
maurouai2005: mucks hand
Agrotait collected $35.50 from pot
*** SUMMARY ***
Total pot $36 | Rake $0.50
Board [4h 2h 8c 2d 5s]
Seat 3: maurouai2005 (button) (small blind) mucked
Seat 4: Agrotait (big blind) showed [4d 3d] and won ($35.50) with two pair, Fours and Deuces


PokerStars Hand #171545751045:  Hold'em Limit ($3/$6 USD) - 2017/06/09 8:37:16 ET
Table 'Duponta' 6-max Seat #4 is the button
Seat 3: maurouai2005 ($475.84 in chips)
Seat 4: Agrotait ($89.50 in chips)
Agrotait: posts small blind $1
maurouai2005: posts big blind $3
*** HOLE CARDS ***
Agrotait: raises $3 to $6
maurouai2005: calls $3
*** FLOP *** [Ts 9h Js]
maurouai2005: checks
Agrotait: bets $3
maurouai2005: folds
Uncalled bet ($3) returned to Agrotait
Agrotait collected $11.76 from pot
Agrotait: doesn't show hand
*** SUMMARY ***
Total pot $12 | Rake $0.24
Board [Ts 9h Js]
Seat 3: maurouai2005 (big blind) folded on the Flop
Seat 4: Agrotait (button) (small blind) collected ($11.76)


PokerStars Hand #171545757214:  Hold'em Limit ($3/$6 USD) - 2017/06/09 8:37:29 ET
Table 'Duponta' 6-max Seat #3 is the button
Seat 3: maurouai2005 ($469.84 in chips)
Seat 4: Agrotait ($95.26 in chips)
maurouai2005: posts small blind $1
Agrotait: posts big blind $3
*** HOLE CARDS ***
maurouai2005: raises $3 to $6
Agrotait: raises $3 to $9
maurouai2005: calls $3
*** FLOP *** [5s As 6h]
Agrotait: bets $3
maurouai2005: calls $3
*** TURN *** [5s As 6h] [Tc]
Agrotait: bets $6
maurouai2005: calls $6
*** RIVER *** [5s As 6h Tc] [9c]
Agrotait: bets $6
maurouai2005: calls $6
*** SHOW DOWN ***
Agrotait: shows [Ks Ah] (a pair of Aces)
maurouai2005: mucks hand
Agrotait collected $47.50 from pot
*** SUMMARY ***
Total pot $48 | Rake $0.50
Board [5s As 6h Tc 9c]
Seat 3: maurouai2005 (button) (small blind) mucked
Seat 4: Agrotait (big blind) showed [Ks Ah] and won ($47.50) with a pair of Aces


PokerStars Hand #171545771184:  Hold'em Limit ($3/$6 USD) - 2017/06/09 8:37:58 ET
Table 'Duponta' 6-max Seat #4 is the button
Seat 3: maurouai2005 ($445.84 in chips)
Seat 4: Agrotait ($118.76 in chips)
Agrotait: posts small blind $1
maurouai2005: posts big blind $3
*** HOLE CARDS ***
Agrotait: folds
Uncalled bet ($2) returned to maurouai2005
maurouai2005 collected $2 from pot
*** SUMMARY ***
Total pot $2 | Rake $0
Seat 3: maurouai2005 (big blind) collected ($2)
Seat 4: Agrotait (button) (small blind) folded before Flop


