PokerStars Hand #166579262329:  Hold'em Limit ($3/$6 USD) - 2017/02/21 19:19:20 ET
Table 'Duponta' 6-max Seat #2 is the button
Seat 2: Willijabo ($155.42 in chips)
Seat 6: RaisemyNut$ ($114.39 in chips)
Willijabo: posts small blind $1
Actionni13: is sitting out
RaisemyNut$: posts big blind $3
*** HOLE CARDS ***
Willijabo: folds
Uncalled bet ($2) returned to RaisemyNut$
RaisemyNut$ collected $2 from pot
RaisemyNut$: doesn't show hand
*** SUMMARY ***
Total pot $2 | Rake $0
Seat 2: Willijabo (button) (small blind) folded before Flop
Seat 6: RaisemyNut$ (big blind) collected ($2)


PokerStars Hand #166579291338:  Hold'em Limit ($3/$6 USD) - 2017/02/21 19:20:06 ET
Table 'Duponta' 6-max Seat #2 is the button
Seat 2: Willijabo ($139.42 in chips)
Seat 6: RaisemyNut$ ($129.89 in chips)
Willijabo: posts small blind $1
RaisemyNut$: posts big blind $3
*** HOLE CARDS ***
Willijabo: raises $3 to $6
RaisemyNut$: raises $3 to $9
Willijabo: calls $3
*** FLOP *** [7c Tc Jh]
RaisemyNut$: bets $3
Willijabo: calls $3
*** TURN *** [7c Tc Jh] [Jd]
RaisemyNut$: bets $6
Willijabo: calls $6
*** RIVER *** [7c Tc Jh Jd] [Ac]
RaisemyNut$: bets $6
Willijabo: calls $6
*** SHOW DOWN ***
RaisemyNut$: shows [Th Td] (a full house, Tens full of Jacks)
Willijabo: mucks hand
RaisemyNut$ collected $47.50 from pot
*** SUMMARY ***
Total pot $48 | Rake $0.50
Board [7c Tc Jh Jd Ac]
Seat 2: Willijabo (button) (small blind) mucked
Seat 6: RaisemyNut$ (big blind) showed [Th Td] and won ($47.50) with a full house, Tens full of Jacks


PokerStars Hand #166579274433:  Hold'em Limit ($3/$6 USD) - 2017/02/21 19:19:39 ET
Table 'Duponta' 6-max Seat #6 is the button
Seat 2: Willijabo ($154.42 in chips)
Seat 6: RaisemyNut$ ($115.39 in chips)
RaisemyNut$: posts small blind $1
Willijabo: posts big blind $3
*** HOLE CARDS ***
RaisemyNut$: raises $3 to $6
Willijabo: calls $3
*** FLOP *** [3s 2c 9h]
Willijabo: checks
RaisemyNut$: bets $3
Willijabo: calls $3
*** TURN *** [3s 2c 9h] [6d]
Willijabo: checks
RaisemyNut$: bets $6
Willijabo: calls $6
*** RIVER *** [3s 2c 9h 6d] [Kh]
Willijabo: checks
RaisemyNut$: checks
*** SHOW DOWN ***
Willijabo: shows [Js As] (high card Ace)
RaisemyNut$: shows [5c 5h] (a pair of Fives)
RaisemyNut$ collected $29.50 from pot
*** SUMMARY ***
Total pot $30 | Rake $0.50
Board [3s 2c 9h 6d Kh]
Seat 2: Willijabo (big blind) showed [Js As] and lost with high card Ace
Seat 6: RaisemyNut$ (button) (small blind) showed [5c 5h] and won ($29.50) with a pair of Fives


PokerStars Hand #166579335530:  Hold'em Limit ($3/$6 USD) - 2017/02/21 19:21:16 ET
Table 'Duponta' 6-max Seat #6 is the button
Seat 2: Willijabo ($120.18 in chips)
Seat 6: RaisemyNut$ ($148.39 in chips)
RaisemyNut$: posts small blind $1
Willijabo: posts big blind $3
*** HOLE CARDS ***
RaisemyNut$: folds
Uncalled bet ($2) returned to Willijabo
Willijabo collected $2 from pot
Willijabo: doesn't show hand
*** SUMMARY ***
Total pot $2 | Rake $0
Seat 2: Willijabo (big blind) collected ($2)
Seat 6: RaisemyNut$ (button) (small blind) folded before Flop


PokerStars Hand #166579331046:  Hold'em Limit ($3/$6 USD) - 2017/02/21 19:21:09 ET
Table 'Duponta' 6-max Seat #2 is the button
Seat 2: Willijabo ($121.18 in chips)
Seat 6: RaisemyNut$ ($147.39 in chips)
Willijabo: posts small blind $1
RaisemyNut$: posts big blind $3
*** HOLE CARDS ***
Willijabo: folds
Uncalled bet ($2) returned to RaisemyNut$
RaisemyNut$ collected $2 from pot
RaisemyNut$: doesn't show hand
*** SUMMARY ***
Total pot $2 | Rake $0
Seat 2: Willijabo (button) (small blind) folded before Flop
Seat 6: RaisemyNut$ (big blind) collected ($2)


PokerStars Hand #166579338713:  Hold'em Limit ($3/$6 USD) - 2017/02/21 19:21:21 ET
Table 'Duponta' 6-max Seat #2 is the button
Seat 2: Willijabo ($121.18 in chips)
Seat 6: RaisemyNut$ ($147.39 in chips)
Willijabo: posts small blind $1
RaisemyNut$: posts big blind $3
*** HOLE CARDS ***
Willijabo: folds
Uncalled bet ($2) returned to RaisemyNut$
RaisemyNut$ collected $2 from pot
RaisemyNut$: doesn't show hand
*** SUMMARY ***
Total pot $2 | Rake $0
Seat 2: Willijabo (button) (small blind) folded before Flop
Seat 6: RaisemyNut$ (big blind) collected ($2)


PokerStars Hand #166579309549:  Hold'em Limit ($3/$6 USD) - 2017/02/21 19:20:35 ET
Table 'Duponta' 6-max Seat #6 is the button
Seat 2: Willijabo ($115.42 in chips)
Seat 6: RaisemyNut$ ($153.39 in chips)
RaisemyNut$: posts small blind $1
Willijabo: posts big blind $3
*** HOLE CARDS ***
RaisemyNut$: raises $3 to $6
Willijabo: calls $3
*** FLOP *** [2h 9d 5d]
Willijabo: checks
RaisemyNut$: checks
*** TURN *** [2h 9d 5d] [2c]
Willijabo: bets $6
RaisemyNut$: folds
Uncalled bet ($6) returned to Willijabo
Willijabo collected $11.76 from pot
Willijabo: doesn't show hand
*** SUMMARY ***
Total pot $12 | Rake $0.24
Board [2h 9d 5d 2c]
Seat 2: Willijabo (big blind) collected ($11.76)
Seat 6: RaisemyNut$ (button) (small blind) folded on the Turn


PokerStars Hand #166579389077:  Hold'em Limit ($3/$6 USD) - 2017/02/21 19:22:42 ET
Table 'Duponta' 6-max Seat #6 is the button
Seat 2: Willijabo ($125.68 in chips)
Seat 6: RaisemyNut$ ($142.03 in chips)
RaisemyNut$: posts small blind $1
Willijabo: posts big blind $3
*** HOLE CARDS ***
RaisemyNut$: raises $3 to $6
Willijabo: calls $3
*** FLOP *** [7h Jh Ts]
Willijabo: checks
RaisemyNut$: bets $3
Willijabo: calls $3
*** TURN *** [7h Jh Ts] [4h]
Willijabo: checks
RaisemyNut$: bets $6
Willijabo: folds
Uncalled bet ($6) returned to RaisemyNut$
RaisemyNut$ collected $17.64 from pot
RaisemyNut$: doesn't show hand
*** SUMMARY ***
Total pot $18 | Rake $0.36
Board [7h Jh Ts 4h]
Seat 2: Willijabo (big blind) folded on the Turn
Seat 6: RaisemyNut$ (button) (small blind) collected ($17.64)


PokerStars Hand #166579379764:  Hold'em Limit ($3/$6 USD) - 2017/02/21 19:22:27 ET
Table 'Duponta' 6-max Seat #2 is the button
Seat 2: Willijabo ($134.68 in chips)
Seat 6: RaisemyNut$ ($133.39 in chips)
Willijabo: posts small blind $1
RaisemyNut$: posts big blind $3
*** HOLE CARDS ***
Willijabo: raises $3 to $6
RaisemyNut$: calls $3
*** FLOP *** [3d 4d Kh]
RaisemyNut$: checks
Willijabo: bets $3
RaisemyNut$: raises $3 to $6
Willijabo: folds
Uncalled bet ($3) returned to RaisemyNut$
RaisemyNut$ collected $17.64 from pot
RaisemyNut$: doesn't show hand
*** SUMMARY ***
Total pot $18 | Rake $0.36
Board [3d 4d Kh]
Seat 2: Willijabo (button) (small blind) folded on the Flop
Seat 6: RaisemyNut$ (big blind) collected ($17.64)


PokerStars Hand #166579345296:  Hold'em Limit ($3/$6 USD) - 2017/02/21 19:21:32 ET
Table 'Duponta' 6-max Seat #6 is the button
Seat 2: Willijabo ($120.18 in chips)
Seat 6: RaisemyNut$ ($148.39 in chips)
RaisemyNut$: posts small blind $1
Willijabo: posts big blind $3
*** HOLE CARDS ***
RaisemyNut$: raises $3 to $6
Willijabo: calls $3
*** FLOP *** [2h 4d 5s]
Willijabo: checks
RaisemyNut$: bets $3
Willijabo: calls $3
*** TURN *** [2h 4d 5s] [5c]
Willijabo: checks
RaisemyNut$: bets $6
Willijabo: calls $6
*** RIVER *** [2h 4d 5s 5c] [3d]
Willijabo: checks
RaisemyNut$: checks
*** SHOW DOWN ***
Willijabo: shows [Jd Ks] (a pair of Fives)
RaisemyNut$: mucks hand
Willijabo collected $29.50 from pot
*** SUMMARY ***
Total pot $30 | Rake $0.50
Board [2h 4d 5s 5c 3d]
Seat 2: Willijabo (big blind) showed [Jd Ks] and won ($29.50) with a pair of Fives
Seat 6: RaisemyNut$ (button) (small blind) mucked


PokerStars Hand #166579403019:  Hold'em Limit ($3/$6 USD) - 2017/02/21 19:23:05 ET
Table 'Duponta' 6-max Seat #2 is the button
Seat 2: Willijabo ($116.68 in chips)
Seat 6: RaisemyNut$ ($150.67 in chips)
Willijabo: posts small blind $1
RaisemyNut$: posts big blind $3
*** HOLE CARDS ***
Willijabo: folds
Uncalled bet ($2) returned to RaisemyNut$
RaisemyNut$ collected $2 from pot
RaisemyNut$: doesn't show hand
*** SUMMARY ***
Total pot $2 | Rake $0
Seat 2: Willijabo (button) (small blind) folded before Flop
Seat 6: RaisemyNut$ (big blind) collected ($2)


PokerStars Hand #166579406371:  Hold'em Limit ($3/$6 USD) - 2017/02/21 19:23:10 ET
Table 'Duponta' 6-max Seat #6 is the button
Seat 2: Willijabo ($115.68 in chips)
Seat 6: RaisemyNut$ ($151.67 in chips)
RaisemyNut$: posts small blind $1
Willijabo: posts big blind $3
*** HOLE CARDS ***
RaisemyNut$: raises $3 to $6
Willijabo: folds
Uncalled bet ($3) returned to RaisemyNut$
RaisemyNut$ collected $6 from pot
RaisemyNut$: doesn't show hand
*** SUMMARY ***
Total pot $6 | Rake $0
Seat 2: Willijabo (big blind) folded before Flop
Seat 6: RaisemyNut$ (button) (small blind) collected ($6)


PokerStars Hand #166579410983:  Hold'em Limit ($3/$6 USD) - 2017/02/21 19:23:18 ET
Table 'Duponta' 6-max Seat #2 is the button
Seat 2: Willijabo ($112.68 in chips)
Seat 6: RaisemyNut$ ($154.67 in chips)
Willijabo: posts small blind $1
RaisemyNut$: posts big blind $3
*** HOLE CARDS ***
Willijabo: raises $3 to $6
RaisemyNut$: calls $3
*** FLOP *** [6s Kd Ad]
RaisemyNut$: checks
Willijabo: bets $3
RaisemyNut$: calls $3
*** TURN *** [6s Kd Ad] [3c]
RaisemyNut$: checks
Willijabo: bets $6
RaisemyNut$: calls $6
*** RIVER *** [6s Kd Ad 3c] [Qd]
RaisemyNut$: checks
alpha2777 joins the table at seat #1
Willijabo: bets $6
RaisemyNut$: raises $6 to $12
Willijabo: calls $6
*** SHOW DOWN ***
RaisemyNut$: shows [Qs 6c] (two pair, Queens and Sixes)
Willijabo: mucks hand
RaisemyNut$ collected $53.50 from pot
*** SUMMARY ***
Total pot $54 | Rake $0.50
Board [6s Kd Ad 3c Qd]
Seat 2: Willijabo (button) (small blind) mucked
Seat 6: RaisemyNut$ (big blind) showed [Qs 6c] and won ($53.50) with two pair, Queens and Sixes


PokerStars Hand #166581300357:  Hold'em Limit ($3/$6 USD) - 2017/02/21 20:19:24 ET
Table 'Duponta' 6-max Seat #6 is the button
Seat 3: GlamDragon ($233.41 in chips)
Seat 6: RaisemyNut$ ($96.69 in chips)
Willijabo will be allowed to play after the button
RaisemyNut$: posts small blind $1
Azrarn: is sitting out
GlamDragon: posts big blind $3
*** HOLE CARDS ***
RaisemyNut$: raises $3 to $6
GlamDragon: calls $3
*** FLOP *** [3s 6d 5c]
GlamDragon: checks
Azrarn leaves the table
RaisemyNut$: bets $3
GlamDragon: calls $3
*** TURN *** [3s 6d 5c] [Ah]
GlamDragon: checks
RaisemyNut$: bets $6
GlamDragon: folds
Uncalled bet ($6) returned to RaisemyNut$
RaisemyNut$ collected $17.64 from pot
RaisemyNut$: doesn't show hand
*** SUMMARY ***
Total pot $18 | Rake $0.36
Board [3s 6d 5c Ah]
Seat 3: GlamDragon (big blind) folded on the Turn
Seat 6: RaisemyNut$ (button) (small blind) collected ($17.64)


PokerStars Hand #166581927002:  Hold'em Limit ($3/$6 USD) - 2017/02/21 20:39:59 ET
Table 'Duponta' 6-max Seat #3 is the button
Seat 3: GlamDragon ($325.85 in chips)
Seat 6: RaisemyNut$ ($95.96 in chips)
GlamDragon: posts small blind $1
RaisemyNut$: posts big blind $3
*** HOLE CARDS ***
GlamDragon: folds
Uncalled bet ($2) returned to RaisemyNut$
RaisemyNut$ collected $2 from pot
RaisemyNut$: doesn't show hand
*** SUMMARY ***
Total pot $2 | Rake $0
Seat 3: GlamDragon (button) (small blind) folded before Flop
Seat 6: RaisemyNut$ (big blind) collected ($2)


PokerStars Hand #166581923788:  Hold'em Limit ($3/$6 USD) - 2017/02/21 20:39:53 ET
Table 'Duponta' 6-max Seat #6 is the button
Seat 3: GlamDragon ($328.85 in chips)
Seat 6: RaisemyNut$ ($92.96 in chips)
RaisemyNut$: posts small blind $1
GlamDragon: posts big blind $3
*** HOLE CARDS ***
RaisemyNut$: raises $3 to $6
GlamDragon: folds
Uncalled bet ($3) returned to RaisemyNut$
RaisemyNut$ collected $6 from pot
RaisemyNut$: doesn't show hand
*** SUMMARY ***
Total pot $6 | Rake $0
Seat 3: GlamDragon (big blind) folded before Flop
Seat 6: RaisemyNut$ (button) (small blind) collected ($6)


PokerStars Hand #166581905919:  Hold'em Limit ($3/$6 USD) - 2017/02/21 20:39:16 ET
Table 'Duponta' 6-max Seat #6 is the button
Seat 3: GlamDragon ($343.85 in chips)
Seat 6: RaisemyNut$ ($78.44 in chips)
RaisemyNut$: posts small blind $1
GlamDragon: posts big blind $3
*** HOLE CARDS ***
RaisemyNut$: raises $3 to $6
GlamDragon: folds
Uncalled bet ($3) returned to RaisemyNut$
RaisemyNut$ collected $6 from pot
RaisemyNut$: doesn't show hand
*** SUMMARY ***
Total pot $6 | Rake $0
Seat 3: GlamDragon (big blind) folded before Flop
Seat 6: RaisemyNut$ (button) (small blind) collected ($6)


PokerStars Hand #166581908719:  Hold'em Limit ($3/$6 USD) - 2017/02/21 20:39:22 ET
Table 'Duponta' 6-max Seat #3 is the button
Seat 3: GlamDragon ($340.85 in chips)
Seat 6: RaisemyNut$ ($81.44 in chips)
GlamDragon: posts small blind $1
RaisemyNut$: posts big blind $3
*** HOLE CARDS ***
GlamDragon: raises $3 to $6
Willijabo leaves the table
RaisemyNut$: raises $3 to $9
GlamDragon: calls $3
*** FLOP *** [Ad 3d 8d]
RaisemyNut$: bets $3
GlamDragon: calls $3
*** TURN *** [Ad 3d 8d] [Ah]
RaisemyNut$: bets $6
GlamDragon: folds
Uncalled bet ($6) returned to RaisemyNut$
RaisemyNut$ collected $23.52 from pot
RaisemyNut$: doesn't show hand
*** SUMMARY ***
Total pot $24 | Rake $0.48
Board [Ad 3d 8d Ah]
Seat 3: GlamDragon (button) (small blind) folded on the Turn
Seat 6: RaisemyNut$ (big blind) collected ($23.52)


PokerStars Hand #166581929157:  Hold'em Limit ($3/$6 USD) - 2017/02/21 20:40:04 ET
Table 'Duponta' 6-max Seat #6 is the button
Seat 3: GlamDragon ($324.85 in chips)
Seat 6: RaisemyNut$ ($96.96 in chips)
RaisemyNut$: posts small blind $1
GlamDragon: posts big blind $3
*** HOLE CARDS ***
RaisemyNut$: raises $3 to $6
GlamDragon: calls $3
*** FLOP *** [8c 5c 9d]
GlamDragon: checks
RaisemyNut$: bets $3
GlamDragon: calls $3
*** TURN *** [8c 5c 9d] [Js]
GlamDragon: checks
RaisemyNut$: bets $6
GlamDragon: calls $6
*** RIVER *** [8c 5c 9d Js] [5s]
GlamDragon: checks
RaisemyNut$: bets $6
GlamDragon: calls $6
*** SHOW DOWN ***
RaisemyNut$: shows [Td 4d] (a pair of Fives)
GlamDragon: shows [8h Qd] (two pair, Eights and Fives)
GlamDragon collected $41.50 from pot
*** SUMMARY ***
Total pot $42 | Rake $0.50
Board [8c 5c 9d Js 5s]
Seat 3: GlamDragon (big blind) showed [8h Qd] and won ($41.50) with two pair, Eights and Fives
Seat 6: RaisemyNut$ (button) (small blind) showed [Td 4d] and lost with a pair of Fives


PokerStars Hand #166581946096:  Hold'em Limit ($3/$6 USD) - 2017/02/21 20:40:38 ET
Table 'Duponta' 6-max Seat #3 is the button
Seat 3: GlamDragon ($338.35 in chips)
Seat 6: RaisemyNut$ ($82.72 in chips)
GlamDragon: posts small blind $1
RaisemyNut$: posts big blind $3
*** HOLE CARDS ***
GlamDragon: raises $3 to $6
RaisemyNut$: calls $3
*** FLOP *** [4h Tc 8d]
RaisemyNut$: checks
GlamDragon: bets $3
RaisemyNut$: raises $3 to $6
GlamDragon: raises $3 to $9
RaisemyNut$: calls $3
*** TURN *** [4h Tc 8d] [2d]
RaisemyNut$: checks
GlamDragon: checks
*** RIVER *** [4h Tc 8d 2d] [Ad]
RaisemyNut$: bets $6
GlamDragon: folds
Uncalled bet ($6) returned to RaisemyNut$
RaisemyNut$ collected $29.50 from pot
RaisemyNut$: doesn't show hand
*** SUMMARY ***
Total pot $30 | Rake $0.50
Board [4h Tc 8d 2d Ad]
Seat 3: GlamDragon (button) (small blind) folded on the River
Seat 6: RaisemyNut$ (big blind) collected ($29.50)


PokerStars Hand #166581941446:  Hold'em Limit ($3/$6 USD) - 2017/02/21 20:40:29 ET
Table 'Duponta' 6-max Seat #6 is the button
Seat 3: GlamDragon ($344.35 in chips)
Seat 6: RaisemyNut$ ($76.96 in chips)
RaisemyNut$: posts small blind $1
GlamDragon: posts big blind $3
*** HOLE CARDS ***
RaisemyNut$: raises $3 to $6
GlamDragon: calls $3
*** FLOP *** [8d Ad 3h]
GlamDragon: checks
RaisemyNut$: bets $3
GlamDragon: folds
Uncalled bet ($3) returned to RaisemyNut$
RaisemyNut$ collected $11.76 from pot
RaisemyNut$: doesn't show hand
*** SUMMARY ***
Total pot $12 | Rake $0.24
Board [8d Ad 3h]
Seat 3: GlamDragon (big blind) folded on the Flop
Seat 6: RaisemyNut$ (button) (small blind) collected ($11.76)


PokerStars Hand #166581938264:  Hold'em Limit ($3/$6 USD) - 2017/02/21 20:40:22 ET
Table 'Duponta' 6-max Seat #3 is the button
Seat 3: GlamDragon ($345.35 in chips)
Seat 6: RaisemyNut$ ($75.96 in chips)
GlamDragon: posts small blind $1
RaisemyNut$: posts big blind $3
*** HOLE CARDS ***
GlamDragon: folds
Uncalled bet ($2) returned to RaisemyNut$
RaisemyNut$ collected $2 from pot
RaisemyNut$: doesn't show hand
*** SUMMARY ***
Total pot $2 | Rake $0
Seat 3: GlamDragon (button) (small blind) folded before Flop
Seat 6: RaisemyNut$ (big blind) collected ($2)


PokerStars Hand #166581968915:  Hold'em Limit ($3/$6 USD) - 2017/02/21 20:41:25 ET
Table 'Duponta' 6-max Seat #6 is the button
Seat 3: GlamDragon ($316.35 in chips)
Seat 6: RaisemyNut$ ($103.98 in chips)
RaisemyNut$: posts small blind $1
GlamDragon: posts big blind $3
*** HOLE CARDS ***
RaisemyNut$: raises $3 to $6
GlamDragon: folds
Uncalled bet ($3) returned to RaisemyNut$
RaisemyNut$ collected $6 from pot
RaisemyNut$: doesn't show hand
*** SUMMARY ***
Total pot $6 | Rake $0
Seat 3: GlamDragon (big blind) folded before Flop
Seat 6: RaisemyNut$ (button) (small blind) collected ($6)


PokerStars Hand #166581972004:  Hold'em Limit ($3/$6 USD) - 2017/02/21 20:41:32 ET
Table 'Duponta' 6-max Seat #3 is the button
Seat 3: GlamDragon ($313.35 in chips)
Seat 6: RaisemyNut$ ($106.98 in chips)
GlamDragon: posts small blind $1
RaisemyNut$: posts big blind $3
*** HOLE CARDS ***
GlamDragon: raises $3 to $6
RaisemyNut$: raises $3 to $9
GlamDragon: calls $3
*** FLOP *** [6s 2h Ac]
RaisemyNut$: bets $3
GlamDragon: raises $3 to $6
RaisemyNut$: raises $3 to $9
GlamDragon: raises $3 to $12
Betting is capped
RaisemyNut$: calls $3
*** TURN *** [6s 2h Ac] [2d]
RaisemyNut$: bets $6
GlamDragon: calls $6
*** RIVER *** [6s 2h Ac 2d] [Th]
RaisemyNut$: bets $6
GlamDragon: calls $6
*** SHOW DOWN ***
RaisemyNut$: shows [Tc Ah] (two pair, Aces and Tens)
GlamDragon: mucks hand
RaisemyNut$ collected $65.50 from pot
*** SUMMARY ***
Total pot $66 | Rake $0.50
Board [6s 2h Ac 2d Th]
Seat 3: GlamDragon (button) (small blind) mucked
Seat 6: RaisemyNut$ (big blind) showed [Tc Ah] and won ($65.50) with two pair, Aces and Tens


PokerStars Hand #166581966404:  Hold'em Limit ($3/$6 USD) - 2017/02/21 20:41:20 ET
Table 'Duponta' 6-max Seat #3 is the button
Seat 3: GlamDragon ($317.35 in chips)
Seat 6: RaisemyNut$ ($102.98 in chips)
GlamDragon: posts small blind $1
RaisemyNut$: posts big blind $3
*** HOLE CARDS ***
GlamDragon: folds
Uncalled bet ($2) returned to RaisemyNut$
RaisemyNut$ collected $2 from pot
RaisemyNut$: doesn't show hand
*** SUMMARY ***
Total pot $2 | Rake $0
Seat 3: GlamDragon (button) (small blind) folded before Flop
Seat 6: RaisemyNut$ (big blind) collected ($2)


PokerStars Hand #166581957987:  Hold'em Limit ($3/$6 USD) - 2017/02/21 20:41:02 ET
Table 'Duponta' 6-max Seat #6 is the button
Seat 3: GlamDragon ($323.35 in chips)
Seat 6: RaisemyNut$ ($97.22 in chips)
RaisemyNut$: posts small blind $1
GlamDragon: posts big blind $3
*** HOLE CARDS ***
RaisemyNut$: raises $3 to $6
GlamDragon: calls $3
*** FLOP *** [7c Th 8h]
GlamDragon: checks
RaisemyNut$: bets $3
GlamDragon: folds
Uncalled bet ($3) returned to RaisemyNut$
RaisemyNut$ collected $11.76 from pot
RaisemyNut$: doesn't show hand
*** SUMMARY ***
Total pot $12 | Rake $0.24
Board [7c Th 8h]
Seat 3: GlamDragon (big blind) folded on the Flop
Seat 6: RaisemyNut$ (button) (small blind) collected ($11.76)


PokerStars Hand #166581986039:  Hold'em Limit ($3/$6 USD) - 2017/02/21 20:42:01 ET
Table 'Duponta' 6-max Seat #6 is the button
Seat 3: GlamDragon ($280.35 in chips)
Seat 6: RaisemyNut$ ($139.48 in chips)
RaisemyNut$: posts small blind $1
GlamDragon: posts big blind $3
*** HOLE CARDS ***
RaisemyNut$: raises $3 to $6
GlamDragon: calls $3
*** FLOP *** [8h 4s Qc]
GlamDragon: checks
RaisemyNut$: bets $3
GlamDragon: calls $3
*** TURN *** [8h 4s Qc] [Th]
GlamDragon: checks
RaisemyNut$: bets $6
GlamDragon: folds
Uncalled bet ($6) returned to RaisemyNut$
RaisemyNut$ collected $17.64 from pot
RaisemyNut$: doesn't show hand
*** SUMMARY ***
Total pot $18 | Rake $0.36
Board [8h 4s Qc Th]
Seat 3: GlamDragon (big blind) folded on the Turn
Seat 6: RaisemyNut$ (button) (small blind) collected ($17.64)


PokerStars Hand #166582006923:  Hold'em Limit ($3/$6 USD) - 2017/02/21 20:42:44 ET
Table 'Duponta' 6-max Seat #6 is the button
Seat 3: GlamDragon ($247.35 in chips)
Seat 6: RaisemyNut$ ($171.62 in chips)
RaisemyNut$: posts small blind $1
GlamDragon: posts big blind $3
*** HOLE CARDS ***
RaisemyNut$: raises $3 to $6
GlamDragon: calls $3
*** FLOP *** [5h Tc Ks]
GlamDragon: checks
RaisemyNut$: bets $3
GlamDragon: calls $3
*** TURN *** [5h Tc Ks] [5d]
GlamDragon: checks
RaisemyNut$: bets $6
GlamDragon: calls $6
*** RIVER *** [5h Tc Ks 5d] [Jd]
GlamDragon: checks
RaisemyNut$: checks
*** SHOW DOWN ***
GlamDragon: shows [Qs Th] (two pair, Tens and Fives)
RaisemyNut$: shows [8s Td] (two pair, Tens and Fives)
GlamDragon collected $14.75 from pot
RaisemyNut$ collected $14.75 from pot
*** SUMMARY ***
Total pot $30 | Rake $0.50
Board [5h Tc Ks 5d Jd]
Seat 3: GlamDragon (big blind) showed [Qs Th] and won ($14.75) with two pair, Tens and Fives
Seat 6: RaisemyNut$ (button) (small blind) showed [8s Td] and won ($14.75) with two pair, Tens and Fives


PokerStars Hand #166582020125:  Hold'em Limit ($3/$6 USD) - 2017/02/21 20:43:11 ET
Table 'Duponta' 6-max Seat #3 is the button
Seat 3: GlamDragon ($244.10 in chips)
Seat 6: RaisemyNut$ ($174.13 in chips)
GlamDragon: posts small blind $1
RaisemyNut$: posts big blind $3
*** HOLE CARDS ***
GlamDragon: raises $3 to $6
RaisemyNut$: folds
Uncalled bet ($3) returned to GlamDragon
GlamDragon collected $6 from pot
GlamDragon: doesn't show hand
*** SUMMARY ***
Total pot $6 | Rake $0
Seat 3: GlamDragon (button) (small blind) collected ($6)
Seat 6: RaisemyNut$ (big blind) folded before Flop


PokerStars Hand #166582015869:  Hold'em Limit ($3/$6 USD) - 2017/02/21 20:43:02 ET
Table 'Duponta' 6-max Seat #6 is the button
Seat 3: GlamDragon ($250.10 in chips)
Seat 6: RaisemyNut$ ($168.37 in chips)
RaisemyNut$: posts small blind $1
GlamDragon: posts big blind $3
*** HOLE CARDS ***
RaisemyNut$: raises $3 to $6
GlamDragon: calls $3
*** FLOP *** [8c 4h 9c]
GlamDragon: checks
RaisemyNut$: bets $3
GlamDragon: folds
Uncalled bet ($3) returned to RaisemyNut$
RaisemyNut$ collected $11.76 from pot
RaisemyNut$: doesn't show hand
*** SUMMARY ***
Total pot $12 | Rake $0.24
Board [8c 4h 9c]
Seat 3: GlamDragon (big blind) folded on the Flop
Seat 6: RaisemyNut$ (button) (small blind) collected ($11.76)


PokerStars Hand #166581993696:  Hold'em Limit ($3/$6 USD) - 2017/02/21 20:42:16 ET
Table 'Duponta' 6-max Seat #3 is the button
Seat 3: GlamDragon ($271.35 in chips)
Seat 6: RaisemyNut$ ($148.12 in chips)
GlamDragon: posts small blind $1
RaisemyNut$: posts big blind $3
*** HOLE CARDS ***
GlamDragon: raises $3 to $6
RaisemyNut$: calls $3
*** FLOP *** [Kd 5c 6h]
RaisemyNut$: checks
GlamDragon: bets $3
RaisemyNut$: raises $3 to $6
GlamDragon: calls $3
*** TURN *** [Kd 5c 6h] [Jh]
RaisemyNut$: bets $6
GlamDragon: calls $6
*** RIVER *** [Kd 5c 6h Jh] [9c]
RaisemyNut$: bets $6
GlamDragon: calls $6
*** SHOW DOWN ***
RaisemyNut$: shows [Kh 8c] (a pair of Kings)
GlamDragon: mucks hand
RaisemyNut$ collected $47.50 from pot
*** SUMMARY ***
Total pot $48 | Rake $0.50
Board [Kd 5c 6h Jh 9c]
Seat 3: GlamDragon (button) (small blind) mucked
Seat 6: RaisemyNut$ (big blind) showed [Kh 8c] and won ($47.50) with a pair of Kings


PokerStars Hand #166582032906:  Hold'em Limit ($3/$6 USD) - 2017/02/21 20:43:38 ET
Table 'Duponta' 6-max Seat #3 is the button
Seat 3: GlamDragon ($217.10 in chips)
Seat 6: RaisemyNut$ ($200.63 in chips)
GlamDragon: posts small blind $1
RaisemyNut$: posts big blind $3
*** HOLE CARDS ***
GlamDragon: raises $3 to $6
RaisemyNut$: raises $3 to $9
GlamDragon: calls $3
*** FLOP *** [2d 9h 7h]
RaisemyNut$: bets $3
GlamDragon: calls $3
*** TURN *** [2d 9h 7h] [9c]
RaisemyNut$: bets $6
GlamDragon: raises $6 to $12
RaisemyNut$: calls $6
*** RIVER *** [2d 9h 7h 9c] [7d]
RaisemyNut$: checks
GlamDragon: bets $6
RaisemyNut$: folds
Uncalled bet ($6) returned to GlamDragon
GlamDragon collected $47.50 from pot
GlamDragon: doesn't show hand
*** SUMMARY ***
Total pot $48 | Rake $0.50
Board [2d 9h 7h 9c 7d]
Seat 3: GlamDragon (button) (small blind) collected ($47.50)
Seat 6: RaisemyNut$ (big blind) folded on the River


PokerStars Hand #166582022573:  Hold'em Limit ($3/$6 USD) - 2017/02/21 20:43:16 ET
Table 'Duponta' 6-max Seat #6 is the button
Seat 3: GlamDragon ($247.10 in chips)
Seat 6: RaisemyNut$ ($171.13 in chips)
RaisemyNut$: posts small blind $1
GlamDragon: posts big blind $3
*** HOLE CARDS ***
RaisemyNut$: raises $3 to $6
GlamDragon: raises $3 to $9
RaisemyNut$: calls $3
*** FLOP *** [Jd Kd 3s]
GlamDragon: bets $3
RaisemyNut$: calls $3
*** TURN *** [Jd Kd 3s] [5h]
GlamDragon: bets $6
RaisemyNut$: raises $6 to $12
GlamDragon: calls $6
*** RIVER *** [Jd Kd 3s 5h] [6s]
GlamDragon: checks
RaisemyNut$: bets $6
GlamDragon: calls $6
*** SHOW DOWN ***
RaisemyNut$: shows [Ks 5s] (two pair, Kings and Fives)
GlamDragon: mucks hand
RaisemyNut$ collected $59.50 from pot
*** SUMMARY ***
Total pot $60 | Rake $0.50
Board [Jd Kd 3s 5h 6s]
Seat 3: GlamDragon (big blind) mucked
Seat 6: RaisemyNut$ (button) (small blind) showed [Ks 5s] and won ($59.50) with two pair, Kings and Fives


PokerStars Hand #166582058048:  Hold'em Limit ($3/$6 USD) - 2017/02/21 20:44:31 ET
Table 'Duponta' 6-max Seat #3 is the button
Seat 3: GlamDragon ($249 in chips)
Seat 6: RaisemyNut$ ($167.39 in chips)
GlamDragon: posts small blind $1
RaisemyNut$: posts big blind $3
*** HOLE CARDS ***
GlamDragon: folds
Uncalled bet ($2) returned to RaisemyNut$
RaisemyNut$ collected $2 from pot
RaisemyNut$: doesn't show hand
*** SUMMARY ***
Total pot $2 | Rake $0
Seat 3: GlamDragon (button) (small blind) folded before Flop
Seat 6: RaisemyNut$ (big blind) collected ($2)


PokerStars Hand #166582052878:  Hold'em Limit ($3/$6 USD) - 2017/02/21 20:44:20 ET
Table 'Duponta' 6-max Seat #6 is the button
Seat 3: GlamDragon ($255 in chips)
Seat 6: RaisemyNut$ ($161.63 in chips)
RaisemyNut$: posts small blind $1
GlamDragon: posts big blind $3
*** HOLE CARDS ***
RaisemyNut$: raises $3 to $6
GlamDragon: calls $3
*** FLOP *** [2s 6s Qs]
GlamDragon: checks
RaisemyNut$: bets $3
GlamDragon: folds
Uncalled bet ($3) returned to RaisemyNut$
RaisemyNut$ collected $11.76 from pot
RaisemyNut$: doesn't show hand
*** SUMMARY ***
Total pot $12 | Rake $0.24
Board [2s 6s Qs]
Seat 3: GlamDragon (big blind) folded on the Flop
Seat 6: RaisemyNut$ (button) (small blind) collected ($11.76)


PokerStars Hand #166582048439:  Hold'em Limit ($3/$6 USD) - 2017/02/21 20:44:11 ET
Table 'Duponta' 6-max Seat #3 is the button
Seat 3: GlamDragon ($249.24 in chips)
Seat 6: RaisemyNut$ ($167.63 in chips)
GlamDragon: posts small blind $1
RaisemyNut$: posts big blind $3
*** HOLE CARDS ***
GlamDragon: raises $3 to $6
RaisemyNut$: calls $3
*** FLOP *** [8c 7d As]
RaisemyNut$: checks
GlamDragon: bets $3
RaisemyNut$: folds
Uncalled bet ($3) returned to GlamDragon
GlamDragon collected $11.76 from pot
GlamDragon: doesn't show hand
*** SUMMARY ***
Total pot $12 | Rake $0.24
Board [8c 7d As]
Seat 3: GlamDragon (button) (small blind) collected ($11.76)
Seat 6: RaisemyNut$ (big blind) folded on the Flop


PokerStars Hand #166582042831:  Hold'em Limit ($3/$6 USD) - 2017/02/21 20:43:59 ET
Table 'Duponta' 6-max Seat #6 is the button
Seat 3: GlamDragon ($240.60 in chips)
Seat 6: RaisemyNut$ ($176.63 in chips)
RaisemyNut$: posts small blind $1
GlamDragon: posts big blind $3
*** HOLE CARDS ***
RaisemyNut$: raises $3 to $6
GlamDragon: raises $3 to $9
RaisemyNut$: calls $3
*** FLOP *** [Th Ts Js]
GlamDragon: bets $3
RaisemyNut$: folds
Uncalled bet ($3) returned to GlamDragon
GlamDragon collected $17.64 from pot
GlamDragon: doesn't show hand
*** SUMMARY ***
Total pot $18 | Rake $0.36
Board [Th Ts Js]
Seat 3: GlamDragon (big blind) collected ($17.64)
Seat 6: RaisemyNut$ (button) (small blind) folded on the Flop


