PokerStars Hand #152424493497:  Hold'em Limit ($3/$6 USD) - 2016/04/25 10:35:16 ET
Table 'Durrell II' 6-max Seat #3 is the button
Seat 3: tweemeterzes ($120 in chips)
Seat 5: Ale4o ($120 in chips)
TbIP-TbIP 88: is sitting out
tweemeterzes: posts small blind $1
Ale4o: posts big blind $3
*** HOLE CARDS ***
tweemeterzes: folds
Uncalled bet ($2) returned to Ale4o
TbIP-TbIP 88 leaves the table
Ale4o collected $2 from pot
Ale4o: doesn't show hand
*** SUMMARY ***
Total pot $2 | Rake $0
Seat 3: tweemeterzes (button) (small blind) folded before Flop
Seat 5: Ale4o (big blind) collected ($2)


PokerStars Hand #152424504627:  Hold'em Limit ($3/$6 USD) - 2016/04/25 10:35:33 ET
Table 'Durrell II' 6-max Seat #5 is the button
Seat 3: tweemeterzes ($119 in chips)
Seat 5: Ale4o ($121 in chips)
Ale4o: posts small blind $1
tweemeterzes: posts big blind $3
*** HOLE CARDS ***
Ale4o: raises $3 to $6
tweemeterzes: raises $3 to $9
Ale4o: calls $3
*** FLOP *** [8s 6d Kh]
tweemeterzes: checks
Ale4o: checks
*** TURN *** [8s 6d Kh] [8d]
tweemeterzes: bets $6
Ale4o: folds
Uncalled bet ($6) returned to tweemeterzes
tweemeterzes collected $17.64 from pot
tweemeterzes: doesn't show hand
*** SUMMARY ***
Total pot $18 | Rake $0.36
Board [8s 6d Kh 8d]
Seat 3: tweemeterzes (big blind) collected ($17.64)
Seat 5: Ale4o (button) (small blind) folded on the Turn


PokerStars Hand #152424514566:  Hold'em Limit ($3/$6 USD) - 2016/04/25 10:35:49 ET
Table 'Durrell II' 6-max Seat #3 is the button
Seat 3: tweemeterzes ($127.64 in chips)
Seat 5: Ale4o ($112 in chips)
tweemeterzes: posts small blind $1
Ale4o: posts big blind $3
*** HOLE CARDS ***
tweemeterzes: calls $2
Ale4o: checks
*** FLOP *** [Qs 4h Kc]
Ale4o: checks
tweemeterzes: bets $3
Ale4o: folds
Uncalled bet ($3) returned to tweemeterzes
tweemeterzes collected $5.88 from pot
tweemeterzes: doesn't show hand
*** SUMMARY ***
Total pot $6 | Rake $0.12
Board [Qs 4h Kc]
Seat 3: tweemeterzes (button) (small blind) collected ($5.88)
Seat 5: Ale4o (big blind) folded on the Flop


PokerStars Hand #152424522098:  Hold'em Limit ($3/$6 USD) - 2016/04/25 10:36:01 ET
Table 'Durrell II' 6-max Seat #5 is the button
Seat 3: tweemeterzes ($130.52 in chips)
Seat 5: Ale4o ($109 in chips)
Ale4o: posts small blind $1
tweemeterzes: posts big blind $3
*** HOLE CARDS ***
Ale4o: raises $3 to $6
tweemeterzes: calls $3
*** FLOP *** [Jh 7c 8c]
tweemeterzes: checks
Ale4o: bets $3
tweemeterzes: folds
Uncalled bet ($3) returned to Ale4o
Ale4o collected $11.76 from pot
Ale4o: doesn't show hand
*** SUMMARY ***
Total pot $12 | Rake $0.24
Board [Jh 7c 8c]
Seat 3: tweemeterzes (big blind) folded on the Flop
Seat 5: Ale4o (button) (small blind) collected ($11.76)


PokerStars Hand #152424533659:  Hold'em Limit ($3/$6 USD) - 2016/04/25 10:36:19 ET
Table 'Durrell II' 6-max Seat #5 is the button
Seat 3: tweemeterzes ($123.52 in chips)
Seat 5: Ale4o ($115.76 in chips)
Ale4o: posts small blind $1
tweemeterzes: posts big blind $3
*** HOLE CARDS ***
Ale4o: raises $3 to $6
tweemeterzes: folds
Uncalled bet ($3) returned to Ale4o
Ale4o collected $6 from pot
Ale4o: doesn't show hand
*** SUMMARY ***
Total pot $6 | Rake $0
Seat 3: tweemeterzes (big blind) folded before Flop
Seat 5: Ale4o (button) (small blind) collected ($6)


PokerStars Hand #152424530392:  Hold'em Limit ($3/$6 USD) - 2016/04/25 10:36:13 ET
Table 'Durrell II' 6-max Seat #3 is the button
Seat 3: tweemeterzes ($124.52 in chips)
Seat 5: Ale4o ($114.76 in chips)
tweemeterzes: posts small blind $1
Ale4o: posts big blind $3
*** HOLE CARDS ***
tweemeterzes: folds
Uncalled bet ($2) returned to Ale4o
Ale4o collected $2 from pot
Ale4o: doesn't show hand
*** SUMMARY ***
Total pot $2 | Rake $0
Seat 3: tweemeterzes (button) (small blind) folded before Flop
Seat 5: Ale4o (big blind) collected ($2)


PokerStars Hand #152424552611:  Hold'em Limit ($3/$6 USD) - 2016/04/25 10:36:48 ET
Table 'Durrell II' 6-max Seat #5 is the button
Seat 3: tweemeterzes ($135.02 in chips)
Seat 5: Ale4o ($103.76 in chips)
Ale4o: posts small blind $1
tweemeterzes: posts big blind $3
*** HOLE CARDS ***
Ale4o: raises $3 to $6
tweemeterzes: folds
Uncalled bet ($3) returned to Ale4o
Ale4o collected $6 from pot
Ale4o: doesn't show hand
*** SUMMARY ***
Total pot $6 | Rake $0
Seat 3: tweemeterzes (big blind) folded before Flop
Seat 5: Ale4o (button) (small blind) collected ($6)


PokerStars Hand #152424538126:  Hold'em Limit ($3/$6 USD) - 2016/04/25 10:36:25 ET
Table 'Durrell II' 6-max Seat #3 is the button
Seat 3: tweemeterzes ($120.52 in chips)
Seat 5: Ale4o ($118.76 in chips)
tweemeterzes: posts small blind $1
Ale4o: posts big blind $3
*** HOLE CARDS ***
tweemeterzes: calls $2
Ale4o: raises $3 to $6
tweemeterzes: calls $3
*** FLOP *** [Jc 6s Js]
Ale4o: bets $3
tweemeterzes: calls $3
*** TURN *** [Jc 6s Js] [5c]
Ale4o: checks
tweemeterzes: checks
*** RIVER *** [Jc 6s Js 5c] [8c]
Ale4o: checks
tweemeterzes: bets $6
Ale4o: calls $6
*** SHOW DOWN ***
tweemeterzes: shows [9c 7c] (a flush, Jack high)
Ale4o: mucks hand
tweemeterzes collected $29.50 from pot
*** SUMMARY ***
Total pot $30 | Rake $0.50
Board [Jc 6s Js 5c 8c]
Seat 3: tweemeterzes (button) (small blind) showed [9c 7c] and won ($29.50) with a flush, Jack high
Seat 5: Ale4o (big blind) mucked


PokerStars Hand #152424556570:  Hold'em Limit ($3/$6 USD) - 2016/04/25 10:36:54 ET
Table 'Durrell II' 6-max Seat #3 is the button
Seat 3: tweemeterzes ($132.02 in chips)
Seat 5: Ale4o ($106.76 in chips)
tweemeterzes: posts small blind $1
Ale4o: posts big blind $3
*** HOLE CARDS ***
tweemeterzes: folds
Uncalled bet ($2) returned to Ale4o
tweemeterzes leaves the table
Ale4o collected $2 from pot
Ale4o: doesn't show hand
*** SUMMARY ***
Total pot $2 | Rake $0
Seat 3: tweemeterzes (button) (small blind) folded before Flop
Seat 5: Ale4o (big blind) collected ($2)


PokerStars Hand #152426462271:  Hold'em Limit ($3/$6 USD) - 2016/04/25 11:26:13 ET
Table 'Durrell II' 6-max Seat #1 is the button
Seat 1: Maliance ($81.31 in chips)
Seat 6: Ale4o ($93.65 in chips)
Maliance: posts small blind $1
assitoni: is sitting out
Ale4o: posts big blind $3
*** HOLE CARDS ***
assitoni leaves the table
Maliance: raises $3 to $6
Ale4o: calls $3
*** FLOP *** [Ac 5d 2h]
Ale4o: checks
Maliance: bets $3
Ale4o: calls $3
*** TURN *** [Ac 5d 2h] [9s]
Ale4o: checks
Maliance: checks
*** RIVER *** [Ac 5d 2h 9s] [9d]
Ale4o: checks
Maliance: checks
*** SHOW DOWN ***
Ale4o: shows [Qd 2d] (two pair, Nines and Deuces)
Maliance: mucks hand
Ale4o collected $17.64 from pot
*** SUMMARY ***
Total pot $18 | Rake $0.36
Board [Ac 5d 2h 9s 9d]
Seat 1: Maliance (button) (small blind) mucked
Seat 6: Ale4o (big blind) showed [Qd 2d] and won ($17.64) with two pair, Nines and Deuces


