PokerStars Hand #149340409450:  Hold'em Limit ($3/$6 USD) - 2016/02/24 11:02:22 ET
Table 'Durrell' 6-max Seat #3 is the button
Seat 3: R6rider06 ($128.50 in chips)
Seat 4: Agrotait ($62.50 in chips)
R6rider06: posts small blind $1
Agrotait: posts big blind $3
*** HOLE CARDS ***
R6rider06: raises $3 to $6
Agrotait: calls $3
*** FLOP *** [9s 5h 4d]
Agrotait: checks
R6rider06: bets $3
Agrotait: calls $3
*** TURN *** [9s 5h 4d] [8s]
Agrotait: checks
R6rider06: checks
*** RIVER *** [9s 5h 4d 8s] [7h]
Agrotait: checks
R6rider06: checks
*** SHOW DOWN ***
Agrotait: shows [Kd Th] (high card King)
R6rider06: shows [Td 7c] (a pair of Sevens)
R6rider06 collected $17.64 from pot
*** SUMMARY ***
Total pot $18 | Rake $0.36
Board [9s 5h 4d 8s 7h]
Seat 3: R6rider06 (button) (small blind) showed [Td 7c] and won ($17.64) with a pair of Sevens
Seat 4: Agrotait (big blind) showed [Kd Th] and lost with high card King


PokerStars Hand #149340376424:  Hold'em Limit ($3/$6 USD) - 2016/02/24 11:01:40 ET
Table 'Durrell' 6-max Seat #4 is the button
Seat 3: R6rider06 ($105 in chips)
Seat 4: Agrotait ($86.50 in chips)
Agrotait: posts small blind $1
R6rider06: posts big blind $3
*** HOLE CARDS ***
Agrotait: raises $3 to $6
R6rider06: calls $3
*** FLOP *** [3h Jc Th]
R6rider06: checks
Agrotait: bets $3
R6rider06: raises $3 to $6
Agrotait: calls $3
*** TURN *** [3h Jc Th] [6c]
R6rider06: bets $6
Agrotait: calls $6
*** RIVER *** [3h Jc Th 6c] [9s]
R6rider06: bets $6
Agrotait: calls $6
*** SHOW DOWN ***
R6rider06: shows [3c Js] (two pair, Jacks and Threes)
Agrotait: mucks hand
R6rider06 collected $47.50 from pot
*** SUMMARY ***
Total pot $48 | Rake $0.50
Board [3h Jc Th 6c 9s]
Seat 3: R6rider06 (big blind) showed [3c Js] and won ($47.50) with two pair, Jacks and Threes
Seat 4: Agrotait (button) (small blind) mucked


