PokerStars Hand #166455407880:  Hold'em Limit ($3/$6 USD) - 2017/02/19 12:15:19 ET
Table 'Durrell' 6-max Seat #3 is the button
Seat 3: hairy1961 ($47 in chips)
Seat 5: belik555 ($94 in chips)
hairy1961: posts small blind $1
belik555: posts big blind $3
*** HOLE CARDS ***
hairy1961: raises $3 to $6
belik555: calls $3
*** FLOP *** [3h 6s Jd]
belik555: checks
hairy1961: bets $3
vestimokrec joins the table at seat #4
belik555: calls $3
*** TURN *** [3h 6s Jd] [Kc]
belik555: checks
hairy1961: bets $6
belik555: calls $6
*** RIVER *** [3h 6s Jd Kc] [6d]
belik555: checks
hairy1961: bets $6
belik555: calls $6
*** SHOW DOWN ***
hairy1961: shows [Ad 6h] (three of a kind, Sixes)
belik555: mucks hand
hairy1961 collected $41.50 from pot
*** SUMMARY ***
Total pot $42 | Rake $0.50
Board [3h 6s Jd Kc 6d]
Seat 3: hairy1961 (button) (small blind) showed [Ad 6h] and won ($41.50) with three of a kind, Sixes
Seat 5: belik555 (big blind) mucked


PokerStars Hand #166455441363:  Hold'em Limit ($3/$6 USD) - 2017/02/19 12:15:54 ET
Table 'Durrell' 6-max Seat #5 is the button
Seat 3: hairy1961 ($67.50 in chips)
Seat 5: belik555 ($90 in chips)
belik555: posts small blind $1
hairy1961: posts big blind $3
*** HOLE CARDS ***
belik555: raises $3 to $6
hairy1961: folds
Uncalled bet ($3) returned to belik555
belik555 collected $6 from pot
belik555: doesn't show hand
*** SUMMARY ***
Total pot $6 | Rake $0
Seat 3: hairy1961 (big blind) folded before Flop
Seat 5: belik555 (button) (small blind) collected ($6)


