PokerStars Hand #149303421297:  Hold'em Limit ($3/$6 USD) - 2016/02/23 15:15:57 ET
Table 'Dvorak' 6-max Seat #4 is the button
Seat 1: poooohpooh ($144.04 in chips)
Seat 4: AzureCaper ($72 in chips)
AzureCaper: posts small blind $1
poooohpooh: posts big blind $3
*** HOLE CARDS ***
AzureCaper: folds
Uncalled bet ($2) returned to poooohpooh
poooohpooh collected $2 from pot
poooohpooh: doesn't show hand
*** SUMMARY ***
Total pot $2 | Rake $0
Seat 1: poooohpooh (big blind) collected ($2)
Seat 4: AzureCaper (button) (small blind) folded before Flop


PokerStars Hand #149303412310:  Hold'em Limit ($3/$6 USD) - 2016/02/23 15:15:44 ET
Table 'Dvorak' 6-max Seat #1 is the button
Seat 1: poooohpooh ($138.28 in chips)
Seat 4: AzureCaper ($72 in chips)
poooohpooh: posts small blind $1
AzureCaper: posts big blind $3
*** HOLE CARDS ***
poooohpooh: raises $3 to $6
AzureCaper: calls $3
*** FLOP *** [9s Ks Qs]
AzureCaper: checks
poooohpooh: bets $3
AzureCaper: folds
Uncalled bet ($3) returned to poooohpooh
poooohpooh collected $11.76 from pot
poooohpooh: doesn't show hand
*** SUMMARY ***
Total pot $12 | Rake $0.24
Board [9s Ks Qs]
Seat 1: poooohpooh (button) (small blind) collected ($11.76)
Seat 4: AzureCaper (big blind) folded on the Flop


PokerStars Hand #149303408864:  Hold'em Limit ($3/$6 USD) - 2016/02/23 15:15:39 ET
Table 'Dvorak' 6-max Seat #4 is the button
Seat 1: poooohpooh ($137.28 in chips)
Seat 4: AzureCaper ($72 in chips)
AzureCaper: posts small blind $1
poooohpooh: posts big blind $3
*** HOLE CARDS ***
AzureCaper: folds
Uncalled bet ($2) returned to poooohpooh
poooohpooh collected $2 from pot
poooohpooh: doesn't show hand
*** SUMMARY ***
Total pot $2 | Rake $0
Seat 1: poooohpooh (big blind) collected ($2)
Seat 4: AzureCaper (button) (small blind) folded before Flop


PokerStars Hand #149303390948:  Hold'em Limit ($3/$6 USD) - 2016/02/23 15:15:14 ET
Table 'Dvorak' 6-max Seat #1 is the button
Seat 1: poooohpooh ($128.64 in chips)
Seat 4: AzureCaper ($72 in chips)
poooohpooh: posts small blind $1
AzureCaper: posts big blind $3
*** HOLE CARDS ***
poooohpooh: raises $3 to $6
AzureCaper: calls $3
*** FLOP *** [2c 9c 6s]
AzureCaper: checks
poooohpooh: bets $3
AzureCaper: calls $3
*** TURN *** [2c 9c 6s] [Qc]
AzureCaper: checks
poooohpooh: checks
*** RIVER *** [2c 9c 6s Qc] [8h]
AzureCaper: checks
poooohpooh: bets $6
AzureCaper: folds
Uncalled bet ($6) returned to poooohpooh
poooohpooh collected $17.64 from pot
poooohpooh: doesn't show hand
*** SUMMARY ***
Total pot $18 | Rake $0.36
Board [2c 9c 6s Qc 8h]
Seat 1: poooohpooh (button) (small blind) collected ($17.64)
Seat 4: AzureCaper (big blind) folded on the River


PokerStars Hand #149303373429:  Hold'em Limit ($3/$6 USD) - 2016/02/23 15:14:50 ET
Table 'Dvorak' 6-max Seat #4 is the button
Seat 1: poooohpooh ($120 in chips)
Seat 4: AzureCaper ($74.76 in chips)
AzureCaper: posts small blind $1
poooohpooh: posts big blind $3
*** HOLE CARDS ***
AzureCaper: raises $3 to $6
poooohpooh: calls $3
*** FLOP *** [Js 5h 4h]
poooohpooh: checks
AzureCaper: bets $3
poooohpooh: calls $3
*** TURN *** [Js 5h 4h] [Qs]
poooohpooh: checks
AzureCaper: checks
*** RIVER *** [Js 5h 4h Qs] [8h]
poooohpooh: bets $6
AzureCaper: folds
Uncalled bet ($6) returned to poooohpooh
poooohpooh collected $17.64 from pot
poooohpooh: doesn't show hand
*** SUMMARY ***
Total pot $18 | Rake $0.36
Board [Js 5h 4h Qs 8h]
Seat 1: poooohpooh (big blind) collected ($17.64)
Seat 4: AzureCaper (button) (small blind) folded on the River


PokerStars Hand #149303454438:  Hold'em Limit ($3/$6 USD) - 2016/02/23 15:16:43 ET
Table 'Dvorak' 6-max Seat #1 is the button
Seat 1: poooohpooh ($147.80 in chips)
Seat 4: AzureCaper ($75 in chips)
poooohpooh: posts small blind $1
AzureCaper: posts big blind $3
*** HOLE CARDS ***
poooohpooh: raises $3 to $6
AzureCaper: calls $3
*** FLOP *** [5s Ad 5h]
AzureCaper: checks
poooohpooh: bets $3
AzureCaper: calls $3
*** TURN *** [5s Ad 5h] [2d]
AzureCaper: checks
hubschi joins the table at seat #6
poooohpooh: checks
*** RIVER *** [5s Ad 5h 2d] [6d]
AzureCaper: bets $6
poooohpooh: calls $6
*** SHOW DOWN ***
AzureCaper: shows [Qd 8d] (a flush, Ace high)
poooohpooh: mucks hand
AzureCaper collected $29.50 from pot
*** SUMMARY ***
Total pot $30 | Rake $0.50
Board [5s Ad 5h 2d 6d]
Seat 1: poooohpooh (button) (small blind) mucked
Seat 4: AzureCaper (big blind) showed [Qd 8d] and won ($29.50) with a flush, Ace high


PokerStars Hand #149303451363:  Hold'em Limit ($3/$6 USD) - 2016/02/23 15:16:38 ET
Table 'Dvorak' 6-max Seat #4 is the button
Seat 1: poooohpooh ($146.80 in chips)
Seat 4: AzureCaper ($76 in chips)
AzureCaper: posts small blind $1
poooohpooh: posts big blind $3
*** HOLE CARDS ***
AzureCaper: folds
Uncalled bet ($2) returned to poooohpooh
poooohpooh collected $2 from pot
poooohpooh: doesn't show hand
*** SUMMARY ***
Total pot $2 | Rake $0
Seat 1: poooohpooh (big blind) collected ($2)
Seat 4: AzureCaper (button) (small blind) folded before Flop


PokerStars Hand #149303445962:  Hold'em Limit ($3/$6 USD) - 2016/02/23 15:16:31 ET
Table 'Dvorak' 6-max Seat #1 is the button
Seat 1: poooohpooh ($147.80 in chips)
Seat 4: AzureCaper ($75 in chips)
poooohpooh: posts small blind $1
AzureCaper: posts big blind $3
*** HOLE CARDS ***
poooohpooh: folds
Uncalled bet ($2) returned to AzureCaper
AzureCaper collected $2 from pot
AzureCaper: doesn't show hand
*** SUMMARY ***
Total pot $2 | Rake $0
Seat 1: poooohpooh (button) (small blind) folded before Flop
Seat 4: AzureCaper (big blind) collected ($2)


PokerStars Hand #149303442342:  Hold'em Limit ($3/$6 USD) - 2016/02/23 15:16:26 ET
Table 'Dvorak' 6-max Seat #4 is the button
Seat 1: poooohpooh ($150.80 in chips)
Seat 4: AzureCaper ($72 in chips)
AzureCaper: posts small blind $1
poooohpooh: posts big blind $3
*** HOLE CARDS ***
AzureCaper: raises $3 to $6
poooohpooh: folds
Uncalled bet ($3) returned to AzureCaper
AzureCaper collected $6 from pot
AzureCaper: doesn't show hand
*** SUMMARY ***
Total pot $6 | Rake $0
Seat 1: poooohpooh (big blind) folded before Flop
Seat 4: AzureCaper (button) (small blind) collected ($6)


PokerStars Hand #149303438310:  Hold'em Limit ($3/$6 USD) - 2016/02/23 15:16:20 ET
Table 'Dvorak' 6-max Seat #1 is the button
Seat 1: poooohpooh ($147.80 in chips)
Seat 4: AzureCaper ($75 in chips)
poooohpooh: posts small blind $1
AzureCaper: posts big blind $3
*** HOLE CARDS ***
poooohpooh: raises $3 to $6
AzureCaper: folds
Uncalled bet ($3) returned to poooohpooh
poooohpooh collected $6 from pot
poooohpooh: doesn't show hand
*** SUMMARY ***
Total pot $6 | Rake $0
Seat 1: poooohpooh (button) (small blind) collected ($6)
Seat 4: AzureCaper (big blind) folded before Flop


PokerStars Hand #149303434143:  Hold'em Limit ($3/$6 USD) - 2016/02/23 15:16:14 ET
Table 'Dvorak' 6-max Seat #4 is the button
Seat 1: poooohpooh ($150.80 in chips)
Seat 4: AzureCaper ($72 in chips)
AzureCaper: posts small blind $1
poooohpooh: posts big blind $3
*** HOLE CARDS ***
AzureCaper: raises $3 to $6
poooohpooh: folds
Uncalled bet ($3) returned to AzureCaper
AzureCaper collected $6 from pot
AzureCaper: doesn't show hand
*** SUMMARY ***
Total pot $6 | Rake $0
Seat 1: poooohpooh (big blind) folded before Flop
Seat 4: AzureCaper (button) (small blind) collected ($6)


PokerStars Hand #149303424288:  Hold'em Limit ($3/$6 USD) - 2016/02/23 15:16:01 ET
Table 'Dvorak' 6-max Seat #1 is the button
Seat 1: poooohpooh ($145.04 in chips)
Seat 4: AzureCaper ($72 in chips)
poooohpooh: posts small blind $1
AzureCaper: posts big blind $3
*** HOLE CARDS ***
poooohpooh: raises $3 to $6
AzureCaper: calls $3
*** FLOP *** [Ah Kd Qs]
AzureCaper: checks
poooohpooh: bets $3
AzureCaper: folds
Uncalled bet ($3) returned to poooohpooh
poooohpooh collected $11.76 from pot
poooohpooh: doesn't show hand
*** SUMMARY ***
Total pot $12 | Rake $0.24
Board [Ah Kd Qs]
Seat 1: poooohpooh (button) (small blind) collected ($11.76)
Seat 4: AzureCaper (big blind) folded on the Flop


PokerStars Hand #149303856243:  Hold'em Limit ($3/$6 USD) - 2016/02/23 15:26:10 ET
Table 'Dvorak' 6-max Seat #6 is the button
Seat 4: AzureCaper ($89.30 in chips)
Seat 6: hubschi ($169.17 in chips)
hubschi: posts small blind $1
AzureCaper: posts big blind $3
*** HOLE CARDS ***
hubschi: folds
Uncalled bet ($2) returned to AzureCaper
AzureCaper collected $2 from pot
AzureCaper: doesn't show hand
*** SUMMARY ***
Total pot $2 | Rake $0
Seat 4: AzureCaper (big blind) collected ($2)
Seat 6: hubschi (button) (small blind) folded before Flop


PokerStars Hand #149303853150:  Hold'em Limit ($3/$6 USD) - 2016/02/23 15:26:05 ET
Table 'Dvorak' 6-max Seat #4 is the button
Seat 4: AzureCaper ($90.30 in chips)
Seat 6: hubschi ($168.17 in chips)
AzureCaper: posts small blind $1
hubschi: posts big blind $3
*** HOLE CARDS ***
AzureCaper: folds
Uncalled bet ($2) returned to hubschi
hubschi collected $2 from pot
hubschi: doesn't show hand
*** SUMMARY ***
Total pot $2 | Rake $0
Seat 4: AzureCaper (button) (small blind) folded before Flop
Seat 6: hubschi (big blind) collected ($2)


PokerStars Hand #149303850252:  Hold'em Limit ($3/$6 USD) - 2016/02/23 15:26:01 ET
Table 'Dvorak' 6-max Seat #6 is the button
Seat 4: AzureCaper ($89.30 in chips)
Seat 6: hubschi ($169.17 in chips)
hubschi: posts small blind $1
AzureCaper: posts big blind $3
*** HOLE CARDS ***
hubschi: folds
Uncalled bet ($2) returned to AzureCaper
AzureCaper collected $2 from pot
AzureCaper: doesn't show hand
*** SUMMARY ***
Total pot $2 | Rake $0
Seat 4: AzureCaper (big blind) collected ($2)
Seat 6: hubschi (button) (small blind) folded before Flop


PokerStars Hand #149303859912:  Hold'em Limit ($3/$6 USD) - 2016/02/23 15:26:15 ET
Table 'Dvorak' 6-max Seat #4 is the button
Seat 4: AzureCaper ($90.30 in chips)
Seat 6: hubschi ($168.17 in chips)
AzureCaper: posts small blind $1
hubschi: posts big blind $3
*** HOLE CARDS ***
AzureCaper: folds
Uncalled bet ($2) returned to hubschi
hubschi collected $2 from pot
hubschi: doesn't show hand
*** SUMMARY ***
Total pot $2 | Rake $0
Seat 4: AzureCaper (button) (small blind) folded before Flop
Seat 6: hubschi (big blind) collected ($2)


PokerStars Hand #149303865478:  Hold'em Limit ($3/$6 USD) - 2016/02/23 15:26:23 ET
Table 'Dvorak' 6-max Seat #6 is the button
Seat 4: AzureCaper ($89.30 in chips)
Seat 6: hubschi ($169.17 in chips)
hubschi: posts small blind $1
AzureCaper: posts big blind $3
*** HOLE CARDS ***
hubschi: calls $2
AzureCaper: checks
*** FLOP *** [Ah Kh 3c]
AzureCaper: checks
hubschi: bets $3
AzureCaper: folds
Uncalled bet ($3) returned to hubschi
hubschi collected $5.88 from pot
hubschi: doesn't show hand
*** SUMMARY ***
Total pot $6 | Rake $0.12
Board [Ah Kh 3c]
Seat 4: AzureCaper (big blind) folded on the Flop
Seat 6: hubschi (button) (small blind) collected ($5.88)


PokerStars Hand #149303875627:  Hold'em Limit ($3/$6 USD) - 2016/02/23 15:26:38 ET
Table 'Dvorak' 6-max Seat #4 is the button
Seat 4: AzureCaper ($86.30 in chips)
Seat 6: hubschi ($172.05 in chips)
AzureCaper: posts small blind $1
hubschi: posts big blind $3
*** HOLE CARDS ***
AzureCaper: raises $3 to $6
hubschi: calls $3
*** FLOP *** [5d 7c 2s]
hubschi: checks
AzureCaper: bets $3
hubschi: folds
Uncalled bet ($3) returned to AzureCaper
AzureCaper collected $11.76 from pot
AzureCaper: doesn't show hand
*** SUMMARY ***
Total pot $12 | Rake $0.24
Board [5d 7c 2s]
Seat 4: AzureCaper (button) (small blind) collected ($11.76)
Seat 6: hubschi (big blind) folded on the Flop


PokerStars Hand #149303889331:  Hold'em Limit ($3/$6 USD) - 2016/02/23 15:26:57 ET
Table 'Dvorak' 6-max Seat #4 is the button
Seat 4: AzureCaper ($93.06 in chips)
Seat 6: hubschi ($165.05 in chips)
AzureCaper: posts small blind $1
hubschi: posts big blind $3
*** HOLE CARDS ***
AzureCaper: raises $3 to $6
hubschi: folds
Uncalled bet ($3) returned to AzureCaper
AzureCaper collected $6 from pot
AzureCaper: doesn't show hand
*** SUMMARY ***
Total pot $6 | Rake $0
Seat 4: AzureCaper (button) (small blind) collected ($6)
Seat 6: hubschi (big blind) folded before Flop


PokerStars Hand #149303886001:  Hold'em Limit ($3/$6 USD) - 2016/02/23 15:26:52 ET
Table 'Dvorak' 6-max Seat #6 is the button
Seat 4: AzureCaper ($92.06 in chips)
Seat 6: hubschi ($166.05 in chips)
hubschi: posts small blind $1
AzureCaper: posts big blind $3
*** HOLE CARDS ***
hubschi: folds
Uncalled bet ($2) returned to AzureCaper
AzureCaper collected $2 from pot
AzureCaper: doesn't show hand
*** SUMMARY ***
Total pot $2 | Rake $0
Seat 4: AzureCaper (big blind) collected ($2)
Seat 6: hubschi (button) (small blind) folded before Flop


PokerStars Hand #149303905812:  Hold'em Limit ($3/$6 USD) - 2016/02/23 15:27:20 ET
Table 'Dvorak' 6-max Seat #4 is the button
Seat 4: AzureCaper ($90.06 in chips)
Seat 6: hubschi ($167.81 in chips)
AzureCaper: posts small blind $1
hubschi: posts big blind $3
*** HOLE CARDS ***
AzureCaper: folds
Uncalled bet ($2) returned to hubschi
hubschi collected $2 from pot
hubschi: doesn't show hand
*** SUMMARY ***
Total pot $2 | Rake $0
Seat 4: AzureCaper (button) (small blind) folded before Flop
Seat 6: hubschi (big blind) collected ($2)


PokerStars Hand #149303893182:  Hold'em Limit ($3/$6 USD) - 2016/02/23 15:27:02 ET
Table 'Dvorak' 6-max Seat #6 is the button
Seat 4: AzureCaper ($96.06 in chips)
Seat 6: hubschi ($162.05 in chips)
hubschi: posts small blind $1
AzureCaper: posts big blind $3
*** HOLE CARDS ***
hubschi: raises $3 to $6
AzureCaper: calls $3
*** FLOP *** [Tc Ac 7s]
AzureCaper: checks
hubschi: checks
*** TURN *** [Tc Ac 7s] [Ts]
AzureCaper: checks
hubschi: checks
*** RIVER *** [Tc Ac 7s Ts] [2h]
AzureCaper: checks
hubschi: checks
*** SHOW DOWN ***
AzureCaper: shows [5h 9h] (a pair of Tens)
hubschi: shows [4h Kh] (a pair of Tens - Ace+King kicker)
hubschi collected $11.76 from pot
*** SUMMARY ***
Total pot $12 | Rake $0.24
Board [Tc Ac 7s Ts 2h]
Seat 4: AzureCaper (big blind) showed [5h 9h] and lost with a pair of Tens
Seat 6: hubschi (button) (small blind) showed [4h Kh] and won ($11.76) with a pair of Tens


PokerStars Hand #149303908711:  Hold'em Limit ($3/$6 USD) - 2016/02/23 15:27:25 ET
Table 'Dvorak' 6-max Seat #6 is the button
Seat 4: AzureCaper ($89.06 in chips)
Seat 6: hubschi ($168.81 in chips)
hubschi: posts small blind $1
AzureCaper: posts big blind $3
*** HOLE CARDS ***
hubschi: raises $3 to $6
AzureCaper: calls $3
*** FLOP *** [3c 7s 4d]
AzureCaper: checks
hubschi: checks
*** TURN *** [3c 7s 4d] [3s]
AzureCaper: bets $6
hubschi: calls $6
*** RIVER *** [3c 7s 4d 3s] [5h]
AzureCaper: bets $6
hubschi: folds
Uncalled bet ($6) returned to AzureCaper
AzureCaper collected $23.52 from pot
AzureCaper: doesn't show hand
*** SUMMARY ***
Total pot $24 | Rake $0.48
Board [3c 7s 4d 3s 5h]
Seat 4: AzureCaper (big blind) collected ($23.52)
Seat 6: hubschi (button) (small blind) folded on the River


PokerStars Hand #149303925217:  Hold'em Limit ($3/$6 USD) - 2016/02/23 15:27:48 ET
Table 'Dvorak' 6-max Seat #6 is the button
Seat 4: AzureCaper ($99.58 in chips)
Seat 6: hubschi ($157.81 in chips)
hubschi: posts small blind $1
AzureCaper: posts big blind $3
*** HOLE CARDS ***
hubschi: folds
Uncalled bet ($2) returned to AzureCaper
AzureCaper collected $2 from pot
AzureCaper: doesn't show hand
Andredias950 joins the table at seat #3
*** SUMMARY ***
Total pot $2 | Rake $0
Seat 4: AzureCaper (big blind) collected ($2)
Seat 6: hubschi (button) (small blind) folded before Flop


PokerStars Hand #149303921899:  Hold'em Limit ($3/$6 USD) - 2016/02/23 15:27:43 ET
Table 'Dvorak' 6-max Seat #4 is the button
Seat 4: AzureCaper ($100.58 in chips)
Seat 6: hubschi ($156.81 in chips)
AzureCaper: posts small blind $1
hubschi: posts big blind $3
*** HOLE CARDS ***
AzureCaper: folds
Uncalled bet ($2) returned to hubschi
hubschi collected $2 from pot
hubschi: doesn't show hand
*** SUMMARY ***
Total pot $2 | Rake $0
Seat 4: AzureCaper (button) (small blind) folded before Flop
Seat 6: hubschi (big blind) collected ($2)


PokerStars Hand #149303928365:  Hold'em Limit ($3/$6 USD) - 2016/02/23 15:27:53 ET
Table 'Dvorak' 6-max Seat #4 is the button
Seat 4: AzureCaper ($100.58 in chips)
Seat 6: hubschi ($156.81 in chips)
AzureCaper: posts small blind $1
hubschi: posts big blind $3
*** HOLE CARDS ***
AzureCaper: raises $3 to $6
hubschi: folds
Uncalled bet ($3) returned to AzureCaper
AzureCaper collected $6 from pot
AzureCaper: doesn't show hand
*** SUMMARY ***
Total pot $6 | Rake $0
Seat 4: AzureCaper (button) (small blind) collected ($6)
Seat 6: hubschi (big blind) folded before Flop


