PokerStars Hand #172178103372:  Hold'em Limit ($3/$6 USD) - 2017/06/24 10:39:54 ET
Table 'Dvorak II' 6-max Seat #3 is the button
Seat 2: 19woody58 ($108 in chips)
Seat 3: AzureCaper ($83.52 in chips)
AzureCaper: posts small blind $1
19woody58: posts big blind $3
*** HOLE CARDS ***
AzureCaper: raises $3 to $6
19woody58: calls $3
*** FLOP *** [3s Qd 5h]
19woody58: checks
AzureCaper: bets $3
19woody58: calls $3
*** TURN *** [3s Qd 5h] [5c]
19woody58: checks
AzureCaper: bets $6
19woody58: calls $6
*** RIVER *** [3s Qd 5h 5c] [2c]
19woody58: checks
AzureCaper: checks
*** SHOW DOWN ***
19woody58: shows [Ah 5s] (three of a kind, Fives)
AzureCaper: mucks hand
19woody58 collected $29.50 from pot
*** SUMMARY ***
Total pot $30 | Rake $0.50
Board [3s Qd 5h 5c 2c]
Seat 2: 19woody58 (big blind) showed [Ah 5s] and won ($29.50) with three of a kind, Fives
Seat 3: AzureCaper (button) (small blind) mucked


PokerStars Hand #172178093138:  Hold'em Limit ($3/$6 USD) - 2017/06/24 10:39:36 ET
Table 'Dvorak II' 6-max Seat #2 is the button
Seat 2: 19woody58 ($120 in chips)
Seat 3: AzureCaper ($72 in chips)
19woody58: posts small blind $1
AzureCaper: posts big blind $3
*** HOLE CARDS ***
19woody58: raises $3 to $6
AzureCaper: calls $3
*** FLOP *** [Qs 3c Ks]
AzureCaper: checks
19woody58: bets $3
AzureCaper: raises $3 to $6
19woody58: calls $3
*** TURN *** [Qs 3c Ks] [5d]
AzureCaper: bets $6
19woody58: folds
Uncalled bet ($6) returned to AzureCaper
AzureCaper collected $23.52 from pot
AzureCaper: doesn't show hand
*** SUMMARY ***
Total pot $24 | Rake $0.48
Board [Qs 3c Ks 5d]
Seat 2: 19woody58 (button) (small blind) folded on the Turn
Seat 3: AzureCaper (big blind) collected ($23.52)


PokerStars Hand #172178114477:  Hold'em Limit ($3/$6 USD) - 2017/06/24 10:40:13 ET
Table 'Dvorak II' 6-max Seat #2 is the button
Seat 2: 19woody58 ($122.50 in chips)
Seat 3: AzureCaper ($72 in chips)
19woody58: posts small blind $1
AzureCaper: posts big blind $3
*** HOLE CARDS ***
19woody58: raises $3 to $6
AzureCaper: calls $3
*** FLOP *** [Js Tc 6d]
AzureCaper: checks
19woody58: bets $3
AzureCaper: raises $3 to $6
19woody58: calls $3
*** TURN *** [Js Tc 6d] [Jc]
AzureCaper: bets $6
19woody58: calls $6
*** RIVER *** [Js Tc 6d Jc] [Jh]
AzureCaper: bets $6
19woody58: calls $6
*** SHOW DOWN ***
AzureCaper: shows [Th Qs] (a full house, Jacks full of Tens)
19woody58: mucks hand
AzureCaper collected $47.50 from pot
*** SUMMARY ***
Total pot $48 | Rake $0.50
Board [Js Tc 6d Jc Jh]
Seat 2: 19woody58 (button) (small blind) mucked
Seat 3: AzureCaper (big blind) showed [Th Qs] and won ($47.50) with a full house, Jacks full of Tens


PokerStars Hand #172178140943:  Hold'em Limit ($3/$6 USD) - 2017/06/24 10:40:59 ET
Table 'Dvorak II' 6-max Seat #3 is the button
Seat 2: 19woody58 ($94.50 in chips)
Seat 3: AzureCaper ($99.14 in chips)
AzureCaper: posts small blind $1
19woody58: posts big blind $3
*** HOLE CARDS ***
AzureCaper: raises $3 to $6
19woody58: calls $3
*** FLOP *** [4s 7d Qs]
19woody58: checks
AzureCaper: bets $3
19woody58: calls $3
*** TURN *** [4s 7d Qs] [3c]
19woody58: checks
AzureCaper: checks
*** RIVER *** [4s 7d Qs 3c] [5c]
19woody58: bets $6
AzureCaper: folds
Uncalled bet ($6) returned to 19woody58
19woody58 collected $17.64 from pot
*** SUMMARY ***
Total pot $18 | Rake $0.36
Board [4s 7d Qs 3c 5c]
Seat 2: 19woody58 (big blind) collected ($17.64)
Seat 3: AzureCaper (button) (small blind) folded on the River


PokerStars Hand #172178124542:  Hold'em Limit ($3/$6 USD) - 2017/06/24 10:40:31 ET
Table 'Dvorak II' 6-max Seat #3 is the button
Seat 2: 19woody58 ($98.50 in chips)
Seat 3: AzureCaper ($95.50 in chips)
AzureCaper: posts small blind $1
19woody58: posts big blind $3
*** HOLE CARDS ***
AzureCaper: folds
Uncalled bet ($2) returned to 19woody58
19woody58 collected $2 from pot
*** SUMMARY ***
Total pot $2 | Rake $0
Seat 2: 19woody58 (big blind) collected ($2)
Seat 3: AzureCaper (button) (small blind) folded before Flop


PokerStars Hand #172178131025:  Hold'em Limit ($3/$6 USD) - 2017/06/24 10:40:42 ET
Table 'Dvorak II' 6-max Seat #3 is the button
Seat 2: 19woody58 ($102.50 in chips)
Seat 3: AzureCaper ($91.50 in chips)
AzureCaper: posts small blind $1
19woody58: posts big blind $3
*** HOLE CARDS ***
AzureCaper: folds
Uncalled bet ($2) returned to 19woody58
19woody58 collected $2 from pot
*** SUMMARY ***
Total pot $2 | Rake $0
Seat 2: 19woody58 (big blind) collected ($2)
Seat 3: AzureCaper (button) (small blind) folded before Flop


PokerStars Hand #172178127915:  Hold'em Limit ($3/$6 USD) - 2017/06/24 10:40:37 ET
Table 'Dvorak II' 6-max Seat #2 is the button
Seat 2: 19woody58 ($99.50 in chips)
Seat 3: AzureCaper ($94.50 in chips)
19woody58: posts small blind $1
AzureCaper: posts big blind $3
*** HOLE CARDS ***
19woody58: raises $3 to $6
AzureCaper: folds
Uncalled bet ($3) returned to 19woody58
19woody58 collected $6 from pot
*** SUMMARY ***
Total pot $6 | Rake $0
Seat 2: 19woody58 (button) (small blind) collected ($6)
Seat 3: AzureCaper (big blind) folded before Flop


PokerStars Hand #172178133708:  Hold'em Limit ($3/$6 USD) - 2017/06/24 10:40:47 ET
Table 'Dvorak II' 6-max Seat #2 is the button
Seat 2: 19woody58 ($103.50 in chips)
Seat 3: AzureCaper ($90.50 in chips)
19woody58: posts small blind $1
AzureCaper: posts big blind $3
*** HOLE CARDS ***
19woody58: raises $3 to $6
AzureCaper: calls $3
*** FLOP *** [7h Ad Jh]
AzureCaper: checks
19woody58: bets $3
AzureCaper: raises $3 to $6
19woody58: folds
Uncalled bet ($3) returned to AzureCaper
AzureCaper collected $17.64 from pot
AzureCaper: doesn't show hand
*** SUMMARY ***
Total pot $18 | Rake $0.36
Board [7h Ad Jh]
Seat 2: 19woody58 (button) (small blind) folded on the Flop
Seat 3: AzureCaper (big blind) collected ($17.64)


PokerStars Hand #172178169896:  Hold'em Limit ($3/$6 USD) - 2017/06/24 10:41:49 ET
Table 'Dvorak II' 6-max Seat #2 is the button
Seat 2: 19woody58 ($131.64 in chips)
Seat 3: AzureCaper ($72 in chips)
19woody58: posts small blind $1
AzureCaper: posts big blind $3
*** HOLE CARDS ***
19woody58: raises $3 to $6
AzureCaper: raises $3 to $9
19woody58: calls $3
*** FLOP *** [9s Qd 3d]
AzureCaper: bets $3
19woody58: calls $3
*** TURN *** [9s Qd 3d] [4d]
AzureCaper: bets $6
19woody58: calls $6
*** RIVER *** [9s Qd 3d 4d] [7s]
AzureCaper: checks
19woody58: bets $6
AzureCaper: folds
Uncalled bet ($6) returned to 19woody58
19woody58 collected $35.50 from pot
*** SUMMARY ***
Total pot $36 | Rake $0.50
Board [9s Qd 3d 4d 7s]
Seat 2: 19woody58 (button) (small blind) collected ($35.50)
Seat 3: AzureCaper (big blind) folded on the River


PokerStars Hand #172178178305:  Hold'em Limit ($3/$6 USD) - 2017/06/24 10:42:03 ET
Table 'Dvorak II' 6-max Seat #3 is the button
Seat 2: 19woody58 ($149.14 in chips)
Seat 3: AzureCaper ($72 in chips)
AzureCaper: posts small blind $1
19woody58: posts big blind $3
*** HOLE CARDS ***
AzureCaper: raises $3 to $6
19woody58: calls $3
*** FLOP *** [3d Ks 5c]
19woody58: checks
AzureCaper: bets $3
19woody58: calls $3
*** TURN *** [3d Ks 5c] [Qd]
19woody58: checks
AzureCaper: bets $6
19woody58: calls $6
*** RIVER *** [3d Ks 5c Qd] [2s]
19woody58: checks
AzureCaper: checks
*** SHOW DOWN ***
19woody58: shows [4c 4s] (a pair of Fours)
AzureCaper: shows [5s Ac] (a pair of Fives)
AzureCaper collected $29.50 from pot
*** SUMMARY ***
Total pot $30 | Rake $0.50
Board [3d Ks 5c Qd 2s]
Seat 2: 19woody58 (big blind) showed [4c 4s] and lost with a pair of Fours
Seat 3: AzureCaper (button) (small blind) showed [5s Ac] and won ($29.50) with a pair of Fives


PokerStars Hand #172178161485:  Hold'em Limit ($3/$6 USD) - 2017/06/24 10:41:34 ET
Table 'Dvorak II' 6-max Seat #3 is the button
Seat 2: 19woody58 ($126.64 in chips)
Seat 3: AzureCaper ($72 in chips)
AzureCaper: posts small blind $1
19woody58: posts big blind $3
*** HOLE CARDS ***
AzureCaper: folds
Uncalled bet ($2) returned to 19woody58
19woody58 collected $2 from pot
*** SUMMARY ***
Total pot $2 | Rake $0
Seat 2: 19woody58 (big blind) collected ($2)
Seat 3: AzureCaper (button) (small blind) folded before Flop


PokerStars Hand #172178153482:  Hold'em Limit ($3/$6 USD) - 2017/06/24 10:41:20 ET
Table 'Dvorak II' 6-max Seat #2 is the button
Seat 2: 19woody58 ($103.14 in chips)
Seat 3: AzureCaper ($90.14 in chips)
19woody58: posts small blind $1
AzureCaper: posts big blind $3
*** HOLE CARDS ***
19woody58: raises $3 to $6
AzureCaper: raises $3 to $9
19woody58: calls $3
*** FLOP *** [Th 5c 8c]
AzureCaper: bets $3
19woody58: calls $3
*** TURN *** [Th 5c 8c] [Td]
AzureCaper: bets $6
19woody58: calls $6
*** RIVER *** [Th 5c 8c Td] [7d]
AzureCaper: checks
19woody58: bets $6
AzureCaper: calls $6
*** SHOW DOWN ***
19woody58: shows [3c 3s] (two pair, Tens and Threes)
AzureCaper: mucks hand
19woody58 collected $47.50 from pot
*** SUMMARY ***
Total pot $48 | Rake $0.50
Board [Th 5c 8c Td 7d]
Seat 2: 19woody58 (button) (small blind) showed [3c 3s] and won ($47.50) with two pair, Tens and Threes
Seat 3: AzureCaper (big blind) mucked


PokerStars Hand #172178167274:  Hold'em Limit ($3/$6 USD) - 2017/06/24 10:41:44 ET
Table 'Dvorak II' 6-max Seat #3 is the button
Seat 2: 19woody58 ($130.64 in chips)
Seat 3: AzureCaper ($72 in chips)
AzureCaper: posts small blind $1
19woody58: posts big blind $3
*** HOLE CARDS ***
AzureCaper: folds
Uncalled bet ($2) returned to 19woody58
19woody58 collected $2 from pot
*** SUMMARY ***
Total pot $2 | Rake $0
Seat 2: 19woody58 (big blind) collected ($2)
Seat 3: AzureCaper (button) (small blind) folded before Flop


PokerStars Hand #172178164310:  Hold'em Limit ($3/$6 USD) - 2017/06/24 10:41:39 ET
Table 'Dvorak II' 6-max Seat #2 is the button
Seat 2: 19woody58 ($127.64 in chips)
Seat 3: AzureCaper ($72 in chips)
19woody58: posts small blind $1
AzureCaper: posts big blind $3
*** HOLE CARDS ***
19woody58: raises $3 to $6
AzureCaper: folds
Uncalled bet ($3) returned to 19woody58
19woody58 collected $6 from pot
*** SUMMARY ***
Total pot $6 | Rake $0
Seat 2: 19woody58 (button) (small blind) collected ($6)
Seat 3: AzureCaper (big blind) folded before Flop


PokerStars Hand #172178186250:  Hold'em Limit ($3/$6 USD) - 2017/06/24 10:42:17 ET
Table 'Dvorak II' 6-max Seat #2 is the button
Seat 2: 19woody58 ($134.14 in chips)
Seat 3: AzureCaper ($86.50 in chips)
19woody58: posts small blind $1
isaliv joins the table at seat #1
AzureCaper: posts big blind $3
*** HOLE CARDS ***
19woody58: folds
Uncalled bet ($2) returned to AzureCaper
AzureCaper collected $2 from pot
AzureCaper: doesn't show hand
*** SUMMARY ***
Total pot $2 | Rake $0
Seat 2: 19woody58 (button) (small blind) folded before Flop
Seat 3: AzureCaper (big blind) collected ($2)


PokerStars Hand #172182492892:  Hold'em Limit ($3/$6 USD) - 2017/06/24 12:44:51 ET
Table 'Dvorak II' 6-max Seat #4 is the button
Seat 2: CatPuppy1999 ($165.64 in chips)
Seat 4: craaa ($73.61 in chips)
craaa: posts small blind $1
CatPuppy1999: posts big blind $3
*** HOLE CARDS ***
craaa: raises $3 to $6
CatPuppy1999: raises $3 to $9
craaa: calls $3
*** FLOP *** [3s 9c 9h]
CatPuppy1999: bets $3
craaa: folds
Uncalled bet ($3) returned to CatPuppy1999
CatPuppy1999 collected $17.64 from pot
CatPuppy1999: doesn't show hand
*** SUMMARY ***
Total pot $18 | Rake $0.36
Board [3s 9c 9h]
Seat 2: CatPuppy1999 (big blind) collected ($17.64)
Seat 4: craaa (button) (small blind) folded on the Flop


PokerStars Hand #172182702610:  Hold'em Limit ($3/$6 USD) - 2017/06/24 12:50:16 ET
Table 'Dvorak II' 6-max Seat #2 is the button
Seat 2: CatPuppy1999 ($174.28 in chips)
Seat 4: igorkabmw ($30 in chips)
CatPuppy1999: posts small blind $1
igorkabmw: posts big blind $3
*** HOLE CARDS ***
CatPuppy1999: raises $3 to $6
igorkabmw: folds
Uncalled bet ($3) returned to CatPuppy1999
CatPuppy1999 collected $6 from pot
CatPuppy1999: doesn't show hand
*** SUMMARY ***
Total pot $6 | Rake $0
Seat 2: CatPuppy1999 (button) (small blind) collected ($6)
Seat 4: igorkabmw (big blind) folded before Flop


PokerStars Hand #172182719015:  Hold'em Limit ($3/$6 USD) - 2017/06/24 12:50:41 ET
Table 'Dvorak II' 6-max Seat #4 is the button
Seat 2: CatPuppy1999 ($179.16 in chips)
Seat 4: igorkabmw ($25 in chips)
igorkabmw: posts small blind $1
CatPuppy1999: posts big blind $3
*** HOLE CARDS ***
igorkabmw: raises $3 to $6
CatPuppy1999: calls $3
*** FLOP *** [Qc Qd 6s]
CatPuppy1999: checks
igorkabmw: bets $3
CatPuppy1999: raises $3 to $6
igorkabmw: raises $3 to $9
CatPuppy1999: calls $3
*** TURN *** [Qc Qd 6s] [3c]
CatPuppy1999: checks
igorkabmw: checks
*** RIVER *** [Qc Qd 6s 3c] [2s]
CatPuppy1999: bets $6
igorkabmw: calls $6
*** SHOW DOWN ***
CatPuppy1999: shows [6d 9d] (two pair, Queens and Sixes)
igorkabmw: mucks hand
CatPuppy1999 collected $41.50 from pot
*** SUMMARY ***
Total pot $42 | Rake $0.50
Board [Qc Qd 6s 3c 2s]
Seat 2: CatPuppy1999 (big blind) showed [6d 9d] and won ($41.50) with two pair, Queens and Sixes
Seat 4: igorkabmw (button) (small blind) mucked


PokerStars Hand #172182706811:  Hold'em Limit ($3/$6 USD) - 2017/06/24 12:50:22 ET
Table 'Dvorak II' 6-max Seat #4 is the button
Seat 2: CatPuppy1999 ($177.28 in chips)
Seat 4: igorkabmw ($27 in chips)
igorkabmw: posts small blind $1
CatPuppy1999: posts big blind $3
*** HOLE CARDS ***
igorkabmw: calls $2
CatPuppy1999: checks
*** FLOP *** [Jh Kd 6h]
CatPuppy1999: bets $3
igorkabmw: folds
Uncalled bet ($3) returned to CatPuppy1999
CatPuppy1999 collected $5.88 from pot
CatPuppy1999: doesn't show hand
*** SUMMARY ***
Total pot $6 | Rake $0.12
Board [Jh Kd 6h]
Seat 2: CatPuppy1999 (big blind) collected ($5.88)
Seat 4: igorkabmw (button) (small blind) folded on the Flop


PokerStars Hand #172182713788:  Hold'em Limit ($3/$6 USD) - 2017/06/24 12:50:33 ET
Table 'Dvorak II' 6-max Seat #2 is the button
Seat 2: CatPuppy1999 ($180.16 in chips)
Seat 4: igorkabmw ($24 in chips)
CatPuppy1999: posts small blind $1
igorkabmw: posts big blind $3
*** HOLE CARDS ***
CatPuppy1999: folds
Uncalled bet ($2) returned to igorkabmw
igorkabmw collected $2 from pot
*** SUMMARY ***
Total pot $2 | Rake $0
Seat 2: CatPuppy1999 (button) (small blind) folded before Flop
Seat 4: igorkabmw (big blind) collected ($2)


PokerStars Hand #172182772986:  Hold'em Limit ($3/$6 USD) - 2017/06/24 12:52:05 ET
Table 'Dvorak II' 6-max Seat #4 is the button
Seat 2: CatPuppy1999 ($189.82 in chips)
Seat 4: igorkabmw ($13.41 in chips)
igorkabmw: posts small blind $1
CatPuppy1999: posts big blind $3
*** HOLE CARDS ***
igorkabmw: raises $3 to $6
CatPuppy1999: calls $3
*** FLOP *** [5h Ac Ks]
CatPuppy1999: checks
igorkabmw: bets $3
CatPuppy1999: folds
Uncalled bet ($3) returned to igorkabmw
igorkabmw collected $11.76 from pot
*** SUMMARY ***
Total pot $12 | Rake $0.24
Board [5h Ac Ks]
Seat 2: CatPuppy1999 (big blind) folded on the Flop
Seat 4: igorkabmw (button) (small blind) collected ($11.76)


PokerStars Hand #172182765638:  Hold'em Limit ($3/$6 USD) - 2017/06/24 12:51:53 ET
Table 'Dvorak II' 6-max Seat #2 is the button
Seat 2: CatPuppy1999 ($190.82 in chips)
Seat 4: igorkabmw ($12.41 in chips)
CatPuppy1999: posts small blind $1
igorkabmw: posts big blind $3
*** HOLE CARDS ***
MTails joins the table at seat #3
CatPuppy1999: folds
Uncalled bet ($2) returned to igorkabmw
igorkabmw collected $2 from pot
*** SUMMARY ***
Total pot $2 | Rake $0
Seat 2: CatPuppy1999 (button) (small blind) folded before Flop
Seat 4: igorkabmw (big blind) collected ($2)


PokerStars Hand #172182747325:  Hold'em Limit ($3/$6 USD) - 2017/06/24 12:51:25 ET
Table 'Dvorak II' 6-max Seat #4 is the button
Seat 2: CatPuppy1999 ($195.66 in chips)
Seat 4: igorkabmw ($7.84 in chips)
igorkabmw: posts small blind $1
CatPuppy1999: posts big blind $3
*** HOLE CARDS ***
igorkabmw: folds
Uncalled bet ($2) returned to CatPuppy1999
CatPuppy1999 collected $2 from pot
CatPuppy1999: doesn't show hand
*** SUMMARY ***
Total pot $2 | Rake $0
Seat 2: CatPuppy1999 (big blind) collected ($2)
Seat 4: igorkabmw (button) (small blind) folded before Flop


PokerStars Hand #172182739106:  Hold'em Limit ($3/$6 USD) - 2017/06/24 12:51:12 ET
Table 'Dvorak II' 6-max Seat #2 is the button
Seat 2: CatPuppy1999 ($199.66 in chips)
Seat 4: igorkabmw ($4 in chips)
CatPuppy1999: posts small blind $1
igorkabmw: posts big blind $3
*** HOLE CARDS ***
CatPuppy1999: raises $3 to $6
igorkabmw: calls $1 and is all-in
Uncalled bet ($2) returned to CatPuppy1999
*** FLOP *** [2d As 7c]
*** TURN *** [2d As 7c] [6h]
*** RIVER *** [2d As 7c 6h] [7s]
*** SHOW DOWN ***
igorkabmw: shows [Th Ks] (a pair of Sevens)
CatPuppy1999: shows [9d 4h] (a pair of Sevens - lower kicker)
igorkabmw collected $7.84 from pot
*** SUMMARY ***
Total pot $8 | Rake $0.16
Board [2d As 7c 6h 7s]
Seat 2: CatPuppy1999 (button) (small blind) showed [9d 4h] and lost with a pair of Sevens
Seat 4: igorkabmw (big blind) showed [Th Ks] and won ($7.84) with a pair of Sevens


PokerStars Hand #172182750624:  Hold'em Limit ($3/$6 USD) - 2017/06/24 12:51:30 ET
Table 'Dvorak II' 6-max Seat #2 is the button
Seat 2: CatPuppy1999 ($196.66 in chips)
Seat 4: igorkabmw ($6.84 in chips)
CatPuppy1999: posts small blind $1
igorkabmw: posts big blind $3
*** HOLE CARDS ***
CatPuppy1999: raises $3 to $6
igorkabmw: raises $0.84 to $6.84 and is all-in
CatPuppy1999: calls $0.84
*** FLOP *** [Ac 8c Kh]
*** TURN *** [Ac 8c Kh] [Kc]
*** RIVER *** [Ac 8c Kh Kc] [4s]
*** SHOW DOWN ***
igorkabmw: shows [As Th] (two pair, Aces and Kings)
CatPuppy1999: shows [5h Qc] (a pair of Kings)
igorkabmw collected $13.41 from pot
*** SUMMARY ***
Total pot $13.68 | Rake $0.27
Board [Ac 8c Kh Kc 4s]
Seat 2: CatPuppy1999 (button) (small blind) showed [5h Qc] and lost with a pair of Kings
Seat 4: igorkabmw (big blind) showed [As Th] and won ($13.41) with two pair, Aces and Kings


PokerStars Hand #172182761762:  Hold'em Limit ($3/$6 USD) - 2017/06/24 12:51:47 ET
Table 'Dvorak II' 6-max Seat #4 is the button
Seat 2: CatPuppy1999 ($189.82 in chips)
Seat 4: igorkabmw ($13.41 in chips)
igorkabmw: posts small blind $1
CatPuppy1999: posts big blind $3
*** HOLE CARDS ***
igorkabmw: folds
Uncalled bet ($2) returned to CatPuppy1999
CatPuppy1999 collected $2 from pot
CatPuppy1999: doesn't show hand
*** SUMMARY ***
Total pot $2 | Rake $0
Seat 2: CatPuppy1999 (big blind) collected ($2)
Seat 4: igorkabmw (button) (small blind) folded before Flop


PokerStars Hand #172182859038:  Hold'em Limit ($3/$6 USD) - 2017/06/24 12:54:19 ET
Table 'Dvorak II' 6-max Seat #3 is the button
Seat 2: CatPuppy1999 ($181.34 in chips)
Seat 3: MTails ($138 in chips)
MTails: posts small blind $1
CatPuppy1999: posts big blind $3
*** HOLE CARDS ***
MTails: raises $3 to $6
igorkabmw leaves the table
CatPuppy1999: calls $3
*** FLOP *** [9c Kc 9s]
CatPuppy1999: checks
MTails: bets $3
CatPuppy1999: folds
Uncalled bet ($3) returned to MTails
MTails collected $11.76 from pot
*** SUMMARY ***
Total pot $12 | Rake $0.24
Board [9c Kc 9s]
Seat 2: CatPuppy1999 (big blind) folded on the Flop
Seat 3: MTails (button) (small blind) collected ($11.76)


