PokerStars Hand #159867698708:  Hold'em Limit ($3/$6 USD) - 2016/10/13 6:57:00 ET
Table 'Dynamene II' 6-max Seat #1 is the button
Seat 1: manly70 ($189.22 in chips)
Seat 4: VolkovDmitri ($120 in chips)
manly70: posts small blind $1
VolkovDmitri: posts big blind $3
*** HOLE CARDS ***
manly70: raises $3 to $6
VolkovDmitri: raises $3 to $9
AzureCaper joins the table at seat #2
manly70: calls $3
*** FLOP *** [3c Qc Js]
VolkovDmitri: bets $3
manly70: calls $3
*** TURN *** [3c Qc Js] [Ad]
VolkovDmitri: bets $6
manly70: calls $6
*** RIVER *** [3c Qc Js Ad] [7c]
VolkovDmitri: bets $6
manly70: calls $6
*** SHOW DOWN ***
VolkovDmitri: shows [2s As] (a pair of Aces)
manly70: shows [Kd Ac] (a pair of Aces - King kicker)
manly70 collected $47.50 from pot
*** SUMMARY ***
Total pot $48 | Rake $0.50
Board [3c Qc Js Ad 7c]
Seat 1: manly70 (button) (small blind) showed [Kd Ac] and won ($47.50) with a pair of Aces
Seat 4: VolkovDmitri (big blind) showed [2s As] and lost with a pair of Aces


PokerStars Hand #159867708395:  Hold'em Limit ($3/$6 USD) - 2016/10/13 6:57:25 ET
Table 'Dynamene II' 6-max Seat #4 is the button
Seat 1: manly70 ($212.72 in chips)
Seat 4: VolkovDmitri ($120 in chips)
VolkovDmitri: posts small blind $1
manly70: posts big blind $3
*** HOLE CARDS ***
VolkovDmitri: raises $3 to $6
manly70: calls $3
*** FLOP *** [Jd 2s Kc]
manly70: checks
VolkovDmitri: bets $3
manly70: folds
Uncalled bet ($3) returned to VolkovDmitri
VolkovDmitri collected $11.76 from pot
VolkovDmitri: doesn't show hand
*** SUMMARY ***
Total pot $12 | Rake $0.24
Board [Jd 2s Kc]
Seat 1: manly70 (big blind) folded on the Flop
Seat 4: VolkovDmitri (button) (small blind) collected ($11.76)


PokerStars Hand #159870828528:  Hold'em Limit ($3/$6 USD) - 2016/10/13 8:50:46 ET
Table 'Dynamene II' 6-max Seat #4 is the button
Seat 3: killer012 ($90.67 in chips)
Seat 4: Kees123 ($114.50 in chips)
Kees123: posts small blind $1
xRauIx: is sitting out
AzureCaper: is sitting out
killer012: posts big blind $3
*** HOLE CARDS ***
Kees123: raises $3 to $6
killer012: folds
Uncalled bet ($3) returned to Kees123
Kees123 collected $6 from pot
xRauIx leaves the table
*** SUMMARY ***
Total pot $6 | Rake $0
Seat 3: killer012 (big blind) folded before Flop
Seat 4: Kees123 (button) (small blind) collected ($6)


