PokerStars Hand #175290431230:  Hold'em Limit ($3/$6 USD) - 2017/09/06 13:55:56 ET
Table 'Dynamene' 6-max Seat #3 is the button
Seat 3: StoneFace007 ($47.64 in chips)
Seat 6: HAOYUN88888 ($138.14 in chips)
StoneFace007: posts small blind $1
HAOYUN88888: posts big blind $3
*** HOLE CARDS ***
StoneFace007: folds
Uncalled bet ($2) returned to HAOYUN88888
HAOYUN88888 collected $2 from pot
HAOYUN88888: doesn't show hand
*** SUMMARY ***
Total pot $2 | Rake $0
Seat 3: StoneFace007 (button) (small blind) folded before Flop
Seat 6: HAOYUN88888 (big blind) collected ($2)


PokerStars Hand #175290427334:  Hold'em Limit ($3/$6 USD) - 2017/09/06 13:55:50 ET
Table 'Dynamene' 6-max Seat #6 is the button
Seat 3: StoneFace007 ($50.64 in chips)
Seat 6: HAOYUN88888 ($135.14 in chips)
HAOYUN88888: posts small blind $1
StoneFace007: posts big blind $3
*** HOLE CARDS ***
HAOYUN88888: raises $3 to $6
StoneFace007: folds
Uncalled bet ($3) returned to HAOYUN88888
HAOYUN88888 collected $6 from pot
HAOYUN88888: doesn't show hand
*** SUMMARY ***
Total pot $6 | Rake $0
Seat 3: StoneFace007 (big blind) folded before Flop
Seat 6: HAOYUN88888 (button) (small blind) collected ($6)


PokerStars Hand #175290416498:  Hold'em Limit ($3/$6 USD) - 2017/09/06 13:55:33 ET
Table 'Dynamene' 6-max Seat #3 is the button
Seat 3: StoneFace007 ($92.64 in chips)
Seat 6: HAOYUN88888 ($93.64 in chips)
StoneFace007: posts small blind $1
HAOYUN88888: posts big blind $3
*** HOLE CARDS ***
StoneFace007: raises $3 to $6
HAOYUN88888: raises $3 to $9
StoneFace007: calls $3
*** FLOP *** [7d 4d 9h]
HAOYUN88888: bets $3
StoneFace007: raises $3 to $6
HAOYUN88888: raises $3 to $9
StoneFace007: calls $3
*** TURN *** [7d 4d 9h] [Qc]
HAOYUN88888: bets $6
StoneFace007: raises $6 to $12
HAOYUN88888: raises $6 to $18
StoneFace007: calls $6
*** RIVER *** [7d 4d 9h Qc] [2s]
HAOYUN88888: bets $6
StoneFace007: calls $6
*** SHOW DOWN ***
HAOYUN88888: shows [Ac As] (a pair of Aces)
StoneFace007: mucks hand
HAOYUN88888 collected $83.50 from pot
*** SUMMARY ***
Total pot $84 | Rake $0.50
Board [7d 4d 9h Qc 2s]
Seat 3: StoneFace007 (button) (small blind) mucked
Seat 6: HAOYUN88888 (big blind) showed [Ac As] and won ($83.50) with a pair of Aces


PokerStars Hand #175290404231:  Hold'em Limit ($3/$6 USD) - 2017/09/06 13:55:12 ET
Table 'Dynamene' 6-max Seat #6 is the button
Seat 3: StoneFace007 ($104.64 in chips)
Seat 6: HAOYUN88888 ($82.12 in chips)
HAOYUN88888: posts small blind $1
StoneFace007: posts big blind $3
*** HOLE CARDS ***
HAOYUN88888: raises $3 to $6
StoneFace007: raises $3 to $9
HAOYUN88888: calls $3
*** FLOP *** [3h Ks 2s]
StoneFace007: bets $3
HAOYUN88888: calls $3
*** TURN *** [3h Ks 2s] [Js]
StoneFace007: checks
HAOYUN88888: bets $6
StoneFace007: folds
Uncalled bet ($6) returned to HAOYUN88888
HAOYUN88888 collected $23.52 from pot
HAOYUN88888: doesn't show hand
*** SUMMARY ***
Total pot $24 | Rake $0.48
Board [3h Ks 2s Js]
Seat 3: StoneFace007 (big blind) folded on the Turn
Seat 6: HAOYUN88888 (button) (small blind) collected ($23.52)


PokerStars Hand #175290439447:  Hold'em Limit ($3/$6 USD) - 2017/09/06 13:56:09 ET
Table 'Dynamene' 6-max Seat #3 is the button
Seat 3: StoneFace007 ($40.64 in chips)
Seat 6: HAOYUN88888 ($144.90 in chips)
StoneFace007: posts small blind $1
HAOYUN88888: posts big blind $3
*** HOLE CARDS ***
StoneFace007: folds
Uncalled bet ($2) returned to HAOYUN88888
HAOYUN88888 collected $2 from pot
HAOYUN88888: doesn't show hand
*** SUMMARY ***
Total pot $2 | Rake $0
Seat 3: StoneFace007 (button) (small blind) folded before Flop
Seat 6: HAOYUN88888 (big blind) collected ($2)


PokerStars Hand #175290434547:  Hold'em Limit ($3/$6 USD) - 2017/09/06 13:56:01 ET
Table 'Dynamene' 6-max Seat #6 is the button
Seat 3: StoneFace007 ($46.64 in chips)
Seat 6: HAOYUN88888 ($139.14 in chips)
HAOYUN88888: posts small blind $1
StoneFace007: posts big blind $3
*** HOLE CARDS ***
HAOYUN88888: raises $3 to $6
StoneFace007: calls $3
*** FLOP *** [9h Kh Ac]
Psynto joins the table at seat #1
StoneFace007: checks
HAOYUN88888: bets $3
StoneFace007: folds
Uncalled bet ($3) returned to HAOYUN88888
HAOYUN88888 collected $11.76 from pot
HAOYUN88888: doesn't show hand
*** SUMMARY ***
Total pot $12 | Rake $0.24
Board [9h Kh Ac]
Seat 3: StoneFace007 (big blind) folded on the Flop
Seat 6: HAOYUN88888 (button) (small blind) collected ($11.76)


PokerStars Hand #175295132811:  Hold'em Limit ($3/$6 USD) - 2017/09/06 15:33:32 ET
Table 'Dynamene' 6-max Seat #1 is the button
Seat 1: krytalex ($216.80 in chips)
Seat 5: ``MULAT``86 ($145.05 in chips)
krytalex: posts small blind $1
``MULAT``86: posts big blind $3
*** HOLE CARDS ***
krytalex: raises $3 to $6
``MULAT``86: raises $3 to $9
krytalex: calls $3
*** FLOP *** [As 4h 9s]
``MULAT``86: bets $3
krytalex: folds
Uncalled bet ($3) returned to ``MULAT``86
``MULAT``86 collected $17.64 from pot
``MULAT``86: doesn't show hand
*** SUMMARY ***
Total pot $18 | Rake $0.36
Board [As 4h 9s]
Seat 1: krytalex (button) (small blind) folded on the Flop
Seat 5: ``MULAT``86 (big blind) collected ($17.64)


