PokerStars Hand #144429447695:  Hold'em Limit ($3/$6 USD) - 2015/11/26 16:39:33 ET
Table 'Dynamene III' 10-max Seat #10 is the button
Seat 7: BuzovaPro ($75 in chips)
Seat 10: MartiniusIII ($73.27 in chips)
MartiniusIII: posts small blind $1
BuzovaPro: posts big blind $3
*** HOLE CARDS ***
MartiniusIII: raises $3 to $6
BuzovaPro: raises $3 to $9
MartiniusIII: calls $3
*** FLOP *** [5d 9h 3d]
BuzovaPro: bets $3
MartiniusIII: raises $3 to $6
BuzovaPro: calls $3
*** TURN *** [5d 9h 3d] [4c]
BuzovaPro: checks
MartiniusIII: bets $6
BuzovaPro: calls $6
*** RIVER *** [5d 9h 3d 4c] [Ah]
BuzovaPro: checks
MartiniusIII: checks
*** SHOW DOWN ***
BuzovaPro: shows [8h 8s] (a pair of Eights)
MartiniusIII: mucks hand
BuzovaPro collected $41.50 from pot
*** SUMMARY ***
Total pot $42 | Rake $0.50
Board [5d 9h 3d 4c Ah]
Seat 7: BuzovaPro (big blind) showed [8h 8s] and won ($41.50) with a pair of Eights
Seat 10: MartiniusIII (button) (small blind) mucked


PokerStars Hand #144429442556:  Hold'em Limit ($3/$6 USD) - 2015/11/26 16:39:27 ET
Table 'Dynamene III' 10-max Seat #7 is the button
Seat 7: BuzovaPro ($72 in chips)
Seat 10: MartiniusIII ($76.27 in chips)
BuzovaPro: posts small blind $1
MartiniusIII: posts big blind $3
*** HOLE CARDS ***
BuzovaPro: raises $3 to $6
MartiniusIII: folds
Uncalled bet ($3) returned to BuzovaPro
BuzovaPro collected $6 from pot
*** SUMMARY ***
Total pot $6 | Rake $0
Seat 7: BuzovaPro (button) (small blind) collected ($6)
Seat 10: MartiniusIII (big blind) folded before Flop


PokerStars Hand #144429467236:  Hold'em Limit ($3/$6 USD) - 2015/11/26 16:39:55 ET
Table 'Dynamene III' 10-max Seat #7 is the button
Seat 7: BuzovaPro ($95.50 in chips)
Seat 10: MartiniusIII ($52.27 in chips)
BuzovaPro: posts small blind $1
MartiniusIII: posts big blind $3
*** HOLE CARDS ***
BuzovaPro: raises $3 to $6
MartiniusIII: calls $3
*** FLOP *** [2c Jd 6s]
MartiniusIII: checks
BuzovaPro: bets $3
MartiniusIII: raises $3 to $6
BuzovaPro: calls $3
*** TURN *** [2c Jd 6s] [3h]
MartiniusIII: bets $6
BuzovaPro: calls $6
*** RIVER *** [2c Jd 6s 3h] [2h]
MartiniusIII: bets $6
BuzovaPro: folds
Uncalled bet ($6) returned to MartiniusIII
MartiniusIII collected $35.50 from pot
MartiniusIII: doesn't show hand
*** SUMMARY ***
Total pot $36 | Rake $0.50
Board [2c Jd 6s 3h 2h]
Seat 7: BuzovaPro (button) (small blind) folded on the River
Seat 10: MartiniusIII (big blind) collected ($35.50)


PokerStars Hand #144429542279:  Hold'em Limit ($3/$6 USD) - 2015/11/26 16:41:19 ET
Table 'Dynamene III' 10-max Seat #7 is the button
Seat 1: vestimokrec ($120 in chips)
Seat 7: BuzovaPro ($94.42 in chips)
BuzovaPro: posts small blind $1
MartiniusIII: is sitting out
vestimokrec: posts big blind $3
*** HOLE CARDS ***
MartiniusIII leaves the table
BuzovaPro: folds
Uncalled bet ($2) returned to vestimokrec
vestimokrec collected $2 from pot
vestimokrec: doesn't show hand
*** SUMMARY ***
Total pot $2 | Rake $0
Seat 1: vestimokrec (big blind) collected ($2)
Seat 7: BuzovaPro (button) (small blind) folded before Flop


PokerStars Hand #144429928751:  Hold'em Limit ($3/$6 USD) - 2015/11/26 16:48:35 ET
Table 'Dynamene III' 10-max Seat #7 is the button
Seat 7: BuzovaPro ($86.50 in chips)
Seat 10: MartiniusIII ($52.51 in chips)
BuzovaPro: posts small blind $1
MartiniusIII: posts big blind $3
*** HOLE CARDS ***
BuzovaPro: folds
Uncalled bet ($2) returned to MartiniusIII
MartiniusIII collected $2 from pot
MartiniusIII: doesn't show hand
*** SUMMARY ***
Total pot $2 | Rake $0
Seat 7: BuzovaPro (button) (small blind) folded before Flop
Seat 10: MartiniusIII (big blind) collected ($2)


PokerStars Hand #144429910885:  Hold'em Limit ($3/$6 USD) - 2015/11/26 16:48:15 ET
Table 'Dynamene III' 10-max Seat #10 is the button
Seat 7: BuzovaPro ($72 in chips)
Seat 10: MartiniusIII ($67.51 in chips)
MartiniusIII: posts small blind $1
BuzovaPro: posts big blind $3
*** HOLE CARDS ***
MartiniusIII: raises $3 to $6
BuzovaPro: calls $3
*** FLOP *** [7c Th Kd]
BuzovaPro: checks
MartiniusIII: bets $3
BuzovaPro: calls $3
*** TURN *** [7c Th Kd] [Qc]
BuzovaPro: checks
MartiniusIII: bets $6
BuzovaPro: calls $6
*** RIVER *** [7c Th Kd Qc] [Ac]
BuzovaPro: bets $6
MartiniusIII: folds
Uncalled bet ($6) returned to BuzovaPro
BuzovaPro collected $29.50 from pot
BuzovaPro: doesn't show hand
*** SUMMARY ***
Total pot $30 | Rake $0.50
Board [7c Th Kd Qc Ac]
Seat 7: BuzovaPro (big blind) collected ($29.50)
Seat 10: MartiniusIII (button) (small blind) folded on the River


PokerStars Hand #144429888362:  Hold'em Limit ($3/$6 USD) - 2015/11/26 16:47:49 ET
Table 'Dynamene III' 10-max Seat #7 is the button
Seat 7: BuzovaPro ($73 in chips)
Seat 10: MartiniusIII ($38.01 in chips)
BuzovaPro: posts small blind $1
MartiniusIII: posts big blind $3
*** HOLE CARDS ***
BuzovaPro: raises $3 to $6
MartiniusIII: raises $3 to $9
BuzovaPro: calls $3
*** FLOP *** [7h 9d 7d]
MartiniusIII: bets $3
BuzovaPro: calls $3
*** TURN *** [7h 9d 7d] [9s]
MartiniusIII: bets $6
BuzovaPro: calls $6
*** RIVER *** [7h 9d 7d 9s] [Ts]
MartiniusIII: bets $6
BuzovaPro: raises $6 to $12
MartiniusIII: calls $6
*** SHOW DOWN ***
BuzovaPro: shows [Kd Kh] (two pair, Kings and Nines)
MartiniusIII: shows [8d Jh] (a straight, Seven to Jack)
MartiniusIII collected $59.50 from pot
*** SUMMARY ***
Total pot $60 | Rake $0.50
Board [7h 9d 7d 9s Ts]
Seat 7: BuzovaPro (button) (small blind) showed [Kd Kh] and lost with two pair, Kings and Nines
Seat 10: MartiniusIII (big blind) showed [8d Jh] and won ($59.50) with a straight, Seven to Jack


PokerStars Hand #144429974874:  Hold'em Limit ($3/$6 USD) - 2015/11/26 16:49:29 ET
Table 'Dynamene III' 10-max Seat #7 is the button
Seat 7: BuzovaPro ($91.14 in chips)
Seat 10: MartiniusIII ($47.27 in chips)
BuzovaPro: posts small blind $1
MartiniusIII: posts big blind $3
*** HOLE CARDS ***
BuzovaPro: raises $3 to $6
MartiniusIII: calls $3
*** FLOP *** [3c 2d Jd]
MartiniusIII: checks
BuzovaPro: checks
*** TURN *** [3c 2d Jd] [9d]
MartiniusIII: bets $6
BuzovaPro: calls $6
*** RIVER *** [3c 2d Jd 9d] [3d]
MartiniusIII: checks
BuzovaPro: checks
*** SHOW DOWN ***
MartiniusIII: shows [Kh 3s] (three of a kind, Threes)
BuzovaPro: mucks hand
MartiniusIII collected $23.52 from pot
*** SUMMARY ***
Total pot $24 | Rake $0.48
Board [3c 2d Jd 9d 3d]
Seat 7: BuzovaPro (button) (small blind) mucked
Seat 10: MartiniusIII (big blind) showed [Kh 3s] and won ($23.52) with three of a kind, Threes


PokerStars Hand #144429963422:  Hold'em Limit ($3/$6 USD) - 2015/11/26 16:49:15 ET
Table 'Dynamene III' 10-max Seat #10 is the button
Seat 7: BuzovaPro ($82.50 in chips)
Seat 10: MartiniusIII ($56.27 in chips)
MartiniusIII: posts small blind $1
BuzovaPro: posts big blind $3
*** HOLE CARDS ***
MartiniusIII: raises $3 to $6
BuzovaPro: raises $3 to $9
MartiniusIII: calls $3
*** FLOP *** [4s 2h As]
BuzovaPro: bets $3
MartiniusIII: folds
Uncalled bet ($3) returned to BuzovaPro
BuzovaPro collected $17.64 from pot
BuzovaPro: doesn't show hand
*** SUMMARY ***
Total pot $18 | Rake $0.36
Board [4s 2h As]
Seat 7: BuzovaPro (big blind) collected ($17.64)
Seat 10: MartiniusIII (button) (small blind) folded on the Flop


PokerStars Hand #144429958125:  Hold'em Limit ($3/$6 USD) - 2015/11/26 16:49:09 ET
Table 'Dynamene III' 10-max Seat #7 is the button
Seat 7: BuzovaPro ($79.50 in chips)
Seat 10: MartiniusIII ($59.27 in chips)
BuzovaPro: posts small blind $1
MartiniusIII: posts big blind $3
*** HOLE CARDS ***
BuzovaPro: raises $3 to $6
MartiniusIII: folds
Uncalled bet ($3) returned to BuzovaPro
BuzovaPro collected $6 from pot
BuzovaPro: doesn't show hand
*** SUMMARY ***
Total pot $6 | Rake $0
Seat 7: BuzovaPro (button) (small blind) collected ($6)
Seat 10: MartiniusIII (big blind) folded before Flop


PokerStars Hand #144429932718:  Hold'em Limit ($3/$6 USD) - 2015/11/26 16:48:40 ET
Table 'Dynamene III' 10-max Seat #10 is the button
Seat 7: BuzovaPro ($85.50 in chips)
Seat 10: MartiniusIII ($53.51 in chips)
MartiniusIII: posts small blind $1
BuzovaPro: posts big blind $3
*** HOLE CARDS ***
MartiniusIII: raises $3 to $6
BuzovaPro: calls $3
*** FLOP *** [Ad 4c Ac]
BuzovaPro: checks
MartiniusIII: bets $3
BuzovaPro: folds
Uncalled bet ($3) returned to MartiniusIII
MartiniusIII collected $11.76 from pot
MartiniusIII: doesn't show hand
*** SUMMARY ***
Total pot $12 | Rake $0.24
Board [Ad 4c Ac]
Seat 7: BuzovaPro (big blind) folded on the Flop
Seat 10: MartiniusIII (button) (small blind) collected ($11.76)


PokerStars Hand #144430056081:  Hold'em Limit ($3/$6 USD) - 2015/11/26 16:51:02 ET
Table 'Dynamene III' 10-max Seat #7 is the button
Seat 7: BuzovaPro ($72 in chips)
Seat 10: MartiniusIII ($95.79 in chips)
BuzovaPro: posts small blind $1
MartiniusIII: posts big blind $3
*** HOLE CARDS ***
BuzovaPro: folds
Uncalled bet ($2) returned to MartiniusIII
MartiniusIII collected $2 from pot
MartiniusIII: doesn't show hand
*** SUMMARY ***
Total pot $2 | Rake $0
Seat 7: BuzovaPro (button) (small blind) folded before Flop
Seat 10: MartiniusIII (big blind) collected ($2)


PokerStars Hand #144430049750:  Hold'em Limit ($3/$6 USD) - 2015/11/26 16:50:54 ET
Table 'Dynamene III' 10-max Seat #10 is the button
Seat 7: BuzovaPro ($72 in chips)
Seat 10: MartiniusIII ($92.79 in chips)
MartiniusIII: posts small blind $1
BuzovaPro: posts big blind $3
*** HOLE CARDS ***
MartiniusIII: raises $3 to $6
BuzovaPro: folds
Uncalled bet ($3) returned to MartiniusIII
MartiniusIII collected $6 from pot
MartiniusIII: doesn't show hand
*** SUMMARY ***
Total pot $6 | Rake $0
Seat 7: BuzovaPro (big blind) folded before Flop
Seat 10: MartiniusIII (button) (small blind) collected ($6)


PokerStars Hand #144430032679:  Hold'em Limit ($3/$6 USD) - 2015/11/26 16:50:35 ET
Table 'Dynamene III' 10-max Seat #7 is the button
Seat 7: BuzovaPro ($84.52 in chips)
Seat 10: MartiniusIII ($69.29 in chips)
BuzovaPro: posts small blind $1
MartiniusIII: posts big blind $3
*** HOLE CARDS ***
BuzovaPro: raises $3 to $6
MartiniusIII: raises $3 to $9
BuzovaPro: calls $3
*** FLOP *** [9c 9d Tc]
MartiniusIII: bets $3
BuzovaPro: calls $3
*** TURN *** [9c 9d Tc] [7c]
MartiniusIII: bets $6
BuzovaPro: calls $6
*** RIVER *** [9c 9d Tc 7c] [Jc]
MartiniusIII: bets $6
BuzovaPro: calls $6
*** SHOW DOWN ***
MartiniusIII: shows [Jd 9s] (a full house, Nines full of Jacks)
BuzovaPro: mucks hand
MartiniusIII collected $47.50 from pot
*** SUMMARY ***
Total pot $48 | Rake $0.50
Board [9c 9d Tc 7c Jc]
Seat 7: BuzovaPro (button) (small blind) mucked
Seat 10: MartiniusIII (big blind) showed [Jd 9s] and won ($47.50) with a full house, Nines full of Jacks


PokerStars Hand #144430028827:  Hold'em Limit ($3/$6 USD) - 2015/11/26 16:50:30 ET
Table 'Dynamene III' 10-max Seat #10 is the button
Seat 7: BuzovaPro ($83.52 in chips)
Seat 10: MartiniusIII ($70.29 in chips)
MartiniusIII: posts small blind $1
BuzovaPro: posts big blind $3
*** HOLE CARDS ***
MartiniusIII: folds
Uncalled bet ($2) returned to BuzovaPro
BuzovaPro collected $2 from pot
BuzovaPro: doesn't show hand
*** SUMMARY ***
Total pot $2 | Rake $0
Seat 7: BuzovaPro (big blind) collected ($2)
Seat 10: MartiniusIII (button) (small blind) folded before Flop


PokerStars Hand #144430008799:  Hold'em Limit ($3/$6 USD) - 2015/11/26 16:50:07 ET
Table 'Dynamene III' 10-max Seat #7 is the button
Seat 7: BuzovaPro ($72 in chips)
Seat 10: MartiniusIII ($82.29 in chips)
BuzovaPro: posts small blind $1
MartiniusIII: posts big blind $3
*** HOLE CARDS ***
BuzovaPro: raises $3 to $6
MartiniusIII: raises $3 to $9
BuzovaPro: calls $3
*** FLOP *** [8h 5h Kd]
MartiniusIII: bets $3
BuzovaPro: calls $3
*** TURN *** [8h 5h Kd] [6c]
MartiniusIII: checks
BuzovaPro: bets $6
MartiniusIII: folds
Uncalled bet ($6) returned to BuzovaPro
BuzovaPro collected $23.52 from pot
BuzovaPro: doesn't show hand
*** SUMMARY ***
Total pot $24 | Rake $0.48
Board [8h 5h Kd 6c]
Seat 7: BuzovaPro (button) (small blind) collected ($23.52)
Seat 10: MartiniusIII (big blind) folded on the Turn


PokerStars Hand #144429989629:  Hold'em Limit ($3/$6 USD) - 2015/11/26 16:49:45 ET
Table 'Dynamene III' 10-max Seat #10 is the button
Seat 7: BuzovaPro ($79.14 in chips)
Seat 10: MartiniusIII ($58.79 in chips)
MartiniusIII: posts small blind $1
BuzovaPro: posts big blind $3
*** HOLE CARDS ***
MartiniusIII: raises $3 to $6
BuzovaPro: raises $3 to $9
MartiniusIII: calls $3
*** FLOP *** [8h 4c 9s]
BuzovaPro: bets $3
MartiniusIII: calls $3
*** TURN *** [8h 4c 9s] [5h]
BuzovaPro: bets $6
MartiniusIII: calls $6
*** RIVER *** [8h 4c 9s 5h] [Kc]
BuzovaPro: checks
MartiniusIII: bets $6
BuzovaPro: calls $6
*** SHOW DOWN ***
MartiniusIII: shows [Jc 5d] (a pair of Fives)
BuzovaPro: mucks hand
MartiniusIII collected $47.50 from pot
*** SUMMARY ***
Total pot $48 | Rake $0.50
Board [8h 4c 9s 5h Kc]
Seat 7: BuzovaPro (big blind) mucked
Seat 10: MartiniusIII (button) (small blind) showed [Jc 5d] and won ($47.50) with a pair of Fives


PokerStars Hand #144430096810:  Hold'em Limit ($3/$6 USD) - 2015/11/26 16:51:49 ET
Table 'Dynamene III' 10-max Seat #7 is the button
Seat 7: BuzovaPro ($73 in chips)
Seat 10: MartiniusIII ($154.79 in chips)
BuzovaPro: posts small blind $1
MartiniusIII: posts big blind $3
*** HOLE CARDS ***
BuzovaPro: folds
Uncalled bet ($2) returned to MartiniusIII
MartiniusIII collected $2 from pot
MartiniusIII: doesn't show hand
*** SUMMARY ***
Total pot $2 | Rake $0
Seat 7: BuzovaPro (button) (small blind) folded before Flop
Seat 10: MartiniusIII (big blind) collected ($2)


PokerStars Hand #144430092991:  Hold'em Limit ($3/$6 USD) - 2015/11/26 16:51:45 ET
Table 'Dynamene III' 10-max Seat #10 is the button
Seat 7: BuzovaPro ($72 in chips)
Seat 10: MartiniusIII ($155.79 in chips)
MartiniusIII: posts small blind $1
BuzovaPro: posts big blind $3
*** HOLE CARDS ***
MartiniusIII: folds
Uncalled bet ($2) returned to BuzovaPro
BuzovaPro collected $2 from pot
BuzovaPro: doesn't show hand
*** SUMMARY ***
Total pot $2 | Rake $0
Seat 7: BuzovaPro (big blind) collected ($2)
Seat 10: MartiniusIII (button) (small blind) folded before Flop


PokerStars Hand #144430075057:  Hold'em Limit ($3/$6 USD) - 2015/11/26 16:51:24 ET
Table 'Dynamene III' 10-max Seat #7 is the button
Seat 7: BuzovaPro ($72 in chips)
Seat 10: MartiniusIII ($120.29 in chips)
BuzovaPro: posts small blind $1
MartiniusIII: posts big blind $3
*** HOLE CARDS ***
BuzovaPro: raises $3 to $6
MartiniusIII: raises $3 to $9
BuzovaPro: calls $3
*** FLOP *** [Qs 8c 7h]
MartiniusIII: bets $3
BuzovaPro: calls $3
*** TURN *** [Qs 8c 7h] [2h]
MartiniusIII: bets $6
BuzovaPro: raises $6 to $12
MartiniusIII: calls $6
*** RIVER *** [Qs 8c 7h 2h] [7d]
MartiniusIII: checks
BuzovaPro: bets $6
MartiniusIII: raises $6 to $12
BuzovaPro: calls $6
*** SHOW DOWN ***
MartiniusIII: shows [7c Tc] (three of a kind, Sevens)
BuzovaPro: mucks hand
MartiniusIII collected $71.50 from pot
*** SUMMARY ***
Total pot $72 | Rake $0.50
Board [Qs 8c 7h 2h 7d]
Seat 7: BuzovaPro (button) (small blind) mucked
Seat 10: MartiniusIII (big blind) showed [7c Tc] and won ($71.50) with three of a kind, Sevens


PokerStars Hand #144430059889:  Hold'em Limit ($3/$6 USD) - 2015/11/26 16:51:06 ET
Table 'Dynamene III' 10-max Seat #10 is the button
Seat 7: BuzovaPro ($72 in chips)
Seat 10: MartiniusIII ($96.79 in chips)
MartiniusIII: posts small blind $1
BuzovaPro: posts big blind $3
*** HOLE CARDS ***
MartiniusIII: raises $3 to $6
BuzovaPro: calls $3
*** FLOP *** [9h 2c Td]
BuzovaPro: checks
MartiniusIII: checks
*** TURN *** [9h 2c Td] [4h]
BuzovaPro: checks
MartiniusIII: bets $6
BuzovaPro: raises $6 to $12
MartiniusIII: calls $6
*** RIVER *** [9h 2c Td 4h] [As]
BuzovaPro: bets $6
MartiniusIII: calls $6
*** SHOW DOWN ***
BuzovaPro: shows [7c Jh] (high card Ace)
MartiniusIII: shows [Qs 4c] (a pair of Fours)
MartiniusIII collected $47.50 from pot
*** SUMMARY ***
Total pot $48 | Rake $0.50
Board [9h 2c Td 4h As]
Seat 7: BuzovaPro (big blind) showed [7c Jh] and lost with high card Ace
Seat 10: MartiniusIII (button) (small blind) showed [Qs 4c] and won ($47.50) with a pair of Fours


PokerStars Hand #144430135069:  Hold'em Limit ($3/$6 USD) - 2015/11/26 16:52:33 ET
Table 'Dynamene III' 10-max Seat #7 is the button
Seat 7: BuzovaPro ($74.76 in chips)
Seat 10: MartiniusIII ($170.17 in chips)
BuzovaPro: posts small blind $1
MartiniusIII: posts big blind $3
*** HOLE CARDS ***
BuzovaPro: raises $3 to $6
MartiniusIII: calls $3
*** FLOP *** [4s 8s 9d]
MartiniusIII: checks
BuzovaPro: bets $3
MartiniusIII: calls $3
*** TURN *** [4s 8s 9d] [Jh]
DirtyDouble2 joins the table at seat #3
MartiniusIII: bets $6
BuzovaPro: calls $6
*** RIVER *** [4s 8s 9d Jh] [8h]
MartiniusIII: bets $6
BuzovaPro: calls $6
*** SHOW DOWN ***
MartiniusIII: shows [7c Kh] (a pair of Eights)
BuzovaPro: shows [Jd 6d] (two pair, Jacks and Eights)
BuzovaPro collected $41.50 from pot
*** SUMMARY ***
Total pot $42 | Rake $0.50
Board [4s 8s 9d Jh 8h]
Seat 7: BuzovaPro (button) (small blind) showed [Jd 6d] and won ($41.50) with two pair, Jacks and Eights
Seat 10: MartiniusIII (big blind) showed [7c Kh] and lost with a pair of Eights


PokerStars Hand #144430126264:  Hold'em Limit ($3/$6 USD) - 2015/11/26 16:52:23 ET
Table 'Dynamene III' 10-max Seat #10 is the button
Seat 7: BuzovaPro ($77.76 in chips)
Seat 10: MartiniusIII ($167.29 in chips)
MartiniusIII: posts small blind $1
BuzovaPro: posts big blind $3
*** HOLE CARDS ***
MartiniusIII: calls $2
BuzovaPro: checks
*** FLOP *** [7s 6s As]
BuzovaPro: checks
MartiniusIII: bets $3
BuzovaPro: folds
Uncalled bet ($3) returned to MartiniusIII
MartiniusIII collected $5.88 from pot
MartiniusIII: doesn't show hand
*** SUMMARY ***
Total pot $6 | Rake $0.12
Board [7s 6s As]
Seat 7: BuzovaPro (big blind) folded on the Flop
Seat 10: MartiniusIII (button) (small blind) collected ($5.88)


PokerStars Hand #144430118365:  Hold'em Limit ($3/$6 USD) - 2015/11/26 16:52:14 ET
Table 'Dynamene III' 10-max Seat #7 is the button
Seat 7: BuzovaPro ($72 in chips)
Seat 10: MartiniusIII ($173.29 in chips)
BuzovaPro: posts small blind $1
MartiniusIII: posts big blind $3
*** HOLE CARDS ***
BuzovaPro: raises $3 to $6
MartiniusIII: calls $3
*** FLOP *** [Ah Jd 9h]
MartiniusIII: checks
BuzovaPro: bets $3
MartiniusIII: folds
Uncalled bet ($3) returned to BuzovaPro
BuzovaPro collected $11.76 from pot
BuzovaPro: doesn't show hand
*** SUMMARY ***
Total pot $12 | Rake $0.24
Board [Ah Jd 9h]
Seat 7: BuzovaPro (button) (small blind) collected ($11.76)
Seat 10: MartiniusIII (big blind) folded on the Flop


PokerStars Hand #144430101078:  Hold'em Limit ($3/$6 USD) - 2015/11/26 16:51:54 ET
Table 'Dynamene III' 10-max Seat #10 is the button
Seat 7: BuzovaPro ($72 in chips)
Seat 10: MartiniusIII ($155.79 in chips)
MartiniusIII: posts small blind $1
BuzovaPro: posts big blind $3
*** HOLE CARDS ***
MartiniusIII: calls $2
BuzovaPro: raises $3 to $6
MartiniusIII: calls $3
*** FLOP *** [7s 4c Qd]
BuzovaPro: bets $3
MartiniusIII: raises $3 to $6
BuzovaPro: calls $3
*** TURN *** [7s 4c Qd] [6c]
BuzovaPro: checks
MartiniusIII: bets $6
BuzovaPro: calls $6
*** RIVER *** [7s 4c Qd 6c] [5s]
BuzovaPro: checks
MartiniusIII: bets $6
BuzovaPro: folds
Uncalled bet ($6) returned to MartiniusIII
MartiniusIII collected $35.50 from pot
MartiniusIII: doesn't show hand
*** SUMMARY ***
Total pot $36 | Rake $0.50
Board [7s 4c Qd 6c 5s]
Seat 7: BuzovaPro (big blind) folded on the River
Seat 10: MartiniusIII (button) (small blind) collected ($35.50)


PokerStars Hand #144430189288:  Hold'em Limit ($3/$6 USD) - 2015/11/26 16:53:36 ET
Table 'Dynamene III' 10-max Seat #7 is the button
Seat 3: DirtyDouble2 ($72.43 in chips)
Seat 7: BuzovaPro ($83.26 in chips)
BuzovaPro: posts small blind $1
MartiniusIII: is sitting out
DirtyDouble2: posts big blind $3
*** HOLE CARDS ***
MartiniusIII leaves the table
BuzovaPro: raises $3 to $6
DirtyDouble2: folds
Uncalled bet ($3) returned to BuzovaPro
BuzovaPro collected $6 from pot
BuzovaPro: doesn't show hand
*** SUMMARY ***
Total pot $6 | Rake $0
Seat 3: DirtyDouble2 (big blind) folded before Flop
Seat 7: BuzovaPro (button) (small blind) collected ($6)


PokerStars Hand #144430224364:  Hold'em Limit ($3/$6 USD) - 2015/11/26 16:54:16 ET
Table 'Dynamene III' 10-max Seat #7 is the button
Seat 3: DirtyDouble2 ($95.93 in chips)
Seat 7: BuzovaPro ($72 in chips)
BuzovaPro: posts small blind $1
DirtyDouble2: posts big blind $3
*** HOLE CARDS ***
BuzovaPro: raises $3 to $6
DirtyDouble2: raises $3 to $9
BuzovaPro: calls $3
*** FLOP *** [6c Tc 4d]
DirtyDouble2: bets $3
BuzovaPro: calls $3
*** TURN *** [6c Tc 4d] [Ks]
DirtyDouble2: bets $6
BuzovaPro: raises $6 to $12
DirtyDouble2: raises $6 to $18
BuzovaPro: calls $6
*** RIVER *** [6c Tc 4d Ks] [2d]
DirtyDouble2: bets $6
BuzovaPro: folds
Uncalled bet ($6) returned to DirtyDouble2
DirtyDouble2 collected $59.50 from pot
*** SUMMARY ***
Total pot $60 | Rake $0.50
Board [6c Tc 4d Ks 2d]
Seat 3: DirtyDouble2 (big blind) collected ($59.50)
Seat 7: BuzovaPro (button) (small blind) folded on the River


PokerStars Hand #144430199718:  Hold'em Limit ($3/$6 USD) - 2015/11/26 16:53:48 ET
Table 'Dynamene III' 10-max Seat #3 is the button
Seat 3: DirtyDouble2 ($69.43 in chips)
Seat 7: BuzovaPro ($86.26 in chips)
DirtyDouble2: posts small blind $1
BuzovaPro: posts big blind $3
*** HOLE CARDS ***
DirtyDouble2: raises $3 to $6
BuzovaPro: calls $3
*** FLOP *** [7s Ah Ts]
BuzovaPro: checks
DirtyDouble2: bets $3
BuzovaPro: raises $3 to $6
DirtyDouble2: raises $3 to $9
BuzovaPro: calls $3
*** TURN *** [7s Ah Ts] [9d]
BuzovaPro: checks
DirtyDouble2: bets $6
BuzovaPro: calls $6
*** RIVER *** [7s Ah Ts 9d] [3d]
BuzovaPro: checks
DirtyDouble2: bets $6
BuzovaPro: calls $6
*** SHOW DOWN ***
DirtyDouble2: shows [Ad Qh] (a pair of Aces)
BuzovaPro: mucks hand
DirtyDouble2 collected $53.50 from pot
*** SUMMARY ***
Total pot $54 | Rake $0.50
Board [7s Ah Ts 9d 3d]
Seat 3: DirtyDouble2 (button) (small blind) showed [Ad Qh] and won ($53.50) with a pair of Aces
Seat 7: BuzovaPro (big blind) mucked


