PokerStars Hand #158758600680:  Hold'em Limit ($3/$6 USD) - 2016/09/18 7:12:48 ET
Table 'Dynamene' 6-max Seat #1 is the button
Seat 1: TheU10 ($123.26 in chips)
Seat 3: fishbla ($135.26 in chips)
TheU10: posts small blind $1
fishbla: posts big blind $3
*** HOLE CARDS ***
TheU10: raises $3 to $6
fishbla: raises $3 to $9
TheU10: calls $3
*** FLOP *** [2h 3h Qh]
fishbla: bets $3
TheU10: calls $3
*** TURN *** [2h 3h Qh] [6c]
fishbla: bets $6
TheU10: raises $6 to $12
fishbla: folds
Uncalled bet ($6) returned to TheU10
TheU10 collected $35.50 from pot
TheU10: doesn't show hand
*** SUMMARY ***
Total pot $36 | Rake $0.50
Board [2h 3h Qh 6c]
Seat 1: TheU10 (button) (small blind) collected ($35.50)
Seat 3: fishbla (big blind) folded on the Turn


PokerStars Hand #158758598176:  Hold'em Limit ($3/$6 USD) - 2016/09/18 7:12:43 ET
Table 'Dynamene' 6-max Seat #3 is the button
Seat 1: TheU10 ($122.26 in chips)
Seat 3: fishbla ($136.26 in chips)
fishbla: posts small blind $1
TheU10: posts big blind $3
*** HOLE CARDS ***
fishbla: folds
Uncalled bet ($2) returned to TheU10
TheU10 collected $2 from pot
TheU10: doesn't show hand
*** SUMMARY ***
Total pot $2 | Rake $0
Seat 1: TheU10 (big blind) collected ($2)
Seat 3: fishbla (button) (small blind) folded before Flop


PokerStars Hand #158758591129:  Hold'em Limit ($3/$6 USD) - 2016/09/18 7:12:28 ET
Table 'Dynamene' 6-max Seat #1 is the button
Seat 1: TheU10 ($116.50 in chips)
Seat 3: fishbla ($142.26 in chips)
TheU10: posts small blind $1
fishbla: posts big blind $3
*** HOLE CARDS ***
TheU10: raises $3 to $6
fishbla: calls $3
*** FLOP *** [6c 4s Tc]
fishbla: checks
TheU10: bets $3
fishbla: folds
Uncalled bet ($3) returned to TheU10
TheU10 collected $11.76 from pot
TheU10: doesn't show hand
*** SUMMARY ***
Total pot $12 | Rake $0.24
Board [6c 4s Tc]
Seat 1: TheU10 (button) (small blind) collected ($11.76)
Seat 3: fishbla (big blind) folded on the Flop


PokerStars Hand #158758579247:  Hold'em Limit ($3/$6 USD) - 2016/09/18 7:12:03 ET
Table 'Dynamene' 6-max Seat #3 is the button
Seat 1: TheU10 ($99 in chips)
Seat 3: fishbla ($160.26 in chips)
fishbla: posts small blind $1
TheU10: posts big blind $3
*** HOLE CARDS ***
fishbla: raises $3 to $6
TheU10: calls $3
*** FLOP *** [8s Jc 6d]
TheU10: checks
fishbla: bets $3
TheU10: raises $3 to $6
fishbla: calls $3
*** TURN *** [8s Jc 6d] [9s]
TheU10: bets $6
fishbla: calls $6
*** RIVER *** [8s Jc 6d 9s] [3c]
TheU10: bets $6
fishbla: folds
Uncalled bet ($6) returned to TheU10
TheU10 collected $35.50 from pot
TheU10: doesn't show hand
*** SUMMARY ***
Total pot $36 | Rake $0.50
Board [8s Jc 6d 9s 3c]
Seat 1: TheU10 (big blind) collected ($35.50)
Seat 3: fishbla (button) (small blind) folded on the River


PokerStars Hand #158758576685:  Hold'em Limit ($3/$6 USD) - 2016/09/18 7:11:57 ET
Table 'Dynamene' 6-max Seat #1 is the button
Seat 1: TheU10 ($96 in chips)
Seat 3: fishbla ($163.26 in chips)
TheU10: posts small blind $1
fishbla: posts big blind $3
*** HOLE CARDS ***
TheU10: raises $3 to $6
fishbla: folds
Uncalled bet ($3) returned to TheU10
TheU10 collected $6 from pot
TheU10: doesn't show hand
*** SUMMARY ***
Total pot $6 | Rake $0
Seat 1: TheU10 (button) (small blind) collected ($6)
Seat 3: fishbla (big blind) folded before Flop


PokerStars Hand #158758570461:  Hold'em Limit ($3/$6 USD) - 2016/09/18 7:11:44 ET
Table 'Dynamene' 6-max Seat #3 is the button
Seat 1: TheU10 ($102 in chips)
Seat 3: fishbla ($157.50 in chips)
fishbla: posts small blind $1
TheU10: posts big blind $3
*** HOLE CARDS ***
fishbla: raises $3 to $6
TheU10: calls $3
*** FLOP *** [Jc 2s 9h]
TheU10: checks
fishbla: bets $3
TheU10: folds
Uncalled bet ($3) returned to fishbla
fishbla collected $11.76 from pot
fishbla: doesn't show hand
*** SUMMARY ***
Total pot $12 | Rake $0.24
Board [Jc 2s 9h]
Seat 1: TheU10 (big blind) folded on the Flop
Seat 3: fishbla (button) (small blind) collected ($11.76)


PokerStars Hand #158758552786:  Hold'em Limit ($3/$6 USD) - 2016/09/18 7:11:07 ET
Table 'Dynamene' 6-max Seat #1 is the button
Seat 1: TheU10 ($120 in chips)
Seat 3: fishbla ($140 in chips)
TheU10: posts small blind $1
fishbla: posts big blind $3
*** HOLE CARDS ***
TheU10: raises $3 to $6
fishbla: calls $3
*** FLOP *** [Ts 9c Kd]
fishbla: checks
TheU10: checks
*** TURN *** [Ts 9c Kd] [Th]
fishbla: bets $6
TheU10: calls $6
*** RIVER *** [Ts 9c Kd Th] [Jc]
fishbla: bets $6
TheU10: calls $6
*** SHOW DOWN ***
fishbla: shows [9s Td] (a full house, Tens full of Nines)
TheU10: mucks hand
fishbla collected $35.50 from pot
*** SUMMARY ***
Total pot $36 | Rake $0.50
Board [Ts 9c Kd Th Jc]
Seat 1: TheU10 (button) (small blind) mucked
Seat 3: fishbla (big blind) showed [9s Td] and won ($35.50) with a full house, Tens full of Nines


PokerStars Hand #158758611727:  Hold'em Limit ($3/$6 USD) - 2016/09/18 7:13:11 ET
Table 'Dynamene' 6-max Seat #3 is the button
Seat 1: TheU10 ($140.76 in chips)
Seat 3: fishbla ($117.26 in chips)
fishbla: posts small blind $1
TheU10: posts big blind $3
*** HOLE CARDS ***
fishbla: raises $3 to $6
TheU10: calls $3
*** FLOP *** [2d 6d Ac]
TheU10: checks
fishbla: bets $3
TheU10: calls $3
*** TURN *** [2d 6d Ac] [3c]
TheU10: checks
fishbla: checks
*** RIVER *** [2d 6d Ac 3c] [Th]
TheU10: checks
fishbla: checks
*** SHOW DOWN ***
TheU10: shows [8c 2s] (a pair of Deuces)
fishbla: mucks hand
TheU10 collected $17.64 from pot
*** SUMMARY ***
Total pot $18 | Rake $0.36
Board [2d 6d Ac 3c Th]
Seat 1: TheU10 (big blind) showed [8c 2s] and won ($17.64) with a pair of Deuces
Seat 3: fishbla (button) (small blind) mucked


PokerStars Hand #158758645577:  Hold'em Limit ($3/$6 USD) - 2016/09/18 7:14:23 ET
Table 'Dynamene' 6-max Seat #3 is the button
Seat 1: TheU10 ($148.40 in chips)
Seat 3: fishbla ($109.26 in chips)
fishbla: posts small blind $1
TheU10: posts big blind $3
*** HOLE CARDS ***
fishbla: raises $3 to $6
TheU10: calls $3
*** FLOP *** [9d Jc Kd]
TheU10: checks
fishbla: bets $3
TheU10: folds
Uncalled bet ($3) returned to fishbla
fishbla collected $11.76 from pot
fishbla: doesn't show hand
*** SUMMARY ***
Total pot $12 | Rake $0.24
Board [9d Jc Kd]
Seat 1: TheU10 (big blind) folded on the Flop
Seat 3: fishbla (button) (small blind) collected ($11.76)


PokerStars Hand #158758639127:  Hold'em Limit ($3/$6 USD) - 2016/09/18 7:14:09 ET
Table 'Dynamene' 6-max Seat #1 is the button
Seat 1: TheU10 ($149.40 in chips)
Seat 3: fishbla ($108.26 in chips)
TheU10: posts small blind $1
fishbla: posts big blind $3
*** HOLE CARDS ***
TheU10: folds
Uncalled bet ($2) returned to fishbla
fishbla collected $2 from pot
fishbla: doesn't show hand
*** SUMMARY ***
Total pot $2 | Rake $0
Seat 1: TheU10 (button) (small blind) folded before Flop
Seat 3: fishbla (big blind) collected ($2)


PokerStars Hand #158761908568:  Hold'em Limit ($3/$6 USD) - 2016/09/18 9:00:18 ET
Table 'Dynamene' 6-max Seat #4 is the button
Seat 3: zolii77 ($347.43 in chips)
Seat 4: FkingFish1 ($88.45 in chips)
FkingFish1: posts small blind $1
BagweII: is sitting out
zolii77: posts big blind $3
BagweII leaves the table
*** HOLE CARDS ***
JAWX leaves the table
FkingFish1: folds
Uncalled bet ($2) returned to zolii77
zolii77 collected $2 from pot
zolii77: doesn't show hand
*** SUMMARY ***
Total pot $2 | Rake $0
Seat 3: zolii77 (big blind) collected ($2)
Seat 4: FkingFish1 (button) (small blind) folded before Flop


