PokerStars Hand #171524060782:  Hold'em Limit ($3/$6 USD) - 2017/06/08 17:20:19 ET
Table 'Dysona' 6-max Seat #4 is the button
Seat 3: Downhill24 ($99 in chips)
Seat 4: MTails ($121 in chips)
MTails: posts small blind $1
Downhill24: posts big blind $3
*** HOLE CARDS ***
MTails: raises $3 to $6
ChasingAc918 joins the table at seat #5
EVBET joins the table at seat #6
B_loJkl joins the table at seat #1
Downhill24: folds
Uncalled bet ($3) returned to MTails
MTails collected $6 from pot
MTails: doesn't show hand
*** SUMMARY ***
Total pot $6 | Rake $0
Seat 3: Downhill24 (big blind) folded before Flop
Seat 4: MTails (button) (small blind) collected ($6)


PokerStars Hand #171524085959:  Hold'em Limit ($3/$6 USD) - 2017/06/08 17:20:50 ET
Table 'Dysona' 6-max Seat #3 is the button
Seat 3: Downhill24 ($96 in chips)
Seat 4: MTails ($124 in chips)
Downhill24: posts small blind $1
MTails: posts big blind $3
*** HOLE CARDS ***
IVP888 joins the table at seat #2
Downhill24: folds
Uncalled bet ($2) returned to MTails
Downhill24 leaves the table
MTails collected $2 from pot
MTails: doesn't show hand
*** SUMMARY ***
Total pot $2 | Rake $0
Seat 3: Downhill24 (button) (small blind) folded before Flop
Seat 4: MTails (big blind) collected ($2)


PokerStars Hand #171524955963:  Hold'em Limit ($3/$6 USD) - 2017/06/08 17:38:51 ET
Table 'Dysona' 6-max Seat #5 is the button
Seat 1: B_loJkl ($179.78 in chips)
Seat 5: ChasingAc918 ($40.56 in chips)
ChasingAc918: posts small blind $1
EVBET: is sitting out
B_loJkl: posts big blind $3
EVBET leaves the table
*** HOLE CARDS ***
ChasingAc918: calls $2
B_loJkl: raises $3 to $6
ChasingAc918: calls $3
*** FLOP *** [As 2s Jd]
B_loJkl: bets $3
ChasingAc918: folds
Uncalled bet ($3) returned to B_loJkl
ChasingAc918 leaves the table
B_loJkl collected $11.76 from pot
B_loJkl: doesn't show hand
*** SUMMARY ***
Total pot $12 | Rake $0.24
Board [As 2s Jd]
Seat 1: B_loJkl (big blind) collected ($11.76)
Seat 5: ChasingAc918 (button) (small blind) folded on the Flop


