PokerStars Hand #171943784806:  Hold'em Limit ($3/$6 USD) - 2017/06/18 15:18:46 ET
Table 'Dysona' 6-max Seat #2 is the button
Seat 1: andorri ($33.56 in chips)
Seat 2: AzureCaper ($72 in chips)
AzureCaper: posts small blind $1
GoliafUa: is sitting out
andorri: posts big blind $3
*** HOLE CARDS ***
AzureCaper: folds
Uncalled bet ($2) returned to andorri
andorri collected $2 from pot
andorri: doesn't show hand
*** SUMMARY ***
Total pot $2 | Rake $0
Seat 1: andorri (big blind) collected ($2)
Seat 2: AzureCaper (button) (small blind) folded before Flop


PokerStars Hand #171943811467:  Hold'em Limit ($3/$6 USD) - 2017/06/18 15:19:16 ET
Table 'Dysona' 6-max Seat #2 is the button
Seat 1: andorri ($37.44 in chips)
Seat 2: AzureCaper ($72 in chips)
AzureCaper: posts small blind $1
andorri: posts big blind $3
*** HOLE CARDS ***
AzureCaper: folds
Uncalled bet ($2) returned to andorri
andorri collected $2 from pot
andorri: doesn't show hand
*** SUMMARY ***
Total pot $2 | Rake $0
Seat 1: andorri (big blind) collected ($2)
Seat 2: AzureCaper (button) (small blind) folded before Flop


PokerStars Hand #171943794803:  Hold'em Limit ($3/$6 USD) - 2017/06/18 15:18:57 ET
Table 'Dysona' 6-max Seat #1 is the button
Seat 1: andorri ($34.56 in chips)
Seat 2: AzureCaper ($72 in chips)
andorri: posts small blind $1
AzureCaper: posts big blind $3
*** HOLE CARDS ***
andorri: calls $2
AzureCaper: checks
*** FLOP *** [Qc Td As]
GoliafUa leaves the table
AzureCaper: checks
andorri: bets $3
AzureCaper: folds
Uncalled bet ($3) returned to andorri
andorri collected $5.88 from pot
andorri: doesn't show hand
*** SUMMARY ***
Total pot $6 | Rake $0.12
Board [Qc Td As]
Seat 1: andorri (button) (small blind) collected ($5.88)
Seat 2: AzureCaper (big blind) folded on the Flop


PokerStars Hand #171943815760:  Hold'em Limit ($3/$6 USD) - 2017/06/18 15:19:20 ET
Table 'Dysona' 6-max Seat #1 is the button
Seat 1: andorri ($38.44 in chips)
Seat 2: AzureCaper ($72 in chips)
andorri: posts small blind $1
AzureCaper: posts big blind $3
*** HOLE CARDS ***
andorri: calls $2
AzureCaper: checks
*** FLOP *** [2h 9h 3d]
AzureCaper: bets $3
andorri: calls $3
*** TURN *** [2h 9h 3d] [2s]
AzureCaper: bets $6
StakkAttakk joins the table at seat #4
andorri: folds
Uncalled bet ($6) returned to AzureCaper
AzureCaper collected $11.76 from pot
AzureCaper: doesn't show hand
*** SUMMARY ***
Total pot $12 | Rake $0.24
Board [2h 9h 3d 2s]
Seat 1: andorri (button) (small blind) folded on the Turn
Seat 2: AzureCaper (big blind) collected ($11.76)


PokerStars Hand #171945935230:  Hold'em Limit ($3/$6 USD) - 2017/06/18 15:59:21 ET
Table 'Dysona' 6-max Seat #4 is the button
Seat 2: AzureCaper ($118.15 in chips)
Seat 4: omgzzz111 ($206.99 in chips)
omgzzz111: posts small blind $1
AzureCaper: posts big blind $3
*** HOLE CARDS ***
andorri leaves the table
omgzzz111: folds
Uncalled bet ($2) returned to AzureCaper
AzureCaper collected $2 from pot
AzureCaper: doesn't show hand
*** SUMMARY ***
Total pot $2 | Rake $0
Seat 2: AzureCaper (big blind) collected ($2)
Seat 4: omgzzz111 (button) (small blind) folded before Flop


