PokerStars Hand #153059559668:  Hold'em Limit ($3/$6 USD) - 2016/05/09 6:07:20 ET
Table 'Dysona' 6-max Seat #4 is the button
Seat 3: Great_Kang ($128.11 in chips)
Seat 4: Mudager ($168.22 in chips)
Mudager: posts small blind $1
Great_Kang: posts big blind $3
*** HOLE CARDS ***
Mudager: folds
Uncalled bet ($2) returned to Great_Kang
Great_Kang collected $2 from pot
Great_Kang: doesn't show hand
*** SUMMARY ***
Total pot $2 | Rake $0
Seat 3: Great_Kang (big blind) collected ($2)
Seat 4: Mudager (button) (small blind) folded before Flop


PokerStars Hand #153059557778:  Hold'em Limit ($3/$6 USD) - 2016/05/09 6:07:15 ET
Table 'Dysona' 6-max Seat #3 is the button
Seat 3: Great_Kang ($129.11 in chips)
Seat 4: Mudager ($167.22 in chips)
Great_Kang: posts small blind $1
Mudager: posts big blind $3
*** HOLE CARDS ***
Great_Kang: folds
Uncalled bet ($2) returned to Mudager
Mudager collected $2 from pot
Mudager: doesn't show hand
*** SUMMARY ***
Total pot $2 | Rake $0
Seat 3: Great_Kang (button) (small blind) folded before Flop
Seat 4: Mudager (big blind) collected ($2)


