PokerStars Hand #166179414041:  Hold'em Limit ($3/$6 USD) - 2017/02/13 20:37:17 ET
Table 'Dziban' 6-max Seat #3 is the button
Seat 3: Eklund_1891 ($70 in chips)
Seat 4: AzureCaper ($72 in chips)
Eklund_1891: posts small blind $1
AzureCaper: posts big blind $3
*** HOLE CARDS ***
Eklund_1891: raises $3 to $6
AzureCaper: folds
Uncalled bet ($3) returned to Eklund_1891
Eklund_1891 collected $6 from pot
Eklund_1891: doesn't show hand
*** SUMMARY ***
Total pot $6 | Rake $0
Seat 3: Eklund_1891 (button) (small blind) collected ($6)
Seat 4: AzureCaper (big blind) folded before Flop


PokerStars Hand #166179443764:  Hold'em Limit ($3/$6 USD) - 2017/02/13 20:38:16 ET
Table 'Dziban' 6-max Seat #4 is the button
Seat 3: Eklund_1891 ($52 in chips)
Seat 4: AzureCaper ($92.26 in chips)
AzureCaper: posts small blind $1
Eklund_1891: posts big blind $3
*** HOLE CARDS ***
AzureCaper: raises $3 to $6
Eklund_1891: raises $3 to $9
AzureCaper: calls $3
*** FLOP *** [2c 5h Ks]
Eklund_1891: bets $3
AzureCaper: folds
Uncalled bet ($3) returned to Eklund_1891
Eklund_1891 collected $17.64 from pot
Eklund_1891: doesn't show hand
*** SUMMARY ***
Total pot $18 | Rake $0.36
Board [2c 5h Ks]
Seat 3: Eklund_1891 (big blind) collected ($17.64)
Seat 4: AzureCaper (button) (small blind) folded on the Flop


PokerStars Hand #166179432001:  Hold'em Limit ($3/$6 USD) - 2017/02/13 20:37:53 ET
Table 'Dziban' 6-max Seat #3 is the button
Seat 3: Eklund_1891 ($67 in chips)
Seat 4: AzureCaper ($77.76 in chips)
Eklund_1891: posts small blind $1
AzureCaper: posts big blind $3
*** HOLE CARDS ***
Eklund_1891: raises $3 to $6
AzureCaper: calls $3
*** FLOP *** [Jd 5s 4d]
AzureCaper: bets $3
Eklund_1891: calls $3
*** TURN *** [Jd 5s 4d] [Kd]
AzureCaper: bets $6
Eklund_1891: calls $6
*** RIVER *** [Jd 5s 4d Kd] [3h]
AzureCaper: checks
Eklund_1891: checks
*** SHOW DOWN ***
AzureCaper: shows [7h Ad] (high card Ace)
Eklund_1891: mucks hand
AzureCaper collected $29.50 from pot
*** SUMMARY ***
Total pot $30 | Rake $0.50
Board [Jd 5s 4d Kd 3h]
Seat 3: Eklund_1891 (button) (small blind) mucked
Seat 4: AzureCaper (big blind) showed [7h Ad] and won ($29.50) with high card Ace


PokerStars Hand #166179422065:  Hold'em Limit ($3/$6 USD) - 2017/02/13 20:37:33 ET
Table 'Dziban' 6-max Seat #4 is the button
Seat 3: Eklund_1891 ($73 in chips)
Seat 4: AzureCaper ($72 in chips)
AzureCaper: posts small blind $1
Eklund_1891: posts big blind $3
*** HOLE CARDS ***
AzureCaper: raises $3 to $6
Eklund_1891: calls $3
*** FLOP *** [4d 6d Td]
Eklund_1891: checks
AzureCaper: bets $3
Eklund_1891: folds
Uncalled bet ($3) returned to AzureCaper
AzureCaper collected $11.76 from pot
AzureCaper: doesn't show hand
*** SUMMARY ***
Total pot $12 | Rake $0.24
Board [4d 6d Td]
Seat 3: Eklund_1891 (big blind) folded on the Flop
Seat 4: AzureCaper (button) (small blind) collected ($11.76)


PokerStars Hand #166179502228:  Hold'em Limit ($3/$6 USD) - 2017/02/13 20:40:11 ET
Table 'Dziban' 6-max Seat #3 is the button
Seat 3: Eklund_1891 ($83.64 in chips)
Seat 4: AzureCaper ($86.52 in chips)
Eklund_1891: posts small blind $1
AzureCaper: posts big blind $3
*** HOLE CARDS ***
Eklund_1891: raises $3 to $6
AzureCaper: calls $3
*** FLOP *** [9d 9s 6c]
AzureCaper: checks
Eklund_1891: checks
*** TURN *** [9d 9s 6c] [4c]
AzureCaper: bets $6
Eklund_1891: calls $6
*** RIVER *** [9d 9s 6c 4c] [8h]
AzureCaper: checks
Eklund_1891: checks
*** SHOW DOWN ***
AzureCaper: shows [7s Ah] (a pair of Nines)
Eklund_1891: mucks hand
AzureCaper collected $23.52 from pot
*** SUMMARY ***
Total pot $24 | Rake $0.48
Board [9d 9s 6c 4c 8h]
Seat 3: Eklund_1891 (button) (small blind) mucked
Seat 4: AzureCaper (big blind) showed [7s Ah] and won ($23.52) with a pair of Nines


PokerStars Hand #166179478744:  Hold'em Limit ($3/$6 USD) - 2017/02/13 20:39:25 ET
Table 'Dziban' 6-max Seat #4 is the button
Seat 3: Eklund_1891 ($81.14 in chips)
Seat 4: AzureCaper ($73 in chips)
AzureCaper: posts small blind $1
Eklund_1891: posts big blind $3
*** HOLE CARDS ***
AzureCaper: raises $3 to $6
Eklund_1891: raises $3 to $9
AzureCaper: calls $3
*** FLOP *** [Ac 2s 2d]
Eklund_1891: bets $3
AzureCaper: calls $3
*** TURN *** [Ac 2s 2d] [6d]
Eklund_1891: bets $6
AzureCaper: calls $6
*** RIVER *** [Ac 2s 2d 6d] [2h]
Eklund_1891: checks
AzureCaper: checks
*** SHOW DOWN ***
Eklund_1891: shows [7h 7s] (a full house, Deuces full of Sevens)
AzureCaper: mucks hand
Eklund_1891 collected $35.50 from pot
*** SUMMARY ***
Total pot $36 | Rake $0.50
Board [Ac 2s 2d 6d 2h]
Seat 3: Eklund_1891 (big blind) showed [7h 7s] and won ($35.50) with a full house, Deuces full of Sevens
Seat 4: AzureCaper (button) (small blind) mucked


PokerStars Hand #166179498478:  Hold'em Limit ($3/$6 USD) - 2017/02/13 20:40:04 ET
Table 'Dziban' 6-max Seat #4 is the button
Seat 3: Eklund_1891 ($86.64 in chips)
Seat 4: AzureCaper ($83.52 in chips)
AzureCaper: posts small blind $1
Eklund_1891: posts big blind $3
*** HOLE CARDS ***
AzureCaper: raises $3 to $6
Eklund_1891: folds
Uncalled bet ($3) returned to AzureCaper
AzureCaper collected $6 from pot
AzureCaper: doesn't show hand
*** SUMMARY ***
Total pot $6 | Rake $0
Seat 3: Eklund_1891 (big blind) folded before Flop
Seat 4: AzureCaper (button) (small blind) collected ($6)


PokerStars Hand #166179487846:  Hold'em Limit ($3/$6 USD) - 2017/02/13 20:39:43 ET
Table 'Dziban' 6-max Seat #3 is the button
Seat 3: Eklund_1891 ($98.64 in chips)
Seat 4: AzureCaper ($72 in chips)
Eklund_1891: posts small blind $1
AzureCaper: posts big blind $3
*** HOLE CARDS ***
Eklund_1891: raises $3 to $6
AzureCaper: raises $3 to $9
Eklund_1891: calls $3
*** FLOP *** [8d 7c Qh]
AzureCaper: bets $3
Eklund_1891: calls $3
*** TURN *** [8d 7c Qh] [9s]
AzureCaper: checks
Eklund_1891: checks
*** RIVER *** [8d 7c Qh 9s] [8c]
AzureCaper: checks
Eklund_1891: checks
*** SHOW DOWN ***
AzureCaper: shows [5h As] (a pair of Eights)
Eklund_1891: mucks hand
AzureCaper collected $23.52 from pot
*** SUMMARY ***
Total pot $24 | Rake $0.48
Board [8d 7c Qh 9s 8c]
Seat 3: Eklund_1891 (button) (small blind) mucked
Seat 4: AzureCaper (big blind) showed [5h As] and won ($23.52) with a pair of Eights


PokerStars Hand #166179463201:  Hold'em Limit ($3/$6 USD) - 2017/02/13 20:38:54 ET
Table 'Dziban' 6-max Seat #4 is the button
Seat 3: Eklund_1891 ($81.14 in chips)
Seat 4: AzureCaper ($72 in chips)
AzureCaper: posts small blind $1
Eklund_1891: posts big blind $3
*** HOLE CARDS ***
AzureCaper: folds
Uncalled bet ($2) returned to Eklund_1891
Eklund_1891 collected $2 from pot
Eklund_1891: doesn't show hand
*** SUMMARY ***
Total pot $2 | Rake $0
Seat 3: Eklund_1891 (big blind) collected ($2)
Seat 4: AzureCaper (button) (small blind) folded before Flop


PokerStars Hand #166179450736:  Hold'em Limit ($3/$6 USD) - 2017/02/13 20:38:30 ET
Table 'Dziban' 6-max Seat #3 is the button
Seat 3: Eklund_1891 ($60.64 in chips)
Seat 4: AzureCaper ($83.26 in chips)
Eklund_1891: posts small blind $1
AzureCaper: posts big blind $3
*** HOLE CARDS ***
Eklund_1891: raises $3 to $6
AzureCaper: raises $3 to $9
Eklund_1891: calls $3
*** FLOP *** [3d Tc Js]
AzureCaper: bets $3
Eklund_1891: raises $3 to $6
AzureCaper: calls $3
*** TURN *** [3d Tc Js] [6h]
AzureCaper: checks
Eklund_1891: bets $6
AzureCaper: calls $6
*** RIVER *** [3d Tc Js 6h] [8s]
AzureCaper: checks
Eklund_1891: checks
*** SHOW DOWN ***
AzureCaper: shows [9d 9c] (a pair of Nines)
Eklund_1891: shows [Td 2d] (a pair of Tens)
Eklund_1891 collected $41.50 from pot
*** SUMMARY ***
Total pot $42 | Rake $0.50
Board [3d Tc Js 6h 8s]
Seat 3: Eklund_1891 (button) (small blind) showed [Td 2d] and won ($41.50) with a pair of Tens
Seat 4: AzureCaper (big blind) showed [9d 9c] and lost with a pair of Nines


PokerStars Hand #166179469044:  Hold'em Limit ($3/$6 USD) - 2017/02/13 20:39:06 ET
Table 'Dziban' 6-max Seat #4 is the button
Seat 3: Eklund_1891 ($81.14 in chips)
Seat 4: AzureCaper ($73 in chips)
AzureCaper: posts small blind $1
Eklund_1891: posts big blind $3
*** HOLE CARDS ***
AzureCaper: raises $3 to $6
Eklund_1891: folds
Uncalled bet ($3) returned to AzureCaper
AzureCaper collected $6 from pot
AzureCaper: doesn't show hand
*** SUMMARY ***
Total pot $6 | Rake $0
Seat 3: Eklund_1891 (big blind) folded before Flop
Seat 4: AzureCaper (button) (small blind) collected ($6)


PokerStars Hand #166179466330:  Hold'em Limit ($3/$6 USD) - 2017/02/13 20:39:00 ET
Table 'Dziban' 6-max Seat #3 is the button
Seat 3: Eklund_1891 ($82.14 in chips)
Seat 4: AzureCaper ($72 in chips)
Eklund_1891: posts small blind $1
AzureCaper: posts big blind $3
*** HOLE CARDS ***
Eklund_1891: folds
Uncalled bet ($2) returned to AzureCaper
AzureCaper collected $2 from pot
AzureCaper: doesn't show hand
*** SUMMARY ***
Total pot $2 | Rake $0
Seat 3: Eklund_1891 (button) (small blind) folded before Flop
Seat 4: AzureCaper (big blind) collected ($2)


PokerStars Hand #166179471770:  Hold'em Limit ($3/$6 USD) - 2017/02/13 20:39:11 ET
Table 'Dziban' 6-max Seat #3 is the button
Seat 3: Eklund_1891 ($78.14 in chips)
Seat 4: AzureCaper ($76 in chips)
Eklund_1891: posts small blind $1
AzureCaper: posts big blind $3
*** HOLE CARDS ***
Eklund_1891: raises $3 to $6
AzureCaper: folds
Uncalled bet ($3) returned to Eklund_1891
Eklund_1891 collected $6 from pot
Eklund_1891: doesn't show hand
*** SUMMARY ***
Total pot $6 | Rake $0
Seat 3: Eklund_1891 (button) (small blind) collected ($6)
Seat 4: AzureCaper (big blind) folded before Flop


PokerStars Hand #166179522449:  Hold'em Limit ($3/$6 USD) - 2017/02/13 20:40:52 ET
Table 'Dziban' 6-max Seat #4 is the button
Seat 3: Eklund_1891 ($75.64 in chips)
Seat 4: AzureCaper ($94.04 in chips)
AzureCaper: posts small blind $1
Eklund_1891: posts big blind $3
*** HOLE CARDS ***
AzureCaper: raises $3 to $6
Eklund_1891: folds
Uncalled bet ($3) returned to AzureCaper
AzureCaper collected $6 from pot
AzureCaper: doesn't show hand
*** SUMMARY ***
Total pot $6 | Rake $0
Seat 3: Eklund_1891 (big blind) folded before Flop
Seat 4: AzureCaper (button) (small blind) collected ($6)


PokerStars Hand #166179528566:  Hold'em Limit ($3/$6 USD) - 2017/02/13 20:41:04 ET
Table 'Dziban' 6-max Seat #3 is the button
Seat 3: Eklund_1891 ($72.64 in chips)
Seat 4: AzureCaper ($97.04 in chips)
Eklund_1891: posts small blind $1
AzureCaper: posts big blind $3
*** HOLE CARDS ***
Eklund_1891: raises $3 to $6
AzureCaper: folds
Uncalled bet ($3) returned to Eklund_1891
Eklund_1891 collected $6 from pot
Eklund_1891: doesn't show hand
*** SUMMARY ***
Total pot $6 | Rake $0
Seat 3: Eklund_1891 (button) (small blind) collected ($6)
Seat 4: AzureCaper (big blind) folded before Flop


PokerStars Hand #166179519817:  Hold'em Limit ($3/$6 USD) - 2017/02/13 20:40:46 ET
Table 'Dziban' 6-max Seat #3 is the button
Seat 3: Eklund_1891 ($76.64 in chips)
Seat 4: AzureCaper ($93.04 in chips)
Eklund_1891: posts small blind $1
AzureCaper: posts big blind $3
*** HOLE CARDS ***
Eklund_1891: folds
Uncalled bet ($2) returned to AzureCaper
AzureCaper collected $2 from pot
*** SUMMARY ***
Total pot $2 | Rake $0
Seat 3: Eklund_1891 (button) (small blind) folded before Flop
Seat 4: AzureCaper (big blind) collected ($2)


PokerStars Hand #166179517281:  Hold'em Limit ($3/$6 USD) - 2017/02/13 20:40:41 ET
Table 'Dziban' 6-max Seat #4 is the button
Seat 3: Eklund_1891 ($75.64 in chips)
Seat 4: AzureCaper ($94.04 in chips)
AzureCaper: posts small blind $1
Eklund_1891: posts big blind $3
*** HOLE CARDS ***
AzureCaper: folds
Uncalled bet ($2) returned to Eklund_1891
Eklund_1891 collected $2 from pot
Eklund_1891: doesn't show hand
*** SUMMARY ***
Total pot $2 | Rake $0
Seat 3: Eklund_1891 (big blind) collected ($2)
Seat 4: AzureCaper (button) (small blind) folded before Flop


PokerStars Hand #166179513332:  Hold'em Limit ($3/$6 USD) - 2017/02/13 20:40:33 ET
Table 'Dziban' 6-max Seat #3 is the button
Seat 3: Eklund_1891 ($72.64 in chips)
Seat 4: AzureCaper ($97.04 in chips)
Eklund_1891: posts small blind $1
AzureCaper: posts big blind $3
*** HOLE CARDS ***
Eklund_1891: raises $3 to $6
AzureCaper: folds
Uncalled bet ($3) returned to Eklund_1891
Eklund_1891 collected $6 from pot
Eklund_1891: doesn't show hand
*** SUMMARY ***
Total pot $6 | Rake $0
Seat 3: Eklund_1891 (button) (small blind) collected ($6)
Seat 4: AzureCaper (big blind) folded before Flop


PokerStars Hand #166179510635:  Hold'em Limit ($3/$6 USD) - 2017/02/13 20:40:28 ET
Table 'Dziban' 6-max Seat #4 is the button
Seat 3: Eklund_1891 ($71.64 in chips)
Seat 4: AzureCaper ($98.04 in chips)
AzureCaper: posts small blind $1
Eklund_1891: posts big blind $3
*** HOLE CARDS ***
AzureCaper: folds
Uncalled bet ($2) returned to Eklund_1891
Eklund_1891 collected $2 from pot
Eklund_1891: doesn't show hand
*** SUMMARY ***
Total pot $2 | Rake $0
Seat 3: Eklund_1891 (big blind) collected ($2)
Seat 4: AzureCaper (button) (small blind) folded before Flop


PokerStars Hand #166179562711:  Hold'em Limit ($3/$6 USD) - 2017/02/13 20:42:12 ET
Table 'Dziban' 6-max Seat #3 is the button
Seat 3: Eklund_1891 ($70.14 in chips)
Seat 4: AzureCaper ($100.50 in chips)
Eklund_1891: posts small blind $1
AzureCaper: posts big blind $3
*** HOLE CARDS ***
Eklund_1891: raises $3 to $6
AzureCaper: folds
Uncalled bet ($3) returned to Eklund_1891
Eklund_1891 collected $6 from pot
Eklund_1891: doesn't show hand
*** SUMMARY ***
Total pot $6 | Rake $0
Seat 3: Eklund_1891 (button) (small blind) collected ($6)
Seat 4: AzureCaper (big blind) folded before Flop


PokerStars Hand #166179559960:  Hold'em Limit ($3/$6 USD) - 2017/02/13 20:42:07 ET
Table 'Dziban' 6-max Seat #4 is the button
Seat 3: Eklund_1891 ($69.14 in chips)
Seat 4: AzureCaper ($101.50 in chips)
AzureCaper: posts small blind $1
Eklund_1891: posts big blind $3
*** HOLE CARDS ***
AzureCaper: folds
Uncalled bet ($2) returned to Eklund_1891
Eklund_1891 collected $2 from pot
Eklund_1891: doesn't show hand
*** SUMMARY ***
Total pot $2 | Rake $0
Seat 3: Eklund_1891 (big blind) collected ($2)
Seat 4: AzureCaper (button) (small blind) folded before Flop


PokerStars Hand #166179533258:  Hold'em Limit ($3/$6 USD) - 2017/02/13 20:41:13 ET
Table 'Dziban' 6-max Seat #4 is the button
Seat 3: Eklund_1891 ($75.64 in chips)
Seat 4: AzureCaper ($94.04 in chips)
AzureCaper: posts small blind $1
Eklund_1891: posts big blind $3
*** HOLE CARDS ***
AzureCaper: raises $3 to $6
Eklund_1891: calls $3
*** FLOP *** [3s 3d As]
Eklund_1891: checks
AzureCaper: bets $3
Eklund_1891: raises $3 to $6
AzureCaper: calls $3
*** TURN *** [3s 3d As] [6h]
Eklund_1891: bets $6
AzureCaper: calls $6
*** RIVER *** [3s 3d As 6h] [9d]
Eklund_1891: bets $6
AzureCaper: calls $6
*** SHOW DOWN ***
Eklund_1891: shows [3c 2c] (three of a kind, Threes)
AzureCaper: mucks hand
Eklund_1891 collected $47.50 from pot
*** SUMMARY ***
Total pot $48 | Rake $0.50
Board [3s 3d As 6h 9d]
Seat 3: Eklund_1891 (big blind) showed [3c 2c] and won ($47.50) with three of a kind, Threes
Seat 4: AzureCaper (button) (small blind) mucked


PokerStars Hand #166179551951:  Hold'em Limit ($3/$6 USD) - 2017/02/13 20:41:51 ET
Table 'Dziban' 6-max Seat #3 is the button
Seat 3: Eklund_1891 ($99.14 in chips)
Seat 4: AzureCaper ($72 in chips)
Eklund_1891: posts small blind $1
AzureCaper: posts big blind $3
*** HOLE CARDS ***
Eklund_1891: raises $3 to $6
AzureCaper: raises $3 to $9
Eklund_1891: calls $3
*** FLOP *** [6h 5d Td]
AzureCaper: bets $3
Eklund_1891: raises $3 to $6
AzureCaper: raises $3 to $9
Eklund_1891: calls $3
*** TURN *** [6h 5d Td] [4s]
AzureCaper: bets $6
Eklund_1891: calls $6
*** RIVER *** [6h 5d Td 4s] [9h]
AzureCaper: bets $6
Eklund_1891: calls $6
*** SHOW DOWN ***
AzureCaper: shows [Jd Jh] (a pair of Jacks)
Eklund_1891: mucks hand
AzureCaper collected $59.50 from pot
*** SUMMARY ***
Total pot $60 | Rake $0.50
Board [6h 5d Td 4s 9h]
Seat 3: Eklund_1891 (button) (small blind) mucked
Seat 4: AzureCaper (big blind) showed [Jd Jh] and won ($59.50) with a pair of Jacks


PokerStars Hand #166179598353:  Hold'em Limit ($3/$6 USD) - 2017/02/13 20:43:24 ET
Table 'Dziban' 6-max Seat #4 is the button
Seat 3: Eklund_1891 ($84.39 in chips)
Seat 4: AzureCaper ($85.01 in chips)
AzureCaper: posts small blind $1
Eklund_1891: posts big blind $3
*** HOLE CARDS ***
AzureCaper: raises $3 to $6
Eklund_1891: folds
Uncalled bet ($3) returned to AzureCaper
AzureCaper collected $6 from pot
*** SUMMARY ***
Total pot $6 | Rake $0
Seat 3: Eklund_1891 (big blind) folded before Flop
Seat 4: AzureCaper (button) (small blind) collected ($6)


PokerStars Hand #166179595210:  Hold'em Limit ($3/$6 USD) - 2017/02/13 20:43:18 ET
Table 'Dziban' 6-max Seat #3 is the button
Seat 3: Eklund_1891 ($85.39 in chips)
Seat 4: AzureCaper ($84.01 in chips)
Eklund_1891: posts small blind $1
AzureCaper: posts big blind $3
*** HOLE CARDS ***
Eklund_1891: folds
Uncalled bet ($2) returned to AzureCaper
AzureCaper collected $2 from pot
AzureCaper: doesn't show hand
*** SUMMARY ***
Total pot $2 | Rake $0
Seat 3: Eklund_1891 (button) (small blind) folded before Flop
Seat 4: AzureCaper (big blind) collected ($2)


PokerStars Hand #166179590354:  Hold'em Limit ($3/$6 USD) - 2017/02/13 20:43:08 ET
Table 'Dziban' 6-max Seat #4 is the button
Seat 3: Eklund_1891 ($91.39 in chips)
Seat 4: AzureCaper ($78.25 in chips)
AzureCaper: posts small blind $1
Eklund_1891: posts big blind $3
*** HOLE CARDS ***
AzureCaper: raises $3 to $6
Eklund_1891: calls $3
*** FLOP *** [6s 6d 9s]
Eklund_1891: checks
AzureCaper: bets $3
Eklund_1891: folds
Uncalled bet ($3) returned to AzureCaper
AzureCaper collected $11.76 from pot
AzureCaper: doesn't show hand
*** SUMMARY ***
Total pot $12 | Rake $0.24
Board [6s 6d 9s]
Seat 3: Eklund_1891 (big blind) folded on the Flop
Seat 4: AzureCaper (button) (small blind) collected ($11.76)


PokerStars Hand #166179587878:  Hold'em Limit ($3/$6 USD) - 2017/02/13 20:43:03 ET
Table 'Dziban' 6-max Seat #3 is the button
Seat 3: Eklund_1891 ($92.39 in chips)
Seat 4: AzureCaper ($77.25 in chips)
Eklund_1891: posts small blind $1
AzureCaper: posts big blind $3
*** HOLE CARDS ***
Eklund_1891: folds
Uncalled bet ($2) returned to AzureCaper
AzureCaper collected $2 from pot
AzureCaper: doesn't show hand
*** SUMMARY ***
Total pot $2 | Rake $0
Seat 3: Eklund_1891 (button) (small blind) folded before Flop
Seat 4: AzureCaper (big blind) collected ($2)


PokerStars Hand #166179577436:  Hold'em Limit ($3/$6 USD) - 2017/02/13 20:42:42 ET
Table 'Dziban' 6-max Seat #4 is the button
Seat 3: Eklund_1891 ($92.64 in chips)
Seat 4: AzureCaper ($77.50 in chips)
AzureCaper: posts small blind $1
Eklund_1891: posts big blind $3
*** HOLE CARDS ***
AzureCaper: raises $3 to $6
Eklund_1891: calls $3
*** FLOP *** [Tc 8s 8h]
Eklund_1891: checks
AzureCaper: bets $3
Eklund_1891: raises $3 to $6
AzureCaper: calls $3
*** TURN *** [Tc 8s 8h] [Ah]
Eklund_1891: bets $6
AzureCaper: calls $6
*** RIVER *** [Tc 8s 8h Ah] [9s]
Eklund_1891: checks
AzureCaper: checks
*** SHOW DOWN ***
Eklund_1891: shows [Jc Td] (two pair, Tens and Eights)
AzureCaper: shows [Ts 7d] (two pair, Tens and Eights)
Eklund_1891 collected $17.75 from pot
AzureCaper collected $17.75 from pot
*** SUMMARY ***
Total pot $36 | Rake $0.50
Board [Tc 8s 8h Ah 9s]
Seat 3: Eklund_1891 (big blind) showed [Jc Td] and won ($17.75) with two pair, Tens and Eights
Seat 4: AzureCaper (button) (small blind) showed [Ts 7d] and won ($17.75) with two pair, Tens and Eights


PokerStars Hand #166179574872:  Hold'em Limit ($3/$6 USD) - 2017/02/13 20:42:37 ET
Table 'Dziban' 6-max Seat #3 is the button
Seat 3: Eklund_1891 ($93.64 in chips)
Seat 4: AzureCaper ($76.50 in chips)
Eklund_1891: posts small blind $1
AzureCaper: posts big blind $3
*** HOLE CARDS ***
Eklund_1891: folds
Uncalled bet ($2) returned to AzureCaper
AzureCaper collected $2 from pot
AzureCaper: doesn't show hand
*** SUMMARY ***
Total pot $2 | Rake $0
Seat 3: Eklund_1891 (button) (small blind) folded before Flop
Seat 4: AzureCaper (big blind) collected ($2)


PokerStars Hand #166179566047:  Hold'em Limit ($3/$6 USD) - 2017/02/13 20:42:19 ET
Table 'Dziban' 6-max Seat #4 is the button
Seat 3: Eklund_1891 ($73.14 in chips)
Seat 4: AzureCaper ($97.50 in chips)
AzureCaper: posts small blind $1
Eklund_1891: posts big blind $3
*** HOLE CARDS ***
AzureCaper: raises $3 to $6
Eklund_1891: calls $3
*** FLOP *** [2h 4d Jh]
Eklund_1891: checks
AzureCaper: bets $3
Eklund_1891: calls $3
*** TURN *** [2h 4d Jh] [As]
Eklund_1891: checks
AzureCaper: bets $6
Eklund_1891: calls $6
*** RIVER *** [2h 4d Jh As] [Js]
Eklund_1891: checks
AzureCaper: bets $6
Eklund_1891: calls $6
*** SHOW DOWN ***
AzureCaper: shows [3h 8h] (a pair of Jacks)
Eklund_1891: shows [4c 6s] (two pair, Jacks and Fours)
Eklund_1891 collected $41.50 from pot
*** SUMMARY ***
Total pot $42 | Rake $0.50
Board [2h 4d Jh As Js]
Seat 3: Eklund_1891 (big blind) showed [4c 6s] and won ($41.50) with two pair, Jacks and Fours
Seat 4: AzureCaper (button) (small blind) showed [3h 8h] and lost with a pair of Jacks


PokerStars Hand #166179601411:  Hold'em Limit ($3/$6 USD) - 2017/02/13 20:43:31 ET
Table 'Dziban' 6-max Seat #3 is the button
Seat 3: Eklund_1891 ($81.39 in chips)
Seat 4: AzureCaper ($88.01 in chips)
Eklund_1891: posts small blind $1
AzureCaper: posts big blind $3
*** HOLE CARDS ***
Eklund_1891: folds
Uncalled bet ($2) returned to AzureCaper
AzureCaper collected $2 from pot
AzureCaper: doesn't show hand
*** SUMMARY ***
Total pot $2 | Rake $0
Seat 3: Eklund_1891 (button) (small blind) folded before Flop
Seat 4: AzureCaper (big blind) collected ($2)


PokerStars Hand #166179612713:  Hold'em Limit ($3/$6 USD) - 2017/02/13 20:43:53 ET
Table 'Dziban' 6-max Seat #3 is the button
Seat 3: Eklund_1891 ($91.91 in chips)
Seat 4: AzureCaper ($77.01 in chips)
Eklund_1891: posts small blind $1
AzureCaper: posts big blind $3
*** HOLE CARDS ***
Eklund_1891: raises $3 to $6
AzureCaper: calls $3
*** FLOP *** [7s 8c 2c]
AzureCaper: checks
Eklund_1891: bets $3
AzureCaper: folds
Uncalled bet ($3) returned to Eklund_1891
Eklund_1891 collected $11.76 from pot
Eklund_1891: doesn't show hand
*** SUMMARY ***
Total pot $12 | Rake $0.24
Board [7s 8c 2c]
Seat 3: Eklund_1891 (button) (small blind) collected ($11.76)
Seat 4: AzureCaper (big blind) folded on the Flop


PokerStars Hand #166179619181:  Hold'em Limit ($3/$6 USD) - 2017/02/13 20:44:06 ET
Table 'Dziban' 6-max Seat #4 is the button
Seat 3: Eklund_1891 ($97.67 in chips)
Seat 4: AzureCaper ($72 in chips)
AzureCaper: posts small blind $1
Eklund_1891: posts big blind $3
*** HOLE CARDS ***
AzureCaper: raises $3 to $6
Eklund_1891: calls $3
*** FLOP *** [5d As 3s]
Eklund_1891: checks
AzureCaper: bets $3
Eklund_1891: calls $3
*** TURN *** [5d As 3s] [3h]
Eklund_1891: checks
AzureCaper: bets $6
Eklund_1891: calls $6
*** RIVER *** [5d As 3s 3h] [Ah]
Eklund_1891: checks
AzureCaper: checks
*** SHOW DOWN ***
Eklund_1891: shows [Kd 4h] (two pair, Aces and Threes)
AzureCaper: mucks hand
Eklund_1891 collected $29.50 from pot
*** SUMMARY ***
Total pot $30 | Rake $0.50
Board [5d As 3s 3h Ah]
Seat 3: Eklund_1891 (big blind) showed [Kd 4h] and won ($29.50) with two pair, Aces and Threes
Seat 4: AzureCaper (button) (small blind) mucked


PokerStars Hand #166179643069:  Hold'em Limit ($3/$6 USD) - 2017/02/13 20:44:55 ET
Table 'Dziban' 6-max Seat #3 is the button
Seat 3: Eklund_1891 ($101.17 in chips)
Seat 4: AzureCaper ($82.76 in chips)
Eklund_1891: posts small blind $1
AzureCaper: posts big blind $3
*** HOLE CARDS ***
Eklund_1891: raises $3 to $6
AzureCaper: calls $3
*** FLOP *** [Kd Td Jd]
AzureCaper: checks
Eklund_1891: bets $3
AzureCaper: raises $3 to $6
Eklund_1891: calls $3
*** TURN *** [Kd Td Jd] [8s]
AzureCaper: checks
Eklund_1891: checks
*** RIVER *** [Kd Td Jd 8s] [Ac]
AzureCaper: bets $6
Eklund_1891: calls $6
*** SHOW DOWN ***
AzureCaper: shows [Ad 4h] (a pair of Aces)
Eklund_1891: shows [Jh Kc] (two pair, Kings and Jacks)
Eklund_1891 collected $35.50 from pot
*** SUMMARY ***
Total pot $36 | Rake $0.50
Board [Kd Td Jd 8s Ac]
Seat 3: Eklund_1891 (button) (small blind) showed [Jh Kc] and won ($35.50) with two pair, Kings and Jacks
Seat 4: AzureCaper (big blind) showed [Ad 4h] and lost with a pair of Aces


PokerStars Hand #166179640018:  Hold'em Limit ($3/$6 USD) - 2017/02/13 20:44:49 ET
Table 'Dziban' 6-max Seat #4 is the button
Seat 3: Eklund_1891 ($104.17 in chips)
Seat 4: AzureCaper ($79.76 in chips)
AzureCaper: posts small blind $1
Eklund_1891: posts big blind $3
*** HOLE CARDS ***
AzureCaper: raises $3 to $6
Eklund_1891: folds
Uncalled bet ($3) returned to AzureCaper
AzureCaper collected $6 from pot
AzureCaper: doesn't show hand
*** SUMMARY ***
Total pot $6 | Rake $0
Seat 3: Eklund_1891 (big blind) folded before Flop
Seat 4: AzureCaper (button) (small blind) collected ($6)


PokerStars Hand #166179637246:  Hold'em Limit ($3/$6 USD) - 2017/02/13 20:44:43 ET
Table 'Dziban' 6-max Seat #3 is the button
Seat 3: Eklund_1891 ($105.17 in chips)
Seat 4: AzureCaper ($78.76 in chips)
Eklund_1891: posts small blind $1
AzureCaper: posts big blind $3
*** HOLE CARDS ***
Eklund_1891: folds
Uncalled bet ($2) returned to AzureCaper
AzureCaper collected $2 from pot
AzureCaper: doesn't show hand
*** SUMMARY ***
Total pot $2 | Rake $0
Seat 3: Eklund_1891 (button) (small blind) folded before Flop
Seat 4: AzureCaper (big blind) collected ($2)


PokerStars Hand #166179632497:  Hold'em Limit ($3/$6 USD) - 2017/02/13 20:44:34 ET
Table 'Dziban' 6-max Seat #4 is the button
Seat 3: Eklund_1891 ($111.17 in chips)
Seat 4: AzureCaper ($73 in chips)
AzureCaper: posts small blind $1
Eklund_1891: posts big blind $3
*** HOLE CARDS ***
AzureCaper: raises $3 to $6
Eklund_1891: calls $3
*** FLOP *** [Td 6c 6d]
Eklund_1891: checks
AzureCaper: bets $3
Eklund_1891: folds
Uncalled bet ($3) returned to AzureCaper
AzureCaper collected $11.76 from pot
AzureCaper: doesn't show hand
*** SUMMARY ***
Total pot $12 | Rake $0.24
Board [Td 6c 6d]
Seat 3: Eklund_1891 (big blind) folded on the Flop
Seat 4: AzureCaper (button) (small blind) collected ($11.76)


PokerStars Hand #166179629086:  Hold'em Limit ($3/$6 USD) - 2017/02/13 20:44:27 ET
Table 'Dziban' 6-max Seat #3 is the button
Seat 3: Eklund_1891 ($112.17 in chips)
Seat 4: AzureCaper ($72 in chips)
Eklund_1891: posts small blind $1
AzureCaper: posts big blind $3
*** HOLE CARDS ***
Eklund_1891: folds
Uncalled bet ($2) returned to AzureCaper
AzureCaper collected $2 from pot
AzureCaper: doesn't show hand
*** SUMMARY ***
Total pot $2 | Rake $0
Seat 3: Eklund_1891 (button) (small blind) folded before Flop
Seat 4: AzureCaper (big blind) collected ($2)


PokerStars Hand #166179680713:  Hold'em Limit ($3/$6 USD) - 2017/02/13 20:46:11 ET
Table 'Dziban' 6-max Seat #3 is the button
Seat 3: Eklund_1891 ($80.67 in chips)
Seat 4: AzureCaper ($109 in chips)
Eklund_1891: posts small blind $1
AzureCaper: posts big blind $3
*** HOLE CARDS ***
Eklund_1891: raises $3 to $6
AzureCaper: calls $3
*** FLOP *** [7h 2h 8c]
AzureCaper: checks
Eklund_1891: checks
*** TURN *** [7h 2h 8c] [9d]
AzureCaper: bets $6
Eklund_1891: calls $6
*** RIVER *** [7h 2h 8c 9d] [9h]
AzureCaper: bets $6
Eklund_1891: calls $6
*** SHOW DOWN ***
AzureCaper: shows [6s 8d] (two pair, Nines and Eights)
Eklund_1891: mucks hand
AzureCaper collected $35.50 from pot
*** SUMMARY ***
Total pot $36 | Rake $0.50
Board [7h 2h 8c 9d 9h]
Seat 3: Eklund_1891 (button) (small blind) mucked
Seat 4: AzureCaper (big blind) showed [6s 8d] and won ($35.50) with two pair, Nines and Eights


PokerStars Hand #166179652259:  Hold'em Limit ($3/$6 USD) - 2017/02/13 20:45:13 ET
Table 'Dziban' 6-max Seat #4 is the button
Seat 3: Eklund_1891 ($118.67 in chips)
Seat 4: AzureCaper ($72 in chips)
AzureCaper: posts small blind $1
Eklund_1891: posts big blind $3
*** HOLE CARDS ***
AzureCaper: raises $3 to $6
Eklund_1891: calls $3
*** FLOP *** [Jh 2d Kh]
Eklund_1891: checks
AzureCaper: bets $3
Eklund_1891: calls $3
*** TURN *** [Jh 2d Kh] [8h]
Eklund_1891: checks
AzureCaper: bets $6
Eklund_1891: calls $6
*** RIVER *** [Jh 2d Kh 8h] [Jc]
Eklund_1891: checks
AzureCaper: bets $6
Eklund_1891: calls $6
*** SHOW DOWN ***
AzureCaper: shows [Js 4d] (three of a kind, Jacks)
Eklund_1891: mucks hand
AzureCaper collected $41.50 from pot
*** SUMMARY ***
Total pot $42 | Rake $0.50
Board [Jh 2d Kh 8h Jc]
Seat 3: Eklund_1891 (big blind) mucked
Seat 4: AzureCaper (button) (small blind) showed [Js 4d] and won ($41.50) with three of a kind, Jacks


PokerStars Hand #166179677921:  Hold'em Limit ($3/$6 USD) - 2017/02/13 20:46:05 ET
Table 'Dziban' 6-max Seat #4 is the button
Seat 3: Eklund_1891 ($79.67 in chips)
Seat 4: AzureCaper ($110 in chips)
AzureCaper: posts small blind $1
Eklund_1891: posts big blind $3
*** HOLE CARDS ***
AzureCaper: folds
Uncalled bet ($2) returned to Eklund_1891
Eklund_1891 collected $2 from pot
Eklund_1891: doesn't show hand
*** SUMMARY ***
Total pot $2 | Rake $0
Seat 3: Eklund_1891 (big blind) collected ($2)
Seat 4: AzureCaper (button) (small blind) folded before Flop


PokerStars Hand #166179670044:  Hold'em Limit ($3/$6 USD) - 2017/02/13 20:45:49 ET
Table 'Dziban' 6-max Seat #3 is the button
Seat 3: Eklund_1891 ($97.67 in chips)
Seat 4: AzureCaper ($92.50 in chips)
Eklund_1891: posts small blind $1
AzureCaper: posts big blind $3
*** HOLE CARDS ***
Eklund_1891: raises $3 to $6
AzureCaper: raises $3 to $9
Eklund_1891: calls $3
*** FLOP *** [Ad Ts 3s]
AzureCaper: bets $3
Eklund_1891: calls $3
*** TURN *** [Ad Ts 3s] [8h]
AzureCaper: bets $6
Eklund_1891: calls $6
*** RIVER *** [Ad Ts 3s 8h] [5c]
AzureCaper: bets $6
Eklund_1891: folds
Uncalled bet ($6) returned to AzureCaper
AzureCaper collected $35.50 from pot
AzureCaper: doesn't show hand
*** SUMMARY ***
Total pot $36 | Rake $0.50
Board [Ad Ts 3s 8h 5c]
Seat 3: Eklund_1891 (button) (small blind) folded on the River
Seat 4: AzureCaper (big blind) collected ($35.50)


PokerStars Hand #166179667382:  Hold'em Limit ($3/$6 USD) - 2017/02/13 20:45:44 ET
Table 'Dziban' 6-max Seat #4 is the button
Seat 3: Eklund_1891 ($100.67 in chips)
Seat 4: AzureCaper ($89.50 in chips)
AzureCaper: posts small blind $1
Eklund_1891: posts big blind $3
*** HOLE CARDS ***
AzureCaper: raises $3 to $6
Eklund_1891: folds
Uncalled bet ($3) returned to AzureCaper
AzureCaper collected $6 from pot
AzureCaper: doesn't show hand
*** SUMMARY ***
Total pot $6 | Rake $0
Seat 3: Eklund_1891 (big blind) folded before Flop
Seat 4: AzureCaper (button) (small blind) collected ($6)


PokerStars Hand #166179690826:  Hold'em Limit ($3/$6 USD) - 2017/02/13 20:46:32 ET
Table 'Dziban' 6-max Seat #4 is the button
Seat 3: Eklund_1891 ($62.67 in chips)
Seat 4: AzureCaper ($126.50 in chips)
AzureCaper: posts small blind $1
Eklund_1891: posts big blind $3
*** HOLE CARDS ***
AzureCaper: raises $3 to $6
Eklund_1891: calls $3
*** FLOP *** [9c 5s Th]
Eklund_1891: checks
AzureCaper: bets $3
Eklund_1891: calls $3
*** TURN *** [9c 5s Th] [6d]
Eklund_1891: checks
AzureCaper: bets $6
Eklund_1891: folds
Uncalled bet ($6) returned to AzureCaper
AzureCaper collected $17.64 from pot
AzureCaper: doesn't show hand
*** SUMMARY ***
Total pot $18 | Rake $0.36
Board [9c 5s Th 6d]
Seat 3: Eklund_1891 (big blind) folded on the Turn
Seat 4: AzureCaper (button) (small blind) collected ($17.64)


PokerStars Hand #166179710348:  Hold'em Limit ($3/$6 USD) - 2017/02/13 20:47:12 ET
Table 'Dziban' 6-max Seat #4 is the button
Seat 3: Eklund_1891 ($139.17 in chips)
Seat 4: AzureCaper ($126.14 in chips)
AzureCaper: posts small blind $1
Eklund_1891: posts big blind $3
*** HOLE CARDS ***
AzureCaper: folds
Uncalled bet ($2) returned to Eklund_1891
Eklund_1891 collected $2 from pot
Eklund_1891: doesn't show hand
*** SUMMARY ***
Total pot $2 | Rake $0
Seat 3: Eklund_1891 (big blind) collected ($2)
Seat 4: AzureCaper (button) (small blind) folded before Flop


PokerStars Hand #166179713144:  Hold'em Limit ($3/$6 USD) - 2017/02/13 20:47:17 ET
Table 'Dziban' 6-max Seat #3 is the button
Seat 3: Eklund_1891 ($140.17 in chips)
Seat 4: AzureCaper ($125.14 in chips)
Eklund_1891: posts small blind $1
AzureCaper: posts big blind $3
kirste78 joins the table at seat #5
*** HOLE CARDS ***
Eklund_1891: raises $3 to $6
AzureCaper: raises $3 to $9
Eklund_1891: calls $3
*** FLOP *** [9h 7c Qd]
AzureCaper: bets $3
Eklund_1891: calls $3
*** TURN *** [9h 7c Qd] [3h]
AzureCaper: bets $6
Eklund_1891: calls $6
*** RIVER *** [9h 7c Qd 3h] [6d]
AzureCaper: checks
Eklund_1891: checks
*** SHOW DOWN ***
AzureCaper: shows [5s 5h] (a pair of Fives)
Eklund_1891: mucks hand
AzureCaper collected $35.50 from pot
*** SUMMARY ***
Total pot $36 | Rake $0.50
Board [9h 7c Qd 3h 6d]
Seat 3: Eklund_1891 (button) (small blind) mucked
Seat 4: AzureCaper (big blind) showed [5s 5h] and won ($35.50) with a pair of Fives


PokerStars Hand #166179698332:  Hold'em Limit ($3/$6 USD) - 2017/02/13 20:46:47 ET
Table 'Dziban' 6-max Seat #3 is the button
Seat 3: Eklund_1891 ($53.67 in chips)
Seat 4: AzureCaper ($135.14 in chips)
Eklund_1891: posts small blind $1
AzureCaper: posts big blind $3
*** HOLE CARDS ***
Eklund_1891: raises $3 to $6
AzureCaper: calls $3
*** FLOP *** [9c Js Qh]
AzureCaper: checks
Eklund_1891: bets $3
AzureCaper: calls $3
*** TURN *** [9c Js Qh] [8s]
AzureCaper: checks
Eklund_1891: bets $6
AzureCaper: folds
Uncalled bet ($6) returned to Eklund_1891
Eklund_1891 collected $17.64 from pot
Eklund_1891: doesn't show hand
*** SUMMARY ***
Total pot $18 | Rake $0.36
Board [9c Js Qh 8s]
Seat 3: Eklund_1891 (button) (small blind) collected ($17.64)
Seat 4: AzureCaper (big blind) folded on the Turn


