PokerStars Hand #172529838382:  Hold'em Limit ($3/$6 USD) - 2017/07/02 17:36:12 ET
Table 'Dziban III' 6-max Seat #1 is the button
Seat 1: anebodil ($49.65 in chips)
Seat 3: MobutuSeSe ($60 in chips)
anebodil: posts small blind $1
MobutuSeSe: posts big blind $3
*** HOLE CARDS ***
anebodil: calls $2
MobutuSeSe: checks
*** FLOP *** [9s Ac 9d]
MobutuSeSe: checks
anebodil: checks
*** TURN *** [9s Ac 9d] [Ts]
MobutuSeSe: bets $6
anebodil: folds
Uncalled bet ($6) returned to MobutuSeSe
MobutuSeSe collected $5.88 from pot
*** SUMMARY ***
Total pot $6 | Rake $0.12
Board [9s Ac 9d Ts]
Seat 1: anebodil (button) (small blind) folded on the Turn
Seat 3: MobutuSeSe (big blind) collected ($5.88)


PokerStars Hand #172529867522:  Hold'em Limit ($3/$6 USD) - 2017/07/02 17:36:49 ET
Table 'Dziban III' 6-max Seat #3 is the button
Seat 1: anebodil ($46.65 in chips)
Seat 3: MobutuSeSe ($62.88 in chips)
MobutuSeSe: posts small blind $1
anebodil: posts big blind $3
*** HOLE CARDS ***
MobutuSeSe: raises $3 to $6
anebodil: calls $3
*** FLOP *** [5c Ks 3c]
anebodil: checks
MobutuSeSe: bets $3
anebodil: raises $3 to $6
MobutuSeSe: calls $3
*** TURN *** [5c Ks 3c] [Kc]
anebodil: bets $6
MobutuSeSe: calls $6
*** RIVER *** [5c Ks 3c Kc] [5s]
anebodil: bets $6
MobutuSeSe: calls $6
*** SHOW DOWN ***
anebodil: shows [As Kd] (a full house, Kings full of Fives)
MobutuSeSe: mucks hand
anebodil collected $47.50 from pot
*** SUMMARY ***
Total pot $48 | Rake $0.50
Board [5c Ks 3c Kc 5s]
Seat 1: anebodil (big blind) showed [As Kd] and won ($47.50) with a full house, Kings full of Fives
Seat 3: MobutuSeSe (button) (small blind) mucked


PokerStars Hand #172529893139:  Hold'em Limit ($3/$6 USD) - 2017/07/02 17:37:21 ET
Table 'Dziban III' 6-max Seat #1 is the button
Seat 1: anebodil ($70.15 in chips)
Seat 3: MobutuSeSe ($38.88 in chips)
anebodil: posts small blind $1
MobutuSeSe: posts big blind $3
*** HOLE CARDS ***
anebodil: raises $3 to $6
MobutuSeSe: raises $3 to $9
anebodil: calls $3
*** FLOP *** [9h 2h 3s]
MobutuSeSe: bets $3
anebodil: calls $3
*** TURN *** [9h 2h 3s] [Kc]
MobutuSeSe: bets $6
anebodil: raises $6 to $12
MobutuSeSe: calls $6
*** RIVER *** [9h 2h 3s Kc] [Ac]
MobutuSeSe: checks
anebodil: bets $6
MobutuSeSe: calls $6
*** SHOW DOWN ***
anebodil: shows [9d 9c] (three of a kind, Nines)
MobutuSeSe: mucks hand
anebodil collected $59.50 from pot
*** SUMMARY ***
Total pot $60 | Rake $0.50
Board [9h 2h 3s Kc Ac]
Seat 1: anebodil (button) (small blind) showed [9d 9c] and won ($59.50) with three of a kind, Nines
Seat 3: MobutuSeSe (big blind) mucked


PokerStars Hand #172529929399:  Hold'em Limit ($3/$6 USD) - 2017/07/02 17:38:07 ET
Table 'Dziban III' 6-max Seat #3 is the button
Seat 1: anebodil ($99.65 in chips)
Seat 3: MobutuSeSe ($52.34 in chips)
MobutuSeSe: posts small blind $1
anebodil: posts big blind $3
*** HOLE CARDS ***
MobutuSeSe: folds
Uncalled bet ($2) returned to anebodil
anebodil collected $2 from pot
*** SUMMARY ***
Total pot $2 | Rake $0
Seat 1: anebodil (big blind) collected ($2)
Seat 3: MobutuSeSe (button) (small blind) folded before Flop


PokerStars Hand #172529924620:  Hold'em Limit ($3/$6 USD) - 2017/07/02 17:38:01 ET
Table 'Dziban III' 6-max Seat #1 is the button
Seat 1: anebodil ($100.65 in chips)
Seat 3: MobutuSeSe ($51.34 in chips)
anebodil: posts small blind $1
MobutuSeSe: posts big blind $3
*** HOLE CARDS ***
anebodil: folds
Uncalled bet ($2) returned to MobutuSeSe
MobutuSeSe collected $2 from pot
*** SUMMARY ***
Total pot $2 | Rake $0
Seat 1: anebodil (button) (small blind) folded before Flop
Seat 3: MobutuSeSe (big blind) collected ($2)


PokerStars Hand #172529933629:  Hold'em Limit ($3/$6 USD) - 2017/07/02 17:38:12 ET
Table 'Dziban III' 6-max Seat #1 is the button
Seat 1: anebodil ($100.65 in chips)
Seat 3: MobutuSeSe ($51.34 in chips)
anebodil: posts small blind $1
MobutuSeSe: posts big blind $3
*** HOLE CARDS ***
anebodil: raises $3 to $6
MobutuSeSe: calls $3
*** FLOP *** [8c 8d 9c]
MobutuSeSe: checks
anebodil: bets $3
MobutuSeSe: raises $3 to $6
anebodil: calls $3
*** TURN *** [8c 8d 9c] [5s]
MobutuSeSe: bets $6
anebodil: calls $6
*** RIVER *** [8c 8d 9c 5s] [Kc]
MobutuSeSe: bets $6
anebodil: calls $6
*** SHOW DOWN ***
MobutuSeSe: shows [Jc Td] (a pair of Eights)
anebodil: shows [Kh 9h] (two pair, Kings and Nines)
anebodil collected $47.50 from pot
*** SUMMARY ***
Total pot $48 | Rake $0.50
Board [8c 8d 9c 5s Kc]
Seat 1: anebodil (button) (small blind) showed [Kh 9h] and won ($47.50) with two pair, Kings and Nines
Seat 3: MobutuSeSe (big blind) showed [Jc Td] and lost with a pair of Eights


PokerStars Hand #172529918072:  Hold'em Limit ($3/$6 USD) - 2017/07/02 17:37:53 ET
Table 'Dziban III' 6-max Seat #3 is the button
Seat 1: anebodil ($99.65 in chips)
Seat 3: MobutuSeSe ($8.88 in chips)
MobutuSeSe: posts small blind $1
anebodil: posts big blind $3
*** HOLE CARDS ***
MobutuSeSe: folds
Uncalled bet ($2) returned to anebodil
anebodil collected $2 from pot
*** SUMMARY ***
Total pot $2 | Rake $0
Seat 1: anebodil (big blind) collected ($2)
Seat 3: MobutuSeSe (button) (small blind) folded before Flop


PokerStars Hand #172529959064:  Hold'em Limit ($3/$6 USD) - 2017/07/02 17:38:45 ET
Table 'Dziban III' 6-max Seat #3 is the button
Seat 1: anebodil ($124.15 in chips)
Seat 3: MobutuSeSe ($27.34 in chips)
MobutuSeSe: posts small blind $1
anebodil: posts big blind $3
*** HOLE CARDS ***
MobutuSeSe: raises $3 to $6
anebodil: calls $3
*** FLOP *** [7c Js 4s]
anebodil: checks
MobutuSeSe: checks
*** TURN *** [7c Js 4s] [6d]
anebodil: bets $6
MobutuSeSe: folds
Uncalled bet ($6) returned to anebodil
anebodil collected $11.76 from pot
*** SUMMARY ***
Total pot $12 | Rake $0.24
Board [7c Js 4s 6d]
Seat 1: anebodil (big blind) collected ($11.76)
Seat 3: MobutuSeSe (button) (small blind) folded on the Turn


PokerStars Hand #172530049904:  Hold'em Limit ($3/$6 USD) - 2017/07/02 17:40:41 ET
Table 'Dziban III' 6-max Seat #1 is the button
Seat 1: anebodil ($126.91 in chips)
Seat 3: MobutuSeSe ($54.10 in chips)
anebodil: posts small blind $1
MobutuSeSe: posts big blind $3
*** HOLE CARDS ***
anebodil: folds
Uncalled bet ($2) returned to MobutuSeSe
MobutuSeSe collected $2 from pot
*** SUMMARY ***
Total pot $2 | Rake $0
Seat 1: anebodil (button) (small blind) folded before Flop
Seat 3: MobutuSeSe (big blind) collected ($2)


PokerStars Hand #172530011430:  Hold'em Limit ($3/$6 USD) - 2017/07/02 17:39:52 ET
Table 'Dziban III' 6-max Seat #1 is the button
Seat 1: anebodil ($129.91 in chips)
Seat 3: MobutuSeSe ($51.34 in chips)
anebodil: posts small blind $1
MobutuSeSe: posts big blind $3
*** HOLE CARDS ***
anebodil: raises $3 to $6
MobutuSeSe is connected
MobutuSeSe: folds
Uncalled bet ($3) returned to anebodil
anebodil collected $6 from pot
*** SUMMARY ***
Total pot $6 | Rake $0
Seat 1: anebodil (button) (small blind) collected ($6)
Seat 3: MobutuSeSe (big blind) folded before Flop


PokerStars Hand #172530029491:  Hold'em Limit ($3/$6 USD) - 2017/07/02 17:40:15 ET
Table 'Dziban III' 6-max Seat #3 is the button
Seat 1: anebodil ($132.91 in chips)
Seat 3: MobutuSeSe ($48.34 in chips)
MobutuSeSe: posts small blind $1
anebodil: posts big blind $3
*** HOLE CARDS ***
MobutuSeSe: raises $3 to $6
anebodil: calls $3
*** FLOP *** [Kd 3h 2d]
anebodil: checks
MobutuSeSe: bets $3
anebodil: folds
Uncalled bet ($3) returned to MobutuSeSe
MobutuSeSe collected $11.76 from pot
*** SUMMARY ***
Total pot $12 | Rake $0.24
Board [Kd 3h 2d]
Seat 1: anebodil (big blind) folded on the Flop
Seat 3: MobutuSeSe (button) (small blind) collected ($11.76)


PokerStars Hand #172530044780:  Hold'em Limit ($3/$6 USD) - 2017/07/02 17:40:35 ET
Table 'Dziban III' 6-max Seat #3 is the button
Seat 1: anebodil ($125.91 in chips)
Seat 3: MobutuSeSe ($55.10 in chips)
MobutuSeSe: posts small blind $1
anebodil: posts big blind $3
*** HOLE CARDS ***
MobutuSeSe: folds
Uncalled bet ($2) returned to anebodil
anebodil collected $2 from pot
*** SUMMARY ***
Total pot $2 | Rake $0
Seat 1: anebodil (big blind) collected ($2)
Seat 3: MobutuSeSe (button) (small blind) folded before Flop


PokerStars Hand #172530040331:  Hold'em Limit ($3/$6 USD) - 2017/07/02 17:40:29 ET
Table 'Dziban III' 6-max Seat #1 is the button
Seat 1: anebodil ($126.91 in chips)
Seat 3: MobutuSeSe ($54.10 in chips)
anebodil: posts small blind $1
MobutuSeSe: posts big blind $3
*** HOLE CARDS ***
anebodil: folds
Uncalled bet ($2) returned to MobutuSeSe
MobutuSeSe collected $2 from pot
*** SUMMARY ***
Total pot $2 | Rake $0
Seat 1: anebodil (button) (small blind) folded before Flop
Seat 3: MobutuSeSe (big blind) collected ($2)


PokerStars Hand #172530053607:  Hold'em Limit ($3/$6 USD) - 2017/07/02 17:40:46 ET
Table 'Dziban III' 6-max Seat #3 is the button
Seat 1: anebodil ($125.91 in chips)
Seat 3: MobutuSeSe ($55.10 in chips)
MobutuSeSe: posts small blind $1
anebodil: posts big blind $3
*** HOLE CARDS ***
MobutuSeSe: raises $3 to $6
anebodil: calls $3
*** FLOP *** [8d 7h 9d]
anebodil: checks
MobutuSeSe: bets $3
anebodil: calls $3
*** TURN *** [8d 7h 9d] [5h]
anebodil: checks
MobutuSeSe: bets $6
anebodil: calls $6
*** RIVER *** [8d 7h 9d 5h] [4c]
anebodil: checks
MobutuSeSe: bets $6
anebodil: calls $6
*** SHOW DOWN ***
MobutuSeSe: shows [6s As] (a straight, Five to Nine)
anebodil: mucks hand
MobutuSeSe collected $41.50 from pot
*** SUMMARY ***
Total pot $42 | Rake $0.50
Board [8d 7h 9d 5h 4c]
Seat 1: anebodil (big blind) mucked
Seat 3: MobutuSeSe (button) (small blind) showed [6s As] and won ($41.50) with a straight, Five to Nine


PokerStars Hand #172530074524:  Hold'em Limit ($3/$6 USD) - 2017/07/02 17:41:14 ET
Table 'Dziban III' 6-max Seat #1 is the button
Seat 1: anebodil ($104.91 in chips)
Seat 3: MobutuSeSe ($75.60 in chips)
anebodil: posts small blind $1
MobutuSeSe: posts big blind $3
*** HOLE CARDS ***
anebodil: folds
Uncalled bet ($2) returned to MobutuSeSe
MobutuSeSe collected $2 from pot
*** SUMMARY ***
Total pot $2 | Rake $0
Seat 1: anebodil (button) (small blind) folded before Flop
Seat 3: MobutuSeSe (big blind) collected ($2)


PokerStars Hand #172530078606:  Hold'em Limit ($3/$6 USD) - 2017/07/02 17:41:19 ET
Table 'Dziban III' 6-max Seat #3 is the button
Seat 1: anebodil ($103.91 in chips)
Seat 3: MobutuSeSe ($76.60 in chips)
MobutuSeSe: posts small blind $1
anebodil: posts big blind $3
*** HOLE CARDS ***
MobutuSeSe: raises $3 to $6
anebodil: calls $3
*** FLOP *** [Kh Qs 9c]
anebodil: bets $3
MobutuSeSe: calls $3
*** TURN *** [Kh Qs 9c] [7c]
anebodil: bets $6
MobutuSeSe: folds
Uncalled bet ($6) returned to anebodil
anebodil collected $17.64 from pot
*** SUMMARY ***
Total pot $18 | Rake $0.36
Board [Kh Qs 9c 7c]
Seat 1: anebodil (big blind) collected ($17.64)
Seat 3: MobutuSeSe (button) (small blind) folded on the Turn


PokerStars Hand #172530124001:  Hold'em Limit ($3/$6 USD) - 2017/07/02 17:42:17 ET
Table 'Dziban III' 6-max Seat #1 is the button
Seat 1: anebodil ($126.95 in chips)
Seat 3: MobutuSeSe ($52.60 in chips)
anebodil: posts small blind $1
MobutuSeSe: posts big blind $3
*** HOLE CARDS ***
anebodil: folds
Uncalled bet ($2) returned to MobutuSeSe
MobutuSeSe collected $2 from pot
*** SUMMARY ***
Total pot $2 | Rake $0
Seat 1: anebodil (button) (small blind) folded before Flop
Seat 3: MobutuSeSe (big blind) collected ($2)


PokerStars Hand #172530110074:  Hold'em Limit ($3/$6 USD) - 2017/07/02 17:42:00 ET
Table 'Dziban III' 6-max Seat #3 is the button
Seat 1: anebodil ($118.31 in chips)
Seat 3: MobutuSeSe ($61.60 in chips)
MobutuSeSe: posts small blind $1
anebodil: posts big blind $3
*** HOLE CARDS ***
MobutuSeSe: raises $3 to $6
anebodil: calls $3
*** FLOP *** [2s 5h Qd]
anebodil: checks
MobutuSeSe: bets $3
anebodil: calls $3
*** TURN *** [2s 5h Qd] [9s]
anebodil: checks
MobutuSeSe: checks
*** RIVER *** [2s 5h Qd 9s] [7s]
anebodil: bets $6
MobutuSeSe: folds
Uncalled bet ($6) returned to anebodil
anebodil collected $17.64 from pot
*** SUMMARY ***
Total pot $18 | Rake $0.36
Board [2s 5h Qd 9s 7s]
Seat 1: anebodil (big blind) collected ($17.64)
Seat 3: MobutuSeSe (button) (small blind) folded on the River


PokerStars Hand #172530128108:  Hold'em Limit ($3/$6 USD) - 2017/07/02 17:42:23 ET
Table 'Dziban III' 6-max Seat #3 is the button
Seat 1: anebodil ($125.95 in chips)
Seat 3: MobutuSeSe ($53.60 in chips)
MobutuSeSe: posts small blind $1
anebodil: posts big blind $3
*** HOLE CARDS ***
MobutuSeSe: raises $3 to $6
anebodil: calls $3
*** FLOP *** [8d 6d 6h]
anebodil: checks
MobutuSeSe: bets $3
anebodil: calls $3
*** TURN *** [8d 6d 6h] [6c]
anebodil: checks
MobutuSeSe: bets $6
anebodil: calls $6
*** RIVER *** [8d 6d 6h 6c] [3d]
anebodil: checks
MobutuSeSe: checks
*** SHOW DOWN ***
anebodil: shows [Ts Ks] (three of a kind, Sixes)
MobutuSeSe: shows [4h Ac] (three of a kind, Sixes - Ace kicker)
MobutuSeSe collected $29.50 from pot
*** SUMMARY ***
Total pot $30 | Rake $0.50
Board [8d 6d 6h 6c 3d]
Seat 1: anebodil (big blind) showed [Ts Ks] and lost with three of a kind, Sixes
Seat 3: MobutuSeSe (button) (small blind) showed [4h Ac] and won ($29.50) with three of a kind, Sixes


PokerStars Hand #172530091095:  Hold'em Limit ($3/$6 USD) - 2017/07/02 17:41:35 ET
Table 'Dziban III' 6-max Seat #1 is the button
Seat 1: anebodil ($112.55 in chips)
Seat 3: MobutuSeSe ($67.60 in chips)
anebodil: posts small blind $1
MobutuSeSe: posts big blind $3
*** HOLE CARDS ***
anebodil: calls $2
MobutuSeSe: checks
*** FLOP *** [2c Ks 5s]
MobutuSeSe: checks
anebodil: bets $3
MobutuSeSe: calls $3
*** TURN *** [2c Ks 5s] [7h]
MobutuSeSe: checks
anebodil: bets $6
MobutuSeSe: folds
Uncalled bet ($6) returned to anebodil
anebodil collected $11.76 from pot
*** SUMMARY ***
Total pot $12 | Rake $0.24
Board [2c Ks 5s 7h]
Seat 1: anebodil (button) (small blind) collected ($11.76)
Seat 3: MobutuSeSe (big blind) folded on the Turn


PokerStars Hand #172530144414:  Hold'em Limit ($3/$6 USD) - 2017/07/02 17:42:44 ET
Table 'Dziban III' 6-max Seat #1 is the button
Seat 1: anebodil ($110.95 in chips)
Seat 3: MobutuSeSe ($68.10 in chips)
anebodil: posts small blind $1
MobutuSeSe: posts big blind $3
*** HOLE CARDS ***
anebodil: raises $3 to $6
MobutuSeSe: folds
Uncalled bet ($3) returned to anebodil
anebodil collected $6 from pot
*** SUMMARY ***
Total pot $6 | Rake $0
Seat 1: anebodil (button) (small blind) collected ($6)
Seat 3: MobutuSeSe (big blind) folded before Flop


PokerStars Hand #172530164917:  Hold'em Limit ($3/$6 USD) - 2017/07/02 17:43:11 ET
Table 'Dziban III' 6-max Seat #1 is the button
Seat 1: anebodil ($128.45 in chips)
Seat 3: MobutuSeSe ($50.10 in chips)
anebodil: posts small blind $1
MobutuSeSe: posts big blind $3
*** HOLE CARDS ***
anebodil: folds
Uncalled bet ($2) returned to MobutuSeSe
MobutuSeSe collected $2 from pot
*** SUMMARY ***
Total pot $2 | Rake $0
Seat 1: anebodil (button) (small blind) folded before Flop
Seat 3: MobutuSeSe (big blind) collected ($2)


PokerStars Hand #172530149762:  Hold'em Limit ($3/$6 USD) - 2017/07/02 17:42:51 ET
Table 'Dziban III' 6-max Seat #3 is the button
Seat 1: anebodil ($113.95 in chips)
Seat 3: MobutuSeSe ($65.10 in chips)
MobutuSeSe: posts small blind $1
anebodil: posts big blind $3
*** HOLE CARDS ***
MobutuSeSe: raises $3 to $6
anebodil: calls $3
*** FLOP *** [Qh Ah Kh]
anebodil: checks
MobutuSeSe: bets $3
anebodil: calls $3
*** TURN *** [Qh Ah Kh] [Js]
anebodil: checks
MobutuSeSe: checks
*** RIVER *** [Qh Ah Kh Js] [7c]
anebodil: bets $6
MobutuSeSe: calls $6
*** SHOW DOWN ***
anebodil: shows [Qd Ac] (two pair, Aces and Queens)
MobutuSeSe: mucks hand
anebodil collected $29.50 from pot
*** SUMMARY ***
Total pot $30 | Rake $0.50
Board [Qh Ah Kh Js 7c]
Seat 1: anebodil (big blind) showed [Qd Ac] and won ($29.50) with two pair, Aces and Queens
Seat 3: MobutuSeSe (button) (small blind) mucked


PokerStars Hand #172530184878:  Hold'em Limit ($3/$6 USD) - 2017/07/02 17:43:37 ET
Table 'Dziban III' 6-max Seat #1 is the button
Seat 1: anebodil ($141.95 in chips)
Seat 3: MobutuSeSe ($36.10 in chips)
anebodil: posts small blind $1
MobutuSeSe: posts big blind $3
*** HOLE CARDS ***
anebodil: folds
Uncalled bet ($2) returned to MobutuSeSe
MobutuSeSe collected $2 from pot
*** SUMMARY ***
Total pot $2 | Rake $0
Seat 1: anebodil (button) (small blind) folded before Flop
Seat 3: MobutuSeSe (big blind) collected ($2)


PokerStars Hand #172530169045:  Hold'em Limit ($3/$6 USD) - 2017/07/02 17:43:16 ET
Table 'Dziban III' 6-max Seat #3 is the button
Seat 1: anebodil ($127.45 in chips)
Seat 3: MobutuSeSe ($51.10 in chips)
MobutuSeSe: posts small blind $1
anebodil: posts big blind $3
*** HOLE CARDS ***
MobutuSeSe: raises $3 to $6
anebodil: calls $3
*** FLOP *** [Qs Qd 9s]
anebodil: checks
MobutuSeSe: bets $3
anebodil: calls $3
*** TURN *** [Qs Qd 9s] [Ah]
anebodil: checks
MobutuSeSe: checks
*** RIVER *** [Qs Qd 9s Ah] [6h]
anebodil: bets $6
MobutuSeSe: calls $6
*** SHOW DOWN ***
anebodil: shows [Kh 9d] (two pair, Queens and Nines)
MobutuSeSe: mucks hand
anebodil collected $29.50 from pot
*** SUMMARY ***
Total pot $30 | Rake $0.50
Board [Qs Qd 9s Ah 6h]
Seat 1: anebodil (big blind) showed [Kh 9d] and won ($29.50) with two pair, Queens and Nines
Seat 3: MobutuSeSe (button) (small blind) mucked


PokerStars Hand #172530189189:  Hold'em Limit ($3/$6 USD) - 2017/07/02 17:43:42 ET
Table 'Dziban III' 6-max Seat #3 is the button
Seat 1: anebodil ($140.95 in chips)
Seat 3: MobutuSeSe ($37.10 in chips)
MobutuSeSe: posts small blind $1
anebodil: posts big blind $3
*** HOLE CARDS ***
MobutuSeSe: folds
Uncalled bet ($2) returned to anebodil
anebodil collected $2 from pot
*** SUMMARY ***
Total pot $2 | Rake $0
Seat 1: anebodil (big blind) collected ($2)
Seat 3: MobutuSeSe (button) (small blind) folded before Flop


PokerStars Hand #172530209004:  Hold'em Limit ($3/$6 USD) - 2017/07/02 17:44:08 ET
Table 'Dziban III' 6-max Seat #3 is the button
Seat 1: anebodil ($147.71 in chips)
Seat 3: MobutuSeSe ($30.10 in chips)
MobutuSeSe: posts small blind $1
anebodil: posts big blind $3
*** HOLE CARDS ***
MobutuSeSe: raises $3 to $6
Kaukadiginte joins the table at seat #6
anebodil: calls $3
*** FLOP *** [Ah 7c Qd]
anebodil: bets $3
MobutuSeSe: folds
Uncalled bet ($3) returned to anebodil
anebodil collected $11.76 from pot
*** SUMMARY ***
Total pot $12 | Rake $0.24
Board [Ah 7c Qd]
Seat 1: anebodil (big blind) collected ($11.76)
Seat 3: MobutuSeSe (button) (small blind) folded on the Flop


PokerStars Hand #172530232171:  Hold'em Limit ($3/$6 USD) - 2017/07/02 17:44:38 ET
Table 'Dziban III' 6-max Seat #6 is the button
Seat 1: anebodil ($173.97 in chips)
Seat 6: Kaukadiginte ($54.11 in chips)
Kaukadiginte: posts small blind $1
anebodil: posts big blind $3
*** HOLE CARDS ***
Kaukadiginte: folds
Uncalled bet ($2) returned to anebodil
anebodil collected $2 from pot
*** SUMMARY ***
Total pot $2 | Rake $0
Seat 1: anebodil (big blind) collected ($2)
Seat 6: Kaukadiginte (button) (small blind) folded before Flop


PokerStars Hand #172530217861:  Hold'em Limit ($3/$6 USD) - 2017/07/02 17:44:19 ET
Table 'Dziban III' 6-max Seat #1 is the button
Seat 1: anebodil ($153.47 in chips)
Seat 6: Kaukadiginte ($75.11 in chips)
anebodil: posts small blind $1
Kaukadiginte: posts big blind $3
*** HOLE CARDS ***
MobutuSeSe leaves the table
anebodil: raises $3 to $6
Kaukadiginte: calls $3
*** FLOP *** [7c 2h 8d]
Kaukadiginte: checks
anebodil: bets $3
Kaukadiginte: calls $3
*** TURN *** [7c 2h 8d] [Jh]
Kaukadiginte: bets $6
anebodil: calls $6
*** RIVER *** [7c 2h 8d Jh] [8h]
Kaukadiginte: bets $6
anebodil: calls $6
*** SHOW DOWN ***
Kaukadiginte: shows [Qd As] (a pair of Eights)
anebodil: shows [Kd Ks] (two pair, Kings and Eights)
anebodil collected $41.50 from pot
*** SUMMARY ***
Total pot $42 | Rake $0.50
Board [7c 2h 8d Jh 8h]
Seat 1: anebodil (button) (small blind) showed [Kd Ks] and won ($41.50) with two pair, Kings and Eights
Seat 6: Kaukadiginte (big blind) showed [Qd As] and lost with a pair of Eights


PokerStars Hand #172530250817:  Hold'em Limit ($3/$6 USD) - 2017/07/02 17:45:02 ET
Table 'Dziban III' 6-max Seat #6 is the button
Seat 1: anebodil ($156.97 in chips)
Seat 6: Kaukadiginte ($70.61 in chips)
Kaukadiginte: posts small blind $1
anebodil: posts big blind $3
*** HOLE CARDS ***
Kaukadiginte: raises $3 to $6
anebodil: folds
Uncalled bet ($3) returned to Kaukadiginte
Kaukadiginte collected $6 from pot
*** SUMMARY ***
Total pot $6 | Rake $0
Seat 1: anebodil (big blind) folded before Flop
Seat 6: Kaukadiginte (button) (small blind) collected ($6)


PokerStars Hand #172530236014:  Hold'em Limit ($3/$6 USD) - 2017/07/02 17:44:43 ET
Table 'Dziban III' 6-max Seat #1 is the button
Seat 1: anebodil ($174.97 in chips)
Seat 6: Kaukadiginte ($53.11 in chips)
anebodil: posts small blind $1
Kaukadiginte: posts big blind $3
*** HOLE CARDS ***
anebodil: raises $3 to $6
Kaukadiginte: calls $3
*** FLOP *** [Kd 5h Qs]
Kaukadiginte: checks
anebodil: checks
*** TURN *** [Kd 5h Qs] [6s]
Kaukadiginte: bets $6
anebodil: calls $6
*** RIVER *** [Kd 5h Qs 6s] [5d]
simper11 joins the table at seat #3
Kaukadiginte: bets $6
anebodil: calls $6
*** SHOW DOWN ***
Kaukadiginte: shows [7s 7c] (two pair, Sevens and Fives)
anebodil: mucks hand
Kaukadiginte collected $35.50 from pot
*** SUMMARY ***
Total pot $36 | Rake $0.50
Board [Kd 5h Qs 6s 5d]
Seat 1: anebodil (button) (small blind) mucked
Seat 6: Kaukadiginte (big blind) showed [7s 7c] and won ($35.50) with two pair, Sevens and Fives


PokerStars Hand #172531454195:  Hold'em Limit ($3/$6 USD) - 2017/07/02 18:13:22 ET
Table 'Dziban III' 6-max Seat #2 is the button
Seat 2: linocarrelli ($51.04 in chips)
Seat 5: RaisemyNut$ ($60 in chips)
linocarrelli: posts small blind $1
RaisemyNut$: posts big blind $3
*** HOLE CARDS ***
linocarrelli: folds
Uncalled bet ($2) returned to RaisemyNut$
RaisemyNut$ collected $2 from pot
RaisemyNut$: doesn't show hand
*** SUMMARY ***
Total pot $2 | Rake $0
Seat 2: linocarrelli (button) (small blind) folded before Flop
Seat 5: RaisemyNut$ (big blind) collected ($2)


PokerStars Hand #172531449791:  Hold'em Limit ($3/$6 USD) - 2017/07/02 18:13:16 ET
Table 'Dziban III' 6-max Seat #5 is the button
Seat 2: linocarrelli ($50.04 in chips)
Seat 5: RaisemyNut$ ($60 in chips)
RaisemyNut$: posts small blind $1
linocarrelli: posts big blind $3
*** HOLE CARDS ***
RaisemyNut$: folds
Uncalled bet ($2) returned to linocarrelli
linocarrelli collected $2 from pot
linocarrelli: doesn't show hand
*** SUMMARY ***
Total pot $2 | Rake $0
Seat 2: linocarrelli (big blind) collected ($2)
Seat 5: RaisemyNut$ (button) (small blind) folded before Flop


