PokerStars Hand #144696241495:  Hold'em Limit ($3/$6 USD) - 2015/12/02 1:29:44 ET
Table 'Dziban' 6-max Seat #6 is the button
Seat 1: Velbor107 ($300 in chips)
Seat 6: WSpieler ($120 in chips)
WSpieler: posts small blind $1
Velbor107: posts big blind $3
*** HOLE CARDS ***
WSpieler: raises $3 to $6
Velbor107: raises $3 to $9
WSpieler: raises $3 to $12
Betting is capped
Velbor107: calls $3
*** FLOP *** [Td 3h 5s]
Velbor107: checks
WSpieler: bets $3
Velbor107: raises $3 to $6
WSpieler: raises $3 to $9
Velbor107: calls $3
*** TURN *** [Td 3h 5s] [7h]
Velbor107: checks
WSpieler: bets $6
Velbor107: calls $6
*** RIVER *** [Td 3h 5s 7h] [4h]
gecko71747 joins the table at seat #3
Velbor107: bets $6
WSpieler: calls $6
*** SHOW DOWN ***
Velbor107: shows [Ah Th] (a flush, Ace high)
WSpieler: mucks hand
Velbor107 collected $65.50 from pot
*** SUMMARY ***
Total pot $66 | Rake $0.50
Board [Td 3h 5s 7h 4h]
Seat 1: Velbor107 (big blind) showed [Ah Th] and won ($65.50) with a flush, Ace high
Seat 6: WSpieler (button) (small blind) mucked


PokerStars Hand #144696566880:  Hold'em Limit ($3/$6 USD) - 2015/12/02 1:51:36 ET
Table 'Dziban' 6-max Seat #2 is the button
Seat 2: Donald ($134.02 in chips)
Seat 6: WSpieler ($187.60 in chips)
Donald: posts small blind $1
B_loJkl: is sitting out
WSpieler: posts big blind $3
*** HOLE CARDS ***
Donald: raises $3 to $6
B_loJkl leaves the table
WSpieler: raises $3 to $9
Donald: calls $3
*** FLOP *** [7s 8d 7c]
WSpieler: bets $3
B_loJkl joins the table at seat #1
Donald: calls $3
*** TURN *** [7s 8d 7c] [3s]
WSpieler: bets $6
Donald: calls $6
*** RIVER *** [7s 8d 7c 3s] [Js]
WSpieler: bets $6
Donald: calls $6
*** SHOW DOWN ***
WSpieler: shows [Qh Kc] (a pair of Sevens)
Donald: shows [3c Ad] (two pair, Sevens and Threes)
Donald collected $47.50 from pot
*** SUMMARY ***
Total pot $48 | Rake $0.50
Board [7s 8d 7c 3s Js]
Seat 2: Donald (button) (small blind) showed [3c Ad] and won ($47.50) with two pair, Sevens and Threes
Seat 6: WSpieler (big blind) showed [Qh Kc] and lost with a pair of Sevens


PokerStars Hand #144700839665:  Hold'em Limit ($3/$6 USD) - 2015/12/02 5:34:04 ET
Table 'Dziban' 6-max Seat #6 is the button
Seat 5: IgKnight212 ($159.23 in chips)
Seat 6: SashaYuvelir ($73 in chips)
SashaYuvelir: posts small blind $1
B_loJkl: is sitting out
IgKnight212: posts big blind $3
*** HOLE CARDS ***
SashaYuvelir: raises $3 to $6
IgKnight212: calls $3
*** FLOP *** [Kh 8d 5s]
IgKnight212: checks
SashaYuvelir: bets $3
IgKnight212: raises $3 to $6
SashaYuvelir: calls $3
*** TURN *** [Kh 8d 5s] [9d]
IgKnight212: bets $6
SashaYuvelir: calls $6
*** RIVER *** [Kh 8d 5s 9d] [4s]
IgKnight212: bets $6
SashaYuvelir: calls $6
*** SHOW DOWN ***
IgKnight212: shows [5c Qd] (a pair of Fives)
SashaYuvelir: mucks hand
IgKnight212 collected $47.50 from pot
*** SUMMARY ***
Total pot $48 | Rake $0.50
Board [Kh 8d 5s 9d 4s]
Seat 5: IgKnight212 (big blind) showed [5c Qd] and won ($47.50) with a pair of Fives
Seat 6: SashaYuvelir (button) (small blind) mucked


PokerStars Hand #144700878845:  Hold'em Limit ($3/$6 USD) - 2015/12/02 5:35:31 ET
Table 'Dziban' 6-max Seat #6 is the button
Seat 5: IgKnight212 ($152.73 in chips)
Seat 6: SashaYuvelir ($101.50 in chips)
SashaYuvelir: posts small blind $1
IgKnight212: posts big blind $3
*** HOLE CARDS ***
SashaYuvelir: raises $3 to $6
IgKnight212: calls $3
*** FLOP *** [Ah 6d 4c]
IgKnight212: checks
SashaYuvelir: bets $3
IgKnight212: raises $3 to $6
SashaYuvelir: calls $3
*** TURN *** [Ah 6d 4c] [Ks]
IgKnight212: checks
SashaYuvelir: checks
*** RIVER *** [Ah 6d 4c Ks] [8d]
IgKnight212: bets $6
SashaYuvelir: folds
Uncalled bet ($6) returned to IgKnight212
IgKnight212 collected $23.52 from pot
IgKnight212: doesn't show hand
*** SUMMARY ***
Total pot $24 | Rake $0.48
Board [Ah 6d 4c Ks 8d]
Seat 5: IgKnight212 (big blind) collected ($23.52)
Seat 6: SashaYuvelir (button) (small blind) folded on the River


PokerStars Hand #144700866307:  Hold'em Limit ($3/$6 USD) - 2015/12/02 5:35:03 ET
Table 'Dziban' 6-max Seat #5 is the button
Seat 5: IgKnight212 ($182.73 in chips)
Seat 6: SashaYuvelir ($72 in chips)
IgKnight212: posts small blind $1
SashaYuvelir: posts big blind $3
*** HOLE CARDS ***
IgKnight212: raises $3 to $6
SashaYuvelir: raises $3 to $9
IgKnight212: calls $3
*** FLOP *** [3d Kh Ts]
SashaYuvelir: bets $3
IgKnight212: calls $3
*** TURN *** [3d Kh Ts] [4h]
SashaYuvelir: checks
IgKnight212: bets $6
SashaYuvelir: raises $6 to $12
IgKnight212: calls $6
*** RIVER *** [3d Kh Ts 4h] [5c]
SashaYuvelir: bets $6
IgKnight212: calls $6
*** SHOW DOWN ***
SashaYuvelir: shows [Ad Ah] (a pair of Aces)
B_loJkl leaves the table
IgKnight212: mucks hand
SashaYuvelir collected $59.50 from pot
*** SUMMARY ***
Total pot $60 | Rake $0.50
Board [3d Kh Ts 4h 5c]
Seat 5: IgKnight212 (button) (small blind) mucked
Seat 6: SashaYuvelir (big blind) showed [Ad Ah] and won ($59.50) with a pair of Aces


PokerStars Hand #144700898959:  Hold'em Limit ($3/$6 USD) - 2015/12/02 5:36:15 ET
Table 'Dziban' 6-max Seat #5 is the button
Seat 5: IgKnight212 ($164.25 in chips)
Seat 6: SashaYuvelir ($89.50 in chips)
IgKnight212: posts small blind $1
SashaYuvelir: posts big blind $3
*** HOLE CARDS ***
IgKnight212: raises $3 to $6
SashaYuvelir: folds
Uncalled bet ($3) returned to IgKnight212
IgKnight212 collected $6 from pot
IgKnight212: doesn't show hand
*** SUMMARY ***
Total pot $6 | Rake $0
Seat 5: IgKnight212 (button) (small blind) collected ($6)
Seat 6: SashaYuvelir (big blind) folded before Flop


PokerStars Hand #144700915143:  Hold'em Limit ($3/$6 USD) - 2015/12/02 5:36:50 ET
Table 'Dziban' 6-max Seat #5 is the button
Seat 5: IgKnight212 ($190.75 in chips)
Seat 6: SashaYuvelir ($72 in chips)
IgKnight212: posts small blind $1
SashaYuvelir: posts big blind $3
*** HOLE CARDS ***
IgKnight212: raises $3 to $6
SashaYuvelir: calls $3
*** FLOP *** [6s 7h Ad]
SashaYuvelir: checks
IgKnight212: bets $3
SashaYuvelir: calls $3
*** TURN *** [6s 7h Ad] [6c]
SashaYuvelir: checks
IgKnight212: bets $6
SashaYuvelir: calls $6
*** RIVER *** [6s 7h Ad 6c] [4c]
SashaYuvelir: checks
IgKnight212: bets $6
SashaYuvelir: calls $6
*** SHOW DOWN ***
IgKnight212: shows [3c Ah] (two pair, Aces and Sixes)
SashaYuvelir: mucks hand
IgKnight212 collected $41.50 from pot
*** SUMMARY ***
Total pot $42 | Rake $0.50
Board [6s 7h Ad 6c 4c]
Seat 5: IgKnight212 (button) (small blind) showed [3c Ah] and won ($41.50) with two pair, Aces and Sixes
Seat 6: SashaYuvelir (big blind) mucked


PokerStars Hand #144700904511:  Hold'em Limit ($3/$6 USD) - 2015/12/02 5:36:27 ET
Table 'Dziban' 6-max Seat #6 is the button
Seat 5: IgKnight212 ($167.25 in chips)
Seat 6: SashaYuvelir ($86.50 in chips)
SashaYuvelir: posts small blind $1
IgKnight212: posts big blind $3
*** HOLE CARDS ***
SashaYuvelir: raises $3 to $6
IgKnight212: calls $3
*** FLOP *** [8d Tc Js]
IgKnight212: checks
SashaYuvelir: bets $3
IgKnight212: raises $3 to $6
SashaYuvelir: calls $3
*** TURN *** [8d Tc Js] [6d]
IgKnight212: bets $6
SashaYuvelir: calls $6
*** RIVER *** [8d Tc Js 6d] [Ts]
IgKnight212: bets $6
SashaYuvelir: calls $6
*** SHOW DOWN ***
IgKnight212: shows [Jc Qd] (two pair, Jacks and Tens)
SashaYuvelir: mucks hand
IgKnight212 collected $47.50 from pot
*** SUMMARY ***
Total pot $48 | Rake $0.50
Board [8d Tc Js 6d Ts]
Seat 5: IgKnight212 (big blind) showed [Jc Qd] and won ($47.50) with two pair, Jacks and Tens
Seat 6: SashaYuvelir (button) (small blind) mucked


PokerStars Hand #144700947373:  Hold'em Limit ($3/$6 USD) - 2015/12/02 5:37:59 ET
Table 'Dziban' 6-max Seat #5 is the button
Seat 5: IgKnight212 ($180 in chips)
Seat 6: SashaYuvelir ($102.25 in chips)
IgKnight212: posts small blind $1
SashaYuvelir: posts big blind $3
*** HOLE CARDS ***
IgKnight212: raises $3 to $6
SashaYuvelir: calls $3
*** FLOP *** [3h 4h Qs]
SashaYuvelir: checks
IgKnight212: bets $3
SashaYuvelir: calls $3
*** TURN *** [3h 4h Qs] [5d]
SashaYuvelir: checks
IgKnight212: checks
*** RIVER *** [3h 4h Qs 5d] [Jd]
SashaYuvelir: bets $6
IgKnight212: calls $6
*** SHOW DOWN ***
SashaYuvelir: shows [3d Ah] (a pair of Threes)
IgKnight212: shows [Ac 4s] (a pair of Fours)
IgKnight212 collected $29.50 from pot
*** SUMMARY ***
Total pot $30 | Rake $0.50
Board [3h 4h Qs 5d Jd]
Seat 5: IgKnight212 (button) (small blind) showed [Ac 4s] and won ($29.50) with a pair of Fours
Seat 6: SashaYuvelir (big blind) showed [3d Ah] and lost with a pair of Threes


PokerStars Hand #144700938587:  Hold'em Limit ($3/$6 USD) - 2015/12/02 5:37:40 ET
Table 'Dziban' 6-max Seat #6 is the button
Seat 5: IgKnight212 ($180.25 in chips)
Seat 6: SashaYuvelir ($102.50 in chips)
SashaYuvelir: posts small blind $1
IgKnight212: posts big blind $3
*** HOLE CARDS ***
SashaYuvelir: raises $3 to $6
IgKnight212: calls $3
*** FLOP *** [Qc 9s 2s]
IgKnight212: checks
SashaYuvelir: bets $3
IgKnight212: calls $3
*** TURN *** [Qc 9s 2s] [Jc]
IgKnight212: checks
SashaYuvelir: bets $6
IgKnight212: raises $6 to $12
SashaYuvelir: raises $6 to $18
IgKnight212: calls $6
*** RIVER *** [Qc 9s 2s Jc] [2d]
IgKnight212: checks
SashaYuvelir: bets $6
IgKnight212: calls $6
*** SHOW DOWN ***
SashaYuvelir: shows [Qh Td] (two pair, Queens and Deuces)
IgKnight212: shows [4s Qd] (two pair, Queens and Deuces)
IgKnight212 collected $32.75 from pot
SashaYuvelir collected $32.75 from pot
*** SUMMARY ***
Total pot $66 | Rake $0.50
Board [Qc 9s 2s Jc 2d]
Seat 5: IgKnight212 (big blind) showed [4s Qd] and won ($32.75) with two pair, Queens and Deuces
Seat 6: SashaYuvelir (button) (small blind) showed [Qh Td] and won ($32.75) with two pair, Queens and Deuces


PokerStars Hand #144700921683:  Hold'em Limit ($3/$6 USD) - 2015/12/02 5:37:04 ET
Table 'Dziban' 6-max Seat #6 is the button
Seat 5: IgKnight212 ($211.25 in chips)
Seat 6: SashaYuvelir ($72 in chips)
SashaYuvelir: posts small blind $1
IgKnight212: posts big blind $3
*** HOLE CARDS ***
SashaYuvelir: raises $3 to $6
IgKnight212: raises $3 to $9
SashaYuvelir: calls $3
*** FLOP *** [6s 7c 3c]
IgKnight212: bets $3
SashaYuvelir: calls $3
*** TURN *** [6s 7c 3c] [Jd]
IgKnight212: bets $6
SashaYuvelir: raises $6 to $12
IgKnight212: calls $6
*** RIVER *** [6s 7c 3c Jd] [4c]
IgKnight212: checks
SashaYuvelir: bets $6
IgKnight212: calls $6
*** SHOW DOWN ***
SashaYuvelir: shows [7s Jh] (two pair, Jacks and Sevens)
IgKnight212: mucks hand
SashaYuvelir collected $59.50 from pot
*** SUMMARY ***
Total pot $60 | Rake $0.50
Board [6s 7c 3c Jd 4c]
Seat 5: IgKnight212 (big blind) mucked
Seat 6: SashaYuvelir (button) (small blind) showed [7s Jh] and won ($59.50) with two pair, Jacks and Sevens


PokerStars Hand #144700935539:  Hold'em Limit ($3/$6 USD) - 2015/12/02 5:37:34 ET
Table 'Dziban' 6-max Seat #5 is the button
Seat 5: IgKnight212 ($181.25 in chips)
Seat 6: SashaYuvelir ($101.50 in chips)
IgKnight212: posts small blind $1
SashaYuvelir: posts big blind $3
*** HOLE CARDS ***
IgKnight212: folds
Uncalled bet ($2) returned to SashaYuvelir
SashaYuvelir collected $2 from pot
SashaYuvelir: doesn't show hand
*** SUMMARY ***
Total pot $2 | Rake $0
Seat 5: IgKnight212 (button) (small blind) folded before Flop
Seat 6: SashaYuvelir (big blind) collected ($2)


PokerStars Hand #144700975356:  Hold'em Limit ($3/$6 USD) - 2015/12/02 5:39:00 ET
Table 'Dziban' 6-max Seat #5 is the button
Seat 5: IgKnight212 ($212 in chips)
Seat 6: SashaYuvelir ($72 in chips)
IgKnight212: posts small blind $1
SashaYuvelir: posts big blind $3
*** HOLE CARDS ***
IgKnight212: calls $2
SashaYuvelir: checks
*** FLOP *** [4d Kh Ad]
SashaYuvelir: checks
IgKnight212: bets $3
SashaYuvelir: folds
Uncalled bet ($3) returned to IgKnight212
IgKnight212 collected $5.88 from pot
IgKnight212: doesn't show hand
*** SUMMARY ***
Total pot $6 | Rake $0.12
Board [4d Kh Ad]
Seat 5: IgKnight212 (button) (small blind) collected ($5.88)
Seat 6: SashaYuvelir (big blind) folded on the Flop


PokerStars Hand #144700955187:  Hold'em Limit ($3/$6 USD) - 2015/12/02 5:38:16 ET
Table 'Dziban' 6-max Seat #6 is the button
Seat 5: IgKnight212 ($194.50 in chips)
Seat 6: SashaYuvelir ($87.25 in chips)
SashaYuvelir: posts small blind $1
IgKnight212: posts big blind $3
*** HOLE CARDS ***
SashaYuvelir: raises $3 to $6
IgKnight212: calls $3
*** FLOP *** [6h 5d 9d]
IgKnight212: checks
SashaYuvelir: bets $3
IgKnight212: raises $3 to $6
SashaYuvelir: calls $3
*** TURN *** [6h 5d 9d] [8s]
IgKnight212: bets $6
SashaYuvelir: calls $6
*** RIVER *** [6h 5d 9d 8s] [Jh]
IgKnight212: bets $6
SashaYuvelir: folds
Uncalled bet ($6) returned to IgKnight212
IgKnight212 collected $35.50 from pot
IgKnight212: doesn't show hand
*** SUMMARY ***
Total pot $36 | Rake $0.50
Board [6h 5d 9d 8s Jh]
Seat 5: IgKnight212 (big blind) collected ($35.50)
Seat 6: SashaYuvelir (button) (small blind) folded on the River


PokerStars Hand #144700981779:  Hold'em Limit ($3/$6 USD) - 2015/12/02 5:39:14 ET
Table 'Dziban' 6-max Seat #6 is the button
Seat 5: IgKnight212 ($214.88 in chips)
Seat 6: SashaYuvelir ($72 in chips)
SashaYuvelir: posts small blind $1
IgKnight212: posts big blind $3
*** HOLE CARDS ***
SashaYuvelir: folds
Uncalled bet ($2) returned to IgKnight212
IgKnight212 collected $2 from pot
IgKnight212: doesn't show hand
*** SUMMARY ***
Total pot $2 | Rake $0
Seat 5: IgKnight212 (big blind) collected ($2)
Seat 6: SashaYuvelir (button) (small blind) folded before Flop


PokerStars Hand #144700995956:  Hold'em Limit ($3/$6 USD) - 2015/12/02 5:39:44 ET
Table 'Dziban' 6-max Seat #5 is the button
Seat 5: IgKnight212 ($192.88 in chips)
Seat 6: SashaYuvelir ($94.50 in chips)
IgKnight212: posts small blind $1
SashaYuvelir: posts big blind $3
*** HOLE CARDS ***
IgKnight212: raises $3 to $6
SashaYuvelir: calls $3
*** FLOP *** [5h 3h 9s]
SashaYuvelir: checks
IgKnight212: bets $3
SashaYuvelir: calls $3
*** TURN *** [5h 3h 9s] [8d]
SashaYuvelir: checks
IgKnight212: checks
*** RIVER *** [5h 3h 9s 8d] [5s]
SashaYuvelir: bets $6
IgKnight212: calls $6
*** SHOW DOWN ***
SashaYuvelir: shows [2s 3s] (two pair, Fives and Threes)
IgKnight212: mucks hand
SashaYuvelir collected $29.50 from pot
*** SUMMARY ***
Total pot $30 | Rake $0.50
Board [5h 3h 9s 8d 5s]
Seat 5: IgKnight212 (button) (small blind) mucked
Seat 6: SashaYuvelir (big blind) showed [2s 3s] and won ($29.50) with two pair, Fives and Threes


PokerStars Hand #144701005490:  Hold'em Limit ($3/$6 USD) - 2015/12/02 5:40:05 ET
Table 'Dziban' 6-max Seat #6 is the button
Seat 5: IgKnight212 ($177.88 in chips)
Seat 6: SashaYuvelir ($109 in chips)
SashaYuvelir: posts small blind $1
IgKnight212: posts big blind $3
*** HOLE CARDS ***
SashaYuvelir: raises $3 to $6
IgKnight212: calls $3
*** FLOP *** [Kh 3d 9c]
IgKnight212: checks
SashaYuvelir: bets $3
IgKnight212: folds
Uncalled bet ($3) returned to SashaYuvelir
SashaYuvelir collected $11.76 from pot
SashaYuvelir: doesn't show hand
*** SUMMARY ***
Total pot $12 | Rake $0.24
Board [Kh 3d 9c]
Seat 5: IgKnight212 (big blind) folded on the Flop
Seat 6: SashaYuvelir (button) (small blind) collected ($11.76)


PokerStars Hand #144700993875:  Hold'em Limit ($3/$6 USD) - 2015/12/02 5:39:40 ET
Table 'Dziban' 6-max Seat #6 is the button
Seat 5: IgKnight212 ($191.88 in chips)
Seat 6: SashaYuvelir ($95.50 in chips)
SashaYuvelir: posts small blind $1
IgKnight212: posts big blind $3
*** HOLE CARDS ***
SashaYuvelir: folds
Uncalled bet ($2) returned to IgKnight212
IgKnight212 collected $2 from pot
IgKnight212: doesn't show hand
*** SUMMARY ***
Total pot $2 | Rake $0
Seat 5: IgKnight212 (big blind) collected ($2)
Seat 6: SashaYuvelir (button) (small blind) folded before Flop


PokerStars Hand #144700983725:  Hold'em Limit ($3/$6 USD) - 2015/12/02 5:39:18 ET
Table 'Dziban' 6-max Seat #5 is the button
Seat 5: IgKnight212 ($215.88 in chips)
Seat 6: SashaYuvelir ($72 in chips)
IgKnight212: posts small blind $1
SashaYuvelir: posts big blind $3
*** HOLE CARDS ***
IgKnight212: raises $3 to $6
SashaYuvelir: calls $3
*** FLOP *** [6s 6c 4c]
SashaYuvelir: checks
IgKnight212: bets $3
SashaYuvelir: raises $3 to $6
IgKnight212: calls $3
*** TURN *** [6s 6c 4c] [7d]
SashaYuvelir: bets $6
IgKnight212: calls $6
*** RIVER *** [6s 6c 4c 7d] [4s]
SashaYuvelir: bets $6
IgKnight212: calls $6
*** SHOW DOWN ***
SashaYuvelir: shows [7c 5c] (two pair, Sevens and Sixes)
IgKnight212: mucks hand
SashaYuvelir collected $47.50 from pot
*** SUMMARY ***
Total pot $48 | Rake $0.50
Board [6s 6c 4c 7d 4s]
Seat 5: IgKnight212 (button) (small blind) mucked
Seat 6: SashaYuvelir (big blind) showed [7c 5c] and won ($47.50) with two pair, Sevens and Sixes


PokerStars Hand #144701013166:  Hold'em Limit ($3/$6 USD) - 2015/12/02 5:40:23 ET
Table 'Dziban' 6-max Seat #6 is the button
Seat 5: IgKnight212 ($162.88 in chips)
Seat 6: SashaYuvelir ($123.40 in chips)
SashaYuvelir: posts small blind $1
IgKnight212: posts big blind $3
*** HOLE CARDS ***
SashaYuvelir: folds
Uncalled bet ($2) returned to IgKnight212
IgKnight212 collected $2 from pot
IgKnight212: doesn't show hand
*** SUMMARY ***
Total pot $2 | Rake $0
Seat 5: IgKnight212 (big blind) collected ($2)
Seat 6: SashaYuvelir (button) (small blind) folded before Flop


PokerStars Hand #144701019930:  Hold'em Limit ($3/$6 USD) - 2015/12/02 5:40:39 ET
Table 'Dziban' 6-max Seat #6 is the button
Seat 5: IgKnight212 ($172.52 in chips)
Seat 6: SashaYuvelir ($113.40 in chips)
SashaYuvelir: posts small blind $1
IgKnight212: posts big blind $3
*** HOLE CARDS ***
SashaYuvelir: raises $3 to $6
IgKnight212: calls $3
*** FLOP *** [6d 5d Jh]
IgKnight212: checks
SashaYuvelir: bets $3
IgKnight212: raises $3 to $6
SashaYuvelir: calls $3
*** TURN *** [6d 5d Jh] [9d]
IgKnight212: bets $6
SashaYuvelir: calls $6
*** RIVER *** [6d 5d Jh 9d] [2d]
IgKnight212: bets $6
SashaYuvelir: calls $6
*** SHOW DOWN ***
IgKnight212: shows [Kh 6s] (a pair of Sixes)
SashaYuvelir: shows [4h Js] (a pair of Jacks)
SashaYuvelir collected $47.50 from pot
*** SUMMARY ***
Total pot $48 | Rake $0.50
Board [6d 5d Jh 9d 2d]
Seat 5: IgKnight212 (big blind) showed [Kh 6s] and lost with a pair of Sixes
Seat 6: SashaYuvelir (button) (small blind) showed [4h Js] and won ($47.50) with a pair of Jacks


PokerStars Hand #144701014902:  Hold'em Limit ($3/$6 USD) - 2015/12/02 5:40:27 ET
Table 'Dziban' 6-max Seat #5 is the button
Seat 5: IgKnight212 ($163.88 in chips)
Seat 6: SashaYuvelir ($122.40 in chips)
IgKnight212: posts small blind $1
SashaYuvelir: posts big blind $3
*** HOLE CARDS ***
IgKnight212: raises $3 to $6
SashaYuvelir: calls $3
*** FLOP *** [5s 2c 2d]
SashaYuvelir: checks
IgKnight212: bets $3
SashaYuvelir: calls $3
*** TURN *** [5s 2c 2d] [6c]
SashaYuvelir: checks
IgKnight212: bets $6
SashaYuvelir: folds
Uncalled bet ($6) returned to IgKnight212
IgKnight212 collected $17.64 from pot
IgKnight212: doesn't show hand
*** SUMMARY ***
Total pot $18 | Rake $0.36
Board [5s 2c 2d 6c]
Seat 5: IgKnight212 (button) (small blind) collected ($17.64)
Seat 6: SashaYuvelir (big blind) folded on the Turn


PokerStars Hand #144701025668:  Hold'em Limit ($3/$6 USD) - 2015/12/02 5:40:53 ET
Table 'Dziban' 6-max Seat #5 is the button
Seat 5: IgKnight212 ($148.52 in chips)
Seat 6: SashaYuvelir ($136.90 in chips)
IgKnight212: posts small blind $1
SashaYuvelir: posts big blind $3
*** HOLE CARDS ***
IgKnight212: calls $2
SashaYuvelir: checks
*** FLOP *** [3h 8d 3d]
SashaYuvelir: checks
IgKnight212: checks
*** TURN *** [3h 8d 3d] [9h]
SashaYuvelir: bets $6
IgKnight212: raises $6 to $12
SashaYuvelir: raises $6 to $18
IgKnight212: calls $6
*** RIVER *** [3h 8d 3d 9h] [Js]
SashaYuvelir: bets $6
IgKnight212: calls $6
*** SHOW DOWN ***
SashaYuvelir: shows [3c Qh] (three of a kind, Threes)
IgKnight212: mucks hand
SashaYuvelir collected $53.50 from pot
*** SUMMARY ***
Total pot $54 | Rake $0.50
Board [3h 8d 3d 9h Js]
Seat 5: IgKnight212 (button) (small blind) mucked
Seat 6: SashaYuvelir (big blind) showed [3c Qh] and won ($53.50) with three of a kind, Threes


PokerStars Hand #144701008999:  Hold'em Limit ($3/$6 USD) - 2015/12/02 5:40:14 ET
Table 'Dziban' 6-max Seat #5 is the button
Seat 5: IgKnight212 ($171.88 in chips)
Seat 6: SashaYuvelir ($114.76 in chips)
IgKnight212: posts small blind $1
SashaYuvelir: posts big blind $3
*** HOLE CARDS ***
IgKnight212: raises $3 to $6
SashaYuvelir: raises $3 to $9
IgKnight212: calls $3
*** FLOP *** [Qh 9s 4s]
SashaYuvelir: bets $3
IgKnight212: folds
Uncalled bet ($3) returned to SashaYuvelir
SashaYuvelir collected $17.64 from pot
SashaYuvelir: doesn't show hand
*** SUMMARY ***
Total pot $18 | Rake $0.36
Board [Qh 9s 4s]
Seat 5: IgKnight212 (button) (small blind) folded on the Flop
Seat 6: SashaYuvelir (big blind) collected ($17.64)


PokerStars Hand #144701038504:  Hold'em Limit ($3/$6 USD) - 2015/12/02 5:41:23 ET
Table 'Dziban' 6-max Seat #5 is the button
Seat 5: IgKnight212 ($94.52 in chips)
Seat 6: SashaYuvelir ($189.90 in chips)
IgKnight212: posts small blind $1
SashaYuvelir: posts big blind $3
*** HOLE CARDS ***
IgKnight212: folds
Uncalled bet ($2) returned to SashaYuvelir
SashaYuvelir collected $2 from pot
*** SUMMARY ***
Total pot $2 | Rake $0
Seat 5: IgKnight212 (button) (small blind) folded before Flop
Seat 6: SashaYuvelir (big blind) collected ($2)


PokerStars Hand #144701031885:  Hold'em Limit ($3/$6 USD) - 2015/12/02 5:41:07 ET
Table 'Dziban' 6-max Seat #6 is the button
Seat 5: IgKnight212 ($121.52 in chips)
Seat 6: SashaYuvelir ($163.40 in chips)
SashaYuvelir: posts small blind $1
IgKnight212: posts big blind $3
*** HOLE CARDS ***
SashaYuvelir: raises $3 to $6
IgKnight212: calls $3
*** FLOP *** [Kd 3d Ts]
IgKnight212: bets $3
SashaYuvelir: calls $3
*** TURN *** [Kd 3d Ts] [5s]
IgKnight212: bets $6
SashaYuvelir: raises $6 to $12
IgKnight212: calls $6
*** RIVER *** [Kd 3d Ts 5s] [9s]
IgKnight212: checks
SashaYuvelir: bets $6
IgKnight212: calls $6
*** SHOW DOWN ***
SashaYuvelir: shows [Td 9c] (two pair, Tens and Nines)
IgKnight212: mucks hand
SashaYuvelir collected $53.50 from pot
*** SUMMARY ***
Total pot $54 | Rake $0.50
Board [Kd 3d Ts 5s 9s]
Seat 5: IgKnight212 (big blind) mucked
Seat 6: SashaYuvelir (button) (small blind) showed [Td 9c] and won ($53.50) with two pair, Tens and Nines


PokerStars Hand #144701050399:  Hold'em Limit ($3/$6 USD) - 2015/12/02 5:41:51 ET
Table 'Dziban' 6-max Seat #5 is the button
Seat 5: IgKnight212 ($78.52 in chips)
Seat 6: SashaYuvelir ($205.40 in chips)
IgKnight212: posts small blind $1
SashaYuvelir: posts big blind $3
*** HOLE CARDS ***
IgKnight212: raises $3 to $6
SashaYuvelir: calls $3
*** FLOP *** [Kc 8s Ts]
SashaYuvelir: checks
IgKnight212: bets $3
SashaYuvelir: raises $3 to $6
IgKnight212: calls $3
*** TURN *** [Kc 8s Ts] [Ah]
SashaYuvelir: bets $6
IgKnight212: raises $6 to $12
SashaYuvelir: calls $6
*** RIVER *** [Kc 8s Ts Ah] [Kd]
SashaYuvelir: checks
IgKnight212: bets $6
SashaYuvelir: folds
Uncalled bet ($6) returned to IgKnight212
IgKnight212 collected $47.50 from pot
IgKnight212: doesn't show hand
*** SUMMARY ***
Total pot $48 | Rake $0.50
Board [Kc 8s Ts Ah Kd]
Seat 5: IgKnight212 (button) (small blind) collected ($47.50)
Seat 6: SashaYuvelir (big blind) folded on the River


PokerStars Hand #144701041637:  Hold'em Limit ($3/$6 USD) - 2015/12/02 5:41:31 ET
Table 'Dziban' 6-max Seat #6 is the button
Seat 5: IgKnight212 ($93.52 in chips)
Seat 6: SashaYuvelir ($190.90 in chips)
SashaYuvelir: posts small blind $1
IgKnight212: posts big blind $3
*** HOLE CARDS ***
SashaYuvelir: raises $3 to $6
IgKnight212: calls $3
*** FLOP *** [Th 8d 9s]
IgKnight212: bets $3
SashaYuvelir: calls $3
*** TURN *** [Th 8d 9s] [6d]
IgKnight212: bets $6
SashaYuvelir: raises $6 to $12
IgKnight212: folds
Uncalled bet ($6) returned to SashaYuvelir
SashaYuvelir collected $29.50 from pot
SashaYuvelir: doesn't show hand
*** SUMMARY ***
Total pot $30 | Rake $0.50
Board [Th 8d 9s 6d]
Seat 5: IgKnight212 (big blind) folded on the Turn
Seat 6: SashaYuvelir (button) (small blind) collected ($29.50)


PokerStars Hand #144701058523:  Hold'em Limit ($3/$6 USD) - 2015/12/02 5:42:10 ET
Table 'Dziban' 6-max Seat #6 is the button
Seat 5: IgKnight212 ($102.02 in chips)
Seat 6: SashaYuvelir ($181.40 in chips)
SashaYuvelir: posts small blind $1
IgKnight212: posts big blind $3
*** HOLE CARDS ***
SashaYuvelir: raises $3 to $6
IgKnight212: calls $3
*** FLOP *** [9d Tc 3c]
IgKnight212: checks
SashaYuvelir: bets $3
IgKnight212: raises $3 to $6
SashaYuvelir: folds
Uncalled bet ($3) returned to IgKnight212
IgKnight212 collected $17.64 from pot
IgKnight212: doesn't show hand
*** SUMMARY ***
Total pot $18 | Rake $0.36
Board [9d Tc 3c]
Seat 5: IgKnight212 (big blind) collected ($17.64)
Seat 6: SashaYuvelir (button) (small blind) folded on the Flop


PokerStars Hand #144701065121:  Hold'em Limit ($3/$6 USD) - 2015/12/02 5:42:26 ET
Table 'Dziban' 6-max Seat #5 is the button
Seat 5: IgKnight212 ($110.66 in chips)
Seat 6: SashaYuvelir ($172.40 in chips)
IgKnight212: posts small blind $1
SashaYuvelir: posts big blind $3
*** HOLE CARDS ***
IgKnight212: folds
Uncalled bet ($2) returned to SashaYuvelir
SashaYuvelir collected $2 from pot
SashaYuvelir: doesn't show hand
*** SUMMARY ***
Total pot $2 | Rake $0
Seat 5: IgKnight212 (button) (small blind) folded before Flop
Seat 6: SashaYuvelir (big blind) collected ($2)


PokerStars Hand #144701068624:  Hold'em Limit ($3/$6 USD) - 2015/12/02 5:42:34 ET
Table 'Dziban' 6-max Seat #6 is the button
Seat 5: IgKnight212 ($109.66 in chips)
Seat 6: SashaYuvelir ($173.40 in chips)
SashaYuvelir: posts small blind $1
IgKnight212: posts big blind $3
*** HOLE CARDS ***
SashaYuvelir: raises $3 to $6
IgKnight212: calls $3
*** FLOP *** [7d 2d Th]
IgKnight212: checks
SashaYuvelir: bets $3
IgKnight212: raises $3 to $6
SashaYuvelir: calls $3
*** TURN *** [7d 2d Th] [Ah]
IgKnight212: bets $6
SashaYuvelir: raises $6 to $12
IgKnight212: calls $6
*** RIVER *** [7d 2d Th Ah] [2c]
IgKnight212: checks
SashaYuvelir: bets $6
IgKnight212: calls $6
*** SHOW DOWN ***
SashaYuvelir: shows [Jh Jd] (two pair, Jacks and Deuces)
IgKnight212: mucks hand
SashaYuvelir collected $59.50 from pot
*** SUMMARY ***
Total pot $60 | Rake $0.50
Board [7d 2d Th Ah 2c]
Seat 5: IgKnight212 (big blind) mucked
Seat 6: SashaYuvelir (button) (small blind) showed [Jh Jd] and won ($59.50) with two pair, Jacks and Deuces


PokerStars Hand #144701075747:  Hold'em Limit ($3/$6 USD) - 2015/12/02 5:42:50 ET
Table 'Dziban' 6-max Seat #5 is the button
Seat 5: IgKnight212 ($79.66 in chips)
Seat 6: SashaYuvelir ($202.90 in chips)
IgKnight212: posts small blind $1
SashaYuvelir: posts big blind $3
*** HOLE CARDS ***
IgKnight212: raises $3 to $6
SashaYuvelir: calls $3
*** FLOP *** [Qd 5h Ah]
SashaYuvelir: checks
IgKnight212: bets $3
SashaYuvelir: calls $3
*** TURN *** [Qd 5h Ah] [6s]
SashaYuvelir: checks
IgKnight212: bets $6
SashaYuvelir: calls $6
*** RIVER *** [Qd 5h Ah 6s] [4c]
SashaYuvelir: checks
IgKnight212: bets $6
SashaYuvelir: calls $6
*** SHOW DOWN ***
IgKnight212: shows [As 2h] (a pair of Aces)
SashaYuvelir: mucks hand
IgKnight212 collected $41.50 from pot
*** SUMMARY ***
Total pot $42 | Rake $0.50
Board [Qd 5h Ah 6s 4c]
Seat 5: IgKnight212 (button) (small blind) showed [As 2h] and won ($41.50) with a pair of Aces
Seat 6: SashaYuvelir (big blind) mucked


PokerStars Hand #144701082715:  Hold'em Limit ($3/$6 USD) - 2015/12/02 5:43:07 ET
Table 'Dziban' 6-max Seat #6 is the button
Seat 5: IgKnight212 ($100.16 in chips)
Seat 6: SashaYuvelir ($181.90 in chips)
SashaYuvelir: posts small blind $1
IgKnight212: posts big blind $3
*** HOLE CARDS ***
SashaYuvelir: raises $3 to $6
IgKnight212: calls $3
*** FLOP *** [Jc 3s 9d]
IgKnight212: checks
SashaYuvelir: bets $3
IgKnight212: raises $3 to $6
SashaYuvelir: folds
Uncalled bet ($3) returned to IgKnight212
IgKnight212 collected $17.64 from pot
IgKnight212: doesn't show hand
*** SUMMARY ***
Total pot $18 | Rake $0.36
Board [Jc 3s 9d]
Seat 5: IgKnight212 (big blind) collected ($17.64)
Seat 6: SashaYuvelir (button) (small blind) folded on the Flop


PokerStars Hand #144701094509:  Hold'em Limit ($3/$6 USD) - 2015/12/02 5:43:35 ET
Table 'Dziban' 6-max Seat #6 is the button
Seat 5: IgKnight212 ($93.80 in chips)
Seat 6: SashaYuvelir ($187.40 in chips)
SashaYuvelir: posts small blind $1
IgKnight212: posts big blind $3
*** HOLE CARDS ***
SashaYuvelir: folds
Uncalled bet ($2) returned to IgKnight212
IgKnight212 collected $2 from pot
IgKnight212: doesn't show hand
*** SUMMARY ***
Total pot $2 | Rake $0
Seat 5: IgKnight212 (big blind) collected ($2)
Seat 6: SashaYuvelir (button) (small blind) folded before Flop


PokerStars Hand #144701086721:  Hold'em Limit ($3/$6 USD) - 2015/12/02 5:43:17 ET
Table 'Dziban' 6-max Seat #5 is the button
Seat 5: IgKnight212 ($108.80 in chips)
Seat 6: SashaYuvelir ($172.90 in chips)
IgKnight212: posts small blind $1
SashaYuvelir: posts big blind $3
*** HOLE CARDS ***
IgKnight212: raises $3 to $6
SashaYuvelir: calls $3
*** FLOP *** [8d 4d 3h]
SashaYuvelir: checks
IgKnight212: bets $3
SashaYuvelir: calls $3
*** TURN *** [8d 4d 3h] [2h]
SashaYuvelir: checks
IgKnight212: checks
*** RIVER *** [8d 4d 3h 2h] [7d]
SashaYuvelir: bets $6
IgKnight212: calls $6
*** SHOW DOWN ***
SashaYuvelir: shows [9s 7h] (a pair of Sevens)
IgKnight212: mucks hand
SashaYuvelir collected $29.50 from pot
*** SUMMARY ***
Total pot $30 | Rake $0.50
Board [8d 4d 3h 2h 7d]
Seat 5: IgKnight212 (button) (small blind) mucked
Seat 6: SashaYuvelir (big blind) showed [9s 7h] and won ($29.50) with a pair of Sevens


PokerStars Hand #144701101999:  Hold'em Limit ($3/$6 USD) - 2015/12/02 5:43:52 ET
Table 'Dziban' 6-max Seat #6 is the button
Seat 5: IgKnight212 ($82.80 in chips)
Seat 6: SashaYuvelir ($197.92 in chips)
SashaYuvelir: posts small blind $1
IgKnight212: posts big blind $3
*** HOLE CARDS ***
SashaYuvelir: raises $3 to $6
IgKnight212: calls $3
*** FLOP *** [7s 9h 4c]
IgKnight212: checks
SashaYuvelir: checks
*** TURN *** [7s 9h 4c] [8s]
IgKnight212: checks
SashaYuvelir: bets $6
IgKnight212: folds
Uncalled bet ($6) returned to SashaYuvelir
SashaYuvelir collected $11.76 from pot
SashaYuvelir: doesn't show hand
*** SUMMARY ***
Total pot $12 | Rake $0.24
Board [7s 9h 4c 8s]
Seat 5: IgKnight212 (big blind) folded on the Turn
Seat 6: SashaYuvelir (button) (small blind) collected ($11.76)


PokerStars Hand #144701096222:  Hold'em Limit ($3/$6 USD) - 2015/12/02 5:43:39 ET
Table 'Dziban' 6-max Seat #5 is the button
Seat 5: IgKnight212 ($94.80 in chips)
Seat 6: SashaYuvelir ($186.40 in chips)
IgKnight212: posts small blind $1
SashaYuvelir: posts big blind $3
*** HOLE CARDS ***
IgKnight212: raises $3 to $6
SashaYuvelir: raises $3 to $9
IgKnight212: calls $3
*** FLOP *** [5s 8d 2d]
SashaYuvelir: bets $3
IgKnight212: calls $3
*** TURN *** [5s 8d 2d] [7d]
SashaYuvelir: checks
IgKnight212: checks
*** RIVER *** [5s 8d 2d 7d] [7s]
SashaYuvelir: bets $6
IgKnight212: folds
Uncalled bet ($6) returned to SashaYuvelir
SashaYuvelir collected $23.52 from pot
SashaYuvelir: doesn't show hand
*** SUMMARY ***
Total pot $24 | Rake $0.48
Board [5s 8d 2d 7d 7s]
Seat 5: IgKnight212 (button) (small blind) folded on the River
Seat 6: SashaYuvelir (big blind) collected ($23.52)


PokerStars Hand #144701107223:  Hold'em Limit ($3/$6 USD) - 2015/12/02 5:44:04 ET
Table 'Dziban' 6-max Seat #5 is the button
Seat 5: IgKnight212 ($76.80 in chips)
Seat 6: SashaYuvelir ($203.68 in chips)
IgKnight212: posts small blind $1
SashaYuvelir: posts big blind $3
*** HOLE CARDS ***
IgKnight212: raises $3 to $6
SashaYuvelir: calls $3
*** FLOP *** [Qs 2s Ah]
SashaYuvelir: checks
IgKnight212: bets $3
SashaYuvelir: raises $3 to $6
IgKnight212: calls $3
*** TURN *** [Qs 2s Ah] [Qd]
SashaYuvelir: bets $6
IgKnight212: raises $6 to $12
SashaYuvelir: calls $6
*** RIVER *** [Qs 2s Ah Qd] [7d]
SashaYuvelir: checks
IgKnight212: bets $6
SashaYuvelir: folds
Uncalled bet ($6) returned to IgKnight212
IgKnight212 collected $47.50 from pot
IgKnight212: doesn't show hand
*** SUMMARY ***
Total pot $48 | Rake $0.50
Board [Qs 2s Ah Qd 7d]
Seat 5: IgKnight212 (button) (small blind) collected ($47.50)
Seat 6: SashaYuvelir (big blind) folded on the River


PokerStars Hand #144701127135:  Hold'em Limit ($3/$6 USD) - 2015/12/02 5:44:51 ET
Table 'Dziban' 6-max Seat #6 is the button
Seat 5: IgKnight212 ($54.30 in chips)
Seat 6: SashaYuvelir ($225.18 in chips)
SashaYuvelir: posts small blind $1
IgKnight212: posts big blind $3
*** HOLE CARDS ***
SashaYuvelir: raises $3 to $6
IgKnight212: calls $3
*** FLOP *** [2h 7d 8h]
IgKnight212: bets $3
SashaYuvelir: calls $3
*** TURN *** [2h 7d 8h] [4c]
IgKnight212: bets $6
SashaYuvelir: raises $6 to $12
IgKnight212: raises $6 to $18
SashaYuvelir: raises $6 to $24
Betting is capped
IgKnight212: calls $6
*** RIVER *** [2h 7d 8h 4c] [4s]
IgKnight212: bets $6
SashaYuvelir: calls $6
*** SHOW DOWN ***
IgKnight212: shows [2c 4d] (a full house, Fours full of Deuces)
SashaYuvelir: mucks hand
IgKnight212 collected $77.50 from pot
*** SUMMARY ***
Total pot $78 | Rake $0.50
Board [2h 7d 8h 4c 4s]
Seat 5: IgKnight212 (big blind) showed [2c 4d] and won ($77.50) with a full house, Fours full of Deuces
Seat 6: SashaYuvelir (button) (small blind) mucked


PokerStars Hand #144701114431:  Hold'em Limit ($3/$6 USD) - 2015/12/02 5:44:21 ET
Table 'Dziban' 6-max Seat #6 is the button
Seat 5: IgKnight212 ($100.30 in chips)
Seat 6: SashaYuvelir ($179.68 in chips)
SashaYuvelir: posts small blind $1
IgKnight212: posts big blind $3
*** HOLE CARDS ***
SashaYuvelir: raises $3 to $6
IgKnight212: calls $3
*** FLOP *** [5d 9s 2h]
IgKnight212: checks
SashaYuvelir: bets $3
IgKnight212: calls $3
*** TURN *** [5d 9s 2h] [4h]
IgKnight212: checks
SashaYuvelir: bets $6
IgKnight212: raises $6 to $12
SashaYuvelir: raises $6 to $18
IgKnight212: raises $6 to $24
Betting is capped
SashaYuvelir: calls $6
*** RIVER *** [5d 9s 2h 4h] [8c]
IgKnight212: bets $6
SashaYuvelir: raises $6 to $12
IgKnight212: calls $6
*** SHOW DOWN ***
SashaYuvelir: shows [7h 6h] (a straight, Five to Nine)
IgKnight212: mucks hand
SashaYuvelir collected $89.50 from pot
*** SUMMARY ***
Total pot $90 | Rake $0.50
Board [5d 9s 2h 4h 8c]
Seat 5: IgKnight212 (big blind) mucked
Seat 6: SashaYuvelir (button) (small blind) showed [7h 6h] and won ($89.50) with a straight, Five to Nine


PokerStars Hand #144701138052:  Hold'em Limit ($3/$6 USD) - 2015/12/02 5:45:16 ET
Table 'Dziban' 6-max Seat #6 is the button
Seat 5: IgKnight212 ($95.80 in chips)
Seat 6: SashaYuvelir ($183.18 in chips)
SashaYuvelir: posts small blind $1
IgKnight212: posts big blind $3
*** HOLE CARDS ***
SashaYuvelir: folds
Uncalled bet ($2) returned to IgKnight212
IgKnight212 collected $2 from pot
IgKnight212: doesn't show hand
*** SUMMARY ***
Total pot $2 | Rake $0
Seat 5: IgKnight212 (big blind) collected ($2)
Seat 6: SashaYuvelir (button) (small blind) folded before Flop


PokerStars Hand #144701134441:  Hold'em Limit ($3/$6 USD) - 2015/12/02 5:45:08 ET
Table 'Dziban' 6-max Seat #5 is the button
Seat 5: IgKnight212 ($92.80 in chips)
Seat 6: SashaYuvelir ($186.18 in chips)
IgKnight212: posts small blind $1
SashaYuvelir: posts big blind $3
*** HOLE CARDS ***
IgKnight212: raises $3 to $6
SashaYuvelir: folds
Uncalled bet ($3) returned to IgKnight212
IgKnight212 collected $6 from pot
IgKnight212: doesn't show hand
*** SUMMARY ***
Total pot $6 | Rake $0
Seat 5: IgKnight212 (button) (small blind) collected ($6)
Seat 6: SashaYuvelir (big blind) folded before Flop


PokerStars Hand #144701122249:  Hold'em Limit ($3/$6 USD) - 2015/12/02 5:44:40 ET
Table 'Dziban' 6-max Seat #5 is the button
Seat 5: IgKnight212 ($55.30 in chips)
Seat 6: SashaYuvelir ($224.18 in chips)
IgKnight212: posts small blind $1
SashaYuvelir: posts big blind $3
*** HOLE CARDS ***
IgKnight212: folds
Uncalled bet ($2) returned to SashaYuvelir
SashaYuvelir collected $2 from pot
SashaYuvelir: doesn't show hand
*** SUMMARY ***
Total pot $2 | Rake $0
Seat 5: IgKnight212 (button) (small blind) folded before Flop
Seat 6: SashaYuvelir (big blind) collected ($2)


PokerStars Hand #144701141795:  Hold'em Limit ($3/$6 USD) - 2015/12/02 5:45:25 ET
Table 'Dziban' 6-max Seat #6 is the button
Seat 5: IgKnight212 ($99.80 in chips)
Seat 6: SashaYuvelir ($179.18 in chips)
SashaYuvelir: posts small blind $1
IgKnight212: posts big blind $3
*** HOLE CARDS ***
SashaYuvelir: folds
Uncalled bet ($2) returned to IgKnight212
IgKnight212 collected $2 from pot
IgKnight212: doesn't show hand
*** SUMMARY ***
Total pot $2 | Rake $0
Seat 5: IgKnight212 (big blind) collected ($2)
Seat 6: SashaYuvelir (button) (small blind) folded before Flop


PokerStars Hand #144701139722:  Hold'em Limit ($3/$6 USD) - 2015/12/02 5:45:20 ET
Table 'Dziban' 6-max Seat #5 is the button
Seat 5: IgKnight212 ($96.80 in chips)
Seat 6: SashaYuvelir ($182.18 in chips)
IgKnight212: posts small blind $1
SashaYuvelir: posts big blind $3
*** HOLE CARDS ***
IgKnight212: raises $3 to $6
SashaYuvelir: folds
Uncalled bet ($3) returned to IgKnight212
IgKnight212 collected $6 from pot
IgKnight212: doesn't show hand
*** SUMMARY ***
Total pot $6 | Rake $0
Seat 5: IgKnight212 (button) (small blind) collected ($6)
Seat 6: SashaYuvelir (big blind) folded before Flop


PokerStars Hand #144701145946:  Hold'em Limit ($3/$6 USD) - 2015/12/02 5:45:34 ET
Table 'Dziban' 6-max Seat #6 is the button
Seat 5: IgKnight212 ($99.80 in chips)
Seat 6: SashaYuvelir ($179.18 in chips)
SashaYuvelir: posts small blind $1
IgKnight212: posts big blind $3
*** HOLE CARDS ***
SashaYuvelir: folds
Uncalled bet ($2) returned to IgKnight212
IgKnight212 collected $2 from pot
IgKnight212: doesn't show hand
*** SUMMARY ***
Total pot $2 | Rake $0
Seat 5: IgKnight212 (big blind) collected ($2)
Seat 6: SashaYuvelir (button) (small blind) folded before Flop


PokerStars Hand #144701156894:  Hold'em Limit ($3/$6 USD) - 2015/12/02 5:46:00 ET
Table 'Dziban' 6-max Seat #6 is the button
Seat 5: IgKnight212 ($88.80 in chips)
Seat 6: SashaYuvelir ($189.70 in chips)
SashaYuvelir: posts small blind $1
IgKnight212: posts big blind $3
*** HOLE CARDS ***
SashaYuvelir: raises $3 to $6
IgKnight212: calls $3
*** FLOP *** [3s 3h 2s]
IgKnight212: checks
SashaYuvelir: bets $3
IgKnight212: folds
Uncalled bet ($3) returned to SashaYuvelir
SashaYuvelir collected $11.76 from pot
SashaYuvelir: doesn't show hand
*** SUMMARY ***
Total pot $12 | Rake $0.24
Board [3s 3h 2s]
Seat 5: IgKnight212 (big blind) folded on the Flop
Seat 6: SashaYuvelir (button) (small blind) collected ($11.76)


PokerStars Hand #144701147534:  Hold'em Limit ($3/$6 USD) - 2015/12/02 5:45:38 ET
Table 'Dziban' 6-max Seat #5 is the button
Seat 5: IgKnight212 ($100.80 in chips)
Seat 6: SashaYuvelir ($178.18 in chips)
IgKnight212: posts small blind $1
SashaYuvelir: posts big blind $3
*** HOLE CARDS ***
IgKnight212: raises $3 to $6
SashaYuvelir: calls $3
*** FLOP *** [8h 8s 9c]
SashaYuvelir: checks
IgKnight212: checks
*** TURN *** [8h 8s 9c] [Jc]
SashaYuvelir: checks
IgKnight212: bets $6
SashaYuvelir: raises $6 to $12
IgKnight212: folds
Uncalled bet ($6) returned to SashaYuvelir
SashaYuvelir collected $23.52 from pot
*** SUMMARY ***
Total pot $24 | Rake $0.48
Board [8h 8s 9c Jc]
Seat 5: IgKnight212 (button) (small blind) folded on the Turn
Seat 6: SashaYuvelir (big blind) collected ($23.52)


PokerStars Hand #144701143521:  Hold'em Limit ($3/$6 USD) - 2015/12/02 5:45:29 ET
Table 'Dziban' 6-max Seat #5 is the button
Seat 5: IgKnight212 ($100.80 in chips)
Seat 6: SashaYuvelir ($178.18 in chips)
IgKnight212: posts small blind $1
SashaYuvelir: posts big blind $3
*** HOLE CARDS ***
IgKnight212: folds
Uncalled bet ($2) returned to SashaYuvelir
SashaYuvelir collected $2 from pot
SashaYuvelir: doesn't show hand
*** SUMMARY ***
Total pot $2 | Rake $0
Seat 5: IgKnight212 (button) (small blind) folded before Flop
Seat 6: SashaYuvelir (big blind) collected ($2)


PokerStars Hand #144701164134:  Hold'em Limit ($3/$6 USD) - 2015/12/02 5:46:17 ET
Table 'Dziban' 6-max Seat #5 is the button
Seat 5: IgKnight212 ($82.80 in chips)
Seat 6: SashaYuvelir ($195.46 in chips)
IgKnight212: posts small blind $1
SashaYuvelir: posts big blind $3
*** HOLE CARDS ***
IgKnight212: raises $3 to $6
SashaYuvelir: calls $3
*** FLOP *** [5h 5c 7d]
SashaYuvelir: checks
IgKnight212: bets $3
SashaYuvelir: raises $3 to $6
IgKnight212: calls $3
*** TURN *** [5h 5c 7d] [2c]
SashaYuvelir: bets $6
IgKnight212: raises $6 to $12
SashaYuvelir: calls $6
*** RIVER *** [5h 5c 7d 2c] [2d]
SashaYuvelir: checks
IgKnight212: bets $6
SashaYuvelir: calls $6
*** SHOW DOWN ***
IgKnight212: shows [7s Kh] (two pair, Sevens and Fives)
SashaYuvelir: shows [7h As] (two pair, Sevens and Fives - Ace kicker)
SashaYuvelir collected $59.50 from pot
*** SUMMARY ***
Total pot $60 | Rake $0.50
Board [5h 5c 7d 2c 2d]
Seat 5: IgKnight212 (button) (small blind) showed [7s Kh] and lost with two pair, Sevens and Fives
Seat 6: SashaYuvelir (big blind) showed [7h As] and won ($59.50) with two pair, Sevens and Fives


PokerStars Hand #144701177439:  Hold'em Limit ($3/$6 USD) - 2015/12/02 5:46:48 ET
Table 'Dziban' 6-max Seat #6 is the button
Seat 5: IgKnight212 ($52.80 in chips)
Seat 6: SashaYuvelir ($224.96 in chips)
SashaYuvelir: posts small blind $1
IgKnight212: posts big blind $3
*** HOLE CARDS ***
SashaYuvelir: raises $3 to $6
IgKnight212: raises $3 to $9
SashaYuvelir: calls $3
*** FLOP *** [Jc As 2h]
IgKnight212: bets $3
SashaYuvelir: calls $3
*** TURN *** [Jc As 2h] [9h]
IgKnight212: bets $6
SashaYuvelir: calls $6
*** RIVER *** [Jc As 2h 9h] [9c]
IgKnight212: bets $6
SashaYuvelir: calls $6
*** SHOW DOWN ***
IgKnight212: shows [Qs Qd] (two pair, Queens and Nines)
SashaYuvelir: mucks hand
IgKnight212 collected $47.50 from pot
*** SUMMARY ***
Total pot $48 | Rake $0.50
Board [Jc As 2h 9h 9c]
Seat 5: IgKnight212 (big blind) showed [Qs Qd] and won ($47.50) with two pair, Queens and Nines
Seat 6: SashaYuvelir (button) (small blind) mucked


PokerStars Hand #144701183982:  Hold'em Limit ($3/$6 USD) - 2015/12/02 5:47:03 ET
Table 'Dziban' 6-max Seat #5 is the button
Seat 5: IgKnight212 ($76.30 in chips)
Seat 6: SashaYuvelir ($200.96 in chips)
IgKnight212: posts small blind $1
SashaYuvelir: posts big blind $3
*** HOLE CARDS ***
IgKnight212: calls $2
SashaYuvelir: raises $3 to $6
IgKnight212: calls $3
*** FLOP *** [Tc 5c 4c]
SashaYuvelir: bets $3
IgKnight212: calls $3
*** TURN *** [Tc 5c 4c] [2s]
SashaYuvelir: bets $6
IgKnight212: calls $6
*** RIVER *** [Tc 5c 4c 2s] [3c]
SashaYuvelir: bets $6
IgKnight212: raises $6 to $12
SashaYuvelir: raises $6 to $18
IgKnight212: calls $6
*** SHOW DOWN ***
SashaYuvelir: shows [Qs Kc] (a flush, King high)
IgKnight212: mucks hand
SashaYuvelir collected $65.50 from pot
*** SUMMARY ***
Total pot $66 | Rake $0.50
Board [Tc 5c 4c 2s 3c]
Seat 5: IgKnight212 (button) (small blind) mucked
Seat 6: SashaYuvelir (big blind) showed [Qs Kc] and won ($65.50) with a flush, King high


PokerStars Hand #144701191748:  Hold'em Limit ($3/$6 USD) - 2015/12/02 5:47:21 ET
Table 'Dziban' 6-max Seat #6 is the button
Seat 5: IgKnight212 ($43.30 in chips)
Seat 6: SashaYuvelir ($233.46 in chips)
SashaYuvelir: posts small blind $1
IgKnight212: posts big blind $3
*** HOLE CARDS ***
SashaYuvelir: raises $3 to $6
IgKnight212: calls $3
*** FLOP *** [Qs 7d 8s]
IgKnight212: checks
SashaYuvelir: bets $3
IgKnight212: folds
Uncalled bet ($3) returned to SashaYuvelir
SashaYuvelir collected $11.76 from pot
SashaYuvelir: doesn't show hand
*** SUMMARY ***
Total pot $12 | Rake $0.24
Board [Qs 7d 8s]
Seat 5: IgKnight212 (big blind) folded on the Flop
Seat 6: SashaYuvelir (button) (small blind) collected ($11.76)


PokerStars Hand #144701207278:  Hold'em Limit ($3/$6 USD) - 2015/12/02 5:47:57 ET
Table 'Dziban' 6-max Seat #6 is the button
Seat 5: IgKnight212 ($24.30 in chips)
Seat 6: SashaYuvelir ($251.72 in chips)
SashaYuvelir: posts small blind $1
IgKnight212: posts big blind $3
*** HOLE CARDS ***
SashaYuvelir: raises $3 to $6
IgKnight212: raises $3 to $9
SashaYuvelir: raises $3 to $12
Betting is capped
IgKnight212: calls $3
*** FLOP *** [8c Kc 7d]
IgKnight212: bets $3
SashaYuvelir: raises $3 to $6
IgKnight212: raises $3 to $9
SashaYuvelir: raises $3 to $12
Betting is capped
IgKnight212: calls $3
*** TURN *** [8c Kc 7d] [7c]
IgKnight212: bets $0.30 and is all-in
SashaYuvelir: calls $0.30
*** RIVER *** [8c Kc 7d 7c] [4c]
*** SHOW DOWN ***
IgKnight212: shows [6h As] (a pair of Sevens)
SashaYuvelir: shows [Qs Qd] (two pair, Queens and Sevens)
SashaYuvelir collected $48.10 from pot
*** SUMMARY ***
Total pot $48.60 | Rake $0.50
Board [8c Kc 7d 7c 4c]
Seat 5: IgKnight212 (big blind) showed [6h As] and lost with a pair of Sevens
Seat 6: SashaYuvelir (button) (small blind) showed [Qs Qd] and won ($48.10) with two pair, Queens and Sevens


PokerStars Hand #144701198390:  Hold'em Limit ($3/$6 USD) - 2015/12/02 5:47:37 ET
Table 'Dziban' 6-max Seat #6 is the button
Seat 5: IgKnight212 ($40.30 in chips)
Seat 6: SashaYuvelir ($236.22 in chips)
SashaYuvelir: posts small blind $1
IgKnight212: posts big blind $3
*** HOLE CARDS ***
SashaYuvelir: raises $3 to $6
IgKnight212: raises $3 to $9
SashaYuvelir: raises $3 to $12
Betting is capped
IgKnight212: calls $3
*** FLOP *** [Ks Ts Qd]
IgKnight212: bets $3
SashaYuvelir: calls $3
*** TURN *** [Ks Ts Qd] [Qs]
IgKnight212: checks
SashaYuvelir: bets $6
IgKnight212: folds
Uncalled bet ($6) returned to SashaYuvelir
SashaYuvelir collected $29.50 from pot
SashaYuvelir: doesn't show hand
*** SUMMARY ***
Total pot $30 | Rake $0.50
Board [Ks Ts Qd Qs]
Seat 5: IgKnight212 (big blind) folded on the Turn
Seat 6: SashaYuvelir (button) (small blind) collected ($29.50)


PokerStars Hand #144701195708:  Hold'em Limit ($3/$6 USD) - 2015/12/02 5:47:31 ET
Table 'Dziban' 6-max Seat #5 is the button
Seat 5: IgKnight212 ($37.30 in chips)
Seat 6: SashaYuvelir ($239.22 in chips)
IgKnight212: posts small blind $1
SashaYuvelir: posts big blind $3
*** HOLE CARDS ***
IgKnight212: raises $3 to $6
SashaYuvelir: folds
Uncalled bet ($3) returned to IgKnight212
IgKnight212 collected $6 from pot
IgKnight212: doesn't show hand
*** SUMMARY ***
Total pot $6 | Rake $0
Seat 5: IgKnight212 (button) (small blind) collected ($6)
Seat 6: SashaYuvelir (big blind) folded before Flop


PokerStars Hand #144701205074:  Hold'em Limit ($3/$6 USD) - 2015/12/02 5:47:52 ET
Table 'Dziban' 6-max Seat #5 is the button
Seat 5: IgKnight212 ($25.30 in chips)
Seat 6: SashaYuvelir ($250.72 in chips)
IgKnight212: posts small blind $1
SashaYuvelir: posts big blind $3
*** HOLE CARDS ***
IgKnight212: folds
Uncalled bet ($2) returned to SashaYuvelir
SashaYuvelir collected $2 from pot
SashaYuvelir: doesn't show hand
*** SUMMARY ***
Total pot $2 | Rake $0
Seat 5: IgKnight212 (button) (small blind) folded before Flop
Seat 6: SashaYuvelir (big blind) collected ($2)


