PokerStars Hand #144833457788:  Hold'em Limit ($3/$6 USD) - 2015/12/04 18:38:36 ET
Table 'Dziban' 6-max Seat #5 is the button
Seat 3: jr10mp9 ($66.54 in chips)
Seat 5: craaa ($121 in chips)
craaa: posts small blind $1
jr10mp9: posts big blind $3
*** HOLE CARDS ***
craaa: raises $3 to $6
jr10mp9: calls $3
*** FLOP *** [Ts 7s As]
jr10mp9: checks
craaa: bets $3
jr10mp9: folds
Uncalled bet ($3) returned to craaa
craaa collected $11.76 from pot
craaa: doesn't show hand
*** SUMMARY ***
Total pot $12 | Rake $0.24
Board [Ts 7s As]
Seat 3: jr10mp9 (big blind) folded on the Flop
Seat 5: craaa (button) (small blind) collected ($11.76)


PokerStars Hand #144833466415:  Hold'em Limit ($3/$6 USD) - 2015/12/04 18:38:47 ET
Table 'Dziban' 6-max Seat #3 is the button
Seat 3: jr10mp9 ($60.54 in chips)
Seat 5: craaa ($126.76 in chips)
jr10mp9: posts small blind $1
craaa: posts big blind $3
*** HOLE CARDS ***
jr10mp9: raises $3 to $6
craaa: raises $3 to $9
jr10mp9: calls $3
*** FLOP *** [Ad 8d 7c]
craaa: bets $3
jr10mp9: calls $3
*** TURN *** [Ad 8d 7c] [3s]
craaa: bets $6
SashaYuvelir joins the table at seat #6
jr10mp9: calls $6
*** RIVER *** [Ad 8d 7c 3s] [Jh]
craaa: bets $6
jr10mp9: calls $6
*** SHOW DOWN ***
craaa: shows [Ac Ah] (three of a kind, Aces)
jr10mp9: mucks hand
Lauriston72 joins the table at seat #1
craaa collected $47.50 from pot
*** SUMMARY ***
Total pot $48 | Rake $0.50
Board [Ad 8d 7c 3s Jh]
Seat 3: jr10mp9 (button) (small blind) mucked
Seat 5: craaa (big blind) showed [Ac Ah] and won ($47.50) with three of a kind, Aces


PokerStars Hand #144833835621:  Hold'em Limit ($3/$6 USD) - 2015/12/04 18:46:44 ET
Table 'Dziban' 6-max Seat #2 is the button
Seat 1: Lauriston72 ($176.84 in chips)
Seat 2: alexslep ($150 in chips)
alexslep: posts small blind $1
SashaYuvelir: is sitting out
Lauriston72: posts big blind $3
*** HOLE CARDS ***
alexslep: raises $3 to $6
Lauriston72: calls $3
*** FLOP *** [Ac 7h Qs]
Lauriston72: checks
alexslep: bets $3
Lauriston72: folds
Uncalled bet ($3) returned to alexslep
alexslep collected $11.76 from pot
alexslep: doesn't show hand
*** SUMMARY ***
Total pot $12 | Rake $0.24
Board [Ac 7h Qs]
Seat 1: Lauriston72 (big blind) folded on the Flop
Seat 2: alexslep (button) (small blind) collected ($11.76)


