PokerStars Hand #155845385882:  Hold'em Limit ($3/$6 USD) - 2016/07/11 14:57:34 ET
Table 'Dziban' 6-max Seat #2 is the button
Seat 1: jackRizzar ($229.30 in chips)
Seat 2: tante_matild ($65.13 in chips)
tante_matild: posts small blind $1
Wurst2000: is sitting out
jackRizzar: posts big blind $3
*** HOLE CARDS ***
tante_matild: folds
Uncalled bet ($2) returned to jackRizzar
jackRizzar collected $2 from pot
*** SUMMARY ***
Total pot $2 | Rake $0
Seat 1: jackRizzar (big blind) collected ($2)
Seat 2: tante_matild (button) (small blind) folded before Flop


PokerStars Hand #155845388733:  Hold'em Limit ($3/$6 USD) - 2016/07/11 14:57:39 ET
Table 'Dziban' 6-max Seat #1 is the button
Seat 1: jackRizzar ($230.30 in chips)
Seat 2: tante_matild ($64.13 in chips)
jackRizzar: posts small blind $1
tante_matild: posts big blind $3
*** HOLE CARDS ***
jackRizzar: raises $3 to $6
tante_matild: folds
Uncalled bet ($3) returned to jackRizzar
jackRizzar collected $6 from pot
*** SUMMARY ***
Total pot $6 | Rake $0
Seat 1: jackRizzar (button) (small blind) collected ($6)
Seat 2: tante_matild (big blind) folded before Flop


PokerStars Hand #155846173066:  Hold'em Limit ($3/$6 USD) - 2016/07/11 15:14:32 ET
Table 'Dziban' 6-max Seat #4 is the button
Seat 1: _fayzulllo_ ($75 in chips)
Seat 4: AzureCaper ($73 in chips)
AzureCaper: posts small blind $1
_fayzulllo_: posts big blind $3
*** HOLE CARDS ***
AzureCaper: folds
Uncalled bet ($2) returned to _fayzulllo_
Wurst2000 joins the table at seat #2
_fayzulllo_ collected $2 from pot
_fayzulllo_: doesn't show hand
*** SUMMARY ***
Total pot $2 | Rake $0
Seat 1: _fayzulllo_ (big blind) collected ($2)
Seat 4: AzureCaper (button) (small blind) folded before Flop


PokerStars Hand #155850624200:  Hold'em Limit ($3/$6 USD) - 2016/07/11 16:44:15 ET
Table 'Dziban' 6-max Seat #3 is the button
Seat 1: Sochi Street ($161.36 in chips)
Seat 3: Wurst2000 ($121.58 in chips)
Wurst2000: posts small blind $1
vestimokrec: is sitting out
Sochi Street: posts big blind $3
*** HOLE CARDS ***
Wurst2000: folds
Uncalled bet ($2) returned to Sochi Street
Sochi Street collected $2 from pot
Sochi Street: doesn't show hand
*** SUMMARY ***
Total pot $2 | Rake $0
Seat 1: Sochi Street (big blind) collected ($2)
Seat 3: Wurst2000 (button) (small blind) folded before Flop


