PokerStars Hand #151959061338:  Hold'em Limit ($3/$6 USD) - 2016/04/15 14:32:32 ET
Table 'Eagle' 10-max Seat #9 is the button
Seat 8: Pandakey ($99 in chips)
Seat 9: shalomrum ($50.50 in chips)
shalomrum: posts small blind $1
Pandakey: posts big blind $3
*** HOLE CARDS ***
shalomrum: folds
Uncalled bet ($2) returned to Pandakey
Pandakey collected $2 from pot
Pandakey: doesn't show hand
*** SUMMARY ***
Total pot $2 | Rake $0
Seat 8: Pandakey (big blind) collected ($2)
Seat 9: shalomrum (button) (small blind) folded before Flop


PokerStars Hand #151959050078:  Hold'em Limit ($3/$6 USD) - 2016/04/15 14:32:18 ET
Table 'Eagle' 10-max Seat #8 is the button
Seat 8: Pandakey ($96 in chips)
Seat 9: shalomrum ($53.50 in chips)
Pandakey: posts small blind $1
shalomrum: posts big blind $3
*** HOLE CARDS ***
Pandakey: raises $3 to $6
shalomrum: folds
Uncalled bet ($3) returned to Pandakey
Pandakey collected $6 from pot
Pandakey: doesn't show hand
*** SUMMARY ***
Total pot $6 | Rake $0
Seat 8: Pandakey (button) (small blind) collected ($6)
Seat 9: shalomrum (big blind) folded before Flop


PokerStars Hand #151959019513:  Hold'em Limit ($3/$6 USD) - 2016/04/15 14:31:41 ET
Table 'Eagle' 10-max Seat #9 is the button
Seat 8: Pandakey ($123 in chips)
Seat 9: shalomrum ($27 in chips)
shalomrum: posts small blind $1
Pandakey: posts big blind $3
*** HOLE CARDS ***
shalomrum: raises $3 to $6
Pandakey: calls $3
*** FLOP *** [4h 6d 7d]
Pandakey: checks
shalomrum: bets $3
Pandakey: raises $3 to $6
shalomrum: calls $3
*** TURN *** [4h 6d 7d] [3s]
Pandakey: bets $6
shalomrum: raises $6 to $12
Pandakey: calls $6
*** RIVER *** [4h 6d 7d 3s] [6s]
Pandakey: checks
shalomrum: bets $3 and is all-in
Pandakey: calls $3
*** SHOW DOWN ***
shalomrum: shows [Kd Kh] (two pair, Kings and Sixes)
Pandakey: shows [Jc 7s] (two pair, Sevens and Sixes)
shalomrum collected $53.50 from pot
*** SUMMARY ***
Total pot $54 | Rake $0.50
Board [4h 6d 7d 3s 6s]
Seat 8: Pandakey (big blind) showed [Jc 7s] and lost with two pair, Sevens and Sixes
Seat 9: shalomrum (button) (small blind) showed [Kd Kh] and won ($53.50) with two pair, Kings and Sixes


PokerStars Hand #151959105005:  Hold'em Limit ($3/$6 USD) - 2016/04/15 14:33:26 ET
Table 'Eagle' 10-max Seat #8 is the button
Seat 8: Pandakey ($121.25 in chips)
Seat 9: shalomrum ($27.25 in chips)
Pandakey: posts small blind $1
shalomrum: posts big blind $3
*** HOLE CARDS ***
Pandakey: folds
Uncalled bet ($2) returned to shalomrum
shalomrum collected $2 from pot
shalomrum: doesn't show hand
*** SUMMARY ***
Total pot $2 | Rake $0
Seat 8: Pandakey (button) (small blind) folded before Flop
Seat 9: shalomrum (big blind) collected ($2)


PokerStars Hand #151959100680:  Hold'em Limit ($3/$6 USD) - 2016/04/15 14:33:21 ET
Table 'Eagle' 10-max Seat #9 is the button
Seat 8: Pandakey ($124.25 in chips)
Seat 9: shalomrum ($24.25 in chips)
shalomrum: posts small blind $1
Pandakey: posts big blind $3
*** HOLE CARDS ***
shalomrum: raises $3 to $6
Pandakey: folds
Uncalled bet ($3) returned to shalomrum
shalomrum collected $6 from pot
shalomrum: doesn't show hand
*** SUMMARY ***
Total pot $6 | Rake $0
Seat 8: Pandakey (big blind) folded before Flop
Seat 9: shalomrum (button) (small blind) collected ($6)


PokerStars Hand #151959087604:  Hold'em Limit ($3/$6 USD) - 2016/04/15 14:33:05 ET
Table 'Eagle' 10-max Seat #8 is the button
Seat 8: Pandakey ($100.75 in chips)
Seat 9: shalomrum ($48.25 in chips)
Pandakey: posts small blind $1
shalomrum: posts big blind $3
*** HOLE CARDS ***
Pandakey: raises $3 to $6
shalomrum: raises $3 to $9
Pandakey: calls $3
*** FLOP *** [5d 7c Kd]
shalomrum: bets $3
Pandakey: calls $3
*** TURN *** [5d 7c Kd] [8c]
shalomrum: bets $6
Pandakey: calls $6
*** RIVER *** [5d 7c Kd 8c] [6d]
shalomrum: bets $6
Pandakey: calls $6
*** SHOW DOWN ***
shalomrum: shows [Qh Ks] (a pair of Kings)
Pandakey: shows [8d 6c] (two pair, Eights and Sixes)
Pandakey collected $47.50 from pot
*** SUMMARY ***
Total pot $48 | Rake $0.50
Board [5d 7c Kd 8c 6d]
Seat 8: Pandakey (button) (small blind) showed [8d 6c] and won ($47.50) with two pair, Eights and Sixes
Seat 9: shalomrum (big blind) showed [Qh Ks] and lost with a pair of Kings


PokerStars Hand #151959083818:  Hold'em Limit ($3/$6 USD) - 2016/04/15 14:33:00 ET
Table 'Eagle' 10-max Seat #9 is the button
Seat 8: Pandakey ($99.75 in chips)
Seat 9: shalomrum ($49.25 in chips)
shalomrum: posts small blind $1
Pandakey: posts big blind $3
*** HOLE CARDS ***
shalomrum: folds
Uncalled bet ($2) returned to Pandakey
Pandakey collected $2 from pot
Pandakey: doesn't show hand
*** SUMMARY ***
Total pot $2 | Rake $0
Seat 8: Pandakey (big blind) collected ($2)
Seat 9: shalomrum (button) (small blind) folded before Flop


PokerStars Hand #151959064791:  Hold'em Limit ($3/$6 USD) - 2016/04/15 14:32:36 ET
Table 'Eagle' 10-max Seat #8 is the button
Seat 8: Pandakey ($100 in chips)
Seat 9: shalomrum ($49.50 in chips)
Pandakey: posts small blind $1
shalomrum: posts big blind $3
*** HOLE CARDS ***
Pandakey: raises $3 to $6
shalomrum: calls $3
*** FLOP *** [3c Qc Ad]
shalomrum: checks
Pandakey: bets $3
shalomrum: raises $3 to $6
Pandakey: calls $3
*** TURN *** [3c Qc Ad] [3s]
shalomrum: checks
Pandakey: bets $6
shalomrum: calls $6
*** RIVER *** [3c Qc Ad 3s] [Kc]
shalomrum: checks
Pandakey: checks
*** SHOW DOWN ***
shalomrum: shows [Qh 2h] (two pair, Queens and Threes)
Pandakey: shows [Qd 8h] (two pair, Queens and Threes)
shalomrum collected $17.75 from pot
Pandakey collected $17.75 from pot
*** SUMMARY ***
Total pot $36 | Rake $0.50
Board [3c Qc Ad 3s Kc]
Seat 8: Pandakey (button) (small blind) showed [Qd 8h] and won ($17.75) with two pair, Queens and Threes
Seat 9: shalomrum (big blind) showed [Qh 2h] and won ($17.75) with two pair, Queens and Threes


PokerStars Hand #151959111246:  Hold'em Limit ($3/$6 USD) - 2016/04/15 14:33:34 ET
Table 'Eagle' 10-max Seat #9 is the button
Seat 8: Pandakey ($120.25 in chips)
Seat 9: shalomrum ($28.25 in chips)
shalomrum: posts small blind $1
Pandakey: posts big blind $3
*** HOLE CARDS ***
shalomrum: raises $3 to $6
Pandakey: calls $3
*** FLOP *** [6s Th Kd]
Pandakey: checks
shalomrum: bets $3
Pandakey: raises $3 to $6
shalomrum: calls $3
*** TURN *** [6s Th Kd] [8c]
Pandakey: bets $6
shalomrum: folds
Uncalled bet ($6) returned to Pandakey
Pandakey collected $23.52 from pot
Pandakey: doesn't show hand
*** SUMMARY ***
Total pot $24 | Rake $0.48
Board [6s Th Kd 8c]
Seat 8: Pandakey (big blind) collected ($23.52)
Seat 9: shalomrum (button) (small blind) folded on the Turn


PokerStars Hand #151959124966:  Hold'em Limit ($3/$6 USD) - 2016/04/15 14:33:51 ET
Table 'Eagle' 10-max Seat #8 is the button
Seat 8: Pandakey ($131.77 in chips)
Seat 9: shalomrum ($16.25 in chips)
Pandakey: posts small blind $1
shalomrum: posts big blind $3
*** HOLE CARDS ***
Pandakey: raises $3 to $6
shalomrum: raises $3 to $9
Pandakey: calls $3
*** FLOP *** [Jd Qs 5d]
shalomrum: bets $3
Pandakey: raises $3 to $6
shalomrum: raises $1.25 to $7.25 and is all-in
Pandakey: calls $1.25
*** TURN *** [Jd Qs 5d] [3d]
*** RIVER *** [Jd Qs 5d 3d] [Ks]
*** SHOW DOWN ***
shalomrum: shows [Ah Ad] (a pair of Aces)
Pandakey: shows [5c Qd] (two pair, Queens and Fives)
Pandakey collected $32 from pot
*** SUMMARY ***
Total pot $32.50 | Rake $0.50
Board [Jd Qs 5d 3d Ks]
Seat 8: Pandakey (button) (small blind) showed [5c Qd] and won ($32) with two pair, Queens and Fives
Seat 9: shalomrum (big blind) showed [Ah Ad] and lost with a pair of Aces


PokerStars Hand #151959156946:  Hold'em Limit ($3/$6 USD) - 2016/04/15 14:34:23 ET
Table 'Eagle' 10-max Seat #9 is the button
Seat 8: Pandakey ($147.52 in chips)
Seat 9: shalomrum ($44.01 in chips)
shalomrum: posts small blind $1
Pandakey: posts big blind $3
*** HOLE CARDS ***
shalomrum: raises $3 to $6
Pandakey: folds
Uncalled bet ($3) returned to shalomrum
shalomrum collected $6 from pot
shalomrum: doesn't show hand
*** SUMMARY ***
Total pot $6 | Rake $0
Seat 8: Pandakey (big blind) folded before Flop
Seat 9: shalomrum (button) (small blind) collected ($6)


PokerStars Hand #151959161894:  Hold'em Limit ($3/$6 USD) - 2016/04/15 14:34:29 ET
Table 'Eagle' 10-max Seat #8 is the button
Seat 8: Pandakey ($144.52 in chips)
Seat 9: shalomrum ($47.01 in chips)
Pandakey: posts small blind $1
shalomrum: posts big blind $3
*** HOLE CARDS ***
Pandakey: folds
Uncalled bet ($2) returned to shalomrum
shalomrum collected $2 from pot
shalomrum: doesn't show hand
*** SUMMARY ***
Total pot $2 | Rake $0
Seat 8: Pandakey (button) (small blind) folded before Flop
Seat 9: shalomrum (big blind) collected ($2)


PokerStars Hand #151959166007:  Hold'em Limit ($3/$6 USD) - 2016/04/15 14:34:34 ET
Table 'Eagle' 10-max Seat #9 is the button
Seat 8: Pandakey ($143.52 in chips)
Seat 9: shalomrum ($48.01 in chips)
shalomrum: posts small blind $1
Pandakey: posts big blind $3
*** HOLE CARDS ***
shalomrum: raises $3 to $6
Pandakey: calls $3
*** FLOP *** [Td 5c 8d]
Pandakey: checks
shalomrum: bets $3
Pandakey: calls $3
*** TURN *** [Td 5c 8d] [5h]
Pandakey: bets $6
shalomrum: calls $6
*** RIVER *** [Td 5c 8d 5h] [9h]
Pandakey: bets $6
shalomrum: calls $6
*** SHOW DOWN ***
Pandakey: shows [9c Qs] (two pair, Nines and Fives)
shalomrum: shows [4c Tc] (two pair, Tens and Fives)
shalomrum collected $41.50 from pot
*** SUMMARY ***
Total pot $42 | Rake $0.50
Board [Td 5c 8d 5h 9h]
Seat 8: Pandakey (big blind) showed [9c Qs] and lost with two pair, Nines and Fives
Seat 9: shalomrum (button) (small blind) showed [4c Tc] and won ($41.50) with two pair, Tens and Fives


PokerStars Hand #151959198464:  Hold'em Limit ($3/$6 USD) - 2016/04/15 14:35:14 ET
Table 'Eagle' 10-max Seat #9 is the button
Seat 8: Pandakey ($137.02 in chips)
Seat 9: shalomrum ($53.51 in chips)
shalomrum: posts small blind $1
Pandakey: posts big blind $3
*** HOLE CARDS ***
shalomrum: folds
Uncalled bet ($2) returned to Pandakey
Pandakey collected $2 from pot
Pandakey: doesn't show hand
*** SUMMARY ***
Total pot $2 | Rake $0
Seat 8: Pandakey (big blind) collected ($2)
Seat 9: shalomrum (button) (small blind) folded before Flop


PokerStars Hand #151959181236:  Hold'em Limit ($3/$6 USD) - 2016/04/15 14:34:53 ET
Table 'Eagle' 10-max Seat #8 is the button
Seat 8: Pandakey ($122.52 in chips)
Seat 9: shalomrum ($68.51 in chips)
Pandakey: posts small blind $1
shalomrum: posts big blind $3
*** HOLE CARDS ***
Pandakey: raises $3 to $6
shalomrum: calls $3
*** FLOP *** [4h Ks Jh]
shalomrum: checks
Pandakey: bets $3
shalomrum: calls $3
*** TURN *** [4h Ks Jh] [Kd]
shalomrum: checks
Pandakey: bets $6
shalomrum: calls $6
*** RIVER *** [4h Ks Jh Kd] [As]
shalomrum: checks
Pandakey: bets $6
shalomrum: folds
Uncalled bet ($6) returned to Pandakey
Pandakey collected $29.50 from pot
Pandakey: doesn't show hand
*** SUMMARY ***
Total pot $30 | Rake $0.50
Board [4h Ks Jh Kd As]
Seat 8: Pandakey (button) (small blind) collected ($29.50)
Seat 9: shalomrum (big blind) folded on the River


PokerStars Hand #151959225434:  Hold'em Limit ($3/$6 USD) - 2016/04/15 14:35:47 ET
Table 'Eagle' 10-max Seat #8 is the button
Seat 8: Pandakey ($168.52 in chips)
Seat 9: shalomrum ($21.51 in chips)
Pandakey: posts small blind $1
shalomrum: posts big blind $3
*** HOLE CARDS ***
Pandakey: raises $3 to $6
shalomrum: calls $3
*** FLOP *** [8d Js Th]
shalomrum: checks
Pandakey: checks
*** TURN *** [8d Js Th] [Ah]
shalomrum: checks
Pandakey: checks
*** RIVER *** [8d Js Th Ah] [3h]
shalomrum: checks
Pandakey: bets $6
shalomrum: folds
Uncalled bet ($6) returned to Pandakey
Pandakey collected $11.76 from pot
Pandakey: doesn't show hand
*** SUMMARY ***
Total pot $12 | Rake $0.24
Board [8d Js Th Ah 3h]
Seat 8: Pandakey (button) (small blind) collected ($11.76)
Seat 9: shalomrum (big blind) folded on the River


PokerStars Hand #151959240364:  Hold'em Limit ($3/$6 USD) - 2016/04/15 14:36:05 ET
Table 'Eagle' 10-max Seat #9 is the button
Seat 8: Pandakey ($174.28 in chips)
Seat 9: shalomrum ($15.51 in chips)
shalomrum: posts small blind $1
Pandakey: posts big blind $3
*** HOLE CARDS ***
shalomrum: raises $3 to $6
Pandakey: raises $3 to $9
shalomrum: calls $3
*** FLOP *** [2h 2c 7d]
Pandakey: bets $3
shalomrum: raises $3 to $6
Pandakey: raises $3 to $9
shalomrum: calls $0.51 and is all-in
Uncalled bet ($2.49) returned to Pandakey
*** TURN *** [2h 2c 7d] [2d]
*** RIVER *** [2h 2c 7d 2d] [Ks]
*** SHOW DOWN ***
Pandakey: shows [Th Kd] (a full house, Deuces full of Kings)
shalomrum: shows [7h 6c] (a full house, Deuces full of Sevens)
Pandakey collected $30.52 from pot
*** SUMMARY ***
Total pot $31.02 | Rake $0.50
Board [2h 2c 7d 2d Ks]
Seat 8: Pandakey (big blind) showed [Th Kd] and won ($30.52) with a full house, Deuces full of Kings
Seat 9: shalomrum (button) (small blind) showed [7h 6c] and lost with a full house, Deuces full of Sevens


PokerStars Hand #151959221483:  Hold'em Limit ($3/$6 USD) - 2016/04/15 14:35:42 ET
Table 'Eagle' 10-max Seat #9 is the button
Seat 8: Pandakey ($167.52 in chips)
Seat 9: shalomrum ($22.51 in chips)
shalomrum: posts small blind $1
Pandakey: posts big blind $3
*** HOLE CARDS ***
shalomrum: folds
Uncalled bet ($2) returned to Pandakey
Pandakey collected $2 from pot
Pandakey: doesn't show hand
*** SUMMARY ***
Total pot $2 | Rake $0
Seat 8: Pandakey (big blind) collected ($2)
Seat 9: shalomrum (button) (small blind) folded before Flop


PokerStars Hand #151959202439:  Hold'em Limit ($3/$6 USD) - 2016/04/15 14:35:19 ET
Table 'Eagle' 10-max Seat #8 is the button
Seat 8: Pandakey ($138.02 in chips)
Seat 9: shalomrum ($52.51 in chips)
Pandakey: posts small blind $1
shalomrum: posts big blind $3
*** HOLE CARDS ***
Pandakey: raises $3 to $6
shalomrum: calls $3
*** FLOP *** [5h 3h Kh]
shalomrum: checks
Pandakey: bets $3
shalomrum: raises $3 to $6
Pandakey: calls $3
*** TURN *** [5h 3h Kh] [Ts]
shalomrum: bets $6
Pandakey: raises $6 to $12
shalomrum: calls $6
*** RIVER *** [5h 3h Kh Ts] [2s]
shalomrum: checks
Pandakey: bets $6
shalomrum: calls $6
*** SHOW DOWN ***
Pandakey: shows [Ad Ks] (a pair of Kings)
shalomrum: mucks hand
Pandakey collected $59.50 from pot
*** SUMMARY ***
Total pot $60 | Rake $0.50
Board [5h 3h Kh Ts 2s]
Seat 8: Pandakey (button) (small blind) showed [Ad Ks] and won ($59.50) with a pair of Kings
Seat 9: shalomrum (big blind) mucked


PokerStars Hand #151959571290:  Hold'em Limit ($3/$6 USD) - 2016/04/15 14:42:48 ET
Table 'Eagle' 10-max Seat #9 is the button
Seat 8: Pandakey ($168.29 in chips)
Seat 9: BADEXTASY ($140.50 in chips)
BADEXTASY: posts small blind $1
Pandakey: posts big blind $3
*** HOLE CARDS ***
BADEXTASY: raises $3 to $6
Pandakey: calls $3
*** FLOP *** [3h Td Th]
Pandakey: checks
BADEXTASY: bets $3
Pandakey: calls $3
*** TURN *** [3h Td Th] [2h]
Pandakey: checks
BADEXTASY: bets $6
Pandakey: calls $6
*** RIVER *** [3h Td Th 2h] [2s]
Pandakey: checks
BADEXTASY: checks
*** SHOW DOWN ***
Pandakey: shows [As 4c] (two pair, Tens and Deuces)
BADEXTASY: mucks hand
Pandakey collected $29.50 from pot
*** SUMMARY ***
Total pot $30 | Rake $0.50
Board [3h Td Th 2h 2s]
Seat 8: Pandakey (big blind) showed [As 4c] and won ($29.50) with two pair, Tens and Deuces
Seat 9: BADEXTASY (button) (small blind) mucked


PokerStars Hand #151959616620:  Hold'em Limit ($3/$6 USD) - 2016/04/15 14:43:43 ET
Table 'Eagle' 10-max Seat #8 is the button
Seat 8: Pandakey ($152.79 in chips)
Seat 9: BADEXTASY ($154.52 in chips)
Pandakey: posts small blind $1
BADEXTASY: posts big blind $3
*** HOLE CARDS ***
Pandakey: raises $3 to $6
BADEXTASY: raises $3 to $9
Pandakey: calls $3
*** FLOP *** [3d 5d 8d]
BADEXTASY: bets $3
Pandakey: calls $3
*** TURN *** [3d 5d 8d] [Ad]
BADEXTASY: checks
Pandakey: checks
*** RIVER *** [3d 5d 8d Ad] [As]
BADEXTASY: checks
Pandakey: checks
*** SHOW DOWN ***
BADEXTASY: shows [Jc Kc] (a pair of Aces)
Pandakey: shows [9h 8s] (two pair, Aces and Eights)
Pandakey collected $23.52 from pot
*** SUMMARY ***
Total pot $24 | Rake $0.48
Board [3d 5d 8d Ad As]
Seat 8: Pandakey (button) (small blind) showed [9h 8s] and won ($23.52) with two pair, Aces and Eights
Seat 9: BADEXTASY (big blind) showed [Jc Kc] and lost with a pair of Aces


PokerStars Hand #151959602893:  Hold'em Limit ($3/$6 USD) - 2016/04/15 14:43:26 ET
Table 'Eagle' 10-max Seat #9 is the button
Seat 8: Pandakey ($164.79 in chips)
Seat 9: BADEXTASY ($143 in chips)
BADEXTASY: posts small blind $1
Pandakey: posts big blind $3
*** HOLE CARDS ***
BADEXTASY: raises $3 to $6
Pandakey: calls $3
*** FLOP *** [Kd 6h 3c]
Pandakey: checks
BADEXTASY: bets $3
Pandakey: raises $3 to $6
BADEXTASY: raises $3 to $9
Pandakey: folds
Uncalled bet ($3) returned to BADEXTASY
BADEXTASY collected $23.52 from pot
BADEXTASY: doesn't show hand
*** SUMMARY ***
Total pot $24 | Rake $0.48
Board [Kd 6h 3c]
Seat 8: Pandakey (big blind) folded on the Flop
Seat 9: BADEXTASY (button) (small blind) collected ($23.52)


PokerStars Hand #151959589805:  Hold'em Limit ($3/$6 USD) - 2016/04/15 14:43:10 ET
Table 'Eagle' 10-max Seat #8 is the button
Seat 8: Pandakey ($182.79 in chips)
Seat 9: BADEXTASY ($125.50 in chips)
Pandakey: posts small blind $1
BADEXTASY: posts big blind $3
*** HOLE CARDS ***
Pandakey: raises $3 to $6
BADEXTASY: calls $3
*** FLOP *** [5d Js 6h]
BADEXTASY: checks
Pandakey: bets $3
BADEXTASY: raises $3 to $6
Pandakey: calls $3
*** TURN *** [5d Js 6h] [Ah]
BADEXTASY: bets $6
Pandakey: calls $6
*** RIVER *** [5d Js 6h Ah] [7s]
BADEXTASY: bets $6
Pandakey: folds
Uncalled bet ($6) returned to BADEXTASY
BADEXTASY collected $35.50 from pot
BADEXTASY: doesn't show hand
*** SUMMARY ***
Total pot $36 | Rake $0.50
Board [5d Js 6h Ah 7s]
Seat 8: Pandakey (button) (small blind) folded on the River
Seat 9: BADEXTASY (big blind) collected ($35.50)


PokerStars Hand #151959855076:  Hold'em Limit ($3/$6 USD) - 2016/04/15 14:48:32 ET
Table 'Eagle' 10-max Seat #10 is the button
Seat 9: BADEXTASY ($112.02 in chips)
Seat 10: MTails ($148.76 in chips)
MTails: posts small blind $1
BADEXTASY: posts big blind $3
*** HOLE CARDS ***
MTails: raises $3 to $6
BADEXTASY: calls $3
*** FLOP *** [7c Ks 5d]
BADEXTASY: checks
MTails: bets $3
BADEXTASY: folds
Uncalled bet ($3) returned to MTails
MTails collected $11.76 from pot
*** SUMMARY ***
Total pot $12 | Rake $0.24
Board [7c Ks 5d]
Seat 9: BADEXTASY (big blind) folded on the Flop
Seat 10: MTails (button) (small blind) collected ($11.76)


PokerStars Hand #151959850665:  Hold'em Limit ($3/$6 USD) - 2016/04/15 14:48:26 ET
Table 'Eagle' 10-max Seat #9 is the button
Seat 9: BADEXTASY ($109.02 in chips)
Seat 10: MTails ($151.76 in chips)
BADEXTASY: posts small blind $1
MTails: posts big blind $3
*** HOLE CARDS ***
BADEXTASY: raises $3 to $6
MTails: folds
Uncalled bet ($3) returned to BADEXTASY
BADEXTASY collected $6 from pot
BADEXTASY: doesn't show hand
*** SUMMARY ***
Total pot $6 | Rake $0
Seat 9: BADEXTASY (button) (small blind) collected ($6)
Seat 10: MTails (big blind) folded before Flop


PokerStars Hand #151959841262:  Hold'em Limit ($3/$6 USD) - 2016/04/15 14:48:15 ET
Table 'Eagle' 10-max Seat #10 is the button
Seat 9: BADEXTASY ($115.02 in chips)
Seat 10: MTails ($146 in chips)
MTails: posts small blind $1
BADEXTASY: posts big blind $3
*** HOLE CARDS ***
MTails: raises $3 to $6
BADEXTASY: calls $3
*** FLOP *** [Qs 7s 7h]
BADEXTASY: checks
MTails: bets $3
BADEXTASY: folds
Uncalled bet ($3) returned to MTails
MTails collected $11.76 from pot
*** SUMMARY ***
Total pot $12 | Rake $0.24
Board [Qs 7s 7h]
Seat 9: BADEXTASY (big blind) folded on the Flop
Seat 10: MTails (button) (small blind) collected ($11.76)


PokerStars Hand #151959824169:  Hold'em Limit ($3/$6 USD) - 2016/04/15 14:47:55 ET
Table 'Eagle' 10-max Seat #9 is the button
Seat 9: BADEXTASY ($130.02 in chips)
Seat 10: MTails ($131.50 in chips)
BADEXTASY: posts small blind $1
MTails: posts big blind $3
*** HOLE CARDS ***
BADEXTASY: raises $3 to $6
MTails: calls $3
*** FLOP *** [2c 3h Ts]
MTails: checks
BADEXTASY: bets $3
MTails: calls $3
*** TURN *** [2c 3h Ts] [3d]
MTails: checks
BADEXTASY: checks
*** RIVER *** [2c 3h Ts 3d] [9h]
MTails: bets $6
BADEXTASY: calls $6
*** SHOW DOWN ***
MTails: shows [As Qd] (a pair of Threes)
BADEXTASY: mucks hand
MTails collected $29.50 from pot
*** SUMMARY ***
Total pot $30 | Rake $0.50
Board [2c 3h Ts 3d 9h]
Seat 9: BADEXTASY (button) (small blind) mucked
Seat 10: MTails (big blind) showed [As Qd] and won ($29.50) with a pair of Threes


PokerStars Hand #151959806518:  Hold'em Limit ($3/$6 USD) - 2016/04/15 14:47:33 ET
Table 'Eagle' 10-max Seat #10 is the button
Seat 9: BADEXTASY ($157.02 in chips)
Seat 10: MTails ($105 in chips)
MTails: posts small blind $1
BADEXTASY: posts big blind $3
*** HOLE CARDS ***
MTails: raises $3 to $6
BADEXTASY: calls $3
*** FLOP *** [9c 2h 7c]
BADEXTASY: checks
MTails: bets $3
BADEXTASY: calls $3
*** TURN *** [9c 2h 7c] [3h]
BADEXTASY: checks
MTails: bets $6
BADEXTASY: raises $6 to $12
MTails: calls $6
*** RIVER *** [9c 2h 7c 3h] [As]
BADEXTASY: bets $6
MTails: calls $6
*** SHOW DOWN ***
BADEXTASY: shows [5h 6h] (high card Ace)
MTails: shows [4s 7h] (a pair of Sevens)
MTails collected $53.50 from pot
*** SUMMARY ***
Total pot $54 | Rake $0.50
Board [9c 2h 7c 3h As]
Seat 9: BADEXTASY (big blind) showed [5h 6h] and lost with high card Ace
Seat 10: MTails (button) (small blind) showed [4s 7h] and won ($53.50) with a pair of Sevens


PokerStars Hand #151959907874:  Hold'em Limit ($3/$6 USD) - 2016/04/15 14:49:35 ET
Table 'Eagle' 10-max Seat #10 is the button
Seat 9: BADEXTASY ($123.16 in chips)
Seat 10: MTails ($136.02 in chips)
MTails: posts small blind $1
BADEXTASY: posts big blind $3
*** HOLE CARDS ***
MTails: raises $3 to $6
BADEXTASY: calls $3
*** FLOP *** [Qs Kd Qd]
BADEXTASY: checks
MTails: bets $3
BADEXTASY: raises $3 to $6
MTails: folds
Uncalled bet ($3) returned to BADEXTASY
BADEXTASY collected $17.64 from pot
BADEXTASY: doesn't show hand
*** SUMMARY ***
Total pot $18 | Rake $0.36
Board [Qs Kd Qd]
Seat 9: BADEXTASY (big blind) collected ($17.64)
Seat 10: MTails (button) (small blind) folded on the Flop


PokerStars Hand #151959889314:  Hold'em Limit ($3/$6 USD) - 2016/04/15 14:49:13 ET
Table 'Eagle' 10-max Seat #9 is the button
Seat 9: BADEXTASY ($90.66 in chips)
Seat 10: MTails ($169.02 in chips)
BADEXTASY: posts small blind $1
MTails: posts big blind $3
*** HOLE CARDS ***
BADEXTASY: raises $3 to $6
MTails: raises $3 to $9
BADEXTASY: calls $3
*** FLOP *** [6s Td 7s]
MTails: bets $3
BADEXTASY: raises $3 to $6
MTails: calls $3
*** TURN *** [6s Td 7s] [3h]
MTails: checks
BADEXTASY: bets $6
MTails: raises $6 to $12
BADEXTASY: calls $6
*** RIVER *** [6s Td 7s 3h] [2c]
MTails: bets $6
BADEXTASY: calls $6
*** SHOW DOWN ***
MTails: shows [8h 5h] (high card Ten)
BADEXTASY: shows [Jh Th] (a pair of Tens)
BADEXTASY collected $65.50 from pot
*** SUMMARY ***
Total pot $66 | Rake $0.50
Board [6s Td 7s 3h 2c]
Seat 9: BADEXTASY (button) (small blind) showed [Jh Th] and won ($65.50) with a pair of Tens
Seat 10: MTails (big blind) showed [8h 5h] and lost with high card Ten


PokerStars Hand #151959877007:  Hold'em Limit ($3/$6 USD) - 2016/04/15 14:48:58 ET
Table 'Eagle' 10-max Seat #10 is the button
Seat 9: BADEXTASY ($82.02 in chips)
Seat 10: MTails ($178.02 in chips)
MTails: posts small blind $1
BADEXTASY: posts big blind $3
*** HOLE CARDS ***
MTails: raises $3 to $6
BADEXTASY: calls $3
*** FLOP *** [Ad 7h Kd]
BADEXTASY: checks
MTails: bets $3
BADEXTASY: calls $3
*** TURN *** [Ad 7h Kd] [3c]
BADEXTASY: checks
MTails: checks
*** RIVER *** [Ad 7h Kd 3c] [Jh]
BADEXTASY: bets $6
MTails: folds
Uncalled bet ($6) returned to BADEXTASY
BADEXTASY collected $17.64 from pot
BADEXTASY: doesn't show hand
*** SUMMARY ***
Total pot $18 | Rake $0.36
Board [Ad 7h Kd 3c Jh]
Seat 9: BADEXTASY (big blind) collected ($17.64)
Seat 10: MTails (button) (small blind) folded on the River


PokerStars Hand #151959863273:  Hold'em Limit ($3/$6 USD) - 2016/04/15 14:48:42 ET
Table 'Eagle' 10-max Seat #9 is the button
Seat 9: BADEXTASY ($106.02 in chips)
Seat 10: MTails ($154.52 in chips)
BADEXTASY: posts small blind $1
MTails: posts big blind $3
*** HOLE CARDS ***
BADEXTASY: raises $3 to $6
MTails: raises $3 to $9
BADEXTASY: calls $3
*** FLOP *** [5h 3h 2d]
MTails: bets $3
BADEXTASY: calls $3
*** TURN *** [5h 3h 2d] [Th]
MTails: bets $6
BADEXTASY: calls $6
*** RIVER *** [5h 3h 2d Th] [3s]
MTails: bets $6
BADEXTASY: calls $6
*** SHOW DOWN ***
MTails: shows [8d 8h] (two pair, Eights and Threes)
BADEXTASY: mucks hand
MTails collected $47.50 from pot
*** SUMMARY ***
Total pot $48 | Rake $0.50
Board [5h 3h 2d Th 3s]
Seat 9: BADEXTASY (button) (small blind) mucked
Seat 10: MTails (big blind) showed [8d 8h] and won ($47.50) with two pair, Eights and Threes


PokerStars Hand #151959951692:  Hold'em Limit ($3/$6 USD) - 2016/04/15 14:50:28 ET
Table 'Eagle' 10-max Seat #10 is the button
Seat 9: BADEXTASY ($98.80 in chips)
Seat 10: MTails ($158.92 in chips)
MTails: posts small blind $1
BADEXTASY: posts big blind $3
*** HOLE CARDS ***
MTails: folds
Uncalled bet ($2) returned to BADEXTASY
BADEXTASY collected $2 from pot
BADEXTASY: doesn't show hand
*** SUMMARY ***
Total pot $2 | Rake $0
Seat 9: BADEXTASY (big blind) collected ($2)
Seat 10: MTails (button) (small blind) folded before Flop


PokerStars Hand #151959934591:  Hold'em Limit ($3/$6 USD) - 2016/04/15 14:50:07 ET
Table 'Eagle' 10-max Seat #9 is the button
Seat 9: BADEXTASY ($116.80 in chips)
Seat 10: MTails ($141.42 in chips)
BADEXTASY: posts small blind $1
MTails: posts big blind $3
*** HOLE CARDS ***
BADEXTASY: raises $3 to $6
MTails: raises $3 to $9
BADEXTASY: calls $3
*** FLOP *** [3d 4c Jd]
MTails: bets $3
BADEXTASY: calls $3
*** TURN *** [3d 4c Jd] [Jh]
MTails: bets $6
BADEXTASY: calls $6
*** RIVER *** [3d 4c Jd Jh] [Th]
MTails: bets $6
BADEXTASY: folds
Uncalled bet ($6) returned to MTails
MTails collected $35.50 from pot
*** SUMMARY ***
Total pot $36 | Rake $0.50
Board [3d 4c Jd Jh Th]
Seat 9: BADEXTASY (button) (small blind) folded on the River
Seat 10: MTails (big blind) collected ($35.50)


PokerStars Hand #151959927103:  Hold'em Limit ($3/$6 USD) - 2016/04/15 14:49:58 ET
Table 'Eagle' 10-max Seat #10 is the button
Seat 9: BADEXTASY ($122.80 in chips)
Seat 10: MTails ($135.66 in chips)
MTails: posts small blind $1
BADEXTASY: posts big blind $3
*** HOLE CARDS ***
MTails: raises $3 to $6
BADEXTASY: calls $3
*** FLOP *** [5c 3c Ks]
BADEXTASY: checks
MTails: bets $3
BADEXTASY: folds
Uncalled bet ($3) returned to MTails
MTails collected $11.76 from pot
*** SUMMARY ***
Total pot $12 | Rake $0.24
Board [5c 3c Ks]
Seat 9: BADEXTASY (big blind) folded on the Flop
Seat 10: MTails (button) (small blind) collected ($11.76)


PokerStars Hand #151959916644:  Hold'em Limit ($3/$6 USD) - 2016/04/15 14:49:46 ET
Table 'Eagle' 10-max Seat #9 is the button
Seat 9: BADEXTASY ($131.80 in chips)
Seat 10: MTails ($127.02 in chips)
BADEXTASY: posts small blind $1
MTails: posts big blind $3
*** HOLE CARDS ***
BADEXTASY: raises $3 to $6
MTails: calls $3
*** FLOP *** [2c As Kh]
MTails: checks
BADEXTASY: bets $3
MTails: raises $3 to $6
BADEXTASY: folds
Uncalled bet ($3) returned to MTails
MTails collected $17.64 from pot
*** SUMMARY ***
Total pot $18 | Rake $0.36
Board [2c As Kh]
Seat 9: BADEXTASY (button) (small blind) folded on the Flop
Seat 10: MTails (big blind) collected ($17.64)


PokerStars Hand #151959995835:  Hold'em Limit ($3/$6 USD) - 2016/04/15 14:51:21 ET
Table 'Eagle' 10-max Seat #9 is the button
Seat 9: BADEXTASY ($51.80 in chips)
Seat 10: MTails ($204.92 in chips)
BADEXTASY: posts small blind $1
MTails: posts big blind $3
*** HOLE CARDS ***
BADEXTASY: raises $3 to $6
MTails: raises $3 to $9
BADEXTASY: calls $3
*** FLOP *** [5c 3s Th]
MTails: bets $3
BADEXTASY: calls $3
*** TURN *** [5c 3s Th] [8d]
MTails: bets $6
BADEXTASY: raises $6 to $12
Pelurile joins the table at seat #1
MTails: raises $6 to $18
BADEXTASY: calls $6
*** RIVER *** [5c 3s Th 8d] [Jc]
MTails: bets $6
BADEXTASY: calls $6
*** SHOW DOWN ***
MTails: shows [5h 5d] (three of a kind, Fives)
BADEXTASY: mucks hand
MTails collected $71.50 from pot
*** SUMMARY ***
Total pot $72 | Rake $0.50
Board [5c 3s Th 8d Jc]
Seat 9: BADEXTASY (button) (small blind) mucked
Seat 10: MTails (big blind) showed [5h 5d] and won ($71.50) with three of a kind, Fives


PokerStars Hand #151959973943:  Hold'em Limit ($3/$6 USD) - 2016/04/15 14:50:55 ET
Table 'Eagle' 10-max Seat #10 is the button
Seat 9: BADEXTASY ($78.80 in chips)
Seat 10: MTails ($178.42 in chips)
MTails: posts small blind $1
BADEXTASY: posts big blind $3
*** HOLE CARDS ***
MTails: raises $3 to $6
BADEXTASY: calls $3
*** FLOP *** [Ks 4d 5c]
BADEXTASY: checks
MTails: bets $3
BADEXTASY: calls $3
*** TURN *** [Ks 4d 5c] [Qs]
BADEXTASY: checks
MTails: bets $6
BADEXTASY: raises $6 to $12
MTails: raises $6 to $18
BADEXTASY: calls $6
*** RIVER *** [Ks 4d 5c Qs] [Td]
BADEXTASY: checks
MTails: bets $6
BADEXTASY: folds
Uncalled bet ($6) returned to MTails
MTails collected $53.50 from pot
*** SUMMARY ***
Total pot $54 | Rake $0.50
Board [Ks 4d 5c Qs Td]
Seat 9: BADEXTASY (big blind) folded on the River
Seat 10: MTails (button) (small blind) collected ($53.50)


PokerStars Hand #151959956079:  Hold'em Limit ($3/$6 USD) - 2016/04/15 14:50:33 ET
Table 'Eagle' 10-max Seat #9 is the button
Seat 9: BADEXTASY ($99.80 in chips)
Seat 10: MTails ($157.92 in chips)
BADEXTASY: posts small blind $1
MTails: posts big blind $3
*** HOLE CARDS ***
BADEXTASY: raises $3 to $6
MTails: calls $3
*** FLOP *** [2h 9h Qh]
MTails: checks
BADEXTASY: bets $3
MTails: calls $3
*** TURN *** [2h 9h Qh] [3s]
MTails: checks
BADEXTASY: bets $6
MTails: calls $6
*** RIVER *** [2h 9h Qh 3s] [4h]
MTails: bets $6
BADEXTASY: calls $6
*** SHOW DOWN ***
MTails: shows [Th Ad] (a flush, Queen high)
BADEXTASY: mucks hand
MTails collected $41.50 from pot
*** SUMMARY ***
Total pot $42 | Rake $0.50
Board [2h 9h Qh 3s 4h]
Seat 9: BADEXTASY (button) (small blind) mucked
Seat 10: MTails (big blind) showed [Th Ad] and won ($41.50) with a flush, Queen high


PokerStars Hand #151960112343:  Hold'em Limit ($3/$6 USD) - 2016/04/15 14:53:42 ET
Table 'Eagle' 10-max Seat #1 is the button
Seat 1: Pelurile ($81.64 in chips)
Seat 9: BADEXTASY ($160.79 in chips)
Pelurile: posts small blind $1
BADEXTASY: posts big blind $3
*** HOLE CARDS ***
Pelurile: folds
Uncalled bet ($2) returned to BADEXTASY
BADEXTASY collected $2 from pot
BADEXTASY: doesn't show hand
*** SUMMARY ***
Total pot $2 | Rake $0
Seat 1: Pelurile (button) (small blind) folded before Flop
Seat 9: BADEXTASY (big blind) collected ($2)


PokerStars Hand #151960107653:  Hold'em Limit ($3/$6 USD) - 2016/04/15 14:53:36 ET
Table 'Eagle' 10-max Seat #9 is the button
Seat 1: Pelurile ($80.64 in chips)
Seat 9: BADEXTASY ($161.79 in chips)
BADEXTASY: posts small blind $1
Pelurile: posts big blind $3
*** HOLE CARDS ***
BADEXTASY: folds
Uncalled bet ($2) returned to Pelurile
Pelurile collected $2 from pot
Pelurile: doesn't show hand
*** SUMMARY ***
Total pot $2 | Rake $0
Seat 1: Pelurile (big blind) collected ($2)
Seat 9: BADEXTASY (button) (small blind) folded before Flop


PokerStars Hand #151960083971:  Hold'em Limit ($3/$6 USD) - 2016/04/15 14:53:07 ET
Table 'Eagle' 10-max Seat #1 is the button
Seat 1: Pelurile ($72 in chips)
Seat 9: BADEXTASY ($170.79 in chips)
Pelurile: posts small blind $1
BADEXTASY: posts big blind $3
*** HOLE CARDS ***
Pelurile: raises $3 to $6
BADEXTASY: calls $3
*** FLOP *** [3c 8d 8h]
BADEXTASY: checks
Pelurile: bets $3
BADEXTASY: calls $3
*** TURN *** [3c 8d 8h] [3d]
BADEXTASY: checks
Pelurile: bets $6
BADEXTASY: folds
Uncalled bet ($6) returned to Pelurile
Pelurile collected $17.64 from pot
Pelurile: doesn't show hand
*** SUMMARY ***
Total pot $18 | Rake $0.36
Board [3c 8d 8h 3d]
Seat 1: Pelurile (button) (small blind) collected ($17.64)
Seat 9: BADEXTASY (big blind) folded on the Turn


PokerStars Hand #151960078023:  Hold'em Limit ($3/$6 USD) - 2016/04/15 14:53:00 ET
Table 'Eagle' 10-max Seat #9 is the button
Seat 1: Pelurile ($72 in chips)
Seat 9: BADEXTASY ($167.79 in chips)
BADEXTASY: posts small blind $1
MTails: is sitting out
Pelurile: posts big blind $3
*** HOLE CARDS ***
BADEXTASY: raises $3 to $6
Pelurile: folds
Uncalled bet ($3) returned to BADEXTASY
BADEXTASY collected $6 from pot
BADEXTASY: doesn't show hand
*** SUMMARY ***
Total pot $6 | Rake $0
Seat 1: Pelurile (big blind) folded before Flop
Seat 9: BADEXTASY (button) (small blind) collected ($6)


PokerStars Hand #151960155185:  Hold'em Limit ($3/$6 USD) - 2016/04/15 14:54:33 ET
Table 'Eagle' 10-max Seat #9 is the button
Seat 1: Pelurile ($92.14 in chips)
Seat 9: BADEXTASY ($149.79 in chips)
BADEXTASY: posts small blind $1
Pelurile: posts big blind $3
*** HOLE CARDS ***
BADEXTASY: folds
Uncalled bet ($2) returned to Pelurile
Pelurile collected $2 from pot
Pelurile: doesn't show hand
*** SUMMARY ***
Total pot $2 | Rake $0
Seat 1: Pelurile (big blind) collected ($2)
Seat 9: BADEXTASY (button) (small blind) folded before Flop


PokerStars Hand #151960123737:  Hold'em Limit ($3/$6 USD) - 2016/04/15 14:53:56 ET
Table 'Eagle' 10-max Seat #1 is the button
Seat 1: Pelurile ($77.64 in chips)
Seat 9: BADEXTASY ($164.79 in chips)
Pelurile: posts small blind $1
BADEXTASY: posts big blind $3
*** HOLE CARDS ***
Pelurile: raises $3 to $6
BADEXTASY: calls $3
*** FLOP *** [4c 3h 4h]
BADEXTASY: checks
Pelurile: bets $3
BADEXTASY: calls $3
*** TURN *** [4c 3h 4h] [8s]
BADEXTASY: checks
Pelurile: bets $6
BADEXTASY: calls $6
*** RIVER *** [4c 3h 4h 8s] [Ad]
BADEXTASY: checks
Pelurile: checks
*** SHOW DOWN ***
BADEXTASY: shows [Kd 9d] (a pair of Fours)
Pelurile: shows [5h 8h] (two pair, Eights and Fours)
Pelurile collected $29.50 from pot
*** SUMMARY ***
Total pot $30 | Rake $0.50
Board [4c 3h 4h 8s Ad]
Seat 1: Pelurile (button) (small blind) showed [5h 8h] and won ($29.50) with two pair, Eights and Fours
Seat 9: BADEXTASY (big blind) showed [Kd 9d] and lost with a pair of Fours


PokerStars Hand #151960118095:  Hold'em Limit ($3/$6 USD) - 2016/04/15 14:53:49 ET
Table 'Eagle' 10-max Seat #9 is the button
Seat 1: Pelurile ($80.64 in chips)
Seat 9: BADEXTASY ($161.79 in chips)
BADEXTASY: posts small blind $1
Pelurile: posts big blind $3
*** HOLE CARDS ***
BADEXTASY: raises $3 to $6
Pelurile: folds
Uncalled bet ($3) returned to BADEXTASY
BADEXTASY collected $6 from pot
BADEXTASY: doesn't show hand
*** SUMMARY ***
Total pot $6 | Rake $0
Seat 1: Pelurile (big blind) folded before Flop
Seat 9: BADEXTASY (button) (small blind) collected ($6)


PokerStars Hand #151960187003:  Hold'em Limit ($3/$6 USD) - 2016/04/15 14:55:12 ET
Table 'Eagle' 10-max Seat #9 is the button
Seat 1: Pelurile ($110.64 in chips)
Seat 9: BADEXTASY ($130.79 in chips)
BADEXTASY: posts small blind $1
Pelurile: posts big blind $3
*** HOLE CARDS ***
BADEXTASY: raises $3 to $6
Pelurile: folds
Uncalled bet ($3) returned to BADEXTASY
BADEXTASY collected $6 from pot
BADEXTASY: doesn't show hand
*** SUMMARY ***
Total pot $6 | Rake $0
Seat 1: Pelurile (big blind) folded before Flop
Seat 9: BADEXTASY (button) (small blind) collected ($6)


PokerStars Hand #151960160287:  Hold'em Limit ($3/$6 USD) - 2016/04/15 14:54:40 ET
Table 'Eagle' 10-max Seat #1 is the button
Seat 1: Pelurile ($93.14 in chips)
Seat 9: BADEXTASY ($148.79 in chips)
Pelurile: posts small blind $1
BADEXTASY: posts big blind $3
*** HOLE CARDS ***
Pelurile: raises $3 to $6
BADEXTASY: calls $3
*** FLOP *** [3s Jd Tc]
BADEXTASY: checks
Pelurile: bets $3
BADEXTASY: raises $3 to $6
Pelurile: calls $3
*** TURN *** [3s Jd Tc] [Ks]
BADEXTASY: bets $6
Pelurile: raises $6 to $12
BADEXTASY: folds
Uncalled bet ($6) returned to Pelurile
Pelurile collected $35.50 from pot
Pelurile: doesn't show hand
*** SUMMARY ***
Total pot $36 | Rake $0.50
Board [3s Jd Tc Ks]
Seat 1: Pelurile (button) (small blind) collected ($35.50)
Seat 9: BADEXTASY (big blind) folded on the Turn


PokerStars Hand #151960217006:  Hold'em Limit ($3/$6 USD) - 2016/04/15 14:55:59 ET
Table 'Eagle' 10-max Seat #1 is the button
Seat 1: Pelurile ($99.64 in chips)
Seat 9: BADEXTASY ($141.43 in chips)
Pelurile: posts small blind $1
BADEXTASY: posts big blind $3
*** HOLE CARDS ***
Pelurile: raises $3 to $6
BADEXTASY: raises $3 to $9
Pelurile: calls $3
*** FLOP *** [9d 2h 3c]
BADEXTASY: bets $3
Pelurile: calls $3
*** TURN *** [9d 2h 3c] [Js]
BADEXTASY: bets $6
Pelurile: raises $6 to $12
BADEXTASY: calls $6
*** RIVER *** [9d 2h 3c Js] [Qc]
BADEXTASY: checks
Pelurile: bets $6
BADEXTASY: folds
Uncalled bet ($6) returned to Pelurile
Pelurile collected $47.50 from pot
Pelurile: doesn't show hand
*** SUMMARY ***
Total pot $48 | Rake $0.50
Board [9d 2h 3c Js Qc]
Seat 1: Pelurile (button) (small blind) collected ($47.50)
Seat 9: BADEXTASY (big blind) folded on the River


PokerStars Hand #151960214046:  Hold'em Limit ($3/$6 USD) - 2016/04/15 14:55:55 ET
Table 'Eagle' 10-max Seat #9 is the button
Seat 1: Pelurile ($98.64 in chips)
Seat 9: BADEXTASY ($142.43 in chips)
BADEXTASY: posts small blind $1
Pelurile: posts big blind $3
*** HOLE CARDS ***
BADEXTASY: folds
Uncalled bet ($2) returned to Pelurile
Pelurile collected $2 from pot
Pelurile: doesn't show hand
*** SUMMARY ***
Total pot $2 | Rake $0
Seat 1: Pelurile (big blind) collected ($2)
Seat 9: BADEXTASY (button) (small blind) folded before Flop


PokerStars Hand #151960192984:  Hold'em Limit ($3/$6 USD) - 2016/04/15 14:55:22 ET
Table 'Eagle' 10-max Seat #1 is the button
Seat 1: Pelurile ($107.64 in chips)
Seat 9: BADEXTASY ($133.79 in chips)
Pelurile: posts small blind $1
BADEXTASY: posts big blind $3
*** HOLE CARDS ***
Pelurile: raises $3 to $6
BADEXTASY: raises $3 to $9
Pelurile: calls $3
*** FLOP *** [8s Qc 8c]
BADEXTASY: bets $3
Pelurile: folds
Uncalled bet ($3) returned to BADEXTASY
BADEXTASY collected $17.64 from pot
BADEXTASY: doesn't show hand
*** SUMMARY ***
Total pot $18 | Rake $0.36
Board [8s Qc 8c]
Seat 1: Pelurile (button) (small blind) folded on the Flop
Seat 9: BADEXTASY (big blind) collected ($17.64)


PokerStars Hand #151960263799:  Hold'em Limit ($3/$6 USD) - 2016/04/15 14:57:12 ET
Table 'Eagle' 10-max Seat #1 is the button
Seat 1: Pelurile ($117.14 in chips)
Seat 9: BADEXTASY ($123.19 in chips)
Pelurile: posts small blind $1
BADEXTASY: posts big blind $3
*** HOLE CARDS ***
Pelurile: folds
Uncalled bet ($2) returned to BADEXTASY
BADEXTASY collected $2 from pot
BADEXTASY: doesn't show hand
*** SUMMARY ***
Total pot $2 | Rake $0
Seat 1: Pelurile (button) (small blind) folded before Flop
Seat 9: BADEXTASY (big blind) collected ($2)


PokerStars Hand #151960248518:  Hold'em Limit ($3/$6 USD) - 2016/04/15 14:56:48 ET
Table 'Eagle' 10-max Seat #9 is the button
Seat 1: Pelurile ($123.14 in chips)
Seat 9: BADEXTASY ($117.43 in chips)
BADEXTASY: posts small blind $1
Pelurile: posts big blind $3
*** HOLE CARDS ***
BADEXTASY: raises $3 to $6
Pelurile: calls $3
*** FLOP *** [Ah 2s 9s]
Pelurile: checks
BADEXTASY: bets $3
Pelurile: folds
Uncalled bet ($3) returned to BADEXTASY
BADEXTASY collected $11.76 from pot
BADEXTASY: doesn't show hand
*** SUMMARY ***
Total pot $12 | Rake $0.24
Board [Ah 2s 9s]
Seat 1: Pelurile (big blind) folded on the Flop
Seat 9: BADEXTASY (button) (small blind) collected ($11.76)


