PokerStars Hand #171040762670:  Hold'em Limit ($3/$6 USD) - 2017/05/28 16:10:09 ET
Table 'Eagle' 6-max Seat #2 is the button
Seat 1: Velbor107 ($299 in chips)
Seat 2: Asselheim ($155.53 in chips)
Asselheim: posts small blind $1
Velbor107: posts big blind $3
*** HOLE CARDS ***
Asselheim: folds
Uncalled bet ($2) returned to Velbor107
Velbor107 collected $2 from pot
*** SUMMARY ***
Total pot $2 | Rake $0
Seat 1: Velbor107 (big blind) collected ($2)
Seat 2: Asselheim (button) (small blind) folded before Flop


PokerStars Hand #171040744022:  Hold'em Limit ($3/$6 USD) - 2017/05/28 16:09:48 ET
Table 'Eagle' 6-max Seat #1 is the button
Seat 1: Velbor107 ($300 in chips)
Seat 2: Asselheim ($154.53 in chips)
Velbor107: posts small blind $1
Asselheim: posts big blind $3
*** HOLE CARDS ***
Velbor107: folds
Uncalled bet ($2) returned to Asselheim
Asselheim collected $2 from pot
Asselheim: doesn't show hand
*** SUMMARY ***
Total pot $2 | Rake $0
Seat 1: Velbor107 (button) (small blind) folded before Flop
Seat 2: Asselheim (big blind) collected ($2)


PokerStars Hand #171040808509:  Hold'em Limit ($3/$6 USD) - 2017/05/28 16:11:00 ET
Table 'Eagle' 6-max Seat #2 is the button
Seat 1: Velbor107 ($326.26 in chips)
Seat 2: Asselheim ($127.53 in chips)
Asselheim: posts small blind $1
Velbor107: posts big blind $3
*** HOLE CARDS ***
Asselheim: folds
Uncalled bet ($2) returned to Velbor107
Velbor107 collected $2 from pot
*** SUMMARY ***
Total pot $2 | Rake $0
Seat 1: Velbor107 (big blind) collected ($2)
Seat 2: Asselheim (button) (small blind) folded before Flop


PokerStars Hand #171040776508:  Hold'em Limit ($3/$6 USD) - 2017/05/28 16:10:24 ET
Table 'Eagle' 6-max Seat #2 is the button
Seat 1: Velbor107 ($305.76 in chips)
Seat 2: Asselheim ($148.53 in chips)
Asselheim: posts small blind $1
Velbor107: posts big blind $3
*** HOLE CARDS ***
Asselheim: raises $3 to $6
Velbor107: calls $3
*** FLOP *** [5c 4c Jd]
Velbor107: checks
Asselheim: bets $3
Velbor107: raises $3 to $6
Asselheim: calls $3
*** TURN *** [5c 4c Jd] [Ts]
Velbor107: bets $6
Asselheim: calls $6
*** RIVER *** [5c 4c Jd Ts] [2d]
Velbor107: bets $6
Asselheim: folds
Uncalled bet ($6) returned to Velbor107
Velbor107 collected $35.50 from pot
*** SUMMARY ***
Total pot $36 | Rake $0.50
Board [5c 4c Jd Ts 2d]
Seat 1: Velbor107 (big blind) collected ($35.50)
Seat 2: Asselheim (button) (small blind) folded on the River


PokerStars Hand #171040766787:  Hold'em Limit ($3/$6 USD) - 2017/05/28 16:10:13 ET
Table 'Eagle' 6-max Seat #1 is the button
Seat 1: Velbor107 ($300 in chips)
Seat 2: Asselheim ($154.53 in chips)
Velbor107: posts small blind $1
Asselheim: posts big blind $3
*** HOLE CARDS ***
Velbor107: raises $3 to $6
Asselheim: calls $3
*** FLOP *** [6c 6h 9h]
Asselheim: checks
Velbor107: bets $3
Asselheim: folds
Uncalled bet ($3) returned to Velbor107
Velbor107 collected $11.76 from pot
*** SUMMARY ***
Total pot $12 | Rake $0.24
Board [6c 6h 9h]
Seat 1: Velbor107 (button) (small blind) collected ($11.76)
Seat 2: Asselheim (big blind) folded on the Flop


PokerStars Hand #171040802898:  Hold'em Limit ($3/$6 USD) - 2017/05/28 16:10:54 ET
Table 'Eagle' 6-max Seat #1 is the button
Seat 1: Velbor107 ($323.26 in chips)
Seat 2: Asselheim ($130.53 in chips)
Velbor107: posts small blind $1
Asselheim: posts big blind $3
*** HOLE CARDS ***
Velbor107: raises $3 to $6
Asselheim: folds
Uncalled bet ($3) returned to Velbor107
Velbor107 collected $6 from pot
*** SUMMARY ***
Total pot $6 | Rake $0
Seat 1: Velbor107 (button) (small blind) collected ($6)
Seat 2: Asselheim (big blind) folded before Flop


PokerStars Hand #171040839105:  Hold'em Limit ($3/$6 USD) - 2017/05/28 16:11:35 ET
Table 'Eagle' 6-max Seat #2 is the button
Seat 1: Velbor107 ($350.76 in chips)
Seat 2: Asselheim ($102.53 in chips)
Asselheim: posts small blind $1
Velbor107: posts big blind $3
*** HOLE CARDS ***
Asselheim: raises $3 to $6
Velbor107: calls $3
*** FLOP *** [5c 3s Ks]
Velbor107: checks
Asselheim: bets $3
Velbor107: raises $3 to $6
Asselheim: folds
Uncalled bet ($3) returned to Velbor107
Velbor107 collected $17.64 from pot
*** SUMMARY ***
Total pot $18 | Rake $0.36
Board [5c 3s Ks]
Seat 1: Velbor107 (big blind) collected ($17.64)
Seat 2: Asselheim (button) (small blind) folded on the Flop


PokerStars Hand #171040868503:  Hold'em Limit ($3/$6 USD) - 2017/05/28 16:12:07 ET
Table 'Eagle' 6-max Seat #2 is the button
Seat 1: Velbor107 ($376.90 in chips)
Seat 2: Asselheim ($75.53 in chips)
Asselheim: posts small blind $1
Velbor107: posts big blind $3
*** HOLE CARDS ***
Asselheim: folds
Uncalled bet ($2) returned to Velbor107
Velbor107 collected $2 from pot
*** SUMMARY ***
Total pot $2 | Rake $0
Seat 1: Velbor107 (big blind) collected ($2)
Seat 2: Asselheim (button) (small blind) folded before Flop


PokerStars Hand #171040853052:  Hold'em Limit ($3/$6 USD) - 2017/05/28 16:11:50 ET
Table 'Eagle' 6-max Seat #1 is the button
Seat 1: Velbor107 ($359.40 in chips)
Seat 2: Asselheim ($93.53 in chips)
Velbor107: posts small blind $1
Asselheim: posts big blind $3
*** HOLE CARDS ***
Velbor107: raises $3 to $6
Asselheim: raises $3 to $9
Velbor107: calls $3
*** FLOP *** [Qc 5h 6c]
Asselheim: bets $3
Velbor107: calls $3
*** TURN *** [Qc 5h 6c] [Kc]
Asselheim: bets $6
Velbor107: raises $6 to $12
Asselheim: folds
Uncalled bet ($6) returned to Velbor107
Velbor107 collected $35.50 from pot
*** SUMMARY ***
Total pot $36 | Rake $0.50
Board [Qc 5h 6c Kc]
Seat 1: Velbor107 (button) (small blind) collected ($35.50)
Seat 2: Asselheim (big blind) folded on the Turn


PokerStars Hand #171040812662:  Hold'em Limit ($3/$6 USD) - 2017/05/28 16:11:05 ET
Table 'Eagle' 6-max Seat #1 is the button
Seat 1: Velbor107 ($327.26 in chips)
Seat 2: Asselheim ($126.53 in chips)
Velbor107: posts small blind $1
Asselheim: posts big blind $3
*** HOLE CARDS ***
Velbor107: raises $3 to $6
Asselheim: calls $3
*** FLOP *** [Qd 6s Ad]
Asselheim: checks
Velbor107: bets $3
Asselheim: raises $3 to $6
Velbor107: calls $3
*** TURN *** [Qd 6s Ad] [4c]
Asselheim: bets $6
Velbor107: calls $6
*** RIVER *** [Qd 6s Ad 4c] [2c]
Asselheim: bets $6
Velbor107: calls $6
*** SHOW DOWN ***
Asselheim: shows [Jd 7d] (high card Ace)
Velbor107: shows [Jc 6d] (a pair of Sixes)
Velbor107 collected $47.50 from pot
*** SUMMARY ***
Total pot $48 | Rake $0.50
Board [Qd 6s Ad 4c 2c]
Seat 1: Velbor107 (button) (small blind) showed [Jc 6d] and won ($47.50) with a pair of Sixes
Seat 2: Asselheim (big blind) showed [Jd 7d] and lost with high card Ace


PokerStars Hand #171040872628:  Hold'em Limit ($3/$6 USD) - 2017/05/28 16:12:12 ET
Table 'Eagle' 6-max Seat #1 is the button
Seat 1: Velbor107 ($377.90 in chips)
Seat 2: Asselheim ($74.53 in chips)
Velbor107: posts small blind $1
Asselheim: posts big blind $3
*** HOLE CARDS ***
Velbor107: folds
Uncalled bet ($2) returned to Asselheim
Asselheim collected $2 from pot
Asselheim: doesn't show hand
*** SUMMARY ***
Total pot $2 | Rake $0
Seat 1: Velbor107 (button) (small blind) folded before Flop
Seat 2: Asselheim (big blind) collected ($2)


PokerStars Hand #171040877234:  Hold'em Limit ($3/$6 USD) - 2017/05/28 16:12:17 ET
Table 'Eagle' 6-max Seat #2 is the button
Seat 1: Velbor107 ($376.90 in chips)
Seat 2: Asselheim ($75.53 in chips)
Asselheim: posts small blind $1
Velbor107: posts big blind $3
*** HOLE CARDS ***
Asselheim: raises $3 to $6
Velbor107: calls $3
*** FLOP *** [2h 9s Jh]
Velbor107: checks
Asselheim: bets $3
Velbor107: calls $3
*** TURN *** [2h 9s Jh] [Td]
Velbor107: checks
Asselheim: bets $6
Velbor107: folds
Uncalled bet ($6) returned to Asselheim
Asselheim collected $17.64 from pot
Asselheim: doesn't show hand
*** SUMMARY ***
Total pot $18 | Rake $0.36
Board [2h 9s Jh Td]
Seat 1: Velbor107 (big blind) folded on the Turn
Seat 2: Asselheim (button) (small blind) collected ($17.64)


PokerStars Hand #171040902339:  Hold'em Limit ($3/$6 USD) - 2017/05/28 16:12:45 ET
Table 'Eagle' 6-max Seat #1 is the button
Seat 1: Velbor107 ($367.90 in chips)
Seat 2: Asselheim ($84.17 in chips)
Velbor107: posts small blind $1
Asselheim: posts big blind $3
*** HOLE CARDS ***
Velbor107: raises $3 to $6
Asselheim: calls $3
*** FLOP *** [3h Th 4h]
Asselheim: checks
Velbor107: checks
*** TURN *** [3h Th 4h] [4s]
Asselheim: bets $6
Velbor107: calls $6
*** RIVER *** [3h Th 4h 4s] [6h]
Asselheim: checks
Velbor107: checks
*** SHOW DOWN ***
Asselheim: shows [Jc 9c] (a pair of Fours)
Velbor107: shows [5s Ac] (a pair of Fours - Ace kicker)
Velbor107 collected $23.52 from pot
*** SUMMARY ***
Total pot $24 | Rake $0.48
Board [3h Th 4h 4s 6h]
Seat 1: Velbor107 (button) (small blind) showed [5s Ac] and won ($23.52) with a pair of Fours
Seat 2: Asselheim (big blind) showed [Jc 9c] and lost with a pair of Fours


PokerStars Hand #171040964574:  Hold'em Limit ($3/$6 USD) - 2017/05/28 16:13:55 ET
Table 'Eagle' 6-max Seat #2 is the button
Seat 1: Velbor107 ($384.92 in chips)
Seat 2: Asselheim ($65.67 in chips)
Asselheim: posts small blind $1
Velbor107: posts big blind $3
*** HOLE CARDS ***
Asselheim: folds
Uncalled bet ($2) returned to Velbor107
Velbor107 collected $2 from pot
*** SUMMARY ***
Total pot $2 | Rake $0
Seat 1: Velbor107 (big blind) collected ($2)
Seat 2: Asselheim (button) (small blind) folded before Flop


PokerStars Hand #171040916971:  Hold'em Limit ($3/$6 USD) - 2017/05/28 16:13:02 ET
Table 'Eagle' 6-max Seat #2 is the button
Seat 1: Velbor107 ($379.42 in chips)
Seat 2: Asselheim ($72.17 in chips)
Asselheim: posts small blind $1
Velbor107: posts big blind $3
*** HOLE CARDS ***
Asselheim: raises $3 to $6
Velbor107: calls $3
*** FLOP *** [9h 6s 2s]
Velbor107: checks
Asselheim: bets $3
Velbor107: raises $3 to $6
Asselheim: calls $3
*** TURN *** [9h 6s 2s] [Js]
Velbor107: bets $6
Asselheim: raises $6 to $12
Velbor107: folds
Uncalled bet ($6) returned to Asselheim
Asselheim collected $35.50 from pot
Asselheim: doesn't show hand
*** SUMMARY ***
Total pot $36 | Rake $0.50
Board [9h 6s 2s Js]
Seat 1: Velbor107 (big blind) folded on the Turn
Seat 2: Asselheim (button) (small blind) collected ($35.50)


PokerStars Hand #171040944112:  Hold'em Limit ($3/$6 USD) - 2017/05/28 16:13:32 ET
Table 'Eagle' 6-max Seat #1 is the button
Seat 1: Velbor107 ($361.42 in chips)
Seat 2: Asselheim ($89.67 in chips)
Velbor107: posts small blind $1
Asselheim: posts big blind $3
*** HOLE CARDS ***
Velbor107: raises $3 to $6
Asselheim: calls $3
*** FLOP *** [8d Kd Ks]
Asselheim: checks
Velbor107: bets $3
Asselheim: raises $3 to $6
Velbor107: calls $3
*** TURN *** [8d Kd Ks] [Td]
Asselheim: bets $6
Velbor107: calls $6
*** RIVER *** [8d Kd Ks Td] [5h]
Asselheim: bets $6
Velbor107: calls $6
*** SHOW DOWN ***
Asselheim: shows [5d Qs] (two pair, Kings and Fives)
Velbor107: shows [9h Tc] (two pair, Kings and Tens)
Velbor107 collected $47.50 from pot
*** SUMMARY ***
Total pot $48 | Rake $0.50
Board [8d Kd Ks Td 5h]
Seat 1: Velbor107 (button) (small blind) showed [9h Tc] and won ($47.50) with two pair, Kings and Tens
Seat 2: Asselheim (big blind) showed [5d Qs] and lost with two pair, Kings and Fives


PokerStars Hand #171040939494:  Hold'em Limit ($3/$6 USD) - 2017/05/28 16:13:27 ET
Table 'Eagle' 6-max Seat #2 is the button
Seat 1: Velbor107 ($360.42 in chips)
Seat 2: Asselheim ($90.67 in chips)
Asselheim: posts small blind $1
Velbor107: posts big blind $3
*** HOLE CARDS ***
Asselheim: folds
Uncalled bet ($2) returned to Velbor107
Velbor107 collected $2 from pot
*** SUMMARY ***
Total pot $2 | Rake $0
Seat 1: Velbor107 (big blind) collected ($2)
Seat 2: Asselheim (button) (small blind) folded before Flop


PokerStars Hand #171040933787:  Hold'em Limit ($3/$6 USD) - 2017/05/28 16:13:20 ET
Table 'Eagle' 6-max Seat #1 is the button
Seat 1: Velbor107 ($361.42 in chips)
Seat 2: Asselheim ($89.67 in chips)
Velbor107: posts small blind $1
Asselheim: posts big blind $3
*** HOLE CARDS ***
Velbor107: folds
Uncalled bet ($2) returned to Asselheim
Asselheim collected $2 from pot
Asselheim: doesn't show hand
*** SUMMARY ***
Total pot $2 | Rake $0
Seat 1: Velbor107 (button) (small blind) folded before Flop
Seat 2: Asselheim (big blind) collected ($2)


PokerStars Hand #171040968655:  Hold'em Limit ($3/$6 USD) - 2017/05/28 16:13:59 ET
Table 'Eagle' 6-max Seat #1 is the button
Seat 1: Velbor107 ($385.92 in chips)
Seat 2: Asselheim ($64.67 in chips)
Velbor107: posts small blind $1
Asselheim: posts big blind $3
*** HOLE CARDS ***
Velbor107: raises $3 to $6
Asselheim: calls $3
*** FLOP *** [7c Ah 8c]
Asselheim: checks
Velbor107: bets $3
Asselheim: calls $3
*** TURN *** [7c Ah 8c] [2d]
Asselheim: checks
Velbor107: checks
*** RIVER *** [7c Ah 8c 2d] [2c]
Asselheim: bets $6
Velbor107: folds
Uncalled bet ($6) returned to Asselheim
Asselheim collected $17.64 from pot
*** SUMMARY ***
Total pot $18 | Rake $0.36
Board [7c Ah 8c 2d 2c]
Seat 1: Velbor107 (button) (small blind) folded on the River
Seat 2: Asselheim (big blind) collected ($17.64)


PokerStars Hand #171041020823:  Hold'em Limit ($3/$6 USD) - 2017/05/28 16:14:58 ET
Table 'Eagle' 6-max Seat #1 is the button
Seat 1: Velbor107 ($400.42 in chips)
Seat 2: Asselheim ($49.31 in chips)
Velbor107: posts small blind $1
Asselheim: posts big blind $3
*** HOLE CARDS ***
Velbor107: raises $3 to $6
Asselheim: calls $3
*** FLOP *** [Tc Jd 9d]
Asselheim: checks
Velbor107: checks
*** TURN *** [Tc Jd 9d] [7c]
Asselheim: bets $6
Velbor107: folds
Uncalled bet ($6) returned to Asselheim
Asselheim collected $11.76 from pot
Asselheim: doesn't show hand
*** SUMMARY ***
Total pot $12 | Rake $0.24
Board [Tc Jd 9d 7c]
Seat 1: Velbor107 (button) (small blind) folded on the Turn
Seat 2: Asselheim (big blind) collected ($11.76)


PokerStars Hand #171041016403:  Hold'em Limit ($3/$6 USD) - 2017/05/28 16:14:53 ET
Table 'Eagle' 6-max Seat #2 is the button
Seat 1: Velbor107 ($399.42 in chips)
Seat 2: Asselheim ($50.31 in chips)
Asselheim: posts small blind $1
Velbor107: posts big blind $3
*** HOLE CARDS ***
Asselheim: folds
Uncalled bet ($2) returned to Velbor107
Velbor107 collected $2 from pot
*** SUMMARY ***
Total pot $2 | Rake $0
Seat 1: Velbor107 (big blind) collected ($2)
Seat 2: Asselheim (button) (small blind) folded before Flop


PokerStars Hand #171041011370:  Hold'em Limit ($3/$6 USD) - 2017/05/28 16:14:47 ET
Table 'Eagle' 6-max Seat #1 is the button
Seat 1: Velbor107 ($400.42 in chips)
Seat 2: Asselheim ($49.31 in chips)
Velbor107: posts small blind $1
Asselheim: posts big blind $3
*** HOLE CARDS ***
Velbor107: folds
Uncalled bet ($2) returned to Asselheim
Asselheim collected $2 from pot
Asselheim: doesn't show hand
*** SUMMARY ***
Total pot $2 | Rake $0
Seat 1: Velbor107 (button) (small blind) folded before Flop
Seat 2: Asselheim (big blind) collected ($2)


PokerStars Hand #171040987909:  Hold'em Limit ($3/$6 USD) - 2017/05/28 16:14:21 ET
Table 'Eagle' 6-max Seat #2 is the button
Seat 1: Velbor107 ($376.92 in chips)
Seat 2: Asselheim ($73.31 in chips)
Asselheim: posts small blind $1
Velbor107: posts big blind $3
*** HOLE CARDS ***
Asselheim: raises $3 to $6
Velbor107: calls $3
*** FLOP *** [As 6h 3d]
Velbor107: checks
Asselheim: bets $3
Velbor107: raises $3 to $6
Asselheim: calls $3
*** TURN *** [As 6h 3d] [Qh]
Velbor107: bets $6
Asselheim: calls $6
*** RIVER *** [As 6h 3d Qh] [6s]
Velbor107: bets $6
Asselheim: calls $6
*** SHOW DOWN ***
Velbor107: shows [3s Ad] (two pair, Aces and Sixes)
Asselheim: mucks hand
Velbor107 collected $47.50 from pot
*** SUMMARY ***
Total pot $48 | Rake $0.50
Board [As 6h 3d Qh 6s]
Seat 1: Velbor107 (big blind) showed [3s Ad] and won ($47.50) with two pair, Aces and Sixes
Seat 2: Asselheim (button) (small blind) mucked


PokerStars Hand #171041080386:  Hold'em Limit ($3/$6 USD) - 2017/05/28 16:16:04 ET
Table 'Eagle' 6-max Seat #1 is the button
Seat 1: Velbor107 ($442.42 in chips)
Seat 2: Asselheim ($6.07 in chips)
Velbor107: posts small blind $1
Asselheim: posts big blind $3
*** HOLE CARDS ***
Velbor107: raises $3 to $6
Asselheim: folds
Uncalled bet ($3) returned to Velbor107
Asselheim leaves the table
Velbor107 collected $6 from pot
*** SUMMARY ***
Total pot $6 | Rake $0
Seat 1: Velbor107 (button) (small blind) collected ($6)
Seat 2: Asselheim (big blind) folded before Flop


PokerStars Hand #171041037483:  Hold'em Limit ($3/$6 USD) - 2017/05/28 16:15:16 ET
Table 'Eagle' 6-max Seat #1 is the button
Seat 1: Velbor107 ($395.42 in chips)
Seat 2: Asselheim ($54.07 in chips)
Velbor107: posts small blind $1
Asselheim: posts big blind $3
*** HOLE CARDS ***
Velbor107: raises $3 to $6
Asselheim: raises $3 to $9
Velbor107: calls $3
*** FLOP *** [2c 3c 9c]
Asselheim: bets $3
Velbor107: calls $3
*** TURN *** [2c 3c 9c] [5d]
Asselheim: bets $6
Velbor107: raises $6 to $12
Asselheim: calls $6
*** RIVER *** [2c 3c 9c 5d] [2h]
Asselheim: checks
Velbor107: bets $6
Asselheim: calls $6
*** SHOW DOWN ***
Velbor107: shows [9h Td] (two pair, Nines and Deuces)
Asselheim: mucks hand
Velbor107 collected $59.50 from pot
*** SUMMARY ***
Total pot $60 | Rake $0.50
Board [2c 3c 9c 5d 2h]
Seat 1: Velbor107 (button) (small blind) showed [9h Td] and won ($59.50) with two pair, Nines and Deuces
Seat 2: Asselheim (big blind) mucked


PokerStars Hand #171041061835:  Hold'em Limit ($3/$6 USD) - 2017/05/28 16:15:43 ET
Table 'Eagle' 6-max Seat #2 is the button
Seat 1: Velbor107 ($424.92 in chips)
Seat 2: Asselheim ($24.07 in chips)
Asselheim: posts small blind $1
Velbor107: posts big blind $3
*** HOLE CARDS ***
Asselheim: raises $3 to $6
Velbor107: raises $3 to $9
Asselheim: calls $3
*** FLOP *** [4s 2h 6s]
Velbor107: bets $3
Asselheim: calls $3
*** TURN *** [4s 2h 6s] [8s]
Velbor107: bets $6
Asselheim: calls $6
*** RIVER *** [4s 2h 6s 8s] [8c]
Velbor107: bets $6
Asselheim: folds
Uncalled bet ($6) returned to Velbor107
Velbor107 collected $35.50 from pot
*** SUMMARY ***
Total pot $36 | Rake $0.50
Board [4s 2h 6s 8s 8c]
Seat 1: Velbor107 (big blind) collected ($35.50)
Seat 2: Asselheim (button) (small blind) folded on the River


PokerStars Hand #171041033280:  Hold'em Limit ($3/$6 USD) - 2017/05/28 16:15:11 ET
Table 'Eagle' 6-max Seat #2 is the button
Seat 1: Velbor107 ($394.42 in chips)
Seat 2: Asselheim ($55.07 in chips)
Asselheim: posts small blind $1
Velbor107: posts big blind $3
*** HOLE CARDS ***
Asselheim: folds
Uncalled bet ($2) returned to Velbor107
Velbor107 collected $2 from pot
*** SUMMARY ***
Total pot $2 | Rake $0
Seat 1: Velbor107 (big blind) collected ($2)
Seat 2: Asselheim (button) (small blind) folded before Flop


