PokerStars Hand #147360677907:  Hold'em Limit ($3/$6 USD) - 2016/01/20 8:01:25 ET
Table 'Ebella' 6-max Seat #4 is the button
Seat 2: Krazy90 ($140.50 in chips)
Seat 4: boom65 ($30 in chips)
boom65: posts small blind $1
Krazy90: posts big blind $3
*** HOLE CARDS ***
boom65: folds
Uncalled bet ($2) returned to Krazy90
Krazy90 collected $2 from pot
Krazy90: doesn't show hand
*** SUMMARY ***
Total pot $2 | Rake $0
Seat 2: Krazy90 (big blind) collected ($2)
Seat 4: boom65 (button) (small blind) folded before Flop


PokerStars Hand #147360674119:  Hold'em Limit ($3/$6 USD) - 2016/01/20 8:01:19 ET
Table 'Ebella' 6-max Seat #2 is the button
Seat 2: Krazy90 ($137.50 in chips)
Seat 4: boom65 ($33 in chips)
Krazy90: posts small blind $1
boom65: posts big blind $3
*** HOLE CARDS ***
Krazy90: raises $3 to $6
boom65: folds
Uncalled bet ($3) returned to Krazy90
Krazy90 collected $6 from pot
ChicagoBull4 joins the table at seat #3
Krazy90: doesn't show hand
*** SUMMARY ***
Total pot $6 | Rake $0
Seat 2: Krazy90 (button) (small blind) collected ($6)
Seat 4: boom65 (big blind) folded before Flop


