PokerStars Hand #175848813715:  Hold'em Limit ($3/$6 USD) - 2017/09/19 10:57:54 ET
Table 'Ebella' 6-max Seat #3 is the button
Seat 3: Ag3r0n ($72 in chips)
Seat 4: nordschrott ($35.13 in chips)
Ale4o joins the table at seat #6
Ag3r0n: posts small blind $1
nordschrott: posts big blind $3
*** HOLE CARDS ***
vestimokrec joins the table at seat #5
Ag3r0n: folds
Uncalled bet ($2) returned to nordschrott
nordschrott collected $2 from pot
*** SUMMARY ***
Total pot $2 | Rake $0
Seat 3: Ag3r0n (button) (small blind) folded before Flop
Seat 4: nordschrott (big blind) collected ($2)


PokerStars Hand #175849013654:  Hold'em Limit ($3/$6 USD) - 2017/09/19 11:04:04 ET
Table 'Ebella' 6-max Seat #3 is the button
Seat 1: BJ72 ($119.37 in chips)
Seat 3: BigMoe77 ($116 in chips)
BigMoe77: posts small blind $1
Ag3r0n: is sitting out
Ag3r0n leaves the table
BJ72: posts big blind $3
*** HOLE CARDS ***
vestimokrec leaves the table
k1rp4v3nsk3 leaves the table
BigMoe77: folds
Uncalled bet ($2) returned to BJ72
BJ72 collected $2 from pot
BJ72: doesn't show hand
*** SUMMARY ***
Total pot $2 | Rake $0
Seat 1: BJ72 (big blind) collected ($2)
Seat 3: BigMoe77 (button) (small blind) folded before Flop


