PokerStars Hand #171621805930:  Hold'em Limit ($3/$6 USD) - 2017/06/11 1:35:18 ET
Table 'Ebella' 6-max Seat #4 is the button
Seat 2: sim5sim5 ($98.50 in chips)
Seat 4: VolkovDmitri ($120 in chips)
VolkovDmitri: posts small blind $1
sim5sim5: posts big blind $3
*** HOLE CARDS ***
VolkovDmitri: raises $3 to $6
sim5sim5: folds
Uncalled bet ($3) returned to VolkovDmitri
VolkovDmitri collected $6 from pot
VolkovDmitri: doesn't show hand
*** SUMMARY ***
Total pot $6 | Rake $0
Seat 2: sim5sim5 (big blind) folded before Flop
Seat 4: VolkovDmitri (button) (small blind) collected ($6)


PokerStars Hand #171621796018:  Hold'em Limit ($3/$6 USD) - 2017/06/11 1:34:40 ET
Table 'Ebella' 6-max Seat #2 is the button
Seat 2: sim5sim5 ($72 in chips)
Seat 4: VolkovDmitri ($120 in chips)
sim5sim5: posts small blind $1
VolkovDmitri: posts big blind $3
*** HOLE CARDS ***
sim5sim5: raises $3 to $6
VolkovDmitri: raises $3 to $9
sim5sim5: calls $3
*** FLOP *** [6h 8s 7d]
VolkovDmitri: bets $3
sim5sim5: raises $3 to $6
VolkovDmitri: calls $3
*** TURN *** [6h 8s 7d] [2d]
VolkovDmitri: checks
sim5sim5: bets $6
VolkovDmitri: calls $6
*** RIVER *** [6h 8s 7d 2d] [8c]
VolkovDmitri: checks
sim5sim5: bets $6
VolkovDmitri: calls $6
*** SHOW DOWN ***
sim5sim5: shows [4s 8h] (three of a kind, Eights)
VolkovDmitri: mucks hand
sim5sim5 collected $53.50 from pot
*** SUMMARY ***
Total pot $54 | Rake $0.50
Board [6h 8s 7d 2d 8c]
Seat 2: sim5sim5 (button) (small blind) showed [4s 8h] and won ($53.50) with three of a kind, Eights
Seat 4: VolkovDmitri (big blind) mucked


