PokerStars Hand #149575098768:  Hold'em Limit ($3/$6 USD) - 2016/02/28 15:06:15 ET
Table 'Ebella' 6-max Seat #3 is the button
Seat 3: FaStBluff ($147.19 in chips)
Seat 6: kolaz03 ($222.63 in chips)
FaStBluff: posts small blind $1
kolaz03: posts big blind $3
*** HOLE CARDS ***
FaStBluff: folds
Uncalled bet ($2) returned to kolaz03
kolaz03 collected $2 from pot
kolaz03: doesn't show hand
FaStBluff leaves the table
*** SUMMARY ***
Total pot $2 | Rake $0
Seat 3: FaStBluff (button) (small blind) folded before Flop
Seat 6: kolaz03 (big blind) collected ($2)


PokerStars Hand #149575091387:  Hold'em Limit ($3/$6 USD) - 2016/02/28 15:06:09 ET
Table 'Ebella' 6-max Seat #6 is the button
Seat 3: FaStBluff ($146.19 in chips)
Seat 6: kolaz03 ($223.63 in chips)
kolaz03: posts small blind $1
FaStBluff: posts big blind $3
*** HOLE CARDS ***
kolaz03: folds
Uncalled bet ($2) returned to FaStBluff
FaStBluff collected $2 from pot
FaStBluff: doesn't show hand
*** SUMMARY ***
Total pot $2 | Rake $0
Seat 3: FaStBluff (big blind) collected ($2)
Seat 6: kolaz03 (button) (small blind) folded before Flop


PokerStars Hand #149575085257:  Hold'em Limit ($3/$6 USD) - 2016/02/28 15:06:03 ET
Table 'Ebella' 6-max Seat #3 is the button
Seat 3: FaStBluff ($147.19 in chips)
Seat 6: kolaz03 ($222.63 in chips)
FaStBluff: posts small blind $1
kolaz03: posts big blind $3
*** HOLE CARDS ***
FaStBluff: folds
Uncalled bet ($2) returned to kolaz03
kolaz03 collected $2 from pot
kolaz03: doesn't show hand
*** SUMMARY ***
Total pot $2 | Rake $0
Seat 3: FaStBluff (button) (small blind) folded before Flop
Seat 6: kolaz03 (big blind) collected ($2)


PokerStars Hand #149575058511:  Hold'em Limit ($3/$6 USD) - 2016/02/28 15:05:41 ET
Table 'Ebella' 6-max Seat #6 is the button
Seat 3: FaStBluff ($150.19 in chips)
Seat 6: kolaz03 ($219.63 in chips)
kolaz03: posts small blind $1
ZinZar: is sitting out
ZinZar leaves the table
FaStBluff: posts big blind $3
*** HOLE CARDS ***
kolaz03: raises $3 to $6
FaStBluff: folds
Uncalled bet ($3) returned to kolaz03
kolaz03 collected $6 from pot
kolaz03: doesn't show hand
*** SUMMARY ***
Total pot $6 | Rake $0
Seat 3: FaStBluff (big blind) folded before Flop
Seat 6: kolaz03 (button) (small blind) collected ($6)


PokerStars Hand #149576394131:  Hold'em Limit ($3/$6 USD) - 2016/02/28 15:24:45 ET
Table 'Ebella' 6-max Seat #2 is the button
Seat 2: hubschi ($47.50 in chips)
Seat 3: kolaz03 ($72 in chips)
hubschi: posts small blind $1
kolaz03: posts big blind $3
*** HOLE CARDS ***
hubschi: calls $2
kolaz03: checks
*** FLOP *** [9s 3h 5c]
kolaz03: checks
hubschi: bets $3
kolaz03: calls $3
*** TURN *** [9s 3h 5c] [2s]
kolaz03: checks
hubschi: bets $6
kolaz03: calls $6
*** RIVER *** [9s 3h 5c 2s] [Qh]
kolaz03: checks
hubschi: checks
*** SHOW DOWN ***
kolaz03: shows [Kd 7h] (high card King)
hubschi: shows [9c Jc] (a pair of Nines)
hubschi collected $23.52 from pot
*** SUMMARY ***
Total pot $24 | Rake $0.48
Board [9s 3h 5c 2s Qh]
Seat 2: hubschi (button) (small blind) showed [9c Jc] and won ($23.52) with a pair of Nines
Seat 3: kolaz03 (big blind) showed [Kd 7h] and lost with high card King


PokerStars Hand #149576448824:  Hold'em Limit ($3/$6 USD) - 2016/02/28 15:25:33 ET
Table 'Ebella' 6-max Seat #2 is the button
Seat 2: hubschi ($42.02 in chips)
Seat 3: kolaz03 ($88.50 in chips)
hubschi: posts small blind $1
kolaz03: posts big blind $3
*** HOLE CARDS ***
hubschi: folds
Uncalled bet ($2) returned to kolaz03
kolaz03 collected $2 from pot
kolaz03: doesn't show hand
*** SUMMARY ***
Total pot $2 | Rake $0
Seat 2: hubschi (button) (small blind) folded before Flop
Seat 3: kolaz03 (big blind) collected ($2)


PokerStars Hand #149576439377:  Hold'em Limit ($3/$6 USD) - 2016/02/28 15:25:24 ET
Table 'Ebella' 6-max Seat #3 is the button
Seat 2: hubschi ($41.02 in chips)
Seat 3: kolaz03 ($89.50 in chips)
kolaz03: posts small blind $1
hubschi: posts big blind $3
*** HOLE CARDS ***
killerfurbel joins the table at seat #4
kolaz03: folds
Uncalled bet ($2) returned to hubschi
hubschi collected $2 from pot
hubschi: doesn't show hand
*** SUMMARY ***
Total pot $2 | Rake $0
Seat 2: hubschi (big blind) collected ($2)
Seat 3: kolaz03 (button) (small blind) folded before Flop


PokerStars Hand #149576430281:  Hold'em Limit ($3/$6 USD) - 2016/02/28 15:25:16 ET
Table 'Ebella' 6-max Seat #2 is the button
Seat 2: hubschi ($38.02 in chips)
Seat 3: kolaz03 ($92.50 in chips)
hubschi: posts small blind $1
kolaz03: posts big blind $3
*** HOLE CARDS ***
hubschi: raises $3 to $6
kolaz03: folds
Uncalled bet ($3) returned to hubschi
hubschi collected $6 from pot
hubschi: doesn't show hand
*** SUMMARY ***
Total pot $6 | Rake $0
Seat 2: hubschi (button) (small blind) collected ($6)
Seat 3: kolaz03 (big blind) folded before Flop


PokerStars Hand #149576410492:  Hold'em Limit ($3/$6 USD) - 2016/02/28 15:24:59 ET
Table 'Ebella' 6-max Seat #3 is the button
Seat 2: hubschi ($59.02 in chips)
Seat 3: kolaz03 ($72 in chips)
kolaz03: posts small blind $1
hubschi: posts big blind $3
*** HOLE CARDS ***
kolaz03: raises $3 to $6
hubschi: calls $3
*** FLOP *** [2c 9d Qd]
hubschi: checks
kolaz03: bets $3
hubschi: calls $3
*** TURN *** [2c 9d Qd] [4h]
hubschi: checks
kolaz03: bets $6
hubschi: calls $6
*** RIVER *** [2c 9d Qd 4h] [Kc]
hubschi: checks
kolaz03: bets $6
hubschi: calls $6
*** SHOW DOWN ***
kolaz03: shows [3c Qs] (a pair of Queens)
hubschi: mucks hand
kolaz03 collected $41.50 from pot
*** SUMMARY ***
Total pot $42 | Rake $0.50
Board [2c 9d Qd 4h Kc]
Seat 2: hubschi (big blind) mucked
Seat 3: kolaz03 (button) (small blind) showed [3c Qs] and won ($41.50) with a pair of Queens


