PokerStars Hand #147801763861:  Hold'em Limit ($3/$6 USD) - 2016/01/27 23:01:34 ET
Table 'Ebella' 6-max Seat #1 is the button
Seat 1: gaurav0810 ($120 in chips)
Seat 4: AzureCaper ($72 in chips)
gaurav0810: posts small blind $1
AzureCaper: posts big blind $3
*** HOLE CARDS ***
gaurav0810: calls $2
AzureCaper: checks
*** FLOP *** [7h 5c 2c]
AzureCaper: bets $3
gaurav0810: folds
Uncalled bet ($3) returned to AzureCaper
AzureCaper collected $5.88 from pot
AzureCaper: doesn't show hand
*** SUMMARY ***
Total pot $6 | Rake $0.12
Board [7h 5c 2c]
Seat 1: gaurav0810 (button) (small blind) folded on the Flop
Seat 4: AzureCaper (big blind) collected ($5.88)


PokerStars Hand #147801785852:  Hold'em Limit ($3/$6 USD) - 2016/01/27 23:02:39 ET
Table 'Ebella' 6-max Seat #1 is the button
Seat 1: gaurav0810 ($105.64 in chips)
Seat 4: AzureCaper ($85.38 in chips)
gaurav0810: posts small blind $1
AzureCaper: posts big blind $3
*** HOLE CARDS ***
gaurav0810: raises $3 to $6
AzureCaper: calls $3
*** FLOP *** [8s 2s 8d]
AzureCaper: checks
gaurav0810: bets $3
AzureCaper: folds
Uncalled bet ($3) returned to gaurav0810
gaurav0810 collected $11.76 from pot
*** SUMMARY ***
Total pot $12 | Rake $0.24
Board [8s 2s 8d]
Seat 1: gaurav0810 (button) (small blind) collected ($11.76)
Seat 4: AzureCaper (big blind) folded on the Flop


PokerStars Hand #147801780623:  Hold'em Limit ($3/$6 USD) - 2016/01/27 23:02:23 ET
Table 'Ebella' 6-max Seat #4 is the button
Seat 1: gaurav0810 ($97 in chips)
Seat 4: AzureCaper ($94.38 in chips)
AzureCaper: posts small blind $1
gaurav0810: posts big blind $3
*** HOLE CARDS ***
AzureCaper: raises $3 to $6
gaurav0810: calls $3
*** FLOP *** [9d Ac 4s]
gaurav0810: checks
AzureCaper: bets $3
gaurav0810: raises $3 to $6
AzureCaper: folds
Uncalled bet ($3) returned to gaurav0810
gaurav0810 collected $17.64 from pot
*** SUMMARY ***
Total pot $18 | Rake $0.36
Board [9d Ac 4s]
Seat 1: gaurav0810 (big blind) collected ($17.64)
Seat 4: AzureCaper (button) (small blind) folded on the Flop


PokerStars Hand #147801770596:  Hold'em Limit ($3/$6 USD) - 2016/01/27 23:01:54 ET
Table 'Ebella' 6-max Seat #1 is the button
Seat 1: gaurav0810 ($118 in chips)
Seat 4: AzureCaper ($73.88 in chips)
gaurav0810: posts small blind $1
AzureCaper: posts big blind $3
*** HOLE CARDS ***
gaurav0810: calls $2
AzureCaper: raises $3 to $6
gaurav0810: calls $3
*** FLOP *** [8d Ah 9d]
AzureCaper: bets $3
gaurav0810: calls $3
*** TURN *** [8d Ah 9d] [6h]
AzureCaper: bets $6
gaurav0810: calls $6
*** RIVER *** [8d Ah 9d 6h] [8c]
AzureCaper: checks
gaurav0810: bets $6
AzureCaper: calls $6
*** SHOW DOWN ***
gaurav0810: shows [Qc Th] (a pair of Eights)
AzureCaper: shows [Ad 5s] (two pair, Aces and Eights)
AzureCaper collected $41.50 from pot
*** SUMMARY ***
Total pot $42 | Rake $0.50
Board [8d Ah 9d 6h 8c]
Seat 1: gaurav0810 (button) (small blind) showed [Qc Th] and lost with a pair of Eights
Seat 4: AzureCaper (big blind) showed [Ad 5s] and won ($41.50) with two pair, Aces and Eights


PokerStars Hand #147801769132:  Hold'em Limit ($3/$6 USD) - 2016/01/27 23:01:50 ET
Table 'Ebella' 6-max Seat #4 is the button
Seat 1: gaurav0810 ($117 in chips)
Seat 4: AzureCaper ($74.88 in chips)
AzureCaper: posts small blind $1
gaurav0810: posts big blind $3
*** HOLE CARDS ***
AzureCaper: folds
Uncalled bet ($2) returned to gaurav0810
gaurav0810 collected $2 from pot
*** SUMMARY ***
Total pot $2 | Rake $0
Seat 1: gaurav0810 (big blind) collected ($2)
Seat 4: AzureCaper (button) (small blind) folded before Flop


PokerStars Hand #147801805487:  Hold'em Limit ($3/$6 USD) - 2016/01/27 23:03:38 ET
Table 'Ebella' 6-max Seat #1 is the button
Seat 1: gaurav0810 ($96.04 in chips)
Seat 4: AzureCaper ($95.50 in chips)
gaurav0810: posts small blind $1
AzureCaper: posts big blind $3
*** HOLE CARDS ***
gaurav0810: calls $2
AzureCaper: raises $3 to $6
gaurav0810: calls $3
*** FLOP *** [Kc 8c Jc]
AzureCaper: bets $3
gaurav0810: folds
Uncalled bet ($3) returned to AzureCaper
AzureCaper collected $11.76 from pot
AzureCaper: doesn't show hand
*** SUMMARY ***
Total pot $12 | Rake $0.24
Board [Kc 8c Jc]
Seat 1: gaurav0810 (button) (small blind) folded on the Flop
Seat 4: AzureCaper (big blind) collected ($11.76)


PokerStars Hand #147801803038:  Hold'em Limit ($3/$6 USD) - 2016/01/27 23:03:31 ET
Table 'Ebella' 6-max Seat #4 is the button
Seat 1: gaurav0810 ($99.04 in chips)
Seat 4: AzureCaper ($92.50 in chips)
AzureCaper: posts small blind $1
gaurav0810: posts big blind $3
*** HOLE CARDS ***
AzureCaper: raises $3 to $6
gaurav0810: folds
Uncalled bet ($3) returned to AzureCaper
AzureCaper collected $6 from pot
AzureCaper: doesn't show hand
*** SUMMARY ***
Total pot $6 | Rake $0
Seat 1: gaurav0810 (big blind) folded before Flop
Seat 4: AzureCaper (button) (small blind) collected ($6)


PokerStars Hand #147801795680:  Hold'em Limit ($3/$6 USD) - 2016/01/27 23:03:09 ET
Table 'Ebella' 6-max Seat #1 is the button
Seat 1: gaurav0810 ($120.04 in chips)
Seat 4: AzureCaper ($72 in chips)
gaurav0810: posts small blind $1
AzureCaper: posts big blind $3
*** HOLE CARDS ***
gaurav0810: calls $2
AzureCaper: raises $3 to $6
gaurav0810: calls $3
*** FLOP *** [4h 9c 8h]
AzureCaper: bets $3
gaurav0810: calls $3
*** TURN *** [4h 9c 8h] [Td]
AzureCaper: bets $6
gaurav0810: calls $6
*** RIVER *** [4h 9c 8h Td] [8d]
AzureCaper: checks
gaurav0810: bets $6
AzureCaper: calls $6
*** SHOW DOWN ***
gaurav0810: shows [6h Qh] (a pair of Eights)
AzureCaper: shows [5s 5c] (two pair, Eights and Fives)
AzureCaper collected $41.50 from pot
*** SUMMARY ***
Total pot $42 | Rake $0.50
Board [4h 9c 8h Td 8d]
Seat 1: gaurav0810 (button) (small blind) showed [6h Qh] and lost with a pair of Eights
Seat 4: AzureCaper (big blind) showed [5s 5c] and won ($41.50) with two pair, Eights and Fives


PokerStars Hand #147801789436:  Hold'em Limit ($3/$6 USD) - 2016/01/27 23:02:50 ET
Table 'Ebella' 6-max Seat #4 is the button
Seat 1: gaurav0810 ($111.40 in chips)
Seat 4: AzureCaper ($79.38 in chips)
AzureCaper: posts small blind $1
gaurav0810: posts big blind $3
*** HOLE CARDS ***
AzureCaper: raises $3 to $6
gaurav0810: calls $3
*** FLOP *** [5s 7d 2h]
gaurav0810: checks
AzureCaper: bets $3
gaurav0810: calls $3
*** TURN *** [5s 7d 2h] [6h]
gaurav0810: checks
AzureCaper: checks
*** RIVER *** [5s 7d 2h 6h] [3s]
gaurav0810: bets $6
AzureCaper: folds
Uncalled bet ($6) returned to gaurav0810
gaurav0810 collected $17.64 from pot
*** SUMMARY ***
Total pot $18 | Rake $0.36
Board [5s 7d 2h 6h 3s]
Seat 1: gaurav0810 (big blind) collected ($17.64)
Seat 4: AzureCaper (button) (small blind) folded on the River


PokerStars Hand #147801814446:  Hold'em Limit ($3/$6 USD) - 2016/01/27 23:04:05 ET
Table 'Ebella' 6-max Seat #4 is the button
Seat 1: gaurav0810 ($89.92 in chips)
Seat 4: AzureCaper ($101.26 in chips)
AzureCaper: posts small blind $1
gaurav0810: posts big blind $3
*** HOLE CARDS ***
AzureCaper: raises $3 to $6
gaurav0810: calls $3
*** FLOP *** [6c 2h Th]
gaurav0810: bets $3
AzureCaper: calls $3
*** TURN *** [6c 2h Th] [4c]
gaurav0810: checks
AzureCaper: checks
*** RIVER *** [6c 2h Th 4c] [Tc]
gaurav0810: bets $6
AzureCaper: calls $6
*** SHOW DOWN ***
gaurav0810: shows [Jc 8s] (a pair of Tens)
AzureCaper: shows [Ah 9h] (a pair of Tens - Ace kicker)
AzureCaper collected $29.50 from pot
*** SUMMARY ***
Total pot $30 | Rake $0.50
Board [6c 2h Th 4c Tc]
Seat 1: gaurav0810 (big blind) showed [Jc 8s] and lost with a pair of Tens
Seat 4: AzureCaper (button) (small blind) showed [Ah 9h] and won ($29.50) with a pair of Tens


PokerStars Hand #147801809289:  Hold'em Limit ($3/$6 USD) - 2016/01/27 23:03:49 ET
Table 'Ebella' 6-max Seat #4 is the button
Seat 1: gaurav0810 ($90.04 in chips)
Seat 4: AzureCaper ($101.26 in chips)
AzureCaper: posts small blind $1
gaurav0810: posts big blind $3
*** HOLE CARDS ***
AzureCaper: raises $3 to $6
gaurav0810: folds
Uncalled bet ($3) returned to AzureCaper
AzureCaper collected $6 from pot
AzureCaper: doesn't show hand
*** SUMMARY ***
Total pot $6 | Rake $0
Seat 1: gaurav0810 (big blind) folded before Flop
Seat 4: AzureCaper (button) (small blind) collected ($6)


PokerStars Hand #147801848381:  Hold'em Limit ($3/$6 USD) - 2016/01/27 23:05:47 ET
Table 'Ebella' 6-max Seat #4 is the button
Seat 1: gaurav0810 ($75.18 in chips)
Seat 4: AzureCaper ($114.26 in chips)
AzureCaper: posts small blind $1
gaurav0810: posts big blind $3
*** HOLE CARDS ***
AzureCaper: folds
Uncalled bet ($2) returned to gaurav0810
gaurav0810 collected $2 from pot
*** SUMMARY ***
Total pot $2 | Rake $0
Seat 1: gaurav0810 (big blind) collected ($2)
Seat 4: AzureCaper (button) (small blind) folded before Flop


PokerStars Hand #147801836137:  Hold'em Limit ($3/$6 USD) - 2016/01/27 23:05:10 ET
Table 'Ebella' 6-max Seat #1 is the button
Seat 1: gaurav0810 ($72.42 in chips)
Seat 4: AzureCaper ($117.26 in chips)
gaurav0810: posts small blind $1
AzureCaper: posts big blind $3
*** HOLE CARDS ***
gaurav0810: calls $2
AzureCaper: checks
*** FLOP *** [Kd 2h 2s]
AzureCaper: checks
gaurav0810: checks
*** TURN *** [Kd 2h 2s] [Th]
AzureCaper: checks
gaurav0810: checks
*** RIVER *** [Kd 2h 2s Th] [8s]
AzureCaper: checks
gaurav0810: checks
*** SHOW DOWN ***
AzureCaper: shows [7c 9d] (a pair of Deuces)
gaurav0810: shows [Js 5d] (a pair of Deuces - King+Jack kicker)
gaurav0810 collected $5.88 from pot
*** SUMMARY ***
Total pot $6 | Rake $0.12
Board [Kd 2h 2s Th 8s]
Seat 1: gaurav0810 (button) (small blind) showed [Js 5d] and won ($5.88) with a pair of Deuces
Seat 4: AzureCaper (big blind) showed [7c 9d] and lost with a pair of Deuces


PokerStars Hand #147801834360:  Hold'em Limit ($3/$6 USD) - 2016/01/27 23:05:05 ET
Table 'Ebella' 6-max Seat #4 is the button
Seat 1: gaurav0810 ($71.42 in chips)
Seat 4: AzureCaper ($118.26 in chips)
AzureCaper: posts small blind $1
gaurav0810: posts big blind $3
*** HOLE CARDS ***
AzureCaper: folds
Uncalled bet ($2) returned to gaurav0810
gaurav0810 collected $2 from pot
*** SUMMARY ***
Total pot $2 | Rake $0
Seat 1: gaurav0810 (big blind) collected ($2)
Seat 4: AzureCaper (button) (small blind) folded before Flop


PokerStars Hand #147801827972:  Hold'em Limit ($3/$6 USD) - 2016/01/27 23:04:45 ET
Table 'Ebella' 6-max Seat #1 is the button
Seat 1: gaurav0810 ($53.92 in chips)
Seat 4: AzureCaper ($136.26 in chips)
gaurav0810: posts small blind $1
AzureCaper: posts big blind $3
*** HOLE CARDS ***
gaurav0810: raises $3 to $6
AzureCaper: calls $3
*** FLOP *** [Js Ah 4h]
AzureCaper: checks
gaurav0810: checks
*** TURN *** [Js Ah 4h] [Kh]
AzureCaper: checks
gaurav0810: bets $6
AzureCaper: calls $6
*** RIVER *** [Js Ah 4h Kh] [5h]
AzureCaper: checks
gaurav0810: bets $6
AzureCaper: calls $6
*** SHOW DOWN ***
gaurav0810: shows [Jh Ad] (a flush, Ace high)
AzureCaper: mucks hand
gaurav0810 collected $35.50 from pot
*** SUMMARY ***
Total pot $36 | Rake $0.50
Board [Js Ah 4h Kh 5h]
Seat 1: gaurav0810 (button) (small blind) showed [Jh Ad] and won ($35.50) with a flush, Ace high
Seat 4: AzureCaper (big blind) mucked


PokerStars Hand #147801859109:  Hold'em Limit ($3/$6 USD) - 2016/01/27 23:06:19 ET
Table 'Ebella' 6-max Seat #1 is the button
Seat 1: gaurav0810 ($80.06 in chips)
Seat 4: AzureCaper ($109.26 in chips)
gaurav0810: posts small blind $1
AzureCaper: posts big blind $3
*** HOLE CARDS ***
gaurav0810: calls $2
love_mmm joins the table at seat #6
AzureCaper: checks
*** FLOP *** [3h Kc 9d]
AzureCaper: bets $3
gaurav0810: calls $3
*** TURN *** [3h Kc 9d] [6h]
AzureCaper: checks
gaurav0810: checks
*** RIVER *** [3h Kc 9d 6h] [5s]
AzureCaper: bets $6
gaurav0810: raises $6 to $12
AzureCaper: folds
Uncalled bet ($6) returned to gaurav0810
gaurav0810 collected $23.52 from pot
*** SUMMARY ***
Total pot $24 | Rake $0.48
Board [3h Kc 9d 6h 5s]
Seat 1: gaurav0810 (button) (small blind) collected ($23.52)
Seat 4: AzureCaper (big blind) folded on the River


PokerStars Hand #147801866388:  Hold'em Limit ($3/$6 USD) - 2016/01/27 23:06:41 ET
Table 'Ebella' 6-max Seat #4 is the button
Seat 1: gaurav0810 ($91.58 in chips)
Seat 4: AzureCaper ($97.26 in chips)
AzureCaper: posts small blind $1
gaurav0810: posts big blind $3
*** HOLE CARDS ***
AzureCaper: raises $3 to $6
gaurav0810: folds
Uncalled bet ($3) returned to AzureCaper
AzureCaper collected $6 from pot
AzureCaper: doesn't show hand
*** SUMMARY ***
Total pot $6 | Rake $0
Seat 1: gaurav0810 (big blind) folded before Flop
Seat 4: AzureCaper (button) (small blind) collected ($6)


PokerStars Hand #147801857292:  Hold'em Limit ($3/$6 USD) - 2016/01/27 23:06:14 ET
Table 'Ebella' 6-max Seat #4 is the button
Seat 1: gaurav0810 ($79.06 in chips)
Seat 4: AzureCaper ($110.26 in chips)
AzureCaper: posts small blind $1
gaurav0810: posts big blind $3
*** HOLE CARDS ***
AzureCaper: folds
Uncalled bet ($2) returned to gaurav0810
gaurav0810 collected $2 from pot
*** SUMMARY ***
Total pot $2 | Rake $0
Seat 1: gaurav0810 (big blind) collected ($2)
Seat 4: AzureCaper (button) (small blind) folded before Flop


PokerStars Hand #147801849877:  Hold'em Limit ($3/$6 USD) - 2016/01/27 23:05:51 ET
Table 'Ebella' 6-max Seat #1 is the button
Seat 1: gaurav0810 ($76.18 in chips)
Seat 4: AzureCaper ($113.26 in chips)
gaurav0810: posts small blind $1
AzureCaper: posts big blind $3
*** HOLE CARDS ***
gaurav0810: calls $2
AzureCaper: checks
*** FLOP *** [Kh Th Kc]
AzureCaper: checks
gaurav0810: checks
*** TURN *** [Kh Th Kc] [3c]
AzureCaper: checks
gaurav0810: bets $6
AzureCaper: folds
Uncalled bet ($6) returned to gaurav0810
gaurav0810 collected $5.88 from pot
*** SUMMARY ***
Total pot $6 | Rake $0.12
Board [Kh Th Kc 3c]
Seat 1: gaurav0810 (button) (small blind) collected ($5.88)
Seat 4: AzureCaper (big blind) folded on the Turn


PokerStars Hand #147801877120:  Hold'em Limit ($3/$6 USD) - 2016/01/27 23:07:13 ET
Table 'Ebella' 6-max Seat #4 is the button
Seat 1: gaurav0810 ($91.46 in chips)
Seat 4: AzureCaper ($97.26 in chips)
AzureCaper: posts small blind $1
gaurav0810: posts big blind $3
*** HOLE CARDS ***
AzureCaper: raises $3 to $6
gaurav0810: raises $3 to $9
AzureCaper: calls $3
*** FLOP *** [6d 9c 6h]
rchmin joins the table at seat #5
gaurav0810: bets $3
AzureCaper: calls $3
*** TURN *** [6d 9c 6h] [Ac]
gaurav0810: bets $6
AzureCaper: raises $6 to $12
gaurav0810: calls $6
*** RIVER *** [6d 9c 6h Ac] [9s]
gaurav0810: checks
AzureCaper: bets $6
gaurav0810: calls $6
*** SHOW DOWN ***
AzureCaper: shows [5c 6s] (a full house, Sixes full of Nines)
gaurav0810: mucks hand
AzureCaper collected $59.50 from pot
*** SUMMARY ***
Total pot $60 | Rake $0.50
Board [6d 9c 6h Ac 9s]
Seat 1: gaurav0810 (big blind) mucked
Seat 4: AzureCaper (button) (small blind) showed [5c 6s] and won ($59.50) with a full house, Sixes full of Nines


PokerStars Hand #147801868483:  Hold'em Limit ($3/$6 USD) - 2016/01/27 23:06:47 ET
Table 'Ebella' 6-max Seat #1 is the button
Seat 1: gaurav0810 ($88.58 in chips)
Seat 4: AzureCaper ($100.26 in chips)
gaurav0810: posts small blind $1
AzureCaper: posts big blind $3
*** HOLE CARDS ***
gaurav0810: calls $2
AzureCaper: checks
*** FLOP *** [8d 3h 8c]
AzureCaper: checks
gaurav0810: checks
*** TURN *** [8d 3h 8c] [Qs]
AzureCaper: checks
gaurav0810: checks
*** RIVER *** [8d 3h 8c Qs] [8s]
AzureCaper: checks
gaurav0810: checks
*** SHOW DOWN ***
AzureCaper: shows [4s 6c] (three of a kind, Eights)
gaurav0810: shows [7s 6s] (three of a kind, Eights - Queen+Seven kicker)
gaurav0810 collected $5.88 from pot
*** SUMMARY ***
Total pot $6 | Rake $0.12
Board [8d 3h 8c Qs 8s]
Seat 1: gaurav0810 (button) (small blind) showed [7s 6s] and won ($5.88) with three of a kind, Eights
Seat 4: AzureCaper (big blind) showed [4s 6c] and lost with three of a kind, Eights


PokerStars Hand #147801885304:  Hold'em Limit ($3/$6 USD) - 2016/01/27 23:07:38 ET
Table 'Ebella' 6-max Seat #1 is the button
Seat 1: gaurav0810 ($61.46 in chips)
Seat 4: AzureCaper ($126.76 in chips)
gaurav0810: posts small blind $1
AzureCaper: posts big blind $3
*** HOLE CARDS ***
gaurav0810: calls $2
AzureCaper: checks
*** FLOP *** [7h Kd Ac]
AzureCaper: checks
gaurav0810: checks
*** TURN *** [7h Kd Ac] [Td]
AzureCaper: bets $6
gaurav0810: calls $6
*** RIVER *** [7h Kd Ac Td] [As]
AzureCaper: checks
gaurav0810: checks
*** SHOW DOWN ***
AzureCaper: shows [3d 4d] (a pair of Aces)
gaurav0810: shows [Jc 7d] (two pair, Aces and Sevens)
gaurav0810 collected $17.64 from pot
*** SUMMARY ***
Total pot $18 | Rake $0.36
Board [7h Kd Ac Td As]
Seat 1: gaurav0810 (button) (small blind) showed [Jc 7d] and won ($17.64) with two pair, Aces and Sevens
Seat 4: AzureCaper (big blind) showed [3d 4d] and lost with a pair of Aces


PokerStars Hand #147801899421:  Hold'em Limit ($3/$6 USD) - 2016/01/27 23:08:20 ET
Table 'Ebella' 6-max Seat #4 is the button
Seat 1: gaurav0810 ($68.10 in chips)
Seat 4: AzureCaper ($119.64 in chips)
AzureCaper: posts small blind $1
gaurav0810: posts big blind $3
*** HOLE CARDS ***
AzureCaper: raises $3 to $6
gaurav0810: calls $3
*** FLOP *** [Qc 9c Ad]
gaurav0810: checks
AzureCaper: bets $3
gaurav0810: raises $3 to $6
AzureCaper: folds
Uncalled bet ($3) returned to gaurav0810
gaurav0810 collected $17.64 from pot
*** SUMMARY ***
Total pot $18 | Rake $0.36
Board [Qc 9c Ad]
Seat 1: gaurav0810 (big blind) collected ($17.64)
Seat 4: AzureCaper (button) (small blind) folded on the Flop


PokerStars Hand #147801894027:  Hold'em Limit ($3/$6 USD) - 2016/01/27 23:08:04 ET
Table 'Ebella' 6-max Seat #1 is the button
Seat 1: gaurav0810 ($71.10 in chips)
Seat 4: AzureCaper ($116.76 in chips)
gaurav0810: posts small blind $1
AzureCaper: posts big blind $3
*** HOLE CARDS ***
gaurav0810: calls $2
AzureCaper: checks
*** FLOP *** [Kc Jh 8s]
AzureCaper: bets $3
gaurav0810: folds
Uncalled bet ($3) returned to AzureCaper
AzureCaper collected $5.88 from pot
AzureCaper: doesn't show hand
*** SUMMARY ***
Total pot $6 | Rake $0.12
Board [Kc Jh 8s]
Seat 1: gaurav0810 (button) (small blind) folded on the Flop
Seat 4: AzureCaper (big blind) collected ($5.88)


PokerStars Hand #147801892126:  Hold'em Limit ($3/$6 USD) - 2016/01/27 23:07:58 ET
Table 'Ebella' 6-max Seat #4 is the button
Seat 1: gaurav0810 ($70.10 in chips)
Seat 4: AzureCaper ($117.76 in chips)
AzureCaper: posts small blind $1
gaurav0810: posts big blind $3
*** HOLE CARDS ***
AzureCaper: folds
Uncalled bet ($2) returned to gaurav0810
gaurav0810 collected $2 from pot
*** SUMMARY ***
Total pot $2 | Rake $0
Seat 1: gaurav0810 (big blind) collected ($2)
Seat 4: AzureCaper (button) (small blind) folded before Flop


PokerStars Hand #147801911922:  Hold'em Limit ($3/$6 USD) - 2016/01/27 23:08:57 ET
Table 'Ebella' 6-max Seat #4 is the button
Seat 1: gaurav0810 ($79.62 in chips)
Seat 4: AzureCaper ($107.64 in chips)
AzureCaper: posts small blind $1
gaurav0810: posts big blind $3
*** HOLE CARDS ***
AzureCaper: raises $3 to $6
gaurav0810: calls $3
*** FLOP *** [5d Ts 2s]
gaurav0810: checks
AzureCaper: bets $3
gaurav0810: calls $3
*** TURN *** [5d Ts 2s] [Qd]
gaurav0810: checks
AzureCaper: checks
*** RIVER *** [5d Ts 2s Qd] [3d]
gaurav0810: bets $6
AzureCaper: calls $6
*** SHOW DOWN ***
gaurav0810: shows [Ks 5h] (a pair of Fives)
AzureCaper: mucks hand
gaurav0810 collected $29.50 from pot
*** SUMMARY ***
Total pot $30 | Rake $0.50
Board [5d Ts 2s Qd 3d]
Seat 1: gaurav0810 (big blind) showed [Ks 5h] and won ($29.50) with a pair of Fives
Seat 4: AzureCaper (button) (small blind) mucked


PokerStars Hand #147801904302:  Hold'em Limit ($3/$6 USD) - 2016/01/27 23:08:34 ET
Table 'Ebella' 6-max Seat #1 is the button
Seat 1: gaurav0810 ($76.74 in chips)
Seat 4: AzureCaper ($110.64 in chips)
gaurav0810: posts small blind $1
AzureCaper: posts big blind $3
*** HOLE CARDS ***
gaurav0810: calls $2
AzureCaper: checks
*** FLOP *** [Ad 2s Th]
AzureCaper: checks
gaurav0810: checks
*** TURN *** [Ad 2s Th] [4s]
AzureCaper: checks
gaurav0810: checks
*** RIVER *** [Ad 2s Th 4s] [Tc]
AzureCaper: checks
gaurav0810: bets $6
AzureCaper: folds
Uncalled bet ($6) returned to gaurav0810
gaurav0810 collected $5.88 from pot
*** SUMMARY ***
Total pot $6 | Rake $0.12
Board [Ad 2s Th 4s Tc]
Seat 1: gaurav0810 (button) (small blind) collected ($5.88)
Seat 4: AzureCaper (big blind) folded on the River


PokerStars Hand #147801938814:  Hold'em Limit ($3/$6 USD) - 2016/01/27 23:10:19 ET
Table 'Ebella' 6-max Seat #4 is the button
Seat 1: gaurav0810 ($90.62 in chips)
Seat 4: AzureCaper ($94.90 in chips)
AzureCaper: posts small blind $1
gaurav0810: posts big blind $3
*** HOLE CARDS ***
AzureCaper: raises $3 to $6
gaurav0810: raises $3 to $9
AzureCaper: raises $3 to $12
Betting is capped
gaurav0810: calls $3
*** FLOP *** [5s 9s 8d]
gaurav0810: bets $3
AzureCaper: calls $3
*** TURN *** [5s 9s 8d] [4c]
gaurav0810: bets $6
AzureCaper: calls $6
*** RIVER *** [5s 9s 8d 4c] [2s]
gaurav0810: bets $6
AzureCaper: calls $6
*** SHOW DOWN ***
gaurav0810: shows [Kh As] (high card Ace)
AzureCaper: shows [Th Ts] (a pair of Tens)
AzureCaper collected $53.50 from pot
*** SUMMARY ***
Total pot $54 | Rake $0.50
Board [5s 9s 8d 4c 2s]
Seat 1: gaurav0810 (big blind) showed [Kh As] and lost with high card Ace
Seat 4: AzureCaper (button) (small blind) showed [Th Ts] and won ($53.50) with a pair of Tens


PokerStars Hand #147801930685:  Hold'em Limit ($3/$6 USD) - 2016/01/27 23:09:54 ET
Table 'Ebella' 6-max Seat #1 is the button
Seat 1: gaurav0810 ($70.12 in chips)
Seat 4: AzureCaper ($115.90 in chips)
gaurav0810: posts small blind $1
AzureCaper: posts big blind $3
*** HOLE CARDS ***
gaurav0810: calls $2
AzureCaper: raises $3 to $6
gaurav0810: calls $3
*** FLOP *** [6h 7d 5s]
AzureCaper: bets $3
gaurav0810: calls $3
*** TURN *** [6h 7d 5s] [Kc]
AzureCaper: bets $6
gaurav0810: calls $6
*** RIVER *** [6h 7d 5s Kc] [6d]
AzureCaper: checks
gaurav0810: bets $6
AzureCaper: calls $6
*** SHOW DOWN ***
gaurav0810: shows [Js 6c] (three of a kind, Sixes)
AzureCaper: mucks hand
gaurav0810 collected $41.50 from pot
*** SUMMARY ***
Total pot $42 | Rake $0.50
Board [6h 7d 5s Kc 6d]
Seat 1: gaurav0810 (button) (small blind) showed [Js 6c] and won ($41.50) with three of a kind, Sixes
Seat 4: AzureCaper (big blind) mucked


PokerStars Hand #147801926271:  Hold'em Limit ($3/$6 USD) - 2016/01/27 23:09:41 ET
Table 'Ebella' 6-max Seat #4 is the button
Seat 1: gaurav0810 ($76.12 in chips)
Seat 4: AzureCaper ($110.14 in chips)
AzureCaper: posts small blind $1
gaurav0810: posts big blind $3
*** HOLE CARDS ***
AzureCaper: raises $3 to $6
gaurav0810: calls $3
*** FLOP *** [9s 7h 6s]
gaurav0810: checks
AzureCaper: bets $3
gaurav0810: folds
Uncalled bet ($3) returned to AzureCaper
AzureCaper collected $11.76 from pot
AzureCaper: doesn't show hand
*** SUMMARY ***
Total pot $12 | Rake $0.24
Board [9s 7h 6s]
Seat 1: gaurav0810 (big blind) folded on the Flop
Seat 4: AzureCaper (button) (small blind) collected ($11.76)


PokerStars Hand #147801965725:  Hold'em Limit ($3/$6 USD) - 2016/01/27 23:11:41 ET
Table 'Ebella' 6-max Seat #1 is the button
Seat 1: gaurav0810 ($55.50 in chips)
Seat 4: AzureCaper ($128.92 in chips)
gaurav0810: posts small blind $1
AzureCaper: posts big blind $3
*** HOLE CARDS ***
gaurav0810: calls $2
AzureCaper: checks
*** FLOP *** [Jc 6h Kd]
AzureCaper: checks
gaurav0810: bets $3
AzureCaper: folds
Uncalled bet ($3) returned to gaurav0810
gaurav0810 collected $5.88 from pot
*** SUMMARY ***
Total pot $6 | Rake $0.12
Board [Jc 6h Kd]
Seat 1: gaurav0810 (button) (small blind) collected ($5.88)
Seat 4: AzureCaper (big blind) folded on the Flop


PokerStars Hand #147801945337:  Hold'em Limit ($3/$6 USD) - 2016/01/27 23:10:39 ET
Table 'Ebella' 6-max Seat #1 is the button
Seat 1: gaurav0810 ($63.62 in chips)
Seat 4: AzureCaper ($121.40 in chips)
gaurav0810: posts small blind $1
AzureCaper: posts big blind $3
*** HOLE CARDS ***
gaurav0810: calls $2
AzureCaper: checks
*** FLOP *** [Ts Ah 6c]
AzureCaper: checks
gaurav0810: checks
*** TURN *** [Ts Ah 6c] [2d]
AzureCaper: checks
gaurav0810: bets $6
AzureCaper: folds
Uncalled bet ($6) returned to gaurav0810
gaurav0810 collected $5.88 from pot
*** SUMMARY ***
Total pot $6 | Rake $0.12
Board [Ts Ah 6c 2d]
Seat 1: gaurav0810 (button) (small blind) collected ($5.88)
Seat 4: AzureCaper (big blind) folded on the Turn


PokerStars Hand #147801963675:  Hold'em Limit ($3/$6 USD) - 2016/01/27 23:11:34 ET
Table 'Ebella' 6-max Seat #4 is the button
Seat 1: gaurav0810 ($54.50 in chips)
Seat 4: AzureCaper ($129.92 in chips)
AzureCaper: posts small blind $1
gaurav0810: posts big blind $3
*** HOLE CARDS ***
AzureCaper: folds
Uncalled bet ($2) returned to gaurav0810
gaurav0810 collected $2 from pot
*** SUMMARY ***
Total pot $2 | Rake $0
Seat 1: gaurav0810 (big blind) collected ($2)
Seat 4: AzureCaper (button) (small blind) folded before Flop


PokerStars Hand #147801959707:  Hold'em Limit ($3/$6 USD) - 2016/01/27 23:11:22 ET
Table 'Ebella' 6-max Seat #1 is the button
Seat 1: gaurav0810 ($60.50 in chips)
Seat 4: AzureCaper ($124.16 in chips)
gaurav0810: posts small blind $1
AzureCaper: posts big blind $3
*** HOLE CARDS ***
gaurav0810: calls $2
AzureCaper: raises $3 to $6
gaurav0810: calls $3
*** FLOP *** [Ah Tc 5h]
AzureCaper: bets $3
gaurav0810: folds
Uncalled bet ($3) returned to AzureCaper
AzureCaper collected $11.76 from pot
AzureCaper: doesn't show hand
*** SUMMARY ***
Total pot $12 | Rake $0.24
Board [Ah Tc 5h]
Seat 1: gaurav0810 (button) (small blind) folded on the Flop
Seat 4: AzureCaper (big blind) collected ($11.76)


PokerStars Hand #147801958077:  Hold'em Limit ($3/$6 USD) - 2016/01/27 23:11:17 ET
Table 'Ebella' 6-max Seat #4 is the button
Seat 1: gaurav0810 ($59.50 in chips)
Seat 4: AzureCaper ($125.16 in chips)
AzureCaper: posts small blind $1
gaurav0810: posts big blind $3
*** HOLE CARDS ***
AzureCaper: folds
Uncalled bet ($2) returned to gaurav0810
gaurav0810 collected $2 from pot
*** SUMMARY ***
Total pot $2 | Rake $0
Seat 1: gaurav0810 (big blind) collected ($2)
Seat 4: AzureCaper (button) (small blind) folded before Flop


PokerStars Hand #147801955836:  Hold'em Limit ($3/$6 USD) - 2016/01/27 23:11:10 ET
Table 'Ebella' 6-max Seat #1 is the button
Seat 1: gaurav0810 ($60.50 in chips)
Seat 4: AzureCaper ($124.16 in chips)
gaurav0810: posts small blind $1
AzureCaper: posts big blind $3
*** HOLE CARDS ***
gaurav0810: folds
Uncalled bet ($2) returned to AzureCaper
AzureCaper collected $2 from pot
AzureCaper: doesn't show hand
*** SUMMARY ***
Total pot $2 | Rake $0
Seat 1: gaurav0810 (button) (small blind) folded before Flop
Seat 4: AzureCaper (big blind) collected ($2)


PokerStars Hand #147801950822:  Hold'em Limit ($3/$6 USD) - 2016/01/27 23:10:55 ET
Table 'Ebella' 6-max Seat #4 is the button
Seat 1: gaurav0810 ($66.50 in chips)
Seat 4: AzureCaper ($118.40 in chips)
AzureCaper: posts small blind $1
gaurav0810: posts big blind $3
*** HOLE CARDS ***
AzureCaper: raises $3 to $6
gaurav0810: calls $3
*** FLOP *** [Ah 7s Qd]
gaurav0810: checks
AzureCaper: bets $3
gaurav0810: folds
Uncalled bet ($3) returned to AzureCaper
AzureCaper collected $11.76 from pot
AzureCaper: doesn't show hand
*** SUMMARY ***
Total pot $12 | Rake $0.24
Board [Ah 7s Qd]
Seat 1: gaurav0810 (big blind) folded on the Flop
Seat 4: AzureCaper (button) (small blind) collected ($11.76)


PokerStars Hand #147801983545:  Hold'em Limit ($3/$6 USD) - 2016/01/27 23:12:35 ET
Table 'Ebella' 6-max Seat #4 is the button
Seat 1: gaurav0810 ($25.38 in chips)
Seat 4: AzureCaper ($157.94 in chips)
AzureCaper: posts small blind $1
gaurav0810: posts big blind $3
*** HOLE CARDS ***
AzureCaper: folds
Uncalled bet ($2) returned to gaurav0810
gaurav0810 collected $2 from pot
*** SUMMARY ***
Total pot $2 | Rake $0
Seat 1: gaurav0810 (big blind) collected ($2)
Seat 4: AzureCaper (button) (small blind) folded before Flop


PokerStars Hand #147801977977:  Hold'em Limit ($3/$6 USD) - 2016/01/27 23:12:19 ET
Table 'Ebella' 6-max Seat #1 is the button
Seat 1: gaurav0810 ($37.38 in chips)
Seat 4: AzureCaper ($146.42 in chips)
gaurav0810: posts small blind $1
AzureCaper: posts big blind $3
*** HOLE CARDS ***
gaurav0810: calls $2
AzureCaper: checks
*** FLOP *** [4h 4d 4c]
AzureCaper: checks
gaurav0810: bets $3
AzureCaper: calls $3
*** TURN *** [4h 4d 4c] [9s]
AzureCaper: checks
gaurav0810: checks
*** RIVER *** [4h 4d 4c 9s] [As]
AzureCaper: checks
gaurav0810: bets $6
AzureCaper: calls $6
*** SHOW DOWN ***
gaurav0810: shows [5h Jh] (three of a kind, Fours)
AzureCaper: shows [2c Kc] (three of a kind, Fours - Ace+King kicker)
AzureCaper collected $23.52 from pot
*** SUMMARY ***
Total pot $24 | Rake $0.48
Board [4h 4d 4c 9s As]
Seat 1: gaurav0810 (button) (small blind) showed [5h Jh] and lost with three of a kind, Fours
Seat 4: AzureCaper (big blind) showed [2c Kc] and won ($23.52) with three of a kind, Fours


PokerStars Hand #147801969798:  Hold'em Limit ($3/$6 USD) - 2016/01/27 23:11:53 ET
Table 'Ebella' 6-max Seat #4 is the button
Seat 1: gaurav0810 ($58.38 in chips)
Seat 4: AzureCaper ($125.92 in chips)
AzureCaper: posts small blind $1
gaurav0810: posts big blind $3
*** HOLE CARDS ***
AzureCaper: raises $3 to $6
gaurav0810: raises $3 to $9
AzureCaper: raises $3 to $12
Betting is capped
gaurav0810: calls $3
*** FLOP *** [5c Qs 4d]
gaurav0810: checks
AzureCaper: bets $3
gaurav0810: calls $3
*** TURN *** [5c Qs 4d] [Qc]
gaurav0810: checks
AzureCaper: bets $6
gaurav0810: calls $6
*** RIVER *** [5c Qs 4d Qc] [8h]
gaurav0810: checks
AzureCaper: bets $6
gaurav0810: folds
Uncalled bet ($6) returned to AzureCaper
AzureCaper collected $41.50 from pot
AzureCaper: doesn't show hand
*** SUMMARY ***
Total pot $42 | Rake $0.50
Board [5c Qs 4d Qc 8h]
Seat 1: gaurav0810 (big blind) folded on the River
Seat 4: AzureCaper (button) (small blind) collected ($41.50)


PokerStars Hand #147801985226:  Hold'em Limit ($3/$6 USD) - 2016/01/27 23:12:41 ET
Table 'Ebella' 6-max Seat #1 is the button
Seat 1: gaurav0810 ($26.38 in chips)
Seat 4: AzureCaper ($156.94 in chips)
gaurav0810: posts small blind $1
AzureCaper: posts big blind $3
*** HOLE CARDS ***
gaurav0810: calls $2
AzureCaper: checks
*** FLOP *** [3d As 4d]
AzureCaper: bets $3
gaurav0810: calls $3
*** TURN *** [3d As 4d] [4h]
AzureCaper: bets $6
gaurav0810: calls $6
*** RIVER *** [3d As 4d 4h] [Js]
AzureCaper: checks
gaurav0810: bets $6
AzureCaper: raises $6 to $12
gaurav0810: calls $6
*** SHOW DOWN ***
AzureCaper: shows [Qd 4c] (three of a kind, Fours)
gaurav0810: mucks hand
AzureCaper collected $47.50 from pot
*** SUMMARY ***
Total pot $48 | Rake $0.50
Board [3d As 4d 4h Js]
Seat 1: gaurav0810 (button) (small blind) mucked
Seat 4: AzureCaper (big blind) showed [Qd 4c] and won ($47.50) with three of a kind, Fours


