PokerStars Hand #166506210645:  Hold'em Limit ($3/$6 USD) - 2017/02/20 11:56:20 ET
Table 'Echemmon' 6-max Seat #2 is the button
Seat 2: xcgxcg2005 ($104 in chips)
Seat 3: TinaTurner72 ($135.50 in chips)
xcgxcg2005: posts small blind $1
TinaTurner72: posts big blind $3
*** HOLE CARDS ***
xcgxcg2005: folds
Uncalled bet ($2) returned to TinaTurner72
TinaTurner72 collected $2 from pot
TinaTurner72: doesn't show hand
*** SUMMARY ***
Total pot $2 | Rake $0
Seat 2: xcgxcg2005 (button) (small blind) folded before Flop
Seat 3: TinaTurner72 (big blind) collected ($2)


PokerStars Hand #166506187100:  Hold'em Limit ($3/$6 USD) - 2017/02/20 11:55:45 ET
Table 'Echemmon' 6-max Seat #3 is the button
Seat 2: xcgxcg2005 ($119 in chips)
Seat 3: TinaTurner72 ($121 in chips)
TinaTurner72: posts small blind $1
xcgxcg2005: posts big blind $3
*** HOLE CARDS ***
TinaTurner72: raises $3 to $6
xcgxcg2005: calls $3
*** FLOP *** [4s 3s Jd]
xcgxcg2005: checks
TinaTurner72: bets $3
xcgxcg2005: calls $3
*** TURN *** [4s 3s Jd] [Qs]
xcgxcg2005: checks
TinaTurner72: bets $6
xcgxcg2005: calls $6
*** RIVER *** [4s 3s Jd Qs] [6d]
xcgxcg2005: checks
TinaTurner72: bets $6
xcgxcg2005: folds
Uncalled bet ($6) returned to TinaTurner72
TinaTurner72 collected $29.50 from pot
TinaTurner72: doesn't show hand
*** SUMMARY ***
Total pot $30 | Rake $0.50
Board [4s 3s Jd Qs 6d]
Seat 2: xcgxcg2005 (big blind) folded on the River
Seat 3: TinaTurner72 (button) (small blind) collected ($29.50)


PokerStars Hand #166506217912:  Hold'em Limit ($3/$6 USD) - 2017/02/20 11:56:31 ET
Table 'Echemmon' 6-max Seat #2 is the button
Seat 2: xcgxcg2005 ($104 in chips)
Seat 3: TinaTurner72 ($135.50 in chips)
xcgxcg2005: posts small blind $1
TinaTurner72: posts big blind $3
*** HOLE CARDS ***
xcgxcg2005: folds
Uncalled bet ($2) returned to TinaTurner72
TinaTurner72 collected $2 from pot
TinaTurner72: doesn't show hand
*** SUMMARY ***
Total pot $2 | Rake $0
Seat 2: xcgxcg2005 (button) (small blind) folded before Flop
Seat 3: TinaTurner72 (big blind) collected ($2)


PokerStars Hand #166506213783:  Hold'em Limit ($3/$6 USD) - 2017/02/20 11:56:25 ET
Table 'Echemmon' 6-max Seat #3 is the button
Seat 2: xcgxcg2005 ($103 in chips)
Seat 3: TinaTurner72 ($136.50 in chips)
TinaTurner72: posts small blind $1
xcgxcg2005: posts big blind $3
*** HOLE CARDS ***
TinaTurner72: folds
Uncalled bet ($2) returned to xcgxcg2005
xcgxcg2005 collected $2 from pot
xcgxcg2005: doesn't show hand
*** SUMMARY ***
Total pot $2 | Rake $0
Seat 2: xcgxcg2005 (big blind) collected ($2)
Seat 3: TinaTurner72 (button) (small blind) folded before Flop


PokerStars Hand #166506221132:  Hold'em Limit ($3/$6 USD) - 2017/02/20 11:56:36 ET
Table 'Echemmon' 6-max Seat #3 is the button
Seat 2: xcgxcg2005 ($103 in chips)
Seat 3: TinaTurner72 ($136.50 in chips)
TinaTurner72: posts small blind $1
xcgxcg2005: posts big blind $3
*** HOLE CARDS ***
TinaTurner72: folds
Uncalled bet ($2) returned to xcgxcg2005
xcgxcg2005 collected $2 from pot
xcgxcg2005: doesn't show hand
*** SUMMARY ***
Total pot $2 | Rake $0
Seat 2: xcgxcg2005 (big blind) collected ($2)
Seat 3: TinaTurner72 (button) (small blind) folded before Flop


PokerStars Hand #166506232730:  Hold'em Limit ($3/$6 USD) - 2017/02/20 11:56:53 ET
Table 'Echemmon' 6-max Seat #2 is the button
Seat 2: xcgxcg2005 ($104 in chips)
Seat 3: TinaTurner72 ($135.50 in chips)
xcgxcg2005: posts small blind $1
TinaTurner72: posts big blind $3
*** HOLE CARDS ***
xcgxcg2005: raises $3 to $6
TinaTurner72: calls $3
*** FLOP *** [4d Td 5h]
TinaTurner72: checks
xcgxcg2005: bets $3
TinaTurner72: folds
Uncalled bet ($3) returned to xcgxcg2005
xcgxcg2005 collected $11.76 from pot
xcgxcg2005: doesn't show hand
*** SUMMARY ***
Total pot $12 | Rake $0.24
Board [4d Td 5h]
Seat 2: xcgxcg2005 (button) (small blind) collected ($11.76)
Seat 3: TinaTurner72 (big blind) folded on the Flop


PokerStars Hand #166506242024:  Hold'em Limit ($3/$6 USD) - 2017/02/20 11:57:06 ET
Table 'Echemmon' 6-max Seat #3 is the button
Seat 2: xcgxcg2005 ($109.76 in chips)
Seat 3: TinaTurner72 ($129.50 in chips)
TinaTurner72: posts small blind $1
xcgxcg2005: posts big blind $3
*** HOLE CARDS ***
TinaTurner72: raises $3 to $6
xcgxcg2005: calls $3
*** FLOP *** [Ah Th 6h]
xcgxcg2005: checks
TinaTurner72: bets $3
xcgxcg2005: folds
Uncalled bet ($3) returned to TinaTurner72
**Geka**555 joins the table at seat #4
TinaTurner72 collected $11.76 from pot
TinaTurner72: doesn't show hand
*** SUMMARY ***
Total pot $12 | Rake $0.24
Board [Ah Th 6h]
Seat 2: xcgxcg2005 (big blind) folded on the Flop
Seat 3: TinaTurner72 (button) (small blind) collected ($11.76)


PokerStars Hand #166506259221:  Hold'em Limit ($3/$6 USD) - 2017/02/20 11:57:32 ET
Table 'Echemmon' 6-max Seat #2 is the button
Seat 2: xcgxcg2005 ($103.76 in chips)
Seat 3: TinaTurner72 ($135.26 in chips)
xcgxcg2005: posts small blind $1
TinaTurner72: posts big blind $3
*** HOLE CARDS ***
xcgxcg2005: folds
Uncalled bet ($2) returned to TinaTurner72
TinaTurner72 collected $2 from pot
TinaTurner72: doesn't show hand
Luanto 14 joins the table at seat #5
*** SUMMARY ***
Total pot $2 | Rake $0
Seat 2: xcgxcg2005 (button) (small blind) folded before Flop
Seat 3: TinaTurner72 (big blind) collected ($2)


PokerStars Hand #166506919368:  Hold'em Limit ($3/$6 USD) - 2017/02/20 12:11:39 ET
Table 'Echemmon' 6-max Seat #2 is the button
Seat 2: stronghawk ($123.46 in chips)
Seat 6: ABATAPP ($122.68 in chips)
stronghawk: posts small blind $1
ABATAPP: posts big blind $3
*** HOLE CARDS ***
stronghawk: raises $3 to $6
ABATAPP: folds
Uncalled bet ($3) returned to stronghawk
stronghawk collected $6 from pot
stronghawk: doesn't show hand
*** SUMMARY ***
Total pot $6 | Rake $0
Seat 2: stronghawk (button) (small blind) collected ($6)
Seat 6: ABATAPP (big blind) folded before Flop


PokerStars Hand #166506914833:  Hold'em Limit ($3/$6 USD) - 2017/02/20 12:11:33 ET
Table 'Echemmon' 6-max Seat #6 is the button
Seat 2: stronghawk ($122.46 in chips)
Seat 6: ABATAPP ($123.68 in chips)
ABATAPP: posts small blind $1
TheCRIdol: is sitting out
stronghawk: posts big blind $3
*** HOLE CARDS ***
ABATAPP: folds
Uncalled bet ($2) returned to stronghawk
TheCRIdol leaves the table
stronghawk collected $2 from pot
stronghawk: doesn't show hand
*** SUMMARY ***
Total pot $2 | Rake $0
Seat 2: stronghawk (big blind) collected ($2)
Seat 6: ABATAPP (button) (small blind) folded before Flop


PokerStars Hand #166509915414:  Hold'em Limit ($3/$6 USD) - 2017/02/20 13:10:54 ET
Table 'Echemmon' 6-max Seat #3 is the button
Seat 3: kiforio4 ($26.19 in chips)
Seat 6: kalsi3 ($43.45 in chips)
kiforio4: posts small blind $1
kalsi3: posts big blind $3
*** HOLE CARDS ***
kiforio4: raises $3 to $6
kalsi3: calls $3
*** FLOP *** [Td Kh Qh]
kalsi3: checks
kiforio4: checks
*** TURN *** [Td Kh Qh] [5c]
kalsi3: checks
kiforio4: checks
*** RIVER *** [Td Kh Qh 5c] [7s]
kalsi3: checks
kiforio4: bets $6
kalsi3: folds
Uncalled bet ($6) returned to kiforio4
kiforio4 collected $11.76 from pot
kiforio4: doesn't show hand
*** SUMMARY ***
Total pot $12 | Rake $0.24
Board [Td Kh Qh 5c 7s]
Seat 3: kiforio4 (button) (small blind) collected ($11.76)
Seat 6: kalsi3 (big blind) folded on the River


PokerStars Hand #166509870921:  Hold'em Limit ($3/$6 USD) - 2017/02/20 13:10:04 ET
Table 'Echemmon' 6-max Seat #6 is the button
Seat 3: kiforio4 ($35.69 in chips)
Seat 6: kalsi3 ($35.31 in chips)
kalsi3: posts small blind $1
kiforio4: posts big blind $3
*** HOLE CARDS ***
kalsi3: calls $2
kiforio4: raises $3 to $6
kalsi3: calls $3
*** FLOP *** [Qh 8s 5h]
kiforio4: bets $3
kalsi3: calls $3
*** TURN *** [Qh 8s 5h] [Qc]
kiforio4: bets $6
kalsi3: calls $6
*** RIVER *** [Qh 8s 5h Qc] [6d]
kiforio4: checks
kalsi3: checks
*** SHOW DOWN ***
kiforio4: shows [Kc Ac] (a pair of Queens)
kalsi3: mucks hand
kiforio4 collected $29.50 from pot
*** SUMMARY ***
Total pot $30 | Rake $0.50
Board [Qh 8s 5h Qc 6d]
Seat 3: kiforio4 (big blind) showed [Kc Ac] and won ($29.50) with a pair of Queens
Seat 6: kalsi3 (button) (small blind) mucked


PokerStars Hand #166509885765:  Hold'em Limit ($3/$6 USD) - 2017/02/20 13:10:21 ET
Table 'Echemmon' 6-max Seat #3 is the button
Seat 3: kiforio4 ($50.19 in chips)
Seat 6: kalsi3 ($20.31 in chips)
kiforio4: posts small blind $1
kalsi3: posts big blind $3
*** HOLE CARDS ***
kiforio4: calls $2
kalsi3: raises $3 to $6
kiforio4: calls $3
*** FLOP *** [Kh 5c Tc]
kalsi3: bets $3
kiforio4: calls $3
*** TURN *** [Kh 5c Tc] [Qs]
kalsi3: bets $6
kiforio4: folds
Uncalled bet ($6) returned to kalsi3
kalsi3 collected $17.64 from pot
kalsi3: doesn't show hand
*** SUMMARY ***
Total pot $18 | Rake $0.36
Board [Kh 5c Tc Qs]
Seat 3: kiforio4 (button) (small blind) folded on the Turn
Seat 6: kalsi3 (big blind) collected ($17.64)


