PokerStars Hand #152868312169:  Hold'em Limit ($3/$6 USD) - 2016/05/04 21:30:43 ET
Table 'Echemmon II' 6-max Seat #5 is the button
Seat 2: NAUTJE1337 ($50 in chips)
Seat 5: TinaTurner72 ($263.21 in chips)
TinaTurner72: posts small blind $1
NAUTJE1337: posts big blind $3
*** HOLE CARDS ***
TinaTurner72: raises $3 to $6
NAUTJE1337: calls $3
*** FLOP *** [3h 8c 2h]
NAUTJE1337: checks
TinaTurner72: bets $3
NAUTJE1337: calls $3
*** TURN *** [3h 8c 2h] [Qd]
NAUTJE1337: checks
TinaTurner72: bets $6
NAUTJE1337: calls $6
*** RIVER *** [3h 8c 2h Qd] [4h]
NAUTJE1337: bets $6
TinaTurner72: calls $6
*** SHOW DOWN ***
NAUTJE1337: shows [5d 6d] (a straight, Deuce to Six)
TinaTurner72: mucks hand
NAUTJE1337 collected $41.50 from pot
*** SUMMARY ***
Total pot $42 | Rake $0.50
Board [3h 8c 2h Qd 4h]
Seat 2: NAUTJE1337 (big blind) showed [5d 6d] and won ($41.50) with a straight, Deuce to Six
Seat 5: TinaTurner72 (button) (small blind) mucked


PokerStars Hand #152868333491:  Hold'em Limit ($3/$6 USD) - 2016/05/04 21:31:37 ET
Table 'Echemmon II' 6-max Seat #2 is the button
Seat 2: NAUTJE1337 ($70.50 in chips)
Seat 5: TinaTurner72 ($242.21 in chips)
NAUTJE1337: posts small blind $1
TinaTurner72: posts big blind $3
*** HOLE CARDS ***
NAUTJE1337: folds
Uncalled bet ($2) returned to TinaTurner72
TinaTurner72 collected $2 from pot
TinaTurner72: doesn't show hand
*** SUMMARY ***
Total pot $2 | Rake $0
Seat 2: NAUTJE1337 (button) (small blind) folded before Flop
Seat 5: TinaTurner72 (big blind) collected ($2)


PokerStars Hand #152868400421:  Hold'em Limit ($3/$6 USD) - 2016/05/04 21:34:30 ET
Table 'Echemmon II' 6-max Seat #5 is the button
Seat 3: mylifeluvsol ($30 in chips)
Seat 5: TinaTurner72 ($243.21 in chips)
TinaTurner72: posts small blind $1
mylifeluvsol: posts big blind $3
*** HOLE CARDS ***
TinaTurner72: raises $3 to $6
mylifeluvsol: calls $3
*** FLOP *** [7d 8c 7c]
mylifeluvsol: checks
REZOLUTION84 joins the table at seat #4
TinaTurner72: bets $3
mylifeluvsol: calls $3
*** TURN *** [7d 8c 7c] [8d]
mylifeluvsol: bets $6
TinaTurner72: calls $6
*** RIVER *** [7d 8c 7c 8d] [2h]
mylifeluvsol: bets $6
TinaTurner72: folds
Uncalled bet ($6) returned to mylifeluvsol
mylifeluvsol collected $29.50 from pot
mylifeluvsol: doesn't show hand
*** SUMMARY ***
Total pot $30 | Rake $0.50
Board [7d 8c 7c 8d 2h]
Seat 3: mylifeluvsol (big blind) collected ($29.50)
Seat 5: TinaTurner72 (button) (small blind) folded on the River


PokerStars Hand #152869628282:  Hold'em Limit ($3/$6 USD) - 2016/05/04 22:31:14 ET
Table 'Echemmon II' 6-max Seat #5 is the button
Seat 3: yman_0802 ($80.11 in chips)
Seat 5: lin1rabbit ($180.78 in chips)
lin1rabbit: posts small blind $1
yman_0802: posts big blind $3
*** HOLE CARDS ***
BuzovaPro joins the table at seat #4
lin1rabbit: raises $3 to $6
yman_0802: calls $3
*** FLOP *** [9s 9c 9d]
yman_0802: checks
lin1rabbit: bets $3
yman_0802: calls $3
*** TURN *** [9s 9c 9d] [Jc]
yman_0802: checks
lin1rabbit: bets $6
BuzovaPro leaves the table
yman_0802: folds
Uncalled bet ($6) returned to lin1rabbit
lin1rabbit collected $17.64 from pot
lin1rabbit: doesn't show hand
*** SUMMARY ***
Total pot $18 | Rake $0.36
Board [9s 9c 9d Jc]
Seat 3: yman_0802 (big blind) folded on the Turn
Seat 5: lin1rabbit (button) (small blind) collected ($17.64)


PokerStars Hand #152869638075:  Hold'em Limit ($3/$6 USD) - 2016/05/04 22:31:43 ET
Table 'Echemmon II' 6-max Seat #3 is the button
Seat 3: yman_0802 ($71.11 in chips)
Seat 5: lin1rabbit ($189.42 in chips)
yman_0802: posts small blind $1
lin1rabbit: posts big blind $3
*** HOLE CARDS ***
yman_0802: raises $3 to $6
lin1rabbit: raises $3 to $9
yman_0802: calls $3
*** FLOP *** [Tc Jd 7d]
lin1rabbit: bets $3
yman_0802: raises $3 to $6
lin1rabbit: calls $3
*** TURN *** [Tc Jd 7d] [3h]
lin1rabbit: checks
yman_0802: bets $6
lin1rabbit: calls $6
*** RIVER *** [Tc Jd 7d 3h] [6s]
lin1rabbit: checks
yman_0802: bets $6
lin1rabbit: calls $6
*** SHOW DOWN ***
yman_0802: shows [5d Td] (a pair of Tens)
lin1rabbit: mucks hand
yman_0802 collected $53.50 from pot
*** SUMMARY ***
Total pot $54 | Rake $0.50
Board [Tc Jd 7d 3h 6s]
Seat 3: yman_0802 (button) (small blind) showed [5d Td] and won ($53.50) with a pair of Tens
Seat 5: lin1rabbit (big blind) mucked


PokerStars Hand #152869648326:  Hold'em Limit ($3/$6 USD) - 2016/05/04 22:32:14 ET
Table 'Echemmon II' 6-max Seat #5 is the button
Seat 3: yman_0802 ($97.61 in chips)
Seat 5: lin1rabbit ($162.42 in chips)
lin1rabbit: posts small blind $1
yman_0802: posts big blind $3
*** HOLE CARDS ***
lin1rabbit: raises $3 to $6
yman_0802: calls $3
*** FLOP *** [7d 9d 4s]
yman_0802: bets $3
lin1rabbit: calls $3
*** TURN *** [7d 9d 4s] [4c]
yman_0802: bets $6
lin1rabbit: folds
Uncalled bet ($6) returned to yman_0802
yman_0802 collected $17.64 from pot
*** SUMMARY ***
Total pot $18 | Rake $0.36
Board [7d 9d 4s 4c]
Seat 3: yman_0802 (big blind) collected ($17.64)
Seat 5: lin1rabbit (button) (small blind) folded on the Turn


