PokerStars Hand #146857942710:  Hold'em Limit ($3/$6 USD) - 2016/01/11 10:45:28 ET
Table 'Echepolos' 6-max Seat #5 is the button
Seat 1: LolDnkaments ($110.74 in chips)
Seat 5: italianhero4 ($27.77 in chips)
italianhero4: posts small blind $1
LolDnkaments: posts big blind $3
*** HOLE CARDS ***
italianhero4: raises $3 to $6
B_loJkl leaves the table
LolDnkaments: raises $3 to $9
italianhero4: calls $3
*** FLOP *** [6s 4s 8d]
LolDnkaments: bets $3
italianhero4: calls $3
*** TURN *** [6s 4s 8d] [5s]
LolDnkaments: checks
italianhero4: bets $6
LolDnkaments: folds
Uncalled bet ($6) returned to italianhero4
italianhero4 collected $23.52 from pot
italianhero4: doesn't show hand
*** SUMMARY ***
Total pot $24 | Rake $0.48
Board [6s 4s 8d 5s]
Seat 1: LolDnkaments (big blind) folded on the Turn
Seat 5: italianhero4 (button) (small blind) collected ($23.52)


PokerStars Hand #146857935647:  Hold'em Limit ($3/$6 USD) - 2016/01/11 10:45:19 ET
Table 'Echepolos' 6-max Seat #1 is the button
Seat 1: LolDnkaments ($107.74 in chips)
Seat 5: italianhero4 ($30.77 in chips)
LolDnkaments: posts small blind $1
italianhero4: posts big blind $3
*** HOLE CARDS ***
LolDnkaments: raises $3 to $6
italianhero4: folds
Uncalled bet ($3) returned to LolDnkaments
LolDnkaments collected $6 from pot
LolDnkaments: doesn't show hand
*** SUMMARY ***
Total pot $6 | Rake $0
Seat 1: LolDnkaments (button) (small blind) collected ($6)
Seat 5: italianhero4 (big blind) folded before Flop


PokerStars Hand #146857931787:  Hold'em Limit ($3/$6 USD) - 2016/01/11 10:45:14 ET
Table 'Echepolos' 6-max Seat #5 is the button
Seat 1: LolDnkaments ($106.74 in chips)
Seat 5: italianhero4 ($31.77 in chips)
italianhero4: posts small blind $1
LolDnkaments: posts big blind $3
*** HOLE CARDS ***
italianhero4: folds
Uncalled bet ($2) returned to LolDnkaments
LolDnkaments collected $2 from pot
LolDnkaments: doesn't show hand
*** SUMMARY ***
Total pot $2 | Rake $0
Seat 1: LolDnkaments (big blind) collected ($2)
Seat 5: italianhero4 (button) (small blind) folded before Flop


PokerStars Hand #146857921205:  Hold'em Limit ($3/$6 USD) - 2016/01/11 10:45:01 ET
Table 'Echepolos' 6-max Seat #1 is the button
Seat 1: LolDnkaments ($100.98 in chips)
Seat 5: italianhero4 ($37.77 in chips)
LolDnkaments: posts small blind $1
B_loJkl: is sitting out
italianhero4: posts big blind $3
*** HOLE CARDS ***
LolDnkaments: raises $3 to $6
italianhero4: calls $3
*** FLOP *** [Ac 9c 3s]
italianhero4: checks
LolDnkaments: bets $3
italianhero4: folds
Uncalled bet ($3) returned to LolDnkaments
LolDnkaments collected $11.76 from pot
LolDnkaments: doesn't show hand
*** SUMMARY ***
Total pot $12 | Rake $0.24
Board [Ac 9c 3s]
Seat 1: LolDnkaments (button) (small blind) collected ($11.76)
Seat 5: italianhero4 (big blind) folded on the Flop


PokerStars Hand #146857994679:  Hold'em Limit ($3/$6 USD) - 2016/01/11 10:46:31 ET
Table 'Echepolos' 6-max Seat #5 is the button
Seat 1: LolDnkaments ($108.50 in chips)
Seat 5: italianhero4 ($29.29 in chips)
italianhero4: posts small blind $1
LolDnkaments: posts big blind $3
*** HOLE CARDS ***
italianhero4: raises $3 to $6
LolDnkaments: raises $3 to $9
italianhero4: calls $3
*** FLOP *** [Js 6s 3d]
LolDnkaments: bets $3
italianhero4: calls $3
*** TURN *** [Js 6s 3d] [2s]
LolDnkaments: bets $6
italianhero4: raises $6 to $12
LolDnkaments: calls $6
*** RIVER *** [Js 6s 3d 2s] [Ad]
LolDnkaments: bets $6
italianhero4: calls $5.29 and is all-in
Uncalled bet ($0.71) returned to LolDnkaments
*** SHOW DOWN ***
LolDnkaments: shows [Ah 2h] (two pair, Aces and Deuces)
italianhero4: shows [Jd 3s] (two pair, Jacks and Threes)
LolDnkaments collected $58.08 from pot
*** SUMMARY ***
Total pot $58.58 | Rake $0.50
Board [Js 6s 3d 2s Ad]
Seat 1: LolDnkaments (big blind) showed [Ah 2h] and won ($58.08) with two pair, Aces and Deuces
Seat 5: italianhero4 (button) (small blind) showed [Jd 3s] and lost with two pair, Jacks and Threes


PokerStars Hand #146857987689:  Hold'em Limit ($3/$6 USD) - 2016/01/11 10:46:22 ET
Table 'Echepolos' 6-max Seat #1 is the button
Seat 1: LolDnkaments ($105.50 in chips)
Seat 5: italianhero4 ($32.29 in chips)
LolDnkaments: posts small blind $1
italianhero4: posts big blind $3
*** HOLE CARDS ***
LolDnkaments: raises $3 to $6
italianhero4: folds
Uncalled bet ($3) returned to LolDnkaments
LolDnkaments collected $6 from pot
LolDnkaments: doesn't show hand
*** SUMMARY ***
Total pot $6 | Rake $0
Seat 1: LolDnkaments (button) (small blind) collected ($6)
Seat 5: italianhero4 (big blind) folded before Flop


PokerStars Hand #146857983713:  Hold'em Limit ($3/$6 USD) - 2016/01/11 10:46:17 ET
Table 'Echepolos' 6-max Seat #5 is the button
Seat 1: LolDnkaments ($104.50 in chips)
Seat 5: italianhero4 ($33.29 in chips)
italianhero4: posts small blind $1
LolDnkaments: posts big blind $3
*** HOLE CARDS ***
italianhero4: folds
Uncalled bet ($2) returned to LolDnkaments
LolDnkaments collected $2 from pot
LolDnkaments: doesn't show hand
*** SUMMARY ***
Total pot $2 | Rake $0
Seat 1: LolDnkaments (big blind) collected ($2)
Seat 5: italianhero4 (button) (small blind) folded before Flop


PokerStars Hand #146857973725:  Hold'em Limit ($3/$6 USD) - 2016/01/11 10:46:05 ET
Table 'Echepolos' 6-max Seat #1 is the button
Seat 1: LolDnkaments ($98.74 in chips)
Seat 5: italianhero4 ($39.29 in chips)
LolDnkaments: posts small blind $1
italianhero4: posts big blind $3
*** HOLE CARDS ***
LolDnkaments: raises $3 to $6
italianhero4: calls $3
*** FLOP *** [Ad Th 6s]
italianhero4: checks
LolDnkaments: bets $3
italianhero4: folds
Uncalled bet ($3) returned to LolDnkaments
LolDnkaments collected $11.76 from pot
LolDnkaments: doesn't show hand
*** SUMMARY ***
Total pot $12 | Rake $0.24
Board [Ad Th 6s]
Seat 1: LolDnkaments (button) (small blind) collected ($11.76)
Seat 5: italianhero4 (big blind) folded on the Flop


