PokerStars Hand #152859504381:  Hold'em Limit ($3/$6 USD) - 2016/05/04 17:26:58 ET
Table 'Echemmon II' 6-max Seat #6 is the button
Seat 5: Pandakey ($126.76 in chips)
Seat 6: JoeBlack1982 ($113 in chips)
JoeBlack1982: posts small blind $1
Pandakey: posts big blind $3
*** HOLE CARDS ***
anetkaapro joins the table at seat #1
JoeBlack1982: raises $3 to $6
Pandakey: calls $3
*** FLOP *** [2s 5d As]
Pandakey: checks
JoeBlack1982: bets $3
Pandakey: calls $3
*** TURN *** [2s 5d As] [3h]
Pandakey: bets $6
JoeBlack1982: folds
Uncalled bet ($6) returned to Pandakey
Pandakey collected $17.64 from pot
Pandakey: doesn't show hand
*** SUMMARY ***
Total pot $18 | Rake $0.36
Board [2s 5d As 3h]
Seat 5: Pandakey (big blind) collected ($17.64)
Seat 6: JoeBlack1982 (button) (small blind) folded on the Turn


PokerStars Hand #152859485121:  Hold'em Limit ($3/$6 USD) - 2016/05/04 17:26:39 ET
Table 'Echemmon II' 6-max Seat #5 is the button
Seat 5: Pandakey ($121 in chips)
Seat 6: JoeBlack1982 ($119 in chips)
Pandakey: posts small blind $1
JoeBlack1982: posts big blind $3
*** HOLE CARDS ***
Pandakey: raises $3 to $6
JoeBlack1982: calls $3
*** FLOP *** [2d Qh Qs]
JoeBlack1982: checks
Pandakey: bets $3
JoeBlack1982: folds
Uncalled bet ($3) returned to Pandakey
Pandakey collected $11.76 from pot
Pandakey: doesn't show hand
*** SUMMARY ***
Total pot $12 | Rake $0.24
Board [2d Qh Qs]
Seat 5: Pandakey (button) (small blind) collected ($11.76)
Seat 6: JoeBlack1982 (big blind) folded on the Flop


PokerStars Hand #152859529257:  Hold'em Limit ($3/$6 USD) - 2016/05/04 17:27:23 ET
Table 'Echemmon II' 6-max Seat #5 is the button
Seat 5: Pandakey ($135.40 in chips)
Seat 6: JoeBlack1982 ($104 in chips)
Pandakey: posts small blind $1
JoeBlack1982: posts big blind $3
*** HOLE CARDS ***
Pandakey: raises $3 to $6
JoeBlack1982: raises $3 to $9
Pandakey: calls $3
*** FLOP *** [Js 8s Qs]
JoeBlack1982: bets $3
Pandakey: calls $3
*** TURN *** [Js 8s Qs] [3s]
JoeBlack1982: bets $6
Pandakey: folds
Uncalled bet ($6) returned to JoeBlack1982
JoeBlack1982 collected $23.52 from pot
JoeBlack1982: doesn't show hand
*** SUMMARY ***
Total pot $24 | Rake $0.48
Board [Js 8s Qs 3s]
Seat 5: Pandakey (button) (small blind) folded on the Turn
Seat 6: JoeBlack1982 (big blind) collected ($23.52)


PokerStars Hand #152860965951:  Hold'em Limit ($3/$6 USD) - 2016/05/04 17:55:34 ET
Table 'Echemmon II' 6-max Seat #6 is the button
Seat 1: anetkaapro ($125.83 in chips)
Seat 6: JoeBlack1982 ($168.05 in chips)
JoeBlack1982: posts small blind $1
anetkaapro: posts big blind $3
*** HOLE CARDS ***
JoeBlack1982: folds
Uncalled bet ($2) returned to anetkaapro
anetkaapro collected $2 from pot
anetkaapro: doesn't show hand
*** SUMMARY ***
Total pot $2 | Rake $0
Seat 1: anetkaapro (big blind) collected ($2)
Seat 6: JoeBlack1982 (button) (small blind) folded before Flop


PokerStars Hand #152860978176:  Hold'em Limit ($3/$6 USD) - 2016/05/04 17:55:54 ET
Table 'Echemmon II' 6-max Seat #6 is the button
Seat 1: anetkaapro ($125.83 in chips)
Seat 6: JoeBlack1982 ($168.05 in chips)
JoeBlack1982: posts small blind $1
anetkaapro: posts big blind $3
*** HOLE CARDS ***
JoeBlack1982: folds
Uncalled bet ($2) returned to anetkaapro
JoeBlack1982 leaves the table
anetkaapro collected $2 from pot
anetkaapro: doesn't show hand
*** SUMMARY ***
Total pot $2 | Rake $0
Seat 1: anetkaapro (big blind) collected ($2)
Seat 6: JoeBlack1982 (button) (small blind) folded before Flop


PokerStars Hand #152860969382:  Hold'em Limit ($3/$6 USD) - 2016/05/04 17:55:40 ET
Table 'Echemmon II' 6-max Seat #1 is the button
Seat 1: anetkaapro ($126.83 in chips)
Seat 6: JoeBlack1982 ($167.05 in chips)
anetkaapro: posts small blind $1
JoeBlack1982: posts big blind $3
*** HOLE CARDS ***
k1rp4v3nsk3 leaves the table
anetkaapro: folds
Uncalled bet ($2) returned to JoeBlack1982
JoeBlack1982 collected $2 from pot
JoeBlack1982: doesn't show hand
*** SUMMARY ***
Total pot $2 | Rake $0
Seat 1: anetkaapro (button) (small blind) folded before Flop
Seat 6: JoeBlack1982 (big blind) collected ($2)


PokerStars Hand #152861044060:  Hold'em Limit ($3/$6 USD) - 2016/05/04 17:57:35 ET
Table 'Echemmon II' 6-max Seat #1 is the button
Seat 1: anetkaapro ($126.83 in chips)
Seat 2: vovojc ($282 in chips)
anetkaapro: posts small blind $1
vovojc: posts big blind $3
*** HOLE CARDS ***
anetkaapro: raises $3 to $6
vovojc: raises $3 to $9
anetkaapro: calls $3
*** FLOP *** [4s Td 5c]
vovojc: bets $3
anetkaapro: calls $3
*** TURN *** [4s Td 5c] [6d]
vovojc: bets $6
anetkaapro: calls $6
*** RIVER *** [4s Td 5c 6d] [Kd]
vovojc: bets $6
JoeBlack1982 joins the table at seat #3
anetkaapro: raises $6 to $12
vovojc: raises $6 to $18
anetkaapro: raises $6 to $24
Betting is capped
vovojc: calls $6
ValeryRon leaves the table
*** SHOW DOWN ***
anetkaapro: shows [Ad 3d] (a flush, Ace high)
vovojc: mucks hand
hairy1961 joins the table at seat #6
anetkaapro collected $83.50 from pot
*** SUMMARY ***
Total pot $84 | Rake $0.50
Board [4s Td 5c 6d Kd]
Seat 1: anetkaapro (button) (small blind) showed [Ad 3d] and won ($83.50) with a flush, Ace high
Seat 2: vovojc (big blind) mucked


PokerStars Hand #152861094640:  Hold'em Limit ($3/$6 USD) - 2016/05/04 17:58:54 ET
Table 'Echemmon II' 6-max Seat #6 is the button
Seat 3: JoeBlack1982 ($113 in chips)
Seat 6: hairy1961 ($61 in chips)
hairy1961: posts small blind $1
JoeBlack1982: posts big blind $3
*** HOLE CARDS ***
ValeryRon joins the table at seat #1
hairy1961: raises $3 to $6
JoeBlack1982: calls $3
*** FLOP *** [7c 3s 7h]
JoeBlack1982: checks
hairy1961: checks
*** TURN *** [7c 3s 7h] [Ac]
bugsbubble joins the table at seat #4
JoeBlack1982: checks
hairy1961: bets $6
JoeBlack1982: folds
Uncalled bet ($6) returned to hairy1961
hairy1961 collected $11.76 from pot
*** SUMMARY ***
Total pot $12 | Rake $0.24
Board [7c 3s 7h Ac]
Seat 3: JoeBlack1982 (big blind) folded on the Turn
Seat 6: hairy1961 (button) (small blind) collected ($11.76)


PokerStars Hand #152861504272:  Hold'em Limit ($3/$6 USD) - 2016/05/04 18:07:38 ET
Table 'Echemmon II' 6-max Seat #2 is the button
Seat 2: belik555 ($114.93 in chips)
Seat 6: hairy1961 ($130.68 in chips)
belik555: posts small blind $1
bugsbubble: is sitting out
vestimokrec: is sitting out
hairy1961: posts big blind $3
*** HOLE CARDS ***
belik555: raises $3 to $6
hairy1961: calls $3
*** FLOP *** [Jd 7s Qc]
hairy1961: bets $3
belik555: calls $3
*** TURN *** [Jd 7s Qc] [3h]
hairy1961: bets $6
bugsbubble leaves the table
vestimokrec leaves the table
belik555: calls $6
*** RIVER *** [Jd 7s Qc 3h] [6s]
hairy1961: bets $6
belik555: raises $6 to $12
hairy1961: folds
Uncalled bet ($6) returned to belik555
belik555 collected $41.50 from pot
belik555: doesn't show hand
*** SUMMARY ***
Total pot $42 | Rake $0.50
Board [Jd 7s Qc 3h 6s]
Seat 2: belik555 (button) (small blind) collected ($41.50)
Seat 6: hairy1961 (big blind) folded on the River


PokerStars Hand #152861526901:  Hold'em Limit ($3/$6 USD) - 2016/05/04 18:08:07 ET
Table 'Echemmon II' 6-max Seat #6 is the button
Seat 2: belik555 ($135.43 in chips)
Seat 6: hairy1961 ($109.68 in chips)
hairy1961: posts small blind $1
belik555: posts big blind $3
*** HOLE CARDS ***
hairy1961: folds
Uncalled bet ($2) returned to belik555
belik555 collected $2 from pot
belik555: doesn't show hand
*** SUMMARY ***
Total pot $2 | Rake $0
Seat 2: belik555 (big blind) collected ($2)
Seat 6: hairy1961 (button) (small blind) folded before Flop


PokerStars Hand #152861937359:  Hold'em Limit ($3/$6 USD) - 2016/05/04 18:16:56 ET
Table 'Echemmon II' 6-max Seat #2 is the button
Seat 2: belik555 ($136.43 in chips)
Seat 5: 123ok ($120 in chips)
belik555: posts small blind $1
123ok: posts big blind $3
*** HOLE CARDS ***
belik555: raises $3 to $6
123ok: calls $3
*** FLOP *** [7d Qh 6s]
123ok: checks
belik555: bets $3
vestimokrec joins the table at seat #6
123ok: calls $3
*** TURN *** [7d Qh 6s] [4c]
123ok: checks
belik555: checks
*** RIVER *** [7d Qh 6s 4c] [3s]
Bassie830 joins the table at seat #1
123ok: checks
belik555: checks
*** SHOW DOWN ***
123ok: shows [Ad Ts] (high card Ace)
belik555: shows [Td 3h] (a pair of Threes)
belik555 collected $17.64 from pot
*** SUMMARY ***
Total pot $18 | Rake $0.36
Board [7d Qh 6s 4c 3s]
Seat 2: belik555 (button) (small blind) showed [Td 3h] and won ($17.64) with a pair of Threes
Seat 5: 123ok (big blind) showed [Ad Ts] and lost with high card Ace


PokerStars Hand #152864901599:  Hold'em Limit ($3/$6 USD) - 2016/05/04 19:30:56 ET
Table 'Echemmon II' 6-max Seat #6 is the button
Seat 5: TinaTurner72 ($103.35 in chips)
Seat 6: bentinck113 ($66.73 in chips)
bentinck113: posts small blind $1
vestimokrec: is sitting out
TinaTurner72: posts big blind $3
*** HOLE CARDS ***
vestimokrec leaves the table
bentinck113: folds
Uncalled bet ($2) returned to TinaTurner72
TinaTurner72 collected $2 from pot
TinaTurner72: doesn't show hand
*** SUMMARY ***
Total pot $2 | Rake $0
Seat 5: TinaTurner72 (big blind) collected ($2)
Seat 6: bentinck113 (button) (small blind) folded before Flop


PokerStars Hand #152864927773:  Hold'em Limit ($3/$6 USD) - 2016/05/04 19:31:41 ET
Table 'Echemmon II' 6-max Seat #5 is the button
Seat 5: TinaTurner72 ($92.11 in chips)
Seat 6: bentinck113 ($77.23 in chips)
TinaTurner72: posts small blind $1
bentinck113: posts big blind $3
*** HOLE CARDS ***
TinaTurner72: folds
Uncalled bet ($2) returned to bentinck113
bentinck113 collected $2 from pot
bentinck113: doesn't show hand
*** SUMMARY ***
Total pot $2 | Rake $0
Seat 5: TinaTurner72 (button) (small blind) folded before Flop
Seat 6: bentinck113 (big blind) collected ($2)


PokerStars Hand #152864913498:  Hold'em Limit ($3/$6 USD) - 2016/05/04 19:31:16 ET
Table 'Echemmon II' 6-max Seat #6 is the button
Seat 5: TinaTurner72 ($110.11 in chips)
Seat 6: bentinck113 ($59.73 in chips)
bentinck113: posts small blind $1
TinaTurner72: posts big blind $3
*** HOLE CARDS ***
bentinck113: raises $3 to $6
TinaTurner72: raises $3 to $9
bentinck113: calls $3
*** FLOP *** [6d 7h 7c]
TinaTurner72: bets $3
bentinck113: calls $3
*** TURN *** [6d 7h 7c] [3c]
TinaTurner72: bets $6
bentinck113: calls $6
*** RIVER *** [6d 7h 7c 3c] [Qc]
TinaTurner72: checks
bentinck113: checks
*** SHOW DOWN ***
TinaTurner72: shows [Tc As] (a pair of Sevens)
bentinck113: shows [9s 6s] (two pair, Sevens and Sixes)
bentinck113 collected $35.50 from pot
*** SUMMARY ***
Total pot $36 | Rake $0.50
Board [6d 7h 7c 3c Qc]
Seat 5: TinaTurner72 (big blind) showed [Tc As] and lost with a pair of Sevens
Seat 6: bentinck113 (button) (small blind) showed [9s 6s] and won ($35.50) with two pair, Sevens and Sixes


PokerStars Hand #152864933488:  Hold'em Limit ($3/$6 USD) - 2016/05/04 19:31:51 ET
Table 'Echemmon II' 6-max Seat #5 is the button
Seat 5: TinaTurner72 ($92.11 in chips)
Seat 6: bentinck113 ($77.23 in chips)
TinaTurner72: posts small blind $1
bentinck113: posts big blind $3
*** HOLE CARDS ***
TinaTurner72: raises $3 to $6
bentinck113: folds
Uncalled bet ($3) returned to TinaTurner72
TinaTurner72 collected $6 from pot
TinaTurner72: doesn't show hand
*** SUMMARY ***
Total pot $6 | Rake $0
Seat 5: TinaTurner72 (button) (small blind) collected ($6)
Seat 6: bentinck113 (big blind) folded before Flop


PokerStars Hand #152864930329:  Hold'em Limit ($3/$6 USD) - 2016/05/04 19:31:45 ET
Table 'Echemmon II' 6-max Seat #6 is the button
Seat 5: TinaTurner72 ($91.11 in chips)
Seat 6: bentinck113 ($78.23 in chips)
bentinck113: posts small blind $1
TinaTurner72: posts big blind $3
*** HOLE CARDS ***
bentinck113: folds
Uncalled bet ($2) returned to TinaTurner72
TinaTurner72 collected $2 from pot
TinaTurner72: doesn't show hand
*** SUMMARY ***
Total pot $2 | Rake $0
Seat 5: TinaTurner72 (big blind) collected ($2)
Seat 6: bentinck113 (button) (small blind) folded before Flop


PokerStars Hand #152864907057:  Hold'em Limit ($3/$6 USD) - 2016/05/04 19:31:05 ET
Table 'Echemmon II' 6-max Seat #5 is the button
Seat 5: TinaTurner72 ($104.35 in chips)
Seat 6: bentinck113 ($65.73 in chips)
TinaTurner72: posts small blind $1
bentinck113: posts big blind $3
*** HOLE CARDS ***
TinaTurner72: raises $3 to $6
bentinck113: calls $3
*** FLOP *** [Js 3c Kd]
bentinck113: checks
TinaTurner72: bets $3
bentinck113: folds
Uncalled bet ($3) returned to TinaTurner72
TinaTurner72 collected $11.76 from pot
TinaTurner72: doesn't show hand
*** SUMMARY ***
Total pot $12 | Rake $0.24
Board [Js 3c Kd]
Seat 5: TinaTurner72 (button) (small blind) collected ($11.76)
Seat 6: bentinck113 (big blind) folded on the Flop


PokerStars Hand #152864936995:  Hold'em Limit ($3/$6 USD) - 2016/05/04 19:31:57 ET
Table 'Echemmon II' 6-max Seat #6 is the button
Seat 5: TinaTurner72 ($95.11 in chips)
Seat 6: bentinck113 ($74.23 in chips)
bentinck113: posts small blind $1
TinaTurner72: posts big blind $3
*** HOLE CARDS ***
bentinck113: folds
Uncalled bet ($2) returned to TinaTurner72
TinaTurner72 collected $2 from pot
TinaTurner72: doesn't show hand
*** SUMMARY ***
Total pot $2 | Rake $0
Seat 5: TinaTurner72 (big blind) collected ($2)
Seat 6: bentinck113 (button) (small blind) folded before Flop


PokerStars Hand #152864966721:  Hold'em Limit ($3/$6 USD) - 2016/05/04 19:32:49 ET
Table 'Echemmon II' 6-max Seat #5 is the button
Seat 5: TinaTurner72 ($90.75 in chips)
Seat 6: bentinck113 ($77.73 in chips)
TinaTurner72: posts small blind $1
bentinck113: posts big blind $3
*** HOLE CARDS ***
TinaTurner72: raises $3 to $6
bentinck113: calls $3
*** FLOP *** [4s Ad 5s]
NAUTJE1337 joins the table at seat #4
bentinck113: checks
TinaTurner72: bets $3
bentinck113: folds
Uncalled bet ($3) returned to TinaTurner72
TinaTurner72 collected $11.76 from pot
TinaTurner72: doesn't show hand
*** SUMMARY ***
Total pot $12 | Rake $0.24
Board [4s Ad 5s]
Seat 5: TinaTurner72 (button) (small blind) collected ($11.76)
Seat 6: bentinck113 (big blind) folded on the Flop


PokerStars Hand #152864958260:  Hold'em Limit ($3/$6 USD) - 2016/05/04 19:32:34 ET
Table 'Echemmon II' 6-max Seat #6 is the button
Seat 5: TinaTurner72 ($82.11 in chips)
Seat 6: bentinck113 ($86.73 in chips)
bentinck113: posts small blind $1
TinaTurner72: posts big blind $3
*** HOLE CARDS ***
bentinck113: raises $3 to $6
TinaTurner72: raises $3 to $9
bentinck113: calls $3
*** FLOP *** [6h Kc Ah]
TinaTurner72: bets $3
bentinck113: folds
Uncalled bet ($3) returned to TinaTurner72
TinaTurner72 collected $17.64 from pot
TinaTurner72: doesn't show hand
*** SUMMARY ***
Total pot $18 | Rake $0.36
Board [6h Kc Ah]
Seat 5: TinaTurner72 (big blind) collected ($17.64)
Seat 6: bentinck113 (button) (small blind) folded on the Flop


PokerStars Hand #152864950550:  Hold'em Limit ($3/$6 USD) - 2016/05/04 19:32:21 ET
Table 'Echemmon II' 6-max Seat #6 is the button
Seat 5: TinaTurner72 ($78.11 in chips)
Seat 6: bentinck113 ($90.73 in chips)
bentinck113: posts small blind $1
TinaTurner72: posts big blind $3
*** HOLE CARDS ***
bentinck113: folds
Uncalled bet ($2) returned to TinaTurner72
TinaTurner72 collected $2 from pot
TinaTurner72: doesn't show hand
*** SUMMARY ***
Total pot $2 | Rake $0
Seat 5: TinaTurner72 (big blind) collected ($2)
Seat 6: bentinck113 (button) (small blind) folded before Flop


PokerStars Hand #152864939618:  Hold'em Limit ($3/$6 USD) - 2016/05/04 19:32:02 ET
Table 'Echemmon II' 6-max Seat #5 is the button
Seat 5: TinaTurner72 ($96.11 in chips)
Seat 6: bentinck113 ($73.23 in chips)
TinaTurner72: posts small blind $1
bentinck113: posts big blind $3
*** HOLE CARDS ***
TinaTurner72: raises $3 to $6
bentinck113: raises $3 to $9
TinaTurner72: calls $3
*** FLOP *** [Ks Kd Tc]
bentinck113: bets $3
TinaTurner72: calls $3
*** TURN *** [Ks Kd Tc] [9h]
bentinck113: bets $6
TinaTurner72: calls $6
*** RIVER *** [Ks Kd Tc 9h] [2d]
bentinck113: checks
TinaTurner72: checks
*** SHOW DOWN ***
bentinck113: shows [7d 7h] (two pair, Kings and Sevens)
TinaTurner72: mucks hand
bentinck113 collected $35.50 from pot
*** SUMMARY ***
Total pot $36 | Rake $0.50
Board [Ks Kd Tc 9h 2d]
Seat 5: TinaTurner72 (button) (small blind) mucked
Seat 6: bentinck113 (big blind) showed [7d 7h] and won ($35.50) with two pair, Kings and Sevens


PokerStars Hand #152864953977:  Hold'em Limit ($3/$6 USD) - 2016/05/04 19:32:27 ET
Table 'Echemmon II' 6-max Seat #5 is the button
Seat 5: TinaTurner72 ($79.11 in chips)
Seat 6: bentinck113 ($89.73 in chips)
TinaTurner72: posts small blind $1
bentinck113: posts big blind $3
*** HOLE CARDS ***
TinaTurner72: raises $3 to $6
bentinck113: folds
Uncalled bet ($3) returned to TinaTurner72
TinaTurner72 collected $6 from pot
TinaTurner72: doesn't show hand
*** SUMMARY ***
Total pot $6 | Rake $0
Seat 5: TinaTurner72 (button) (small blind) collected ($6)
Seat 6: bentinck113 (big blind) folded before Flop


PokerStars Hand #152865046786:  Hold'em Limit ($3/$6 USD) - 2016/05/04 19:35:05 ET
Table 'Echemmon II' 6-max Seat #5 is the button
Seat 4: NAUTJE1337 ($50 in chips)
Seat 5: TinaTurner72 ($115.96 in chips)
TinaTurner72: posts small blind $1
bentinck113: is sitting out
NAUTJE1337: posts big blind $3
*** HOLE CARDS ***
TinaTurner72: raises $3 to $6
NAUTJE1337: calls $3
*** FLOP *** [5s 6h Td]
NAUTJE1337: checks
TinaTurner72: bets $3
NAUTJE1337: calls $3
*** TURN *** [5s 6h Td] [7c]
NAUTJE1337: checks
bentinck113 leaves the table
TinaTurner72: checks
*** RIVER *** [5s 6h Td 7c] [3d]
NAUTJE1337: bets $6
TinaTurner72: calls $6
*** SHOW DOWN ***
NAUTJE1337: shows [4h Kc] (a straight, Three to Seven)
TinaTurner72: mucks hand
NAUTJE1337 collected $29.50 from pot
*** SUMMARY ***
Total pot $30 | Rake $0.50
Board [5s 6h Td 7c 3d]
Seat 4: NAUTJE1337 (big blind) showed [4h Kc] and won ($29.50) with a straight, Three to Seven
Seat 5: TinaTurner72 (button) (small blind) mucked


PokerStars Hand #152865061145:  Hold'em Limit ($3/$6 USD) - 2016/05/04 19:35:31 ET
Table 'Echemmon II' 6-max Seat #4 is the button
Seat 4: NAUTJE1337 ($64.50 in chips)
Seat 5: TinaTurner72 ($100.96 in chips)
NAUTJE1337: posts small blind $1
TinaTurner72: posts big blind $3
*** HOLE CARDS ***
NAUTJE1337: raises $3 to $6
TinaTurner72: calls $3
*** FLOP *** [Kd Ad 6s]
TinaTurner72: checks
NAUTJE1337: bets $3
TinaTurner72: raises $3 to $6
NAUTJE1337: calls $3
*** TURN *** [Kd Ad 6s] [2d]
TinaTurner72: bets $6
NAUTJE1337: calls $6
*** RIVER *** [Kd Ad 6s 2d] [5h]
TinaTurner72: bets $6
NAUTJE1337: raises $6 to $12
TinaTurner72: calls $6
*** SHOW DOWN ***
NAUTJE1337: shows [Kc 5s] (two pair, Kings and Fives)
TinaTurner72: mucks hand
belik555 joins the table at seat #2
NAUTJE1337 collected $59.50 from pot
*** SUMMARY ***
Total pot $60 | Rake $0.50
Board [Kd Ad 6s 2d 5h]
Seat 4: NAUTJE1337 (button) (small blind) showed [Kc 5s] and won ($59.50) with two pair, Kings and Fives
Seat 5: TinaTurner72 (big blind) mucked


PokerStars Hand #152865127725:  Hold'em Limit ($3/$6 USD) - 2016/05/04 19:37:29 ET
Table 'Echemmon II' 6-max Seat #5 is the button
Seat 2: belik555 ($72 in chips)
Seat 5: TinaTurner72 ($69.71 in chips)
TinaTurner72: posts small blind $1
belik555: posts big blind $3
*** HOLE CARDS ***
TinaTurner72: raises $3 to $6
belik555: calls $3
*** FLOP *** [7s 9d 5h]
belik555: checks
TinaTurner72: checks
*** TURN *** [7s 9d 5h] [Ts]
belik555: bets $6
TinaTurner72: folds
Uncalled bet ($6) returned to belik555
belik555 collected $11.76 from pot
belik555: doesn't show hand
*** SUMMARY ***
Total pot $12 | Rake $0.24
Board [7s 9d 5h Ts]
Seat 2: belik555 (big blind) collected ($11.76)
Seat 5: TinaTurner72 (button) (small blind) folded on the Turn


PokerStars Hand #152865099845:  Hold'em Limit ($3/$6 USD) - 2016/05/04 19:36:39 ET
Table 'Echemmon II' 6-max Seat #2 is the button
Seat 2: belik555 ($72 in chips)
Seat 5: TinaTurner72 ($69.96 in chips)
belik555: posts small blind $1
NAUTJE1337: is sitting out
TinaTurner72: posts big blind $3
*** HOLE CARDS ***
NAUTJE1337 leaves the table
belik555: raises $3 to $6
TinaTurner72: calls $3
*** FLOP *** [Td 4s Jd]
TinaTurner72: checks
belik555: bets $3
TinaTurner72: raises $3 to $6
belik555: calls $3
*** TURN *** [Td 4s Jd] [4h]
TinaTurner72: bets $6
belik555: calls $6
*** RIVER *** [Td 4s Jd 4h] [4d]
NAUTJE1337 joins the table at seat #4
TinaTurner72: bets $6
belik555: calls $6
*** SHOW DOWN ***
TinaTurner72: shows [8h Ts] (a full house, Fours full of Tens)
belik555: shows [Tc 7s] (a full house, Fours full of Tens)
TinaTurner72 collected $23.75 from pot
belik555 collected $23.75 from pot
*** SUMMARY ***
Total pot $48 | Rake $0.50
Board [Td 4s Jd 4h 4d]
Seat 2: belik555 (button) (small blind) showed [Tc 7s] and won ($23.75) with a full house, Fours full of Tens
Seat 5: TinaTurner72 (big blind) showed [8h Ts] and won ($23.75) with a full house, Fours full of Tens


