PokerStars Hand #176510602689:  Hold'em Limit ($3/$6 USD) - 2017/10/05 3:10:55 ET
Table 'Echemmon' 6-max Seat #1 is the button
Seat 1: LifeisagameX ($84 in chips)
Seat 2: MilaTiti ($108.43 in chips)
LifeisagameX: posts small blind $1
MilaTiti: posts big blind $3
*** HOLE CARDS ***
LifeisagameX: raises $3 to $6
MilaTiti: folds
Uncalled bet ($3) returned to LifeisagameX
LifeisagameX collected $6 from pot
LifeisagameX: doesn't show hand
*** SUMMARY ***
Total pot $6 | Rake $0
Seat 1: LifeisagameX (button) (small blind) collected ($6)
Seat 2: MilaTiti (big blind) folded before Flop


PokerStars Hand #176510616905:  Hold'em Limit ($3/$6 USD) - 2017/10/05 3:11:52 ET
Table 'Echemmon' 6-max Seat #1 is the button
Seat 1: LifeisagameX ($84 in chips)
Seat 2: MilaTiti ($116.95 in chips)
LifeisagameX: posts small blind $1
MilaTiti: posts big blind $3
*** HOLE CARDS ***
LifeisagameX: raises $3 to $6
MilaTiti: folds
Uncalled bet ($3) returned to LifeisagameX
LifeisagameX collected $6 from pot
LifeisagameX: doesn't show hand
*** SUMMARY ***
Total pot $6 | Rake $0
Seat 1: LifeisagameX (button) (small blind) collected ($6)
Seat 2: MilaTiti (big blind) folded before Flop


PokerStars Hand #176510648857:  Hold'em Limit ($3/$6 USD) - 2017/10/05 3:14:04 ET
Table 'Echemmon' 6-max Seat #2 is the button
Seat 2: MilaTiti ($109.95 in chips)
Seat 3: Agrotait ($81.71 in chips)
MilaTiti: posts small blind $1
Agrotait: posts big blind $3
*** HOLE CARDS ***
MilaTiti: raises $3 to $6
Agrotait: raises $3 to $9
MilaTiti: calls $3
*** FLOP *** [9h 2s 4c]
Agrotait: bets $3
MilaTiti: folds
Uncalled bet ($3) returned to Agrotait
Agrotait collected $17.64 from pot
Agrotait: doesn't show hand
*** SUMMARY ***
Total pot $18 | Rake $0.36
Board [9h 2s 4c]
Seat 2: MilaTiti (button) (small blind) folded on the Flop
Seat 3: Agrotait (big blind) collected ($17.64)


PokerStars Hand #176510656843:  Hold'em Limit ($3/$6 USD) - 2017/10/05 3:14:36 ET
Table 'Echemmon' 6-max Seat #3 is the button
Seat 2: MilaTiti ($100.95 in chips)
Seat 3: Agrotait ($90.35 in chips)
Agrotait: posts small blind $1
MilaTiti: posts big blind $3
*** HOLE CARDS ***
Agrotait: raises $3 to $6
MilaTiti: calls $3
*** FLOP *** [3s 9h 5s]
MilaTiti: checks
Agrotait: bets $3
MilaTiti: folds
Uncalled bet ($3) returned to Agrotait
Agrotait collected $11.76 from pot
Agrotait: doesn't show hand
*** SUMMARY ***
Total pot $12 | Rake $0.24
Board [3s 9h 5s]
Seat 2: MilaTiti (big blind) folded on the Flop
Seat 3: Agrotait (button) (small blind) collected ($11.76)


PokerStars Hand #176510663316:  Hold'em Limit ($3/$6 USD) - 2017/10/05 3:15:02 ET
Table 'Echemmon' 6-max Seat #3 is the button
Seat 2: MilaTiti ($93.95 in chips)
Seat 3: Agrotait ($97.11 in chips)
Agrotait: posts small blind $1
MilaTiti: posts big blind $3
*** HOLE CARDS ***
Agrotait: raises $3 to $6
MilaTiti: calls $3
*** FLOP *** [7d 3s 7s]
MilaTiti: checks
Agrotait: checks
*** TURN *** [7d 3s 7s] [Tc]
MilaTiti: bets $6
Agrotait: folds
Uncalled bet ($6) returned to MilaTiti
MilaTiti collected $11.76 from pot
MilaTiti: doesn't show hand
*** SUMMARY ***
Total pot $12 | Rake $0.24
Board [7d 3s 7s Tc]
Seat 2: MilaTiti (big blind) collected ($11.76)
Seat 3: Agrotait (button) (small blind) folded on the Turn


PokerStars Hand #176510661742:  Hold'em Limit ($3/$6 USD) - 2017/10/05 3:14:56 ET
Table 'Echemmon' 6-max Seat #2 is the button
Seat 2: MilaTiti ($94.95 in chips)
Seat 3: Agrotait ($96.11 in chips)
MilaTiti: posts small blind $1
Agrotait: posts big blind $3
*** HOLE CARDS ***
MilaTiti: folds
Uncalled bet ($2) returned to Agrotait
Agrotait collected $2 from pot
Agrotait: doesn't show hand
*** SUMMARY ***
Total pot $2 | Rake $0
Seat 2: MilaTiti (button) (small blind) folded before Flop
Seat 3: Agrotait (big blind) collected ($2)


PokerStars Hand #176510670816:  Hold'em Limit ($3/$6 USD) - 2017/10/05 3:15:32 ET
Table 'Echemmon' 6-max Seat #2 is the button
Seat 2: MilaTiti ($99.71 in chips)
Seat 3: Agrotait ($91.11 in chips)
MilaTiti: posts small blind $1
Agrotait: posts big blind $3
*** HOLE CARDS ***
MilaTiti: raises $3 to $6
Agrotait: calls $3
*** FLOP *** [Qs Kc 8c]
Agrotait: checks
MilaTiti: bets $3
Agrotait: raises $3 to $6
MilaTiti: raises $3 to $9
Agrotait: calls $3
*** TURN *** [Qs Kc 8c] [4h]
Agrotait: checks
MilaTiti: bets $6
Agrotait: calls $6
*** RIVER *** [Qs Kc 8c 4h] [Th]
Agrotait: checks
MilaTiti: checks
*** SHOW DOWN ***
Agrotait: shows [7s Kd] (a pair of Kings)
MilaTiti: mucks hand
Agrotait collected $41.50 from pot
*** SUMMARY ***
Total pot $42 | Rake $0.50
Board [Qs Kc 8c 4h Th]
Seat 2: MilaTiti (button) (small blind) mucked
Seat 3: Agrotait (big blind) showed [7s Kd] and won ($41.50) with a pair of Kings


PokerStars Hand #176510683030:  Hold'em Limit ($3/$6 USD) - 2017/10/05 3:16:22 ET
Table 'Echemmon' 6-max Seat #3 is the button
Seat 2: MilaTiti ($78.71 in chips)
Seat 3: Agrotait ($111.61 in chips)
Agrotait: posts small blind $1
MilaTiti: posts big blind $3
*** HOLE CARDS ***
Agrotait: raises $3 to $6
MilaTiti: calls $3
*** FLOP *** [6h Ad 9d]
MilaTiti: checks
Agrotait: bets $3
MilaTiti: calls $3
*** TURN *** [6h Ad 9d] [Jc]
MilaTiti: checks
Agrotait: checks
*** RIVER *** [6h Ad 9d Jc] [Jh]
MilaTiti: checks
Agrotait: checks
*** SHOW DOWN ***
MilaTiti: shows [8d 9h] (two pair, Jacks and Nines)
Agrotait: mucks hand
MilaTiti collected $17.64 from pot
*** SUMMARY ***
Total pot $18 | Rake $0.36
Board [6h Ad 9d Jc Jh]
Seat 2: MilaTiti (big blind) showed [8d 9h] and won ($17.64) with two pair, Jacks and Nines
Seat 3: Agrotait (button) (small blind) mucked


PokerStars Hand #176510710281:  Hold'em Limit ($3/$6 USD) - 2017/10/05 3:18:13 ET
Table 'Echemmon' 6-max Seat #3 is the button
Seat 2: MilaTiti ($89.11 in chips)
Seat 3: Agrotait ($100.49 in chips)
Agrotait: posts small blind $1
MilaTiti: posts big blind $3
*** HOLE CARDS ***
Agrotait: raises $3 to $6
MilaTiti: folds
Uncalled bet ($3) returned to Agrotait
Agrotait collected $6 from pot
Agrotait: doesn't show hand
*** SUMMARY ***
Total pot $6 | Rake $0
Seat 2: MilaTiti (big blind) folded before Flop
Seat 3: Agrotait (button) (small blind) collected ($6)


PokerStars Hand #176510708736:  Hold'em Limit ($3/$6 USD) - 2017/10/05 3:18:06 ET
Table 'Echemmon' 6-max Seat #2 is the button
Seat 2: MilaTiti ($90.11 in chips)
Seat 3: Agrotait ($99.49 in chips)
MilaTiti: posts small blind $1
Agrotait: posts big blind $3
*** HOLE CARDS ***
MilaTiti: folds
Uncalled bet ($2) returned to Agrotait
Agrotait collected $2 from pot
Agrotait: doesn't show hand
*** SUMMARY ***
Total pot $2 | Rake $0
Seat 2: MilaTiti (button) (small blind) folded before Flop
Seat 3: Agrotait (big blind) collected ($2)


PokerStars Hand #176510697916:  Hold'em Limit ($3/$6 USD) - 2017/10/05 3:17:22 ET
Table 'Echemmon' 6-max Seat #2 is the button
Seat 2: MilaTiti ($87.35 in chips)
Seat 3: Agrotait ($102.61 in chips)
MilaTiti: posts small blind $1
Agrotait: posts big blind $3
*** HOLE CARDS ***
MilaTiti: calls $2
Agrotait: checks
*** FLOP *** [Qs 3d 9c]
Agrotait: bets $3
MilaTiti: folds
Uncalled bet ($3) returned to Agrotait
Agrotait collected $5.88 from pot
Agrotait: doesn't show hand
*** SUMMARY ***
Total pot $6 | Rake $0.12
Board [Qs 3d 9c]
Seat 2: MilaTiti (button) (small blind) folded on the Flop
Seat 3: Agrotait (big blind) collected ($5.88)


PokerStars Hand #176510704323:  Hold'em Limit ($3/$6 USD) - 2017/10/05 3:17:48 ET
Table 'Echemmon' 6-max Seat #3 is the button
Seat 2: MilaTiti ($84.35 in chips)
Seat 3: Agrotait ($105.49 in chips)
Agrotait: posts small blind $1
MilaTiti: posts big blind $3
*** HOLE CARDS ***
Agrotait: raises $3 to $6
MilaTiti: calls $3
*** FLOP *** [2h Jh As]
MilaTiti: bets $3
Agrotait: folds
Uncalled bet ($3) returned to MilaTiti
MilaTiti collected $11.76 from pot
*** SUMMARY ***
Total pot $12 | Rake $0.24
Board [2h Jh As]
Seat 2: MilaTiti (big blind) collected ($11.76)
Seat 3: Agrotait (button) (small blind) folded on the Flop


PokerStars Hand #176510720580:  Hold'em Limit ($3/$6 USD) - 2017/10/05 3:18:54 ET
Table 'Echemmon' 6-max Seat #3 is the button
Seat 2: MilaTiti ($103.61 in chips)
Seat 3: Agrotait ($85.49 in chips)
Agrotait: posts small blind $1
MilaTiti: posts big blind $3
*** HOLE CARDS ***
Agrotait: raises $3 to $6
MilaTiti: folds
Uncalled bet ($3) returned to Agrotait
Agrotait collected $6 from pot
Agrotait: doesn't show hand
*** SUMMARY ***
Total pot $6 | Rake $0
Seat 2: MilaTiti (big blind) folded before Flop
Seat 3: Agrotait (button) (small blind) collected ($6)


PokerStars Hand #176510713038:  Hold'em Limit ($3/$6 USD) - 2017/10/05 3:18:24 ET
Table 'Echemmon' 6-max Seat #2 is the button
Seat 2: MilaTiti ($86.11 in chips)
Seat 3: Agrotait ($103.49 in chips)
MilaTiti: posts small blind $1
Agrotait: posts big blind $3
*** HOLE CARDS ***
MilaTiti: raises $3 to $6
Agrotait: raises $3 to $9
MilaTiti: calls $3
*** FLOP *** [2s 9d Js]
Agrotait: bets $3
MilaTiti: calls $3
*** TURN *** [2s 9d Js] [Ts]
Agrotait: bets $6
MilaTiti: calls $6
*** RIVER *** [2s 9d Js Ts] [7c]
Agrotait: checks
MilaTiti: bets $6
Agrotait: folds
Uncalled bet ($6) returned to MilaTiti
MilaTiti collected $35.50 from pot
*** SUMMARY ***
Total pot $36 | Rake $0.50
Board [2s 9d Js Ts 7c]
Seat 2: MilaTiti (button) (small blind) collected ($35.50)
Seat 3: Agrotait (big blind) folded on the River


PokerStars Hand #176510733339:  Hold'em Limit ($3/$6 USD) - 2017/10/05 3:19:46 ET
Table 'Echemmon' 6-max Seat #3 is the button
Seat 2: MilaTiti ($109.25 in chips)
Seat 3: Agrotait ($79.49 in chips)
Agrotait: posts small blind $1
MilaTiti: posts big blind $3
*** HOLE CARDS ***
Agrotait: raises $3 to $6
MilaTiti: folds
Uncalled bet ($3) returned to Agrotait
Agrotait collected $6 from pot
Agrotait: doesn't show hand
*** SUMMARY ***
Total pot $6 | Rake $0
Seat 2: MilaTiti (big blind) folded before Flop
Seat 3: Agrotait (button) (small blind) collected ($6)


PokerStars Hand #176510741228:  Hold'em Limit ($3/$6 USD) - 2017/10/05 3:20:18 ET
Table 'Echemmon' 6-max Seat #2 is the button
Seat 2: MilaTiti ($105.25 in chips)
Seat 3: Agrotait ($86.49 in chips)
MilaTiti: posts small blind $1
Agrotait: posts big blind $3
*** HOLE CARDS ***
MilaTiti: raises $3 to $6
Agrotait: folds
Uncalled bet ($3) returned to MilaTiti
MilaTiti collected $6 from pot
*** SUMMARY ***
Total pot $6 | Rake $0
Seat 2: MilaTiti (button) (small blind) collected ($6)
Seat 3: Agrotait (big blind) folded before Flop


PokerStars Hand #176510739634:  Hold'em Limit ($3/$6 USD) - 2017/10/05 3:20:11 ET
Table 'Echemmon' 6-max Seat #3 is the button
Seat 2: MilaTiti ($105.25 in chips)
Seat 3: Agrotait ($83.49 in chips)
Agrotait: posts small blind $1
MilaTiti: posts big blind $3
*** HOLE CARDS ***
Agrotait: raises $3 to $6
MilaTiti: folds
Uncalled bet ($3) returned to Agrotait
Agrotait collected $6 from pot
Agrotait: doesn't show hand
*** SUMMARY ***
Total pot $6 | Rake $0
Seat 2: MilaTiti (big blind) folded before Flop
Seat 3: Agrotait (button) (small blind) collected ($6)


PokerStars Hand #176510735361:  Hold'em Limit ($3/$6 USD) - 2017/10/05 3:19:54 ET
Table 'Echemmon' 6-max Seat #2 is the button
Seat 2: MilaTiti ($106.25 in chips)
Seat 3: Agrotait ($82.49 in chips)
MilaTiti: posts small blind $1
Agrotait: posts big blind $3
*** HOLE CARDS ***
MilaTiti: folds
Uncalled bet ($2) returned to Agrotait
Agrotait collected $2 from pot
Agrotait: doesn't show hand
*** SUMMARY ***
Total pot $2 | Rake $0
Seat 2: MilaTiti (button) (small blind) folded before Flop
Seat 3: Agrotait (big blind) collected ($2)


PokerStars Hand #176510722816:  Hold'em Limit ($3/$6 USD) - 2017/10/05 3:19:03 ET
Table 'Echemmon' 6-max Seat #2 is the button
Seat 2: MilaTiti ($100.61 in chips)
Seat 3: Agrotait ($88.49 in chips)
MilaTiti: posts small blind $1
Agrotait: posts big blind $3
*** HOLE CARDS ***
MilaTiti: calls $2
Agrotait: checks
*** FLOP *** [7c 9s As]
Agrotait: bets $3
MilaTiti: raises $3 to $6
Agrotait: calls $3
*** TURN *** [7c 9s As] [3h]
Agrotait: checks
MilaTiti: bets $6
Agrotait: folds
Uncalled bet ($6) returned to MilaTiti
MilaTiti collected $17.64 from pot
MilaTiti: doesn't show hand
*** SUMMARY ***
Total pot $18 | Rake $0.36
Board [7c 9s As 3h]
Seat 2: MilaTiti (button) (small blind) collected ($17.64)
Seat 3: Agrotait (big blind) folded on the Turn


PokerStars Hand #176510749350:  Hold'em Limit ($3/$6 USD) - 2017/10/05 3:20:51 ET
Table 'Echemmon' 6-max Seat #2 is the button
Seat 2: MilaTiti ($99.25 in chips)
Seat 3: Agrotait ($92.13 in chips)
MilaTiti: posts small blind $1
Agrotait: posts big blind $3
*** HOLE CARDS ***
MilaTiti: folds
Uncalled bet ($2) returned to Agrotait
Agrotait collected $2 from pot
Agrotait: doesn't show hand
*** SUMMARY ***
Total pot $2 | Rake $0
Seat 2: MilaTiti (button) (small blind) folded before Flop
Seat 3: Agrotait (big blind) collected ($2)


PokerStars Hand #176510743446:  Hold'em Limit ($3/$6 USD) - 2017/10/05 3:20:27 ET
Table 'Echemmon' 6-max Seat #3 is the button
Seat 2: MilaTiti ($108.25 in chips)
Seat 3: Agrotait ($83.49 in chips)
Agrotait: posts small blind $1
MilaTiti: posts big blind $3
*** HOLE CARDS ***
Agrotait: raises $3 to $6
MilaTiti: calls $3
*** FLOP *** [8d Td Js]
MilaTiti: checks
Agrotait: bets $3
MilaTiti: calls $3
*** TURN *** [8d Td Js] [8h]
MilaTiti: checks
Agrotait: checks
*** RIVER *** [8d Td Js 8h] [Qc]
MilaTiti: checks
Agrotait: bets $6
MilaTiti: folds
Uncalled bet ($6) returned to Agrotait
Agrotait collected $17.64 from pot
Agrotait: doesn't show hand
*** SUMMARY ***
Total pot $18 | Rake $0.36
Board [8d Td Js 8h Qc]
Seat 2: MilaTiti (big blind) folded on the River
Seat 3: Agrotait (button) (small blind) collected ($17.64)


PokerStars Hand #176510755593:  Hold'em Limit ($3/$6 USD) - 2017/10/05 3:21:16 ET
Table 'Echemmon' 6-max Seat #2 is the button
Seat 2: MilaTiti ($106.89 in chips)
Seat 3: Agrotait ($84.13 in chips)
MilaTiti: posts small blind $1
Agrotait: posts big blind $3
*** HOLE CARDS ***
MilaTiti: folds
Uncalled bet ($2) returned to Agrotait
Agrotait collected $2 from pot
Agrotait: doesn't show hand
*** SUMMARY ***
Total pot $2 | Rake $0
Seat 2: MilaTiti (button) (small blind) folded before Flop
Seat 3: Agrotait (big blind) collected ($2)


PokerStars Hand #176510751239:  Hold'em Limit ($3/$6 USD) - 2017/10/05 3:20:58 ET
Table 'Echemmon' 6-max Seat #3 is the button
Seat 2: MilaTiti ($98.25 in chips)
Seat 3: Agrotait ($93.13 in chips)
Agrotait: posts small blind $1
MilaTiti: posts big blind $3
*** HOLE CARDS ***
Agrotait: raises $3 to $6
MilaTiti: raises $3 to $9
Agrotait: calls $3
*** FLOP *** [3d 8c 6c]
MilaTiti: bets $3
Agrotait: folds
Uncalled bet ($3) returned to MilaTiti
MilaTiti collected $17.64 from pot
*** SUMMARY ***
Total pot $18 | Rake $0.36
Board [3d 8c 6c]
Seat 2: MilaTiti (big blind) collected ($17.64)
Seat 3: Agrotait (button) (small blind) folded on the Flop


PokerStars Hand #176510768949:  Hold'em Limit ($3/$6 USD) - 2017/10/05 3:22:08 ET
Table 'Echemmon' 6-max Seat #3 is the button
Seat 2: MilaTiti ($117.53 in chips)
Seat 3: Agrotait ($73.13 in chips)
Agrotait: posts small blind $1
MilaTiti: posts big blind $3
*** HOLE CARDS ***
Agrotait: raises $3 to $6
MilaTiti: calls $3
*** FLOP *** [5h 7h 4s]
MilaTiti: bets $3
Agrotait: calls $3
*** TURN *** [5h 7h 4s] [6h]
MilaTiti: bets $6
Agrotait: folds
Uncalled bet ($6) returned to MilaTiti
MilaTiti collected $17.64 from pot
MilaTiti: doesn't show hand
*** SUMMARY ***
Total pot $18 | Rake $0.36
Board [5h 7h 4s 6h]
Seat 2: MilaTiti (big blind) collected ($17.64)
Seat 3: Agrotait (button) (small blind) folded on the Turn


PokerStars Hand #176510766006:  Hold'em Limit ($3/$6 USD) - 2017/10/05 3:21:57 ET
Table 'Echemmon' 6-max Seat #2 is the button
Seat 2: MilaTiti ($114.53 in chips)
Seat 3: Agrotait ($76.13 in chips)
MilaTiti: posts small blind $1
Agrotait: posts big blind $3
*** HOLE CARDS ***
MilaTiti: raises $3 to $6
Agrotait: folds
Uncalled bet ($3) returned to MilaTiti
MilaTiti collected $6 from pot
*** SUMMARY ***
Total pot $6 | Rake $0
Seat 2: MilaTiti (button) (small blind) collected ($6)
Seat 3: Agrotait (big blind) folded before Flop


PokerStars Hand #176510758369:  Hold'em Limit ($3/$6 USD) - 2017/10/05 3:21:27 ET
Table 'Echemmon' 6-max Seat #3 is the button
Seat 2: MilaTiti ($105.89 in chips)
Seat 3: Agrotait ($85.13 in chips)
Agrotait: posts small blind $1
MilaTiti: posts big blind $3
*** HOLE CARDS ***
Agrotait: raises $3 to $6
MilaTiti: calls $3
*** FLOP *** [Jd Ts Qc]
MilaTiti: bets $3
Agrotait: calls $3
*** TURN *** [Jd Ts Qc] [Ah]
MilaTiti: checks
Agrotait: checks
*** RIVER *** [Jd Ts Qc Ah] [4s]
MilaTiti: bets $6
Agrotait: folds
Uncalled bet ($6) returned to MilaTiti
MilaTiti collected $17.64 from pot
MilaTiti: doesn't show hand
*** SUMMARY ***
Total pot $18 | Rake $0.36
Board [Jd Ts Qc Ah 4s]
Seat 2: MilaTiti (big blind) collected ($17.64)
Seat 3: Agrotait (button) (small blind) folded on the River


PokerStars Hand #176510776673:  Hold'em Limit ($3/$6 USD) - 2017/10/05 3:22:39 ET
Table 'Echemmon' 6-max Seat #2 is the button
Seat 2: MilaTiti ($126.17 in chips)
Seat 3: Agrotait ($64.13 in chips)
MilaTiti: posts small blind $1
Agrotait: posts big blind $3
*** HOLE CARDS ***
MilaTiti: calls $2
Agrotait: checks
*** FLOP *** [5s 3s 4h]
Agrotait: checks
MilaTiti: checks
*** TURN *** [5s 3s 4h] [8c]
Agrotait: bets $6
MilaTiti: folds
Uncalled bet ($6) returned to Agrotait
Agrotait collected $5.88 from pot
Agrotait: doesn't show hand
*** SUMMARY ***
Total pot $6 | Rake $0.12
Board [5s 3s 4h 8c]
Seat 2: MilaTiti (button) (small blind) folded on the Turn
Seat 3: Agrotait (big blind) collected ($5.88)


PokerStars Hand #176510788008:  Hold'em Limit ($3/$6 USD) - 2017/10/05 3:23:24 ET
Table 'Echemmon' 6-max Seat #3 is the button
Seat 2: MilaTiti ($123.17 in chips)
Seat 3: Agrotait ($67.01 in chips)
Agrotait: posts small blind $1
MilaTiti: posts big blind $3
*** HOLE CARDS ***
Agrotait: folds
Uncalled bet ($2) returned to MilaTiti
MilaTiti collected $2 from pot
MilaTiti: doesn't show hand
*** SUMMARY ***
Total pot $2 | Rake $0
Seat 2: MilaTiti (big blind) collected ($2)
Seat 3: Agrotait (button) (small blind) folded before Flop


PokerStars Hand #176510789786:  Hold'em Limit ($3/$6 USD) - 2017/10/05 3:23:31 ET
Table 'Echemmon' 6-max Seat #2 is the button
Seat 2: MilaTiti ($124.17 in chips)
Seat 3: Agrotait ($66.01 in chips)
MilaTiti: posts small blind $1
Agrotait: posts big blind $3
*** HOLE CARDS ***
MilaTiti: calls $2
Agrotait: checks
*** FLOP *** [2s 4s 7h]
Agrotait: checks
MilaTiti: bets $3
Agrotait: calls $3
*** TURN *** [2s 4s 7h] [5d]
Agrotait: bets $6
MilaTiti: calls $6
*** RIVER *** [2s 4s 7h 5d] [Ac]
Agrotait: bets $6
MilaTiti: calls $6
*** SHOW DOWN ***
Agrotait: shows [3c 6c] (a straight, Three to Seven)
MilaTiti: mucks hand
Agrotait collected $35.50 from pot
*** SUMMARY ***
Total pot $36 | Rake $0.50
Board [2s 4s 7h 5d Ac]
Seat 2: MilaTiti (button) (small blind) mucked
Seat 3: Agrotait (big blind) showed [3c 6c] and won ($35.50) with a straight, Three to Seven


PokerStars Hand #176510802203:  Hold'em Limit ($3/$6 USD) - 2017/10/05 3:24:20 ET
Table 'Echemmon' 6-max Seat #2 is the button
Seat 2: MilaTiti ($107.17 in chips)
Seat 3: Agrotait ($82.51 in chips)
MilaTiti: posts small blind $1
Agrotait: posts big blind $3
*** HOLE CARDS ***
MilaTiti: calls $2
Agrotait: checks
*** FLOP *** [4s 9c 2d]
Agrotait: bets $3
MilaTiti: folds
Uncalled bet ($3) returned to Agrotait
Agrotait collected $5.88 from pot
Agrotait: doesn't show hand
*** SUMMARY ***
Total pot $6 | Rake $0.12
Board [4s 9c 2d]
Seat 2: MilaTiti (button) (small blind) folded on the Flop
Seat 3: Agrotait (big blind) collected ($5.88)


PokerStars Hand #176510817770:  Hold'em Limit ($3/$6 USD) - 2017/10/05 3:25:22 ET
Table 'Echemmon' 6-max Seat #2 is the button
Seat 2: MilaTiti ($112.81 in chips)
Seat 3: Agrotait ($76.39 in chips)
MilaTiti: posts small blind $1
Agrotait: posts big blind $3
*** HOLE CARDS ***
MilaTiti: raises $3 to $6
Agrotait: folds
Uncalled bet ($3) returned to MilaTiti
MilaTiti collected $6 from pot
*** SUMMARY ***
Total pot $6 | Rake $0
Seat 2: MilaTiti (button) (small blind) collected ($6)
Seat 3: Agrotait (big blind) folded before Flop


PokerStars Hand #176510808928:  Hold'em Limit ($3/$6 USD) - 2017/10/05 3:24:47 ET
Table 'Echemmon' 6-max Seat #3 is the button
Seat 2: MilaTiti ($104.17 in chips)
Seat 3: Agrotait ($85.39 in chips)
Agrotait: posts small blind $1
MilaTiti: posts big blind $3
*** HOLE CARDS ***
Agrotait: raises $3 to $6
MilaTiti: raises $3 to $9
Agrotait: calls $3
*** FLOP *** [8d 7s Jc]
MilaTiti: checks
Agrotait: checks
*** TURN *** [8d 7s Jc] [Kc]
MilaTiti: bets $6
Agrotait: folds
Uncalled bet ($6) returned to MilaTiti
MilaTiti collected $17.64 from pot
*** SUMMARY ***
Total pot $18 | Rake $0.36
Board [8d 7s Jc Kc]
Seat 2: MilaTiti (big blind) collected ($17.64)
Seat 3: Agrotait (button) (small blind) folded on the Turn


PokerStars Hand #176510819985:  Hold'em Limit ($3/$6 USD) - 2017/10/05 3:25:30 ET
Table 'Echemmon' 6-max Seat #3 is the button
Seat 2: MilaTiti ($115.81 in chips)
Seat 3: Agrotait ($73.39 in chips)
Agrotait: posts small blind $1
MilaTiti: posts big blind $3
*** HOLE CARDS ***
Agrotait: raises $3 to $6
MilaTiti: calls $3
*** FLOP *** [9d 3c Ts]
MilaTiti: checks
Agrotait: bets $3
MilaTiti: folds
Uncalled bet ($3) returned to Agrotait
Agrotait collected $11.76 from pot
Agrotait: doesn't show hand
*** SUMMARY ***
Total pot $12 | Rake $0.24
Board [9d 3c Ts]
Seat 2: MilaTiti (big blind) folded on the Flop
Seat 3: Agrotait (button) (small blind) collected ($11.76)


PokerStars Hand #176510845381:  Hold'em Limit ($3/$6 USD) - 2017/10/05 3:27:10 ET
Table 'Echemmon' 6-max Seat #3 is the button
Seat 2: MilaTiti ($94.81 in chips)
Seat 3: Agrotait ($93.65 in chips)
Agrotait: posts small blind $1
MilaTiti: posts big blind $3
*** HOLE CARDS ***
Agrotait: raises $3 to $6
MilaTiti: folds
Uncalled bet ($3) returned to Agrotait
Agrotait collected $6 from pot
Agrotait: doesn't show hand
*** SUMMARY ***
Total pot $6 | Rake $0
Seat 2: MilaTiti (big blind) folded before Flop
Seat 3: Agrotait (button) (small blind) collected ($6)


PokerStars Hand #176510858833:  Hold'em Limit ($3/$6 USD) - 2017/10/05 3:28:02 ET
Table 'Echemmon' 6-max Seat #3 is the button
Seat 2: MilaTiti ($85.81 in chips)
Seat 3: Agrotait ($102.41 in chips)
Agrotait: posts small blind $1
MilaTiti: posts big blind $3
*** HOLE CARDS ***
Agrotait: folds
Uncalled bet ($2) returned to MilaTiti
MilaTiti collected $2 from pot
MilaTiti: doesn't show hand
*** SUMMARY ***
Total pot $2 | Rake $0
Seat 2: MilaTiti (big blind) collected ($2)
Seat 3: Agrotait (button) (small blind) folded before Flop


PokerStars Hand #176510848583:  Hold'em Limit ($3/$6 USD) - 2017/10/05 3:27:22 ET
Table 'Echemmon' 6-max Seat #2 is the button
Seat 2: MilaTiti ($91.81 in chips)
Seat 3: Agrotait ($96.65 in chips)
MilaTiti: posts small blind $1
Agrotait: posts big blind $3
*** HOLE CARDS ***
MilaTiti: raises $3 to $6
Agrotait: calls $3
*** FLOP *** [Ad 4s 2s]
Agrotait: checks
MilaTiti: checks
*** TURN *** [Ad 4s 2s] [8h]
Agrotait: bets $6
MilaTiti: folds
Uncalled bet ($6) returned to Agrotait
Agrotait collected $11.76 from pot
Agrotait: doesn't show hand
*** SUMMARY ***
Total pot $12 | Rake $0.24
Board [Ad 4s 2s 8h]
Seat 2: MilaTiti (button) (small blind) folded on the Turn
Seat 3: Agrotait (big blind) collected ($11.76)


PokerStars Hand #176510862490:  Hold'em Limit ($3/$6 USD) - 2017/10/05 3:28:16 ET
Table 'Echemmon' 6-max Seat #2 is the button
Seat 2: MilaTiti ($86.81 in chips)
Seat 3: Agrotait ($101.41 in chips)
MilaTiti: posts small blind $1
Agrotait: posts big blind $3
*** HOLE CARDS ***
MilaTiti: folds
Uncalled bet ($2) returned to Agrotait
Agrotait collected $2 from pot
Agrotait: doesn't show hand
*** SUMMARY ***
Total pot $2 | Rake $0
Seat 2: MilaTiti (button) (small blind) folded before Flop
Seat 3: Agrotait (big blind) collected ($2)


PokerStars Hand #176510864154:  Hold'em Limit ($3/$6 USD) - 2017/10/05 3:28:23 ET
Table 'Echemmon' 6-max Seat #3 is the button
Seat 2: MilaTiti ($85.81 in chips)
Seat 3: Agrotait ($102.41 in chips)
Agrotait: posts small blind $1
MilaTiti: posts big blind $3
*** HOLE CARDS ***
Agrotait: raises $3 to $6
MilaTiti: folds
Uncalled bet ($3) returned to Agrotait
Agrotait collected $6 from pot
Agrotait: doesn't show hand
*** SUMMARY ***
Total pot $6 | Rake $0
Seat 2: MilaTiti (big blind) folded before Flop
Seat 3: Agrotait (button) (small blind) collected ($6)


PokerStars Hand #176510881703:  Hold'em Limit ($3/$6 USD) - 2017/10/05 3:29:32 ET
Table 'Echemmon' 6-max Seat #3 is the button
Seat 2: MilaTiti ($88.57 in chips)
Seat 3: Agrotait ($99.41 in chips)
Agrotait: posts small blind $1
MilaTiti: posts big blind $3
*** HOLE CARDS ***
Agrotait: raises $3 to $6
MilaTiti: folds
Uncalled bet ($3) returned to Agrotait
Agrotait collected $6 from pot
Agrotait: doesn't show hand
*** SUMMARY ***
Total pot $6 | Rake $0
Seat 2: MilaTiti (big blind) folded before Flop
Seat 3: Agrotait (button) (small blind) collected ($6)


PokerStars Hand #176510867536:  Hold'em Limit ($3/$6 USD) - 2017/10/05 3:28:36 ET
Table 'Echemmon' 6-max Seat #2 is the button
Seat 2: MilaTiti ($82.81 in chips)
Seat 3: Agrotait ($105.41 in chips)
MilaTiti: posts small blind $1
Agrotait: posts big blind $3
*** HOLE CARDS ***
MilaTiti: raises $3 to $6
Agrotait: calls $3
*** FLOP *** [4d Ad Jd]
Agrotait: checks
MilaTiti: bets $3
Agrotait: folds
Uncalled bet ($3) returned to MilaTiti
MilaTiti collected $11.76 from pot
MilaTiti: doesn't show hand
*** SUMMARY ***
Total pot $12 | Rake $0.24
Board [4d Ad Jd]
Seat 2: MilaTiti (button) (small blind) collected ($11.76)
Seat 3: Agrotait (big blind) folded on the Flop


PokerStars Hand #176510883541:  Hold'em Limit ($3/$6 USD) - 2017/10/05 3:29:38 ET
Table 'Echemmon' 6-max Seat #2 is the button
Seat 2: MilaTiti ($85.57 in chips)
Seat 3: Agrotait ($102.41 in chips)
MilaTiti: posts small blind $1
Agrotait: posts big blind $3
*** HOLE CARDS ***
MilaTiti: raises $3 to $6
Agrotait: raises $3 to $9
MilaTiti: calls $3
*** FLOP *** [Ad 6d 9h]
Agrotait: bets $3
MilaTiti: calls $3
*** TURN *** [Ad 6d 9h] [Ts]
Agrotait: bets $6
MilaTiti: calls $6
*** RIVER *** [Ad 6d 9h Ts] [4s]
Agrotait: bets $6
MilaTiti: calls $6
*** SHOW DOWN ***
Agrotait: shows [Js Ac] (a pair of Aces)
MilaTiti: mucks hand
Agrotait collected $47.50 from pot
*** SUMMARY ***
Total pot $48 | Rake $0.50
Board [Ad 6d 9h Ts 4s]
Seat 2: MilaTiti (button) (small blind) mucked
Seat 3: Agrotait (big blind) showed [Js Ac] and won ($47.50) with a pair of Aces


PokerStars Hand #176510891261:  Hold'em Limit ($3/$6 USD) - 2017/10/05 3:30:08 ET
Table 'Echemmon' 6-max Seat #3 is the button
Seat 2: MilaTiti ($61.57 in chips)
Seat 3: Agrotait ($125.91 in chips)
Agrotait: posts small blind $1
MilaTiti: posts big blind $3
*** HOLE CARDS ***
Agrotait: raises $3 to $6
MilaTiti: folds
Uncalled bet ($3) returned to Agrotait
Agrotait collected $6 from pot
Agrotait: doesn't show hand
MilaTiti leaves the table
*** SUMMARY ***
Total pot $6 | Rake $0
Seat 2: MilaTiti (big blind) folded before Flop
Seat 3: Agrotait (button) (small blind) collected ($6)


