PokerStars Hand #170196088290:  Hold'em Limit ($3/$6 USD) - 2017/05/09 17:55:29 ET
Table 'Echepolos' 6-max Seat #3 is the button
Seat 3: NoVebra ($72 in chips)
Seat 4: Floofy ($135.50 in chips)
NoVebra: posts small blind $1
Floofy: posts big blind $3
*** HOLE CARDS ***
NoVebra: raises $3 to $6
Floofy: raises $3 to $9
NoVebra: calls $3
*** FLOP *** [9s Tc 2s]
Floofy: bets $3
NoVebra: folds
Uncalled bet ($3) returned to Floofy
Floofy collected $17.64 from pot
Floofy: doesn't show hand
*** SUMMARY ***
Total pot $18 | Rake $0.36
Board [9s Tc 2s]
Seat 3: NoVebra (button) (small blind) folded on the Flop
Seat 4: Floofy (big blind) collected ($17.64)


PokerStars Hand #170196060460:  Hold'em Limit ($3/$6 USD) - 2017/05/09 17:54:54 ET
Table 'Echepolos' 6-max Seat #4 is the button
Seat 3: NoVebra ($72 in chips)
Seat 4: Floofy ($121 in chips)
Floofy: posts small blind $1
NoVebra: posts big blind $3
*** HOLE CARDS ***
Floofy: raises $3 to $6
NoVebra: raises $3 to $9
Floofy: raises $3 to $12
Betting is capped
NoVebra: calls $3
*** FLOP *** [Kc 9h 9s]
NoVebra: checks
Floofy: bets $3
NoVebra: calls $3
*** TURN *** [Kc 9h 9s] [5s]
NoVebra: checks
Floofy: bets $6
NoVebra: folds
Uncalled bet ($6) returned to Floofy
Floofy collected $29.50 from pot
Floofy: doesn't show hand
*** SUMMARY ***
Total pot $30 | Rake $0.50
Board [Kc 9h 9s 5s]
Seat 3: NoVebra (big blind) folded on the Turn
Seat 4: Floofy (button) (small blind) collected ($29.50)


