PokerStars Hand #168680930262:  Hold'em Limit ($3/$6 USD) - 2017/04/06 19:09:01 ET
Table 'Echemmon' 6-max Seat #4 is the button
Seat 4: Actionni13 ($155.76 in chips)
Seat 6: barranqueiro ($89.68 in chips)
Actionni13: posts small blind $1
barranqueiro: posts big blind $3
*** HOLE CARDS ***
Actionni13: raises $3 to $6
barranqueiro: raises $3 to $9
Actionni13: calls $3
*** FLOP *** [5s Ks Jh]
barranqueiro: bets $3
Actionni13: folds
Uncalled bet ($3) returned to barranqueiro
barranqueiro collected $17.64 from pot
*** SUMMARY ***
Total pot $18 | Rake $0.36
Board [5s Ks Jh]
Seat 4: Actionni13 (button) (small blind) folded on the Flop
Seat 6: barranqueiro (big blind) collected ($17.64)


PokerStars Hand #168680921838:  Hold'em Limit ($3/$6 USD) - 2017/04/06 19:08:48 ET
Table 'Echemmon' 6-max Seat #6 is the button
Seat 4: Actionni13 ($150 in chips)
Seat 6: barranqueiro ($95.68 in chips)
barranqueiro: posts small blind $1
Actionni13: posts big blind $3
*** HOLE CARDS ***
barranqueiro: calls $2
Actionni13: raises $3 to $6
barranqueiro: calls $3
*** FLOP *** [9d Ks Jh]
Actionni13: bets $3
barranqueiro: folds
Uncalled bet ($3) returned to Actionni13
B_loJkl joins the table at seat #1
Actionni13 collected $11.76 from pot
Actionni13: doesn't show hand
*** SUMMARY ***
Total pot $12 | Rake $0.24
Board [9d Ks Jh]
Seat 4: Actionni13 (big blind) collected ($11.76)
Seat 6: barranqueiro (button) (small blind) folded on the Flop


PokerStars Hand #168681128636:  Hold'em Limit ($3/$6 USD) - 2017/04/06 19:14:03 ET
Table 'Echemmon' 6-max Seat #2 is the button
Seat 1: B_loJkl ($79 in chips)
Seat 2: ToDaFelt ($137.07 in chips)
ToDaFelt: posts small blind $1
B_loJkl: posts big blind $3
*** HOLE CARDS ***
ToDaFelt: raises $3 to $6
B_loJkl: calls $3
*** FLOP *** [4d 2h 9c]
B_loJkl: checks
ToDaFelt: bets $3
B_loJkl: calls $3
*** TURN *** [4d 2h 9c] [3s]
B_loJkl: checks
ToDaFelt: bets $6
B_loJkl: calls $6
*** RIVER *** [4d 2h 9c 3s] [Jd]
B_loJkl: checks
ToDaFelt: bets $6
B_loJkl: folds
Uncalled bet ($6) returned to ToDaFelt
ToDaFelt collected $29.50 from pot
ToDaFelt: doesn't show hand
*** SUMMARY ***
Total pot $30 | Rake $0.50
Board [4d 2h 9c 3s Jd]
Seat 1: B_loJkl (big blind) folded on the River
Seat 2: ToDaFelt (button) (small blind) collected ($29.50)


PokerStars Hand #168681365904:  Hold'em Limit ($3/$6 USD) - 2017/04/06 19:20:25 ET
Table 'Echemmon' 6-max Seat #4 is the button
Seat 4: Actionni13 ($154 in chips)
Seat 6: barranqueiro ($76.53 in chips)
Actionni13: posts small blind $1
barranqueiro: posts big blind $3
*** HOLE CARDS ***
Actionni13: raises $3 to $6
barranqueiro: folds
Uncalled bet ($3) returned to Actionni13
Actionni13 collected $6 from pot
Actionni13: doesn't show hand
*** SUMMARY ***
Total pot $6 | Rake $0
Seat 4: Actionni13 (button) (small blind) collected ($6)
Seat 6: barranqueiro (big blind) folded before Flop


PokerStars Hand #168681362682:  Hold'em Limit ($3/$6 USD) - 2017/04/06 19:20:20 ET
Table 'Echemmon' 6-max Seat #6 is the button
Seat 4: Actionni13 ($153 in chips)
Seat 6: barranqueiro ($77.53 in chips)
barranqueiro: posts small blind $1
Actionni13: posts big blind $3
*** HOLE CARDS ***
barranqueiro: folds
Uncalled bet ($2) returned to Actionni13
Actionni13 collected $2 from pot
Actionni13: doesn't show hand
*** SUMMARY ***
Total pot $2 | Rake $0
Seat 4: Actionni13 (big blind) collected ($2)
Seat 6: barranqueiro (button) (small blind) folded before Flop


PokerStars Hand #168681357686:  Hold'em Limit ($3/$6 USD) - 2017/04/06 19:20:12 ET
Table 'Echemmon' 6-max Seat #4 is the button
Seat 4: Actionni13 ($150 in chips)
Seat 6: barranqueiro ($80.53 in chips)
Actionni13: posts small blind $1
barranqueiro: posts big blind $3
*** HOLE CARDS ***
Actionni13: raises $3 to $6
barranqueiro: folds
Uncalled bet ($3) returned to Actionni13
Actionni13 collected $6 from pot
Actionni13: doesn't show hand
*** SUMMARY ***
Total pot $6 | Rake $0
Seat 4: Actionni13 (button) (small blind) collected ($6)
Seat 6: barranqueiro (big blind) folded before Flop


PokerStars Hand #168681396967:  Hold'em Limit ($3/$6 USD) - 2017/04/06 19:21:16 ET
Table 'Echemmon' 6-max Seat #4 is the button
Seat 4: Actionni13 ($156.82 in chips)
Seat 6: barranqueiro ($73.35 in chips)
Actionni13: posts small blind $1
barranqueiro: posts big blind $3
*** HOLE CARDS ***
Actionni13: folds
Uncalled bet ($2) returned to barranqueiro
barranqueiro collected $2 from pot
*** SUMMARY ***
Total pot $2 | Rake $0
Seat 4: Actionni13 (button) (small blind) folded before Flop
Seat 6: barranqueiro (big blind) collected ($2)


PokerStars Hand #168681377168:  Hold'em Limit ($3/$6 USD) - 2017/04/06 19:20:43 ET
Table 'Echemmon' 6-max Seat #6 is the button
Seat 4: Actionni13 ($157 in chips)
Seat 6: barranqueiro ($73.53 in chips)
barranqueiro: posts small blind $1
Actionni13: posts big blind $3
*** HOLE CARDS ***
barranqueiro: raises $3 to $6
Actionni13: calls $3
*** FLOP *** [9h 2c 2d]
Actionni13: checks
barranqueiro: bets $3
Actionni13: calls $3
*** TURN *** [9h 2c 2d] [Js]
Actionni13: checks
barranqueiro: checks
*** RIVER *** [9h 2c 2d Js] [Ah]
ToDaFelt joins the table at seat #1
Actionni13: checks
barranqueiro: checks
*** SHOW DOWN ***
Actionni13: shows [6d 8d] (a pair of Deuces)
barranqueiro: shows [7h 4d] (a pair of Deuces)
Actionni13 collected $8.82 from pot
barranqueiro collected $8.82 from pot
*** SUMMARY ***
Total pot $18 | Rake $0.36
Board [9h 2c 2d Js Ah]
Seat 4: Actionni13 (big blind) showed [6d 8d] and won ($8.82) with a pair of Deuces
Seat 6: barranqueiro (button) (small blind) showed [7h 4d] and won ($8.82) with a pair of Deuces


PokerStars Hand #168681890233:  Hold'em Limit ($3/$6 USD) - 2017/04/06 19:34:55 ET
Table 'Echemmon' 6-max Seat #2 is the button
Seat 1: ToDaFelt ($147.85 in chips)
Seat 2: B_loJkl ($172.94 in chips)
B_loJkl: posts small blind $1
barranqueiro leaves the table
ToDaFelt: posts big blind $3
*** HOLE CARDS ***
B_loJkl: folds
Uncalled bet ($2) returned to ToDaFelt
ToDaFelt collected $2 from pot
ToDaFelt: doesn't show hand
*** SUMMARY ***
Total pot $2 | Rake $0
Seat 1: ToDaFelt (big blind) collected ($2)
Seat 2: B_loJkl (button) (small blind) folded before Flop


