PokerStars Hand #160830396814:  Hold'em Limit ($3/$6 USD) - 2016/11/03 7:31:35 ET
Table 'Echion' 10-max Seat #6 is the button
Seat 1: vitim848 ($69 in chips)
Seat 6: Agrotait ($69 in chips)
Agrotait: posts small blind $1
vitim848: posts big blind $3
*** HOLE CARDS ***
Agrotait: raises $3 to $6
vitim848: folds
Uncalled bet ($3) returned to Agrotait
Agrotait collected $6 from pot
Agrotait: doesn't show hand
*** SUMMARY ***
Total pot $6 | Rake $0
Seat 1: vitim848 (big blind) folded before Flop
Seat 6: Agrotait (button) (small blind) collected ($6)


PokerStars Hand #160830388363:  Hold'em Limit ($3/$6 USD) - 2016/11/03 7:31:17 ET
Table 'Echion' 10-max Seat #1 is the button
Seat 1: vitim848 ($66 in chips)
Seat 6: Agrotait ($72 in chips)
vitim848: posts small blind $1
Agrotait: posts big blind $3
*** HOLE CARDS ***
vitim848: raises $3 to $6
Agrotait: folds
Uncalled bet ($3) returned to vitim848
vitim848 collected $6 from pot
vitim848: doesn't show hand
*** SUMMARY ***
Total pot $6 | Rake $0
Seat 1: vitim848 (button) (small blind) collected ($6)
Seat 6: Agrotait (big blind) folded before Flop


PokerStars Hand #160830425703:  Hold'em Limit ($3/$6 USD) - 2016/11/03 7:32:39 ET
Table 'Echion' 10-max Seat #1 is the button
Seat 1: vitim848 ($30 in chips)
Seat 6: Agrotait ($107.26 in chips)
vitim848: posts small blind $1
Agrotait: posts big blind $3
*** HOLE CARDS ***
vitim848: folds
Uncalled bet ($2) returned to Agrotait
Agrotait collected $2 from pot
Agrotait: doesn't show hand
*** SUMMARY ***
Total pot $2 | Rake $0
Seat 1: vitim848 (button) (small blind) folded before Flop
Seat 6: Agrotait (big blind) collected ($2)


PokerStars Hand #160830417593:  Hold'em Limit ($3/$6 USD) - 2016/11/03 7:32:21 ET
Table 'Echion' 10-max Seat #6 is the button
Seat 1: vitim848 ($36 in chips)
Seat 6: Agrotait ($101.50 in chips)
Agrotait: posts small blind $1
vitim848: posts big blind $3
*** HOLE CARDS ***
Agrotait: raises $3 to $6
vitim848: calls $3
*** FLOP *** [9s 3d Qc]
vitim848: checks
Agrotait: bets $3
vitim848: folds
Uncalled bet ($3) returned to Agrotait
Agrotait collected $11.76 from pot
Agrotait: doesn't show hand
*** SUMMARY ***
Total pot $12 | Rake $0.24
Board [9s 3d Qc]
Seat 1: vitim848 (big blind) folded on the Flop
Seat 6: Agrotait (button) (small blind) collected ($11.76)


PokerStars Hand #160830401991:  Hold'em Limit ($3/$6 USD) - 2016/11/03 7:31:47 ET
Table 'Echion' 10-max Seat #1 is the button
Seat 1: vitim848 ($66 in chips)
Seat 6: Agrotait ($72 in chips)
vitim848: posts small blind $1
Agrotait: posts big blind $3
*** HOLE CARDS ***
vitim848: raises $3 to $6
Agrotait: raises $3 to $9
vitim848: calls $3
*** FLOP *** [Tc 8h 3c]
Agrotait: bets $3
vitim848: calls $3
*** TURN *** [Tc 8h 3c] [4d]
Agrotait: bets $6
vitim848: calls $6
*** RIVER *** [Tc 8h 3c 4d] [Td]
Agrotait: bets $6
vitim848: raises $6 to $12
Agrotait: raises $6 to $18
vitim848: folds
Uncalled bet ($6) returned to Agrotait
Agrotait collected $59.50 from pot
Agrotait: doesn't show hand
*** SUMMARY ***
Total pot $60 | Rake $0.50
Board [Tc 8h 3c 4d Td]
Seat 1: vitim848 (button) (small blind) folded on the River
Seat 6: Agrotait (big blind) collected ($59.50)


PokerStars Hand #160830451542:  Hold'em Limit ($3/$6 USD) - 2016/11/03 7:33:35 ET
Table 'Echion' 10-max Seat #6 is the button
Seat 1: vitim848 ($36.64 in chips)
Seat 6: Agrotait ($100.26 in chips)
Agrotait: posts small blind $1
vitim848: posts big blind $3
*** HOLE CARDS ***
Agrotait: raises $3 to $6
vitim848: calls $3
*** FLOP *** [6h 9s Qs]
vitim848: checks
Agrotait: bets $3
vitim848: calls $3
*** TURN *** [6h 9s Qs] [2h]
vitim848: checks
Agrotait: bets $6
vitim848: calls $6
*** RIVER *** [6h 9s Qs 2h] [8h]
vitim848: checks
Agrotait: checks
*** SHOW DOWN ***
vitim848: shows [7s Ac] (high card Ace)
Agrotait: shows [Kc 2s] (a pair of Deuces)
Agrotait collected $29.50 from pot
*** SUMMARY ***
Total pot $30 | Rake $0.50
Board [6h 9s Qs 2h 8h]
Seat 1: vitim848 (big blind) showed [7s Ac] and lost with high card Ace
Seat 6: Agrotait (button) (small blind) showed [Kc 2s] and won ($29.50) with a pair of Deuces


PokerStars Hand #160830448378:  Hold'em Limit ($3/$6 USD) - 2016/11/03 7:33:28 ET
Table 'Echion' 10-max Seat #1 is the button
Seat 1: vitim848 ($37.64 in chips)
Seat 6: Agrotait ($99.26 in chips)
vitim848: posts small blind $1
Agrotait: posts big blind $3
*** HOLE CARDS ***
vitim848: folds
Uncalled bet ($2) returned to Agrotait
Agrotait collected $2 from pot
Agrotait: doesn't show hand
*** SUMMARY ***
Total pot $2 | Rake $0
Seat 1: vitim848 (button) (small blind) folded before Flop
Seat 6: Agrotait (big blind) collected ($2)


PokerStars Hand #160830428541:  Hold'em Limit ($3/$6 USD) - 2016/11/03 7:32:45 ET
Table 'Echion' 10-max Seat #6 is the button
Seat 1: vitim848 ($29 in chips)
Seat 6: Agrotait ($108.26 in chips)
Agrotait: posts small blind $1
vitim848: posts big blind $3
*** HOLE CARDS ***
Agrotait: raises $3 to $6
vitim848: calls $3
*** FLOP *** [Kc 9d As]
vitim848: checks
Agrotait: bets $3
vitim848: calls $3
*** TURN *** [Kc 9d As] [Tc]
vitim848: checks
Agrotait: checks
*** RIVER *** [Kc 9d As Tc] [5s]
vitim848: bets $6
Agrotait: folds
Uncalled bet ($6) returned to vitim848
vitim848 collected $17.64 from pot
vitim848: doesn't show hand
*** SUMMARY ***
Total pot $18 | Rake $0.36
Board [Kc 9d As Tc 5s]
Seat 1: vitim848 (big blind) collected ($17.64)
Seat 6: Agrotait (button) (small blind) folded on the River


PokerStars Hand #160830468253:  Hold'em Limit ($3/$6 USD) - 2016/11/03 7:34:11 ET
Table 'Echion' 10-max Seat #1 is the button
Seat 1: vitim848 ($21.64 in chips)
Seat 6: Agrotait ($114.76 in chips)
vitim848: posts small blind $1
Agrotait: posts big blind $3
*** HOLE CARDS ***
vitim848: raises $3 to $6
Agrotait: calls $3
*** FLOP *** [4h Td 7c]
Agrotait: checks
vitim848: bets $3
Agrotait: calls $3
*** TURN *** [4h Td 7c] [6d]
Agrotait: checks
vitim848: bets $6
Agrotait: calls $6
*** RIVER *** [4h Td 7c 6d] [Th]
Agrotait: checks
vitim848: bets $6
Agrotait: raises $6 to $12
vitim848: calls $0.64 and is all-in
Uncalled bet ($5.36) returned to Agrotait
*** SHOW DOWN ***
Agrotait: shows [Qc 6h] (two pair, Tens and Sixes)
vitim848: shows [Jd 9c] (a pair of Tens)
Agrotait collected $42.78 from pot
*** SUMMARY ***
Total pot $43.28 | Rake $0.50
Board [4h Td 7c 6d Th]
Seat 1: vitim848 (button) (small blind) showed [Jd 9c] and lost with a pair of Tens
Seat 6: Agrotait (big blind) showed [Qc 6h] and won ($42.78) with two pair, Tens and Sixes


