PokerStars Hand #161582018154:  Hold'em Limit ($3/$6 USD) - 2016/11/18 7:20:53 ET
Table 'Echo' 6-max Seat #3 is the button
Seat 3: robertass84 ($120 in chips)
Seat 4: Actionni13 ($150 in chips)
robertass84: posts small blind $1
Actionni13: posts big blind $3
*** HOLE CARDS ***
robertass84: raises $3 to $6
Actionni13: folds
Uncalled bet ($3) returned to robertass84
robertass84 collected $6 from pot
robertass84: doesn't show hand
*** SUMMARY ***
Total pot $6 | Rake $0
Seat 3: robertass84 (button) (small blind) collected ($6)
Seat 4: Actionni13 (big blind) folded before Flop


PokerStars Hand #161582081581:  Hold'em Limit ($3/$6 USD) - 2016/11/18 7:22:57 ET
Table 'Echo' 6-max Seat #3 is the button
Seat 3: melyh82 ($47.64 in chips)
Seat 4: Actionni13 ($164.50 in chips)
melyh82: posts small blind $1
Actionni13: posts big blind $3
*** HOLE CARDS ***
melyh82: raises $3 to $6
Actionni13: folds
Uncalled bet ($3) returned to melyh82
melyh82 collected $6 from pot
melyh82: doesn't show hand
*** SUMMARY ***
Total pot $6 | Rake $0
Seat 3: melyh82 (button) (small blind) collected ($6)
Seat 4: Actionni13 (big blind) folded before Flop


PokerStars Hand #161582071961:  Hold'em Limit ($3/$6 USD) - 2016/11/18 7:22:38 ET
Table 'Echo' 6-max Seat #4 is the button
Seat 3: melyh82 ($62.64 in chips)
Seat 4: Actionni13 ($150 in chips)
Actionni13: posts small blind $1
melyh82: posts big blind $3
*** HOLE CARDS ***
Actionni13: raises $3 to $6
melyh82: calls $3
*** FLOP *** [6h 3s Ah]
melyh82: checks
Actionni13: bets $3
melyh82: calls $3
*** TURN *** [6h 3s Ah] [Qs]
melyh82: checks
Actionni13: bets $6
melyh82: calls $6
*** RIVER *** [6h 3s Ah Qs] [8d]
melyh82: checks
Actionni13: bets $6
melyh82: folds
Uncalled bet ($6) returned to Actionni13
Actionni13 collected $29.50 from pot
Actionni13: doesn't show hand
*** SUMMARY ***
Total pot $30 | Rake $0.50
Board [6h 3s Ah Qs 8d]
Seat 3: melyh82 (big blind) folded on the River
Seat 4: Actionni13 (button) (small blind) collected ($29.50)


PokerStars Hand #161582095551:  Hold'em Limit ($3/$6 USD) - 2016/11/18 7:23:24 ET
Table 'Echo' 6-max Seat #3 is the button
Seat 3: melyh82 ($23.64 in chips)
Seat 4: Actionni13 ($188 in chips)
melyh82: posts small blind $1
Actionni13: posts big blind $3
*** HOLE CARDS ***
melyh82: raises $3 to $6
Actionni13: calls $3
*** FLOP *** [Qd Kh 6h]
Actionni13: checks
melyh82: bets $3
Actionni13: calls $3
*** TURN *** [Qd Kh 6h] [2c]
Actionni13: checks
melyh82: bets $6
Actionni13: raises $6 to $12
melyh82: raises $2.64 to $14.64 and is all-in
Actionni13: calls $2.64
*** RIVER *** [Qd Kh 6h 2c] [Kc]
*** SHOW DOWN ***
Actionni13: shows [4h Kd] (three of a kind, Kings)
melyh82: shows [6s Qs] (two pair, Kings and Queens)
Actionni13 collected $46.78 from pot
melyh82 leaves the table
*** SUMMARY ***
Total pot $47.28 | Rake $0.50
Board [Qd Kh 6h 2c Kc]
Seat 3: melyh82 (button) (small blind) showed [6s Qs] and lost with two pair, Kings and Queens
Seat 4: Actionni13 (big blind) showed [4h Kd] and won ($46.78) with three of a kind, Kings


PokerStars Hand #161582084834:  Hold'em Limit ($3/$6 USD) - 2016/11/18 7:23:03 ET
Table 'Echo' 6-max Seat #4 is the button
Seat 3: melyh82 ($50.64 in chips)
Seat 4: Actionni13 ($161.50 in chips)
Actionni13: posts small blind $1
melyh82: posts big blind $3
*** HOLE CARDS ***
Actionni13: raises $3 to $6
melyh82: calls $3
*** FLOP *** [3h 5h 4d]
melyh82: checks
Actionni13: bets $3
melyh82: calls $3
*** TURN *** [3h 5h 4d] [As]
melyh82: checks
Actionni13: bets $6
melyh82: raises $6 to $12
Actionni13: calls $6
*** RIVER *** [3h 5h 4d As] [6c]
melyh82: bets $6
Actionni13: raises $6 to $12
melyh82: folds
Uncalled bet ($6) returned to Actionni13
Actionni13 collected $53.50 from pot
Actionni13: doesn't show hand
*** SUMMARY ***
Total pot $54 | Rake $0.50
Board [3h 5h 4d As 6c]
Seat 3: melyh82 (big blind) folded on the River
Seat 4: Actionni13 (button) (small blind) collected ($53.50)


PokerStars Hand #161584007906:  Hold'em Limit ($3/$6 USD) - 2016/11/18 8:23:23 ET
Table 'Echo' 6-max Seat #6 is the button
Seat 1: Ale4o ($120 in chips)
Seat 6: Kosova1968 ($120 in chips)
Kosova1968: posts small blind $1
Ale4o: posts big blind $3
*** HOLE CARDS ***
Kosova1968: folds
Uncalled bet ($2) returned to Ale4o
grabaz joins the table at seat #2
Ale4o collected $2 from pot
Ale4o: doesn't show hand
*** SUMMARY ***
Total pot $2 | Rake $0
Seat 1: Ale4o (big blind) collected ($2)
Seat 6: Kosova1968 (button) (small blind) folded before Flop


PokerStars Hand #161585543300:  Hold'em Limit ($3/$6 USD) - 2016/11/18 9:08:11 ET
Table 'Echo' 6-max Seat #2 is the button
Seat 1: Actionni13 ($150 in chips)
Seat 2: liamOS ($153.51 in chips)
liamOS: posts small blind $1
Actionni13: posts big blind $3
*** HOLE CARDS ***
liamOS: raises $3 to $6
Actionni13: raises $3 to $9
liamOS: calls $3
*** FLOP *** [As Ah 6s]
Actionni13: bets $3
liamOS: calls $3
*** TURN *** [As Ah 6s] [6c]
Actionni13: bets $6
liamOS: calls $6
*** RIVER *** [As Ah 6s 6c] [4s]
Actionni13: checks
liamOS: checks
*** SHOW DOWN ***
Actionni13: shows [Jc Tc] (two pair, Aces and Sixes)
liamOS: shows [Qs 3s] (a flush, Ace high)
liamOS collected $35.50 from pot
*** SUMMARY ***
Total pot $36 | Rake $0.50
Board [As Ah 6s 6c 4s]
Seat 1: Actionni13 (big blind) showed [Jc Tc] and lost with two pair, Aces and Sixes
Seat 2: liamOS (button) (small blind) showed [Qs 3s] and won ($35.50) with a flush, Ace high


PokerStars Hand #161585563490:  Hold'em Limit ($3/$6 USD) - 2016/11/18 9:08:44 ET
Table 'Echo' 6-max Seat #2 is the button
Seat 1: Actionni13 ($155.76 in chips)
Seat 2: liamOS ($165.01 in chips)
liamOS: posts small blind $1
Actionni13: posts big blind $3
*** HOLE CARDS ***
liamOS: folds
Uncalled bet ($2) returned to Actionni13
Actionni13 collected $2 from pot
Actionni13: doesn't show hand
*** SUMMARY ***
Total pot $2 | Rake $0
Seat 1: Actionni13 (big blind) collected ($2)
Seat 2: liamOS (button) (small blind) folded before Flop


PokerStars Hand #161585555384:  Hold'em Limit ($3/$6 USD) - 2016/11/18 9:08:31 ET
Table 'Echo' 6-max Seat #1 is the button
Seat 1: Actionni13 ($150 in chips)
Seat 2: liamOS ($171.01 in chips)
Actionni13: posts small blind $1
liamOS: posts big blind $3
*** HOLE CARDS ***
Actionni13: raises $3 to $6
liamOS: calls $3
*** FLOP *** [9c 7h 2s]
liamOS: checks
Actionni13: checks
*** TURN *** [9c 7h 2s] [5c]
liamOS: checks
Actionni13: bets $6
liamOS: folds
Uncalled bet ($6) returned to Actionni13
Actionni13 collected $11.76 from pot
Actionni13: doesn't show hand
*** SUMMARY ***
Total pot $12 | Rake $0.24
Board [9c 7h 2s 5c]
Seat 1: Actionni13 (button) (small blind) collected ($11.76)
Seat 2: liamOS (big blind) folded on the Turn


PokerStars Hand #161585568027:  Hold'em Limit ($3/$6 USD) - 2016/11/18 9:08:52 ET
Table 'Echo' 6-max Seat #1 is the button
Seat 1: Actionni13 ($156.76 in chips)
Seat 2: liamOS ($164.01 in chips)
Actionni13: posts small blind $1
liamOS: posts big blind $3
*** HOLE CARDS ***
Actionni13: raises $3 to $6
liamOS: folds
Uncalled bet ($3) returned to Actionni13
Actionni13 collected $6 from pot
Actionni13: doesn't show hand
*** SUMMARY ***
Total pot $6 | Rake $0
Seat 1: Actionni13 (button) (small blind) collected ($6)
Seat 2: liamOS (big blind) folded before Flop


PokerStars Hand #161585572184:  Hold'em Limit ($3/$6 USD) - 2016/11/18 9:08:59 ET
Table 'Echo' 6-max Seat #2 is the button
Seat 1: Actionni13 ($159.76 in chips)
Seat 2: liamOS ($161.01 in chips)
liamOS: posts small blind $1
Actionni13: posts big blind $3
*** HOLE CARDS ***
liamOS: raises $3 to $6
Actionni13: raises $3 to $9
liamOS: raises $3 to $12
Betting is capped
Actionni13: calls $3
*** FLOP *** [7d 8c 2d]
Actionni13: checks
liamOS: checks
*** TURN *** [7d 8c 2d] [8s]
Actionni13: bets $6
liamOS: calls $6
*** RIVER *** [7d 8c 2d 8s] [Qd]
Actionni13: bets $6
liamOS: calls $6
*** SHOW DOWN ***
Actionni13: shows [7h Ad] (two pair, Eights and Sevens)
liamOS: mucks hand
Actionni13 collected $47.50 from pot
*** SUMMARY ***
Total pot $48 | Rake $0.50
Board [7d 8c 2d 8s Qd]
Seat 1: Actionni13 (big blind) showed [7h Ad] and won ($47.50) with two pair, Eights and Sevens
Seat 2: liamOS (button) (small blind) mucked


PokerStars Hand #161585584036:  Hold'em Limit ($3/$6 USD) - 2016/11/18 9:09:18 ET
Table 'Echo' 6-max Seat #1 is the button
Seat 1: Actionni13 ($183.26 in chips)
Seat 2: liamOS ($137.01 in chips)
Actionni13: posts small blind $1
liamOS: posts big blind $3
*** HOLE CARDS ***
Actionni13: folds
Uncalled bet ($2) returned to liamOS
liamOS collected $2 from pot
liamOS: doesn't show hand
*** SUMMARY ***
Total pot $2 | Rake $0
Seat 1: Actionni13 (button) (small blind) folded before Flop
Seat 2: liamOS (big blind) collected ($2)


PokerStars Hand #161585592371:  Hold'em Limit ($3/$6 USD) - 2016/11/18 9:09:32 ET
Table 'Echo' 6-max Seat #2 is the button
Seat 1: Actionni13 ($182.26 in chips)
Seat 2: liamOS ($138.01 in chips)
liamOS: posts small blind $1
Actionni13: posts big blind $3
*** HOLE CARDS ***
liamOS: raises $3 to $6
Actionni13: calls $3
*** FLOP *** [Ah 8h Tc]
Actionni13: checks
liamOS: checks
*** TURN *** [Ah 8h Tc] [3s]
Actionni13: checks
liamOS: checks
*** RIVER *** [Ah 8h Tc 3s] [4c]
Actionni13: checks
liamOS: checks
*** SHOW DOWN ***
Actionni13: shows [9d Kc] (high card Ace)
liamOS: shows [2h 2c] (a pair of Deuces)
liamOS collected $11.76 from pot
*** SUMMARY ***
Total pot $12 | Rake $0.24
Board [Ah 8h Tc 3s 4c]
Seat 1: Actionni13 (big blind) showed [9d Kc] and lost with high card Ace
Seat 2: liamOS (button) (small blind) showed [2h 2c] and won ($11.76) with a pair of Deuces


