PokerStars Hand #163809228525:  Hold'em Limit ($3/$6 USD) - 2016/12/31 3:44:49 ET
Table 'Echo' 6-max Seat #4 is the button
Seat 1: habari786 ($63 in chips)
Seat 4: AzureCaper ($72 in chips)
AzureCaper: posts small blind $1
habari786: posts big blind $3
*** HOLE CARDS ***
AzureCaper: folds
Uncalled bet ($2) returned to habari786
habari786 collected $2 from pot
habari786: doesn't show hand
*** SUMMARY ***
Total pot $2 | Rake $0
Seat 1: habari786 (big blind) collected ($2)
Seat 4: AzureCaper (button) (small blind) folded before Flop


PokerStars Hand #163809222656:  Hold'em Limit ($3/$6 USD) - 2016/12/31 3:44:31 ET
Table 'Echo' 6-max Seat #1 is the button
Seat 1: habari786 ($60 in chips)
Seat 4: AzureCaper ($72 in chips)
habari786: posts small blind $1
AzureCaper: posts big blind $3
*** HOLE CARDS ***
habari786: raises $3 to $6
AzureCaper: folds
Uncalled bet ($3) returned to habari786
habari786 collected $6 from pot
habari786: doesn't show hand
*** SUMMARY ***
Total pot $6 | Rake $0
Seat 1: habari786 (button) (small blind) collected ($6)
Seat 4: AzureCaper (big blind) folded before Flop


PokerStars Hand #163809234720:  Hold'em Limit ($3/$6 USD) - 2016/12/31 3:45:08 ET
Table 'Echo' 6-max Seat #4 is the button
Seat 1: habari786 ($69.76 in chips)
Seat 4: AzureCaper ($72 in chips)
AzureCaper: posts small blind $1
habari786: posts big blind $3
*** HOLE CARDS ***
AzureCaper: folds
Uncalled bet ($2) returned to habari786
habari786 collected $2 from pot
habari786: doesn't show hand
*** SUMMARY ***
Total pot $2 | Rake $0
Seat 1: habari786 (big blind) collected ($2)
Seat 4: AzureCaper (button) (small blind) folded before Flop


PokerStars Hand #163809230246:  Hold'em Limit ($3/$6 USD) - 2016/12/31 3:44:54 ET
Table 'Echo' 6-max Seat #1 is the button
Seat 1: habari786 ($64 in chips)
Seat 4: AzureCaper ($72 in chips)
habari786: posts small blind $1
AzureCaper: posts big blind $3
*** HOLE CARDS ***
habari786: raises $3 to $6
AzureCaper: calls $3
*** FLOP *** [3h Kh 4d]
AzureCaper: checks
habari786: bets $3
AzureCaper: folds
Uncalled bet ($3) returned to habari786
habari786 collected $11.76 from pot
habari786: doesn't show hand
*** SUMMARY ***
Total pot $12 | Rake $0.24
Board [3h Kh 4d]
Seat 1: habari786 (button) (small blind) collected ($11.76)
Seat 4: AzureCaper (big blind) folded on the Flop


PokerStars Hand #163809245604:  Hold'em Limit ($3/$6 USD) - 2016/12/31 3:45:41 ET
Table 'Echo' 6-max Seat #1 is the button
Seat 1: habari786 ($78.40 in chips)
Seat 4: AzureCaper ($72 in chips)
habari786: posts small blind $1
AzureCaper: posts big blind $3
*** HOLE CARDS ***
habari786: folds
Uncalled bet ($2) returned to AzureCaper
AzureCaper collected $2 from pot
AzureCaper: doesn't show hand
*** SUMMARY ***
Total pot $2 | Rake $0
Seat 1: habari786 (button) (small blind) folded before Flop
Seat 4: AzureCaper (big blind) collected ($2)


PokerStars Hand #163809251311:  Hold'em Limit ($3/$6 USD) - 2016/12/31 3:45:59 ET
Table 'Echo' 6-max Seat #4 is the button
Seat 1: habari786 ($77.40 in chips)
Seat 4: AzureCaper ($73 in chips)
AzureCaper: posts small blind $1
habari786: posts big blind $3
*** HOLE CARDS ***
AzureCaper: folds
Uncalled bet ($2) returned to habari786
habari786 collected $2 from pot
habari786: doesn't show hand
*** SUMMARY ***
Total pot $2 | Rake $0
Seat 1: habari786 (big blind) collected ($2)
Seat 4: AzureCaper (button) (small blind) folded before Flop


PokerStars Hand #163809239118:  Hold'em Limit ($3/$6 USD) - 2016/12/31 3:45:21 ET
Table 'Echo' 6-max Seat #4 is the button
Seat 1: habari786 ($69.76 in chips)
Seat 4: AzureCaper ($73 in chips)
AzureCaper: posts small blind $1
habari786: posts big blind $3
*** HOLE CARDS ***
AzureCaper: raises $3 to $6
habari786: raises $3 to $9
AzureCaper: calls $3
*** FLOP *** [Qc 8d 7c]
habari786: bets $3
AzureCaper: folds
Uncalled bet ($3) returned to habari786
habari786 collected $17.64 from pot
habari786: doesn't show hand
*** SUMMARY ***
Total pot $18 | Rake $0.36
Board [Qc 8d 7c]
Seat 1: habari786 (big blind) collected ($17.64)
Seat 4: AzureCaper (button) (small blind) folded on the Flop


PokerStars Hand #163809236432:  Hold'em Limit ($3/$6 USD) - 2016/12/31 3:45:13 ET
Table 'Echo' 6-max Seat #1 is the button
Seat 1: habari786 ($70.76 in chips)
Seat 4: AzureCaper ($72 in chips)
habari786: posts small blind $1
AzureCaper: posts big blind $3
*** HOLE CARDS ***
habari786: folds
Uncalled bet ($2) returned to AzureCaper
AzureCaper collected $2 from pot
AzureCaper: doesn't show hand
*** SUMMARY ***
Total pot $2 | Rake $0
Seat 1: habari786 (button) (small blind) folded before Flop
Seat 4: AzureCaper (big blind) collected ($2)


PokerStars Hand #163809260380:  Hold'em Limit ($3/$6 USD) - 2016/12/31 3:46:27 ET
Table 'Echo' 6-max Seat #4 is the button
Seat 1: habari786 ($84.16 in chips)
Seat 4: AzureCaper ($72 in chips)
AzureCaper: posts small blind $1
habari786: posts big blind $3
*** HOLE CARDS ***
AzureCaper: raises $3 to $6
habari786: calls $3
*** FLOP *** [Td 9s 8d]
habari786: checks
AzureCaper: bets $3
habari786: calls $3
*** TURN *** [Td 9s 8d] [6d]
habari786: bets $6
AzureCaper: calls $6
*** RIVER *** [Td 9s 8d 6d] [9c]
habari786: bets $6
AzureCaper: calls $6
*** SHOW DOWN ***
habari786: shows [7d 4h] (a straight, Six to Ten)
AzureCaper: mucks hand
habari786 collected $41.50 from pot
*** SUMMARY ***
Total pot $42 | Rake $0.50
Board [Td 9s 8d 6d 9c]
Seat 1: habari786 (big blind) showed [7d 4h] and won ($41.50) with a straight, Six to Ten
Seat 4: AzureCaper (button) (small blind) mucked


PokerStars Hand #163809270237:  Hold'em Limit ($3/$6 USD) - 2016/12/31 3:46:56 ET
Table 'Echo' 6-max Seat #1 is the button
Seat 1: habari786 ($104.66 in chips)
Seat 4: AzureCaper ($72 in chips)
habari786: posts small blind $1
AzureCaper: posts big blind $3
*** HOLE CARDS ***
habari786: raises $3 to $6
AzureCaper: folds
Uncalled bet ($3) returned to habari786
habari786 collected $6 from pot
habari786: doesn't show hand
*** SUMMARY ***
Total pot $6 | Rake $0
Seat 1: habari786 (button) (small blind) collected ($6)
Seat 4: AzureCaper (big blind) folded before Flop


PokerStars Hand #163809253944:  Hold'em Limit ($3/$6 USD) - 2016/12/31 3:46:07 ET
Table 'Echo' 6-max Seat #1 is the button
Seat 1: habari786 ($78.40 in chips)
Seat 4: AzureCaper ($72 in chips)
habari786: posts small blind $1
AzureCaper: posts big blind $3
*** HOLE CARDS ***
habari786: raises $3 to $6
AzureCaper: calls $3
*** FLOP *** [Jc 5c 9h]
AzureCaper: checks
habari786: bets $3
AzureCaper: folds
Uncalled bet ($3) returned to habari786
habari786 collected $11.76 from pot
habari786: doesn't show hand
*** SUMMARY ***
Total pot $12 | Rake $0.24
Board [Jc 5c 9h]
Seat 1: habari786 (button) (small blind) collected ($11.76)
Seat 4: AzureCaper (big blind) folded on the Flop


PokerStars Hand #163809281419:  Hold'em Limit ($3/$6 USD) - 2016/12/31 3:47:29 ET
Table 'Echo' 6-max Seat #1 is the button
Seat 1: habari786 ($116.30 in chips)
Seat 4: AzureCaper ($72 in chips)
habari786: posts small blind $1
AzureCaper: posts big blind $3
*** HOLE CARDS ***
habari786: raises $3 to $6
AzureCaper: raises $3 to $9
habari786: calls $3
*** FLOP *** [7s 3d 5h]
AzureCaper: bets $3
habari786: calls $3
*** TURN *** [7s 3d 5h] [Js]
AzureCaper: bets $6
habari786: calls $6
*** RIVER *** [7s 3d 5h Js] [4s]
AzureCaper: checks
habari786: bets $6
AzureCaper: folds
Uncalled bet ($6) returned to habari786
habari786 collected $35.50 from pot
habari786: doesn't show hand
*** SUMMARY ***
Total pot $36 | Rake $0.50
Board [7s 3d 5h Js 4s]
Seat 1: habari786 (button) (small blind) collected ($35.50)
Seat 4: AzureCaper (big blind) folded on the River


PokerStars Hand #163809275231:  Hold'em Limit ($3/$6 USD) - 2016/12/31 3:47:11 ET
Table 'Echo' 6-max Seat #4 is the button
Seat 1: habari786 ($107.66 in chips)
Seat 4: AzureCaper ($72 in chips)
AzureCaper: posts small blind $1
habari786: posts big blind $3
*** HOLE CARDS ***
AzureCaper: raises $3 to $6
habari786: raises $3 to $9
AzureCaper: calls $3
*** FLOP *** [9s 8h Kc]
habari786: bets $3
AzureCaper: folds
Uncalled bet ($3) returned to habari786
habari786 collected $17.64 from pot
habari786: doesn't show hand
*** SUMMARY ***
Total pot $18 | Rake $0.36
Board [9s 8h Kc]
Seat 1: habari786 (big blind) collected ($17.64)
Seat 4: AzureCaper (button) (small blind) folded on the Flop


PokerStars Hand #163809290357:  Hold'em Limit ($3/$6 USD) - 2016/12/31 3:47:57 ET
Table 'Echo' 6-max Seat #4 is the button
Seat 1: habari786 ($133.80 in chips)
Seat 4: AzureCaper ($72 in chips)
AzureCaper: posts small blind $1
habari786: posts big blind $3
*** HOLE CARDS ***
AzureCaper: folds
Uncalled bet ($2) returned to habari786
habari786 collected $2 from pot
habari786: doesn't show hand
*** SUMMARY ***
Total pot $2 | Rake $0
Seat 1: habari786 (big blind) collected ($2)
Seat 4: AzureCaper (button) (small blind) folded before Flop


PokerStars Hand #163809292236:  Hold'em Limit ($3/$6 USD) - 2016/12/31 3:48:03 ET
Table 'Echo' 6-max Seat #1 is the button
Seat 1: habari786 ($134.80 in chips)
Seat 4: AzureCaper ($72 in chips)
habari786: posts small blind $1
AzureCaper: posts big blind $3
*** HOLE CARDS ***
habari786: raises $3 to $6
AzureCaper: folds
Uncalled bet ($3) returned to habari786
habari786 collected $6 from pot
habari786: doesn't show hand
*** SUMMARY ***
Total pot $6 | Rake $0
Seat 1: habari786 (button) (small blind) collected ($6)
Seat 4: AzureCaper (big blind) folded before Flop


PokerStars Hand #163809298341:  Hold'em Limit ($3/$6 USD) - 2016/12/31 3:48:21 ET
Table 'Echo' 6-max Seat #4 is the button
Seat 1: habari786 ($137.80 in chips)
Seat 4: AzureCaper ($72 in chips)
AzureCaper: posts small blind $1
habari786: posts big blind $3
*** HOLE CARDS ***
AzureCaper: raises $3 to $6
habari786: calls $3
*** FLOP *** [Ac Th 8d]
habari786: bets $3
AzureCaper: folds
Uncalled bet ($3) returned to habari786
habari786 collected $11.76 from pot
habari786: doesn't show hand
*** SUMMARY ***
Total pot $12 | Rake $0.24
Board [Ac Th 8d]
Seat 1: habari786 (big blind) collected ($11.76)
Seat 4: AzureCaper (button) (small blind) folded on the Flop


PokerStars Hand #163809307396:  Hold'em Limit ($3/$6 USD) - 2016/12/31 3:48:48 ET
Table 'Echo' 6-max Seat #1 is the button
Seat 1: habari786 ($143.56 in chips)
Seat 4: AzureCaper ($72 in chips)
habari786: posts small blind $1
AzureCaper: posts big blind $3
*** HOLE CARDS ***
habari786: folds
Uncalled bet ($2) returned to AzureCaper
AzureCaper collected $2 from pot
AzureCaper: doesn't show hand
*** SUMMARY ***
Total pot $2 | Rake $0
Seat 1: habari786 (button) (small blind) folded before Flop
Seat 4: AzureCaper (big blind) collected ($2)


PokerStars Hand #163809313928:  Hold'em Limit ($3/$6 USD) - 2016/12/31 3:49:08 ET
Table 'Echo' 6-max Seat #4 is the button
Seat 1: habari786 ($142.56 in chips)
Seat 4: AzureCaper ($73 in chips)
AzureCaper: posts small blind $1
habari786: posts big blind $3
*** HOLE CARDS ***
AzureCaper: raises $3 to $6
habari786: calls $3
*** FLOP *** [6s 4c 2c]
habari786: bets $3
AzureCaper: raises $3 to $6
habari786: calls $3
*** TURN *** [6s 4c 2c] [9d]
habari786: bets $6
AzureCaper: raises $6 to $12
habari786: folds
Uncalled bet ($6) returned to AzureCaper
AzureCaper collected $35.50 from pot
AzureCaper: doesn't show hand
*** SUMMARY ***
Total pot $36 | Rake $0.50
Board [6s 4c 2c 9d]
Seat 1: habari786 (big blind) folded on the Turn
Seat 4: AzureCaper (button) (small blind) collected ($35.50)


PokerStars Hand #163809325308:  Hold'em Limit ($3/$6 USD) - 2016/12/31 3:49:42 ET
Table 'Echo' 6-max Seat #1 is the button
Seat 1: habari786 ($124.56 in chips)
Seat 4: AzureCaper ($90.50 in chips)
habari786: posts small blind $1
AzureCaper: posts big blind $3
*** HOLE CARDS ***
habari786: folds
Uncalled bet ($2) returned to AzureCaper
AzureCaper collected $2 from pot
AzureCaper: doesn't show hand
*** SUMMARY ***
Total pot $2 | Rake $0
Seat 1: habari786 (button) (small blind) folded before Flop
Seat 4: AzureCaper (big blind) collected ($2)


PokerStars Hand #163809331092:  Hold'em Limit ($3/$6 USD) - 2016/12/31 3:49:59 ET
Table 'Echo' 6-max Seat #4 is the button
Seat 1: habari786 ($123.56 in chips)
Seat 4: AzureCaper ($91.50 in chips)
AzureCaper: posts small blind $1
habari786: posts big blind $3
*** HOLE CARDS ***
AzureCaper: raises $3 to $6
habari786: raises $3 to $9
AzureCaper: raises $3 to $12
Betting is capped
habari786: calls $3
*** FLOP *** [Ad Ts As]
habari786: checks
AzureCaper: bets $3
habari786: folds
Uncalled bet ($3) returned to AzureCaper
AzureCaper collected $23.52 from pot
AzureCaper: doesn't show hand
*** SUMMARY ***
Total pot $24 | Rake $0.48
Board [Ad Ts As]
Seat 1: habari786 (big blind) folded on the Flop
Seat 4: AzureCaper (button) (small blind) collected ($23.52)


PokerStars Hand #163809344984:  Hold'em Limit ($3/$6 USD) - 2016/12/31 3:50:41 ET
Table 'Echo' 6-max Seat #4 is the button
Seat 1: habari786 ($110.56 in chips)
Seat 4: AzureCaper ($104.02 in chips)
AzureCaper: posts small blind $1
habari786: posts big blind $3
*** HOLE CARDS ***
AzureCaper: raises $3 to $6
habari786: calls $3
*** FLOP *** [Qs 5d Kd]
habari786: checks
AzureCaper: bets $3
habari786: folds
Uncalled bet ($3) returned to AzureCaper
AzureCaper collected $11.76 from pot
AzureCaper: doesn't show hand
*** SUMMARY ***
Total pot $12 | Rake $0.24
Board [Qs 5d Kd]
Seat 1: habari786 (big blind) folded on the Flop
Seat 4: AzureCaper (button) (small blind) collected ($11.76)


PokerStars Hand #163809349761:  Hold'em Limit ($3/$6 USD) - 2016/12/31 3:50:55 ET
Table 'Echo' 6-max Seat #1 is the button
Seat 1: habari786 ($104.56 in chips)
Seat 4: AzureCaper ($109.78 in chips)
habari786: posts small blind $1
AzureCaper: posts big blind $3
*** HOLE CARDS ***
habari786: folds
Uncalled bet ($2) returned to AzureCaper
AzureCaper collected $2 from pot
AzureCaper: doesn't show hand
*** SUMMARY ***
Total pot $2 | Rake $0
Seat 1: habari786 (button) (small blind) folded before Flop
Seat 4: AzureCaper (big blind) collected ($2)


PokerStars Hand #163809354967:  Hold'em Limit ($3/$6 USD) - 2016/12/31 3:51:11 ET
Table 'Echo' 6-max Seat #1 is the button
Seat 1: habari786 ($97.56 in chips)
Seat 4: AzureCaper ($116.54 in chips)
habari786: posts small blind $1
AzureCaper: posts big blind $3
*** HOLE CARDS ***
habari786: folds
Uncalled bet ($2) returned to AzureCaper
AzureCaper collected $2 from pot
AzureCaper: doesn't show hand
*** SUMMARY ***
Total pot $2 | Rake $0
Seat 1: habari786 (button) (small blind) folded before Flop
Seat 4: AzureCaper (big blind) collected ($2)


PokerStars Hand #163809351575:  Hold'em Limit ($3/$6 USD) - 2016/12/31 3:51:00 ET
Table 'Echo' 6-max Seat #4 is the button
Seat 1: habari786 ($103.56 in chips)
Seat 4: AzureCaper ($110.78 in chips)
AzureCaper: posts small blind $1
habari786: posts big blind $3
*** HOLE CARDS ***
AzureCaper: raises $3 to $6
habari786: calls $3
*** FLOP *** [2h Ac Jc]
habari786: checks
AzureCaper: bets $3
habari786: folds
Uncalled bet ($3) returned to AzureCaper
AzureCaper collected $11.76 from pot
AzureCaper: doesn't show hand
*** SUMMARY ***
Total pot $12 | Rake $0.24
Board [2h Ac Jc]
Seat 1: habari786 (big blind) folded on the Flop
Seat 4: AzureCaper (button) (small blind) collected ($11.76)


PokerStars Hand #163809340853:  Hold'em Limit ($3/$6 USD) - 2016/12/31 3:50:28 ET
Table 'Echo' 6-max Seat #1 is the button
Seat 1: habari786 ($111.56 in chips)
Seat 4: AzureCaper ($103.02 in chips)
habari786: posts small blind $1
AzureCaper: posts big blind $3
*** HOLE CARDS ***
habari786: folds
Uncalled bet ($2) returned to AzureCaper
AzureCaper collected $2 from pot
AzureCaper: doesn't show hand
*** SUMMARY ***
Total pot $2 | Rake $0
Seat 1: habari786 (button) (small blind) folded before Flop
Seat 4: AzureCaper (big blind) collected ($2)


PokerStars Hand #163809361467:  Hold'em Limit ($3/$6 USD) - 2016/12/31 3:51:30 ET
Table 'Echo' 6-max Seat #4 is the button
Seat 1: habari786 ($96.56 in chips)
Seat 4: AzureCaper ($117.54 in chips)
AzureCaper: posts small blind $1
habari786: posts big blind $3
*** HOLE CARDS ***
AzureCaper: folds
Uncalled bet ($2) returned to habari786
habari786 collected $2 from pot
habari786: doesn't show hand
*** SUMMARY ***
Total pot $2 | Rake $0
Seat 1: habari786 (big blind) collected ($2)
Seat 4: AzureCaper (button) (small blind) folded before Flop


PokerStars Hand #163809359584:  Hold'em Limit ($3/$6 USD) - 2016/12/31 3:51:25 ET
Table 'Echo' 6-max Seat #1 is the button
Seat 1: habari786 ($97.56 in chips)
Seat 4: AzureCaper ($116.54 in chips)
habari786: posts small blind $1
AzureCaper: posts big blind $3
*** HOLE CARDS ***
habari786: folds
Uncalled bet ($2) returned to AzureCaper
AzureCaper collected $2 from pot
AzureCaper: doesn't show hand
*** SUMMARY ***
Total pot $2 | Rake $0
Seat 1: habari786 (button) (small blind) folded before Flop
Seat 4: AzureCaper (big blind) collected ($2)


PokerStars Hand #163809363359:  Hold'em Limit ($3/$6 USD) - 2016/12/31 3:51:36 ET
Table 'Echo' 6-max Seat #1 is the button
Seat 1: habari786 ($97.56 in chips)
Seat 4: AzureCaper ($116.54 in chips)
habari786: posts small blind $1
AzureCaper: posts big blind $3
*** HOLE CARDS ***
habari786: raises $3 to $6
AzureCaper: folds
Uncalled bet ($3) returned to habari786
habari786 collected $6 from pot
habari786: doesn't show hand
*** SUMMARY ***
Total pot $6 | Rake $0
Seat 1: habari786 (button) (small blind) collected ($6)
Seat 4: AzureCaper (big blind) folded before Flop


PokerStars Hand #163809367504:  Hold'em Limit ($3/$6 USD) - 2016/12/31 3:51:48 ET
Table 'Echo' 6-max Seat #4 is the button
Seat 1: habari786 ($100.56 in chips)
Seat 4: AzureCaper ($113.54 in chips)
AzureCaper: posts small blind $1
habari786: posts big blind $3
*** HOLE CARDS ***
AzureCaper: raises $3 to $6
Chessnok joins the table at seat #2
habari786: raises $3 to $9
AzureCaper: raises $3 to $12
Betting is capped
habari786: calls $3
*** FLOP *** [Qd Jh 4h]
habari786: bets $3
AzureCaper: calls $3
*** TURN *** [Qd Jh 4h] [2c]
habari786: bets $6
AzureCaper: raises $6 to $12
habari786: calls $6
*** RIVER *** [Qd Jh 4h 2c] [3c]
habari786: bets $6
AzureCaper: calls $6
*** SHOW DOWN ***
habari786: shows [3d 5d] (a pair of Threes)
AzureCaper: shows [Js Ks] (a pair of Jacks)
AzureCaper collected $65.50 from pot
*** SUMMARY ***
Total pot $66 | Rake $0.50
Board [Qd Jh 4h 2c 3c]
Seat 1: habari786 (big blind) showed [3d 5d] and lost with a pair of Threes
Seat 4: AzureCaper (button) (small blind) showed [Js Ks] and won ($65.50) with a pair of Jacks


PokerStars Hand #163809357123:  Hold'em Limit ($3/$6 USD) - 2016/12/31 3:51:17 ET
Table 'Echo' 6-max Seat #4 is the button
Seat 1: habari786 ($96.56 in chips)
Seat 4: AzureCaper ($117.54 in chips)
AzureCaper: posts small blind $1
habari786: posts big blind $3
*** HOLE CARDS ***
AzureCaper: folds
Uncalled bet ($2) returned to habari786
habari786 collected $2 from pot
habari786: doesn't show hand
*** SUMMARY ***
Total pot $2 | Rake $0
Seat 1: habari786 (big blind) collected ($2)
Seat 4: AzureCaper (button) (small blind) folded before Flop


PokerStars Hand #163809646899:  Hold'em Limit ($3/$6 USD) - 2016/12/31 4:05:36 ET
Table 'Echo' 6-max Seat #6 is the button
Seat 2: Chessnok ($148.72 in chips)
Seat 6: MATEKATA2 ($325.65 in chips)
MATEKATA2: posts small blind $1
Chessnok: posts big blind $3
*** HOLE CARDS ***
MATEKATA2: calls $2
Chessnok: raises $3 to $6
MATEKATA2: calls $3
*** FLOP *** [Tc 6s 6d]
Chessnok: checks
MATEKATA2: checks
*** TURN *** [Tc 6s 6d] [2s]
Chessnok: bets $6
MATEKATA2: folds
Uncalled bet ($6) returned to Chessnok
Chessnok collected $11.76 from pot
Chessnok: doesn't show hand
*** SUMMARY ***
Total pot $12 | Rake $0.24
Board [Tc 6s 6d 2s]
Seat 2: Chessnok (big blind) collected ($11.76)
Seat 6: MATEKATA2 (button) (small blind) folded on the Turn


PokerStars Hand #163809639009:  Hold'em Limit ($3/$6 USD) - 2016/12/31 4:05:13 ET
Table 'Echo' 6-max Seat #2 is the button
Seat 2: Chessnok ($113.22 in chips)
Seat 6: MATEKATA2 ($361.65 in chips)
Chessnok: posts small blind $1
AzureCaper: is sitting out
MATEKATA2: posts big blind $3
*** HOLE CARDS ***
Chessnok: raises $3 to $6
MATEKATA2: calls $3
*** FLOP *** [Qh 2c 6h]
AzureCaper leaves the table
MATEKATA2: checks
Chessnok: bets $3
MATEKATA2: raises $3 to $6
Chessnok: calls $3
*** TURN *** [Qh 2c 6h] [Ks]
MATEKATA2: bets $6
Chessnok: raises $6 to $12
MATEKATA2: raises $6 to $18
Chessnok: calls $6
*** RIVER *** [Qh 2c 6h Ks] [3s]
MATEKATA2: checks
Chessnok: bets $6
MATEKATA2: calls $6
*** SHOW DOWN ***
Chessnok: shows [3c Kc] (two pair, Kings and Threes)
MATEKATA2: mucks hand
Chessnok collected $71.50 from pot
*** SUMMARY ***
Total pot $72 | Rake $0.50
Board [Qh 2c 6h Ks 3s]
Seat 2: Chessnok (button) (small blind) showed [3c Kc] and won ($71.50) with two pair, Kings and Threes
Seat 6: MATEKATA2 (big blind) mucked


PokerStars Hand #163809651466:  Hold'em Limit ($3/$6 USD) - 2016/12/31 4:05:49 ET
Table 'Echo' 6-max Seat #2 is the button
Seat 2: Chessnok ($154.48 in chips)
Seat 6: MATEKATA2 ($319.65 in chips)
Chessnok: posts small blind $1
MATEKATA2: posts big blind $3
*** HOLE CARDS ***
Chessnok: raises $3 to $6
MATEKATA2: folds
Uncalled bet ($3) returned to Chessnok
Chessnok collected $6 from pot
Chessnok: doesn't show hand
*** SUMMARY ***
Total pot $6 | Rake $0
Seat 2: Chessnok (button) (small blind) collected ($6)
Seat 6: MATEKATA2 (big blind) folded before Flop


PokerStars Hand #163809653408:  Hold'em Limit ($3/$6 USD) - 2016/12/31 4:05:55 ET
Table 'Echo' 6-max Seat #6 is the button
Seat 2: Chessnok ($157.48 in chips)
Seat 6: MATEKATA2 ($316.65 in chips)
MATEKATA2: posts small blind $1
Chessnok: posts big blind $3
*** HOLE CARDS ***
MATEKATA2: raises $3 to $6
Chessnok: raises $3 to $9
MATEKATA2: calls $3
*** FLOP *** [6d Ac 8c]
Chessnok: bets $3
MATEKATA2: raises $3 to $6
Chessnok: calls $3
*** TURN *** [6d Ac 8c] [7d]
Chessnok: checks
MATEKATA2: bets $6
Chessnok: calls $6
*** RIVER *** [6d Ac 8c 7d] [2h]
Chessnok: checks
MATEKATA2: checks
*** SHOW DOWN ***
Chessnok: shows [Kh Qh] (high card Ace)
MATEKATA2: shows [8s Tc] (a pair of Eights)
MATEKATA2 collected $41.50 from pot
*** SUMMARY ***
Total pot $42 | Rake $0.50
Board [6d Ac 8c 7d 2h]
Seat 2: Chessnok (big blind) showed [Kh Qh] and lost with high card Ace
Seat 6: MATEKATA2 (button) (small blind) showed [8s Tc] and won ($41.50) with a pair of Eights


