PokerStars Hand #161621552463:  Hold'em Limit ($3/$6 USD) - 2016/11/18 23:38:39 ET
Table 'Echo' 6-max Seat #1 is the button
Seat 1: Velbor107 ($297 in chips)
Seat 2: halicpac ($122.76 in chips)
Velbor107: posts small blind $1
halicpac: posts big blind $3
*** HOLE CARDS ***
Velbor107: raises $3 to $6
halicpac: folds
Uncalled bet ($3) returned to Velbor107
Velbor107 collected $6 from pot
*** SUMMARY ***
Total pot $6 | Rake $0
Seat 1: Velbor107 (button) (small blind) collected ($6)
Seat 2: halicpac (big blind) folded before Flop


PokerStars Hand #161621544961:  Hold'em Limit ($3/$6 USD) - 2016/11/18 23:38:15 ET
Table 'Echo' 6-max Seat #2 is the button
Seat 1: Velbor107 ($303 in chips)
Seat 2: halicpac ($117 in chips)
halicpac: posts small blind $1
Velbor107: posts big blind $3
*** HOLE CARDS ***
halicpac: raises $3 to $6
Velbor107: calls $3
*** FLOP *** [2s 3s Js]
Velbor107: checks
halicpac: bets $3
Velbor107: folds
Uncalled bet ($3) returned to halicpac
halicpac collected $11.76 from pot
halicpac: doesn't show hand
*** SUMMARY ***
Total pot $12 | Rake $0.24
Board [2s 3s Js]
Seat 1: Velbor107 (big blind) folded on the Flop
Seat 2: halicpac (button) (small blind) collected ($11.76)


PokerStars Hand #161621564598:  Hold'em Limit ($3/$6 USD) - 2016/11/18 23:39:18 ET
Table 'Echo' 6-max Seat #2 is the button
Seat 1: Velbor107 ($326.50 in chips)
Seat 2: halicpac ($92.76 in chips)
halicpac: posts small blind $1
Velbor107: posts big blind $3
*** HOLE CARDS ***
halicpac: raises $3 to $6
Velbor107: calls $3
*** FLOP *** [9h 7h Kh]
Velbor107: checks
halicpac: bets $3
Velbor107: folds
Uncalled bet ($3) returned to halicpac
halicpac collected $11.76 from pot
halicpac: doesn't show hand
*** SUMMARY ***
Total pot $12 | Rake $0.24
Board [9h 7h Kh]
Seat 1: Velbor107 (big blind) folded on the Flop
Seat 2: halicpac (button) (small blind) collected ($11.76)


PokerStars Hand #161621568643:  Hold'em Limit ($3/$6 USD) - 2016/11/18 23:39:30 ET
Table 'Echo' 6-max Seat #1 is the button
Seat 1: Velbor107 ($320.50 in chips)
Seat 2: halicpac ($98.52 in chips)
Velbor107: posts small blind $1
halicpac: posts big blind $3
*** HOLE CARDS ***
Velbor107: folds
Uncalled bet ($2) returned to halicpac
halicpac collected $2 from pot
halicpac: doesn't show hand
*** SUMMARY ***
Total pot $2 | Rake $0
Seat 1: Velbor107 (button) (small blind) folded before Flop
Seat 2: halicpac (big blind) collected ($2)


PokerStars Hand #161621554900:  Hold'em Limit ($3/$6 USD) - 2016/11/18 23:38:47 ET
Table 'Echo' 6-max Seat #2 is the button
Seat 1: Velbor107 ($300 in chips)
Seat 2: halicpac ($119.76 in chips)
halicpac: posts small blind $1
Velbor107: posts big blind $3
*** HOLE CARDS ***
halicpac: raises $3 to $6
Velbor107: raises $3 to $9
halicpac: calls $3
*** FLOP *** [8c 8s 6d]
Velbor107: bets $3
halicpac: calls $3
*** TURN *** [8c 8s 6d] [2h]
Velbor107: bets $6
halicpac: calls $6
*** RIVER *** [8c 8s 6d 2h] [5h]
Velbor107: bets $6
halicpac: calls $6
*** SHOW DOWN ***
Velbor107: shows [Td 8d] (three of a kind, Eights)
halicpac: mucks hand
Velbor107 collected $47.50 from pot
*** SUMMARY ***
Total pot $48 | Rake $0.50
Board [8c 8s 6d 2h 5h]
Seat 1: Velbor107 (big blind) showed [Td 8d] and won ($47.50) with three of a kind, Eights
Seat 2: halicpac (button) (small blind) mucked


PokerStars Hand #161621562374:  Hold'em Limit ($3/$6 USD) - 2016/11/18 23:39:11 ET
Table 'Echo' 6-max Seat #1 is the button
Seat 1: Velbor107 ($323.50 in chips)
Seat 2: halicpac ($95.76 in chips)
Velbor107: posts small blind $1
halicpac: posts big blind $3
*** HOLE CARDS ***
Velbor107: raises $3 to $6
halicpac: folds
Uncalled bet ($3) returned to Velbor107
Velbor107 collected $6 from pot
*** SUMMARY ***
Total pot $6 | Rake $0
Seat 1: Velbor107 (button) (small blind) collected ($6)
Seat 2: halicpac (big blind) folded before Flop


PokerStars Hand #161621580748:  Hold'em Limit ($3/$6 USD) - 2016/11/18 23:40:10 ET
Table 'Echo' 6-max Seat #1 is the button
Seat 1: Velbor107 ($343 in chips)
Seat 2: halicpac ($75.52 in chips)
Velbor107: posts small blind $1
halicpac: posts big blind $3
*** HOLE CARDS ***
Velbor107: raises $3 to $6
halicpac: calls $3
*** FLOP *** [9s 8d 4c]
halicpac: checks
Velbor107: bets $3
halicpac: calls $3
*** TURN *** [9s 8d 4c] [7h]
halicpac: checks
Velbor107: bets $6
halicpac: calls $6
*** RIVER *** [9s 8d 4c 7h] [7d]
halicpac: checks
Velbor107: bets $6
halicpac: calls $6
*** SHOW DOWN ***
Velbor107: shows [8h 5s] (two pair, Eights and Sevens)
halicpac: mucks hand
Velbor107 collected $41.50 from pot
*** SUMMARY ***
Total pot $42 | Rake $0.50
Board [9s 8d 4c 7h 7d]
Seat 1: Velbor107 (button) (small blind) showed [8h 5s] and won ($41.50) with two pair, Eights and Sevens
Seat 2: halicpac (big blind) mucked


PokerStars Hand #161621570035:  Hold'em Limit ($3/$6 USD) - 2016/11/18 23:39:35 ET
Table 'Echo' 6-max Seat #2 is the button
Seat 1: Velbor107 ($319.50 in chips)
Seat 2: halicpac ($99.52 in chips)
halicpac: posts small blind $1
Velbor107: posts big blind $3
*** HOLE CARDS ***
halicpac: raises $3 to $6
Velbor107: raises $3 to $9
halicpac: calls $3
*** FLOP *** [Js 8c 7s]
Velbor107: bets $3
halicpac: calls $3
*** TURN *** [Js 8c 7s] [Qd]
Velbor107: bets $6
halicpac: calls $6
*** RIVER *** [Js 8c 7s Qd] [6c]
Velbor107: bets $6
halicpac: calls $6
*** SHOW DOWN ***
Velbor107: shows [Qc Qs] (three of a kind, Queens)
halicpac: mucks hand
Velbor107 collected $47.50 from pot
*** SUMMARY ***
Total pot $48 | Rake $0.50
Board [Js 8c 7s Qd 6c]
Seat 1: Velbor107 (big blind) showed [Qc Qs] and won ($47.50) with three of a kind, Queens
Seat 2: halicpac (button) (small blind) mucked


PokerStars Hand #161621594298:  Hold'em Limit ($3/$6 USD) - 2016/11/18 23:40:54 ET
Table 'Echo' 6-max Seat #2 is the button
Seat 1: Velbor107 ($363.50 in chips)
Seat 2: halicpac ($54.52 in chips)
halicpac: posts small blind $1
Velbor107: posts big blind $3
*** HOLE CARDS ***
halicpac: raises $3 to $6
Velbor107: raises $3 to $9
halicpac: calls $3
*** FLOP *** [6s 2c 2h]
Velbor107: bets $3
halicpac: calls $3
*** TURN *** [6s 2c 2h] [5s]
Velbor107: bets $6
Headgtboy joins the table at seat #5
halicpac: calls $6
*** RIVER *** [6s 2c 2h 5s] [3c]
Velbor107: bets $6
halicpac: calls $6
*** SHOW DOWN ***
Velbor107: shows [8h As] (a pair of Deuces)
halicpac: mucks hand
Velbor107 collected $47.50 from pot
*** SUMMARY ***
Total pot $48 | Rake $0.50
Board [6s 2c 2h 5s 3c]
Seat 1: Velbor107 (big blind) showed [8h As] and won ($47.50) with a pair of Deuces
Seat 2: halicpac (button) (small blind) mucked


