PokerStars Hand #151306321247:  Hold'em Limit ($3/$6 USD) - 2016/04/02 5:31:15 ET
Table 'Echo II' 6-max Seat #4 is the button
Seat 1: logex949 ($67.50 in chips)
Seat 4: VolkovDmitri ($120 in chips)
VolkovDmitri: posts small blind $1
logex949: posts big blind $3
*** HOLE CARDS ***
VolkovDmitri: raises $3 to $6
logex949: folds
Uncalled bet ($3) returned to VolkovDmitri
VolkovDmitri collected $6 from pot
VolkovDmitri: doesn't show hand
*** SUMMARY ***
Total pot $6 | Rake $0
Seat 1: logex949 (big blind) folded before Flop
Seat 4: VolkovDmitri (button) (small blind) collected ($6)


PokerStars Hand #151306306070:  Hold'em Limit ($3/$6 USD) - 2016/04/02 5:30:40 ET
Table 'Echo II' 6-max Seat #1 is the button
Seat 1: logex949 ($50 in chips)
Seat 4: VolkovDmitri ($120 in chips)
logex949: posts small blind $1
VolkovDmitri: posts big blind $3
*** HOLE CARDS ***
logex949: raises $3 to $6
VolkovDmitri: calls $3
*** FLOP *** [2d 5h 3h]
TbIP-TbIP 88 joins the table at seat #2
VolkovDmitri: bets $3
logex949: raises $3 to $6
VolkovDmitri: calls $3
*** TURN *** [2d 5h 3h] [8s]
VolkovDmitri: checks
logex949: bets $6
VolkovDmitri: calls $6
*** RIVER *** [2d 5h 3h 8s] [Qs]
VolkovDmitri: checks
logex949: bets $6
VolkovDmitri: folds
Uncalled bet ($6) returned to logex949
logex949 collected $35.50 from pot
logex949: doesn't show hand
*** SUMMARY ***
Total pot $36 | Rake $0.50
Board [2d 5h 3h 8s Qs]
Seat 1: logex949 (button) (small blind) collected ($35.50)
Seat 4: VolkovDmitri (big blind) folded on the River


PokerStars Hand #151307501872:  Hold'em Limit ($3/$6 USD) - 2016/04/02 6:15:17 ET
Table 'Echo II' 6-max Seat #1 is the button
Seat 1: gus hanse193 ($113.53 in chips)
Seat 5: masterblstr8 ($57.37 in chips)
gus hanse193: posts small blind $1
masterblstr8: posts big blind $3
*** HOLE CARDS ***
gus hanse193: raises $3 to $6
masterblstr8: raises $3 to $9
gus hanse193: calls $3
*** FLOP *** [As 2d 9h]
masterblstr8: bets $3
gus hanse193: folds
Uncalled bet ($3) returned to masterblstr8
masterblstr8 collected $17.64 from pot
masterblstr8: doesn't show hand
*** SUMMARY ***
Total pot $18 | Rake $0.36
Board [As 2d 9h]
Seat 1: gus hanse193 (button) (small blind) folded on the Flop
Seat 5: masterblstr8 (big blind) collected ($17.64)


PokerStars Hand #151307499743:  Hold'em Limit ($3/$6 USD) - 2016/04/02 6:15:13 ET
Table 'Echo II' 6-max Seat #5 is the button
Seat 1: gus hanse193 ($112.53 in chips)
Seat 5: masterblstr8 ($58.37 in chips)
masterblstr8: posts small blind $1
gus hanse193: posts big blind $3
*** HOLE CARDS ***
masterblstr8: folds
Uncalled bet ($2) returned to gus hanse193
gus hanse193 collected $2 from pot
gus hanse193: doesn't show hand
*** SUMMARY ***
Total pot $2 | Rake $0
Seat 1: gus hanse193 (big blind) collected ($2)
Seat 5: masterblstr8 (button) (small blind) folded before Flop


PokerStars Hand #151307494217:  Hold'em Limit ($3/$6 USD) - 2016/04/02 6:15:01 ET
Table 'Echo II' 6-max Seat #1 is the button
Seat 1: gus hanse193 ($106.77 in chips)
Seat 5: masterblstr8 ($64.37 in chips)
gus hanse193: posts small blind $1
jammi-h was removed from the table for failing to post
masterblstr8: posts big blind $3
*** HOLE CARDS ***
gus hanse193: raises $3 to $6
masterblstr8: calls $3
*** FLOP *** [Ad 8h 9d]
masterblstr8: checks
gus hanse193: bets $3
masterblstr8: folds
Uncalled bet ($3) returned to gus hanse193
gus hanse193 collected $11.76 from pot
gus hanse193: doesn't show hand
*** SUMMARY ***
Total pot $12 | Rake $0.24
Board [Ad 8h 9d]
Seat 1: gus hanse193 (button) (small blind) collected ($11.76)
Seat 5: masterblstr8 (big blind) folded on the Flop


PokerStars Hand #151307483996:  Hold'em Limit ($3/$6 USD) - 2016/04/02 6:14:40 ET
Table 'Echo II' 6-max Seat #5 is the button
Seat 1: gus hanse193 ($98.13 in chips)
Seat 5: masterblstr8 ($73.37 in chips)
masterblstr8: posts small blind $1
gus hanse193: posts big blind $3
*** HOLE CARDS ***
VolkovDmitri leaves the table
masterblstr8: raises $3 to $6
gus hanse193: raises $3 to $9
masterblstr8: calls $3
*** FLOP *** [9d 9s Ac]
gus hanse193: bets $3
masterblstr8: folds
Uncalled bet ($3) returned to gus hanse193
gus hanse193 collected $17.64 from pot
gus hanse193: doesn't show hand
*** SUMMARY ***
Total pot $18 | Rake $0.36
Board [9d 9s Ac]
Seat 1: gus hanse193 (big blind) collected ($17.64)
Seat 5: masterblstr8 (button) (small blind) folded on the Flop


PokerStars Hand #151307518630:  Hold'em Limit ($3/$6 USD) - 2016/04/02 6:15:52 ET
Table 'Echo II' 6-max Seat #1 is the button
Seat 1: gus hanse193 ($86.53 in chips)
Seat 5: masterblstr8 ($83.51 in chips)
gus hanse193: posts small blind $1
masterblstr8: posts big blind $3
*** HOLE CARDS ***
gus hanse193: folds
Uncalled bet ($2) returned to masterblstr8
masterblstr8 collected $2 from pot
masterblstr8: doesn't show hand
*** SUMMARY ***
Total pot $2 | Rake $0
Seat 1: gus hanse193 (button) (small blind) folded before Flop
Seat 5: masterblstr8 (big blind) collected ($2)


PokerStars Hand #151307506582:  Hold'em Limit ($3/$6 USD) - 2016/04/02 6:15:27 ET
Table 'Echo II' 6-max Seat #5 is the button
Seat 1: gus hanse193 ($104.53 in chips)
Seat 5: masterblstr8 ($66.01 in chips)
masterblstr8: posts small blind $1
gus hanse193: posts big blind $3
*** HOLE CARDS ***
masterblstr8: raises $3 to $6
gus hanse193: calls $3
*** FLOP *** [4s 3h 4c]
gus hanse193: checks
masterblstr8: bets $3
gus hanse193: raises $3 to $6
masterblstr8: calls $3
*** TURN *** [4s 3h 4c] [8d]
gus hanse193: bets $6
masterblstr8: calls $6
*** RIVER *** [4s 3h 4c 8d] [4d]
gus hanse193: checks
masterblstr8: checks
*** SHOW DOWN ***
gus hanse193: shows [Ac 2h] (three of a kind, Fours)
masterblstr8: shows [As 9d] (three of a kind, Fours - Ace+Nine kicker)
masterblstr8 collected $35.50 from pot
*** SUMMARY ***
Total pot $36 | Rake $0.50
Board [4s 3h 4c 8d 4d]
Seat 1: gus hanse193 (big blind) showed [Ac 2h] and lost with three of a kind, Fours
Seat 5: masterblstr8 (button) (small blind) showed [As 9d] and won ($35.50) with three of a kind, Fours


PokerStars Hand #151307532570:  Hold'em Limit ($3/$6 USD) - 2016/04/02 6:16:22 ET
Table 'Echo II' 6-max Seat #1 is the button
Seat 1: gus hanse193 ($52.53 in chips)
Seat 5: masterblstr8 ($117.01 in chips)
gus hanse193: posts small blind $1
masterblstr8: posts big blind $3
*** HOLE CARDS ***
gus hanse193 said, "wow"
gus hanse193 said, "nh"
gus hanse193 said, "sir"
gus hanse193: folds
Uncalled bet ($2) returned to masterblstr8
masterblstr8 collected $2 from pot
masterblstr8: doesn't show hand
*** SUMMARY ***
Total pot $2 | Rake $0
Seat 1: gus hanse193 (button) (small blind) folded before Flop
Seat 5: masterblstr8 (big blind) collected ($2)


PokerStars Hand #151307520701:  Hold'em Limit ($3/$6 USD) - 2016/04/02 6:15:57 ET
Table 'Echo II' 6-max Seat #5 is the button
Seat 1: gus hanse193 ($85.53 in chips)
Seat 5: masterblstr8 ($84.51 in chips)
masterblstr8: posts small blind $1
gus hanse193: posts big blind $3
*** HOLE CARDS ***
masterblstr8: raises $3 to $6
gus hanse193: calls $3
*** FLOP *** [4d 8d 3c]
gus hanse193: checks
masterblstr8: bets $3
gus hanse193: calls $3
*** TURN *** [4d 8d 3c] [Kc]
gus hanse193: checks
masterblstr8: bets $6
gus hanse193: raises $6 to $12
masterblstr8: raises $6 to $18
gus hanse193: calls $6
*** RIVER *** [4d 8d 3c Kc] [6h]
gus hanse193: checks
masterblstr8: bets $6
gus hanse193: calls $6
*** SHOW DOWN ***
masterblstr8: shows [7c 5c] (a straight, Four to Eight)
gus hanse193: mucks hand
masterblstr8 collected $65.50 from pot
*** SUMMARY ***
Total pot $66 | Rake $0.50
Board [4d 8d 3c Kc 6h]
Seat 1: gus hanse193 (big blind) mucked
Seat 5: masterblstr8 (button) (small blind) showed [7c 5c] and won ($65.50) with a straight, Four to Eight


PokerStars Hand #151307551117:  Hold'em Limit ($3/$6 USD) - 2016/04/02 6:17:01 ET
Table 'Echo II' 6-max Seat #1 is the button
Seat 1: gus hanse193 ($57.29 in chips)
Seat 5: masterblstr8 ($112.01 in chips)
gus hanse193: posts small blind $1
masterblstr8: posts big blind $3
*** HOLE CARDS ***
gus hanse193: folds
Uncalled bet ($2) returned to masterblstr8
masterblstr8 collected $2 from pot
masterblstr8: doesn't show hand
*** SUMMARY ***
Total pot $2 | Rake $0
Seat 1: gus hanse193 (button) (small blind) folded before Flop
Seat 5: masterblstr8 (big blind) collected ($2)


PokerStars Hand #151307535739:  Hold'em Limit ($3/$6 USD) - 2016/04/02 6:16:29 ET
Table 'Echo II' 6-max Seat #5 is the button
Seat 1: gus hanse193 ($51.53 in chips)
Seat 5: masterblstr8 ($118.01 in chips)
masterblstr8: posts small blind $1
gus hanse193: posts big blind $3
*** HOLE CARDS ***
masterblstr8: raises $3 to $6
gus hanse193 said, "great 4 outer"
gus hanse193 said, "after reraise reraise reraise"
gus hanse193: calls $3
*** FLOP *** [3c 6d 5d]
gus hanse193: checks
masterblstr8: checks
*** TURN *** [3c 6d 5d] [3d]
gus hanse193: bets $6
masterblstr8: folds
Uncalled bet ($6) returned to gus hanse193
gus hanse193 collected $11.76 from pot
gus hanse193: doesn't show hand
*** SUMMARY ***
Total pot $12 | Rake $0.24
Board [3c 6d 5d 3d]
Seat 1: gus hanse193 (big blind) collected ($11.76)
Seat 5: masterblstr8 (button) (small blind) folded on the Turn


PokerStars Hand #151307553771:  Hold'em Limit ($3/$6 USD) - 2016/04/02 6:17:07 ET
Table 'Echo II' 6-max Seat #5 is the button
Seat 1: gus hanse193 ($56.29 in chips)
Seat 5: masterblstr8 ($113.01 in chips)
masterblstr8: posts small blind $1
gus hanse193: posts big blind $3
*** HOLE CARDS ***
masterblstr8: folds
Uncalled bet ($2) returned to gus hanse193
gus hanse193 collected $2 from pot
gus hanse193: doesn't show hand
*** SUMMARY ***
Total pot $2 | Rake $0
Seat 1: gus hanse193 (big blind) collected ($2)
Seat 5: masterblstr8 (button) (small blind) folded before Flop


PokerStars Hand #151307559564:  Hold'em Limit ($3/$6 USD) - 2016/04/02 6:17:19 ET
Table 'Echo II' 6-max Seat #1 is the button
Seat 1: gus hanse193 ($57.29 in chips)
Seat 5: masterblstr8 ($112.01 in chips)
gus hanse193: posts small blind $1
masterblstr8: posts big blind $3
*** HOLE CARDS ***
gus hanse193: raises $3 to $6
masterblstr8: raises $3 to $9
gus hanse193: calls $3
*** FLOP *** [9c 2s Kc]
masterblstr8: bets $3
gus hanse193: calls $3
*** TURN *** [9c 2s Kc] [As]
masterblstr8: bets $6
gus hanse193: folds
Uncalled bet ($6) returned to masterblstr8
masterblstr8 collected $23.52 from pot
masterblstr8: doesn't show hand
*** SUMMARY ***
Total pot $24 | Rake $0.48
Board [9c 2s Kc As]
Seat 1: gus hanse193 (button) (small blind) folded on the Turn
Seat 5: masterblstr8 (big blind) collected ($23.52)


PokerStars Hand #151307568484:  Hold'em Limit ($3/$6 USD) - 2016/04/02 6:17:37 ET
Table 'Echo II' 6-max Seat #5 is the button
Seat 1: gus hanse193 ($45.29 in chips)
Seat 5: masterblstr8 ($123.53 in chips)
masterblstr8: posts small blind $1
gus hanse193: posts big blind $3
*** HOLE CARDS ***
masterblstr8: raises $3 to $6
gus hanse193: raises $3 to $9
masterblstr8: calls $3
*** FLOP *** [Qh Js Tc]
gus hanse193: bets $3
masterblstr8: calls $3
*** TURN *** [Qh Js Tc] [8d]
gus hanse193: bets $6
masterblstr8: calls $6
*** RIVER *** [Qh Js Tc 8d] [7s]
gus hanse193: checks
masterblstr8: bets $6
gus hanse193: calls $6
*** SHOW DOWN ***
masterblstr8: shows [Qs 8c] (two pair, Queens and Eights)
gus hanse193: mucks hand
masterblstr8 collected $47.50 from pot
*** SUMMARY ***
Total pot $48 | Rake $0.50
Board [Qh Js Tc 8d 7s]
Seat 1: gus hanse193 (big blind) mucked
Seat 5: masterblstr8 (button) (small blind) showed [Qs 8c] and won ($47.50) with two pair, Queens and Eights


PokerStars Hand #151307586207:  Hold'em Limit ($3/$6 USD) - 2016/04/02 6:18:15 ET
Table 'Echo II' 6-max Seat #5 is the button
Seat 1: gus hanse193 ($20.29 in chips)
Seat 5: masterblstr8 ($148.03 in chips)
masterblstr8: posts small blind $1
gus hanse193: posts big blind $3
*** HOLE CARDS ***
masterblstr8: raises $3 to $6
gus hanse193 said, "playing every donk hand in the deck"
gus hanse193: calls $3
*** FLOP *** [Td 3s 2s]
gus hanse193: checks
masterblstr8: bets $3
gus hanse193: calls $3
*** TURN *** [Td 3s 2s] [6c]
gus hanse193: checks
masterblstr8: bets $6
gus hanse193: raises $5.29 to $11.29 and is all-in
masterblstr8: calls $5.29
*** RIVER *** [Td 3s 2s 6c] [Ad]
*** SHOW DOWN ***
gus hanse193: shows [6h 4c] (a pair of Sixes)
masterblstr8: shows [Th 7d] (a pair of Tens)
gus hanse193 said, "tss"
masterblstr8 collected $40.08 from pot
*** SUMMARY ***
Total pot $40.58 | Rake $0.50
Board [Td 3s 2s 6c Ad]
Seat 1: gus hanse193 (big blind) showed [6h 4c] and lost with a pair of Sixes
Seat 5: masterblstr8 (button) (small blind) showed [Th 7d] and won ($40.08) with a pair of Tens


