PokerStars Hand #158398851520:  Hold'em Limit ($3/$6 USD) - 2016/09/09 21:47:23 ET
Table 'Echo' 6-max Seat #1 is the button
Seat 1: Velbor107 ($300 in chips)
Seat 3: libaikang ($180 in chips)
Velbor107: posts small blind $1
libaikang: posts big blind $3
*** HOLE CARDS ***
Velbor107: raises $3 to $6
libaikang: calls $3
*** FLOP *** [Jd Ts 7d]
libaikang: checks
Velbor107: checks
*** TURN *** [Jd Ts 7d] [8d]
libaikang: bets $6
Velbor107: folds
Uncalled bet ($6) returned to libaikang
libaikang collected $11.76 from pot
libaikang: doesn't show hand
*** SUMMARY ***
Total pot $12 | Rake $0.24
Board [Jd Ts 7d 8d]
Seat 1: Velbor107 (button) (small blind) folded on the Turn
Seat 3: libaikang (big blind) collected ($11.76)


PokerStars Hand #158398860259:  Hold'em Limit ($3/$6 USD) - 2016/09/09 21:47:45 ET
Table 'Echo' 6-max Seat #3 is the button
Seat 1: Velbor107 ($294 in chips)
Seat 3: libaikang ($185.76 in chips)
libaikang: posts small blind $1
Velbor107: posts big blind $3
*** HOLE CARDS ***
libaikang: raises $3 to $6
Velbor107: folds
Uncalled bet ($3) returned to libaikang
libaikang collected $6 from pot
libaikang: doesn't show hand
*** SUMMARY ***
Total pot $6 | Rake $0
Seat 1: Velbor107 (big blind) folded before Flop
Seat 3: libaikang (button) (small blind) collected ($6)


PokerStars Hand #158398878915:  Hold'em Limit ($3/$6 USD) - 2016/09/09 21:48:33 ET
Table 'Echo' 6-max Seat #3 is the button
Seat 1: Velbor107 ($282 in chips)
Seat 3: libaikang ($197.40 in chips)
libaikang: posts small blind $1
Velbor107: posts big blind $3
*** HOLE CARDS ***
libaikang: folds
Uncalled bet ($2) returned to Velbor107
Velbor107 collected $2 from pot
*** SUMMARY ***
Total pot $2 | Rake $0
Seat 1: Velbor107 (big blind) collected ($2)
Seat 3: libaikang (button) (small blind) folded before Flop


PokerStars Hand #158399015243:  Hold'em Limit ($3/$6 USD) - 2016/09/09 21:54:23 ET
Table 'Echo' 6-max Seat #1 is the button
Seat 1: Velbor107 ($256 in chips)
Seat 3: yeayeaitsME ($111.66 in chips)
Velbor107: posts small blind $1
yeayeaitsME: posts big blind $3
*** HOLE CARDS ***
Velbor107: raises $3 to $6
yeayeaitsME: raises $3 to $9
Velbor107: calls $3
*** FLOP *** [4c Kd 9d]
yeayeaitsME: bets $3
Velbor107: folds
Uncalled bet ($3) returned to yeayeaitsME
yeayeaitsME collected $17.64 from pot
*** SUMMARY ***
Total pot $18 | Rake $0.36
Board [4c Kd 9d]
Seat 1: Velbor107 (button) (small blind) folded on the Flop
Seat 3: yeayeaitsME (big blind) collected ($17.64)


PokerStars Hand #158399004347:  Hold'em Limit ($3/$6 USD) - 2016/09/09 21:53:55 ET
Table 'Echo' 6-max Seat #3 is the button
Seat 1: Velbor107 ($268 in chips)
Seat 3: yeayeaitsME ($100.14 in chips)
yeayeaitsME: posts small blind $1
Velbor107: posts big blind $3
*** HOLE CARDS ***
yeayeaitsME: raises $3 to $6
Velbor107: calls $3
*** FLOP *** [Td 2h Ks]
Velbor107: checks
yeayeaitsME: checks
*** TURN *** [Td 2h Ks] [Qd]
Velbor107: bets $6
yeayeaitsME: raises $6 to $12
Velbor107: folds
Uncalled bet ($6) returned to yeayeaitsME
yeayeaitsME collected $23.52 from pot
*** SUMMARY ***
Total pot $24 | Rake $0.48
Board [Td 2h Ks Qd]
Seat 1: Velbor107 (big blind) folded on the Turn
Seat 3: yeayeaitsME (button) (small blind) collected ($23.52)


PokerStars Hand #158398989653:  Hold'em Limit ($3/$6 USD) - 2016/09/09 21:53:18 ET
Table 'Echo' 6-max Seat #1 is the button
Seat 1: Velbor107 ($283 in chips)
Seat 3: yeayeaitsME ($85.64 in chips)
Velbor107: posts small blind $1
yeayeaitsME: posts big blind $3
*** HOLE CARDS ***
Velbor107: raises $3 to $6
yeayeaitsME: calls $3
*** FLOP *** [Kh 3d Tc]
yeayeaitsME: checks
Velbor107: bets $3
yeayeaitsME: calls $3
*** TURN *** [Kh 3d Tc] [8c]
yeayeaitsME: checks
Velbor107: checks
*** RIVER *** [Kh 3d Tc 8c] [Td]
yeayeaitsME: bets $6
Velbor107: calls $6
*** SHOW DOWN ***
yeayeaitsME: shows [4s Ks] (two pair, Kings and Tens)
Velbor107: mucks hand
yeayeaitsME collected $29.50 from pot
*** SUMMARY ***
Total pot $30 | Rake $0.50
Board [Kh 3d Tc 8c Td]
Seat 1: Velbor107 (button) (small blind) mucked
Seat 3: yeayeaitsME (big blind) showed [4s Ks] and won ($29.50) with two pair, Kings and Tens


PokerStars Hand #158399037148:  Hold'em Limit ($3/$6 USD) - 2016/09/09 21:55:21 ET
Table 'Echo' 6-max Seat #3 is the button
Seat 1: Velbor107 ($254.64 in chips)
Seat 3: yeayeaitsME ($112.30 in chips)
yeayeaitsME: posts small blind $1
Velbor107: posts big blind $3
*** HOLE CARDS ***
yeayeaitsME: folds
Uncalled bet ($2) returned to Velbor107
Velbor107 collected $2 from pot
*** SUMMARY ***
Total pot $2 | Rake $0
Seat 1: Velbor107 (big blind) collected ($2)
Seat 3: yeayeaitsME (button) (small blind) folded before Flop


PokerStars Hand #158399035416:  Hold'em Limit ($3/$6 USD) - 2016/09/09 21:55:16 ET
Table 'Echo' 6-max Seat #1 is the button
Seat 1: Velbor107 ($255.64 in chips)
Seat 3: yeayeaitsME ($111.30 in chips)
Velbor107: posts small blind $1
yeayeaitsME: posts big blind $3
*** HOLE CARDS ***
Velbor107: folds
Uncalled bet ($2) returned to yeayeaitsME
yeayeaitsME collected $2 from pot
*** SUMMARY ***
Total pot $2 | Rake $0
Seat 1: Velbor107 (button) (small blind) folded before Flop
Seat 3: yeayeaitsME (big blind) collected ($2)


PokerStars Hand #158399022231:  Hold'em Limit ($3/$6 USD) - 2016/09/09 21:54:40 ET
Table 'Echo' 6-max Seat #3 is the button
Seat 1: Velbor107 ($247 in chips)
Seat 3: yeayeaitsME ($120.30 in chips)
yeayeaitsME: posts small blind $1
Velbor107: posts big blind $3
*** HOLE CARDS ***
yeayeaitsME: calls $2
Velbor107: checks
*** FLOP *** [Kd Qd 2s]
Velbor107: checks
yeayeaitsME: checks
*** TURN *** [Kd Qd 2s] [Qc]
Velbor107: bets $6
yeayeaitsME: calls $6
*** RIVER *** [Kd Qd 2s Qc] [Jh]
Velbor107: bets $6
yeayeaitsME: folds
Uncalled bet ($6) returned to Velbor107
Velbor107 collected $17.64 from pot
*** SUMMARY ***
Total pot $18 | Rake $0.36
Board [Kd Qd 2s Qc Jh]
Seat 1: Velbor107 (big blind) collected ($17.64)
Seat 3: yeayeaitsME (button) (small blind) folded on the River


PokerStars Hand #158399044775:  Hold'em Limit ($3/$6 USD) - 2016/09/09 21:55:45 ET
Table 'Echo' 6-max Seat #3 is the button
Seat 1: Velbor107 ($261.40 in chips)
Seat 3: yeayeaitsME ($105.30 in chips)
yeayeaitsME: posts small blind $1
Velbor107: posts big blind $3
*** HOLE CARDS ***
yeayeaitsME: raises $3 to $6
Velbor107: calls $3
*** FLOP *** [2h 6d Tc]
Velbor107: checks
yeayeaitsME: bets $3
Velbor107: raises $3 to $6
yeayeaitsME: calls $3
*** TURN *** [2h 6d Tc] [3d]
Velbor107: bets $6
yeayeaitsME: calls $6
*** RIVER *** [2h 6d Tc 3d] [Qd]
Velbor107: bets $6
yeayeaitsME: calls $6
*** SHOW DOWN ***
Velbor107: shows [Jc 6c] (a pair of Sixes)
yeayeaitsME: shows [Qh Ks] (a pair of Queens)
yeayeaitsME collected $47.50 from pot
*** SUMMARY ***
Total pot $48 | Rake $0.50
Board [2h 6d Tc 3d Qd]
Seat 1: Velbor107 (big blind) showed [Jc 6c] and lost with a pair of Sixes
Seat 3: yeayeaitsME (button) (small blind) showed [Qh Ks] and won ($47.50) with a pair of Queens


PokerStars Hand #158399039527:  Hold'em Limit ($3/$6 USD) - 2016/09/09 21:55:29 ET
Table 'Echo' 6-max Seat #1 is the button
Seat 1: Velbor107 ($255.64 in chips)
Seat 3: yeayeaitsME ($111.30 in chips)
Velbor107: posts small blind $1
yeayeaitsME: posts big blind $3
*** HOLE CARDS ***
Velbor107: raises $3 to $6
yeayeaitsME: calls $3
*** FLOP *** [8h 3d 3c]
yeayeaitsME: checks
Velbor107: bets $3
yeayeaitsME: folds
Uncalled bet ($3) returned to Velbor107
Velbor107 collected $11.76 from pot
*** SUMMARY ***
Total pot $12 | Rake $0.24
Board [8h 3d 3c]
Seat 1: Velbor107 (button) (small blind) collected ($11.76)
Seat 3: yeayeaitsME (big blind) folded on the Flop


PokerStars Hand #158399076788:  Hold'em Limit ($3/$6 USD) - 2016/09/09 21:57:21 ET
Table 'Echo' 6-max Seat #3 is the button
Seat 1: Velbor107 ($227.16 in chips)
Seat 3: yeayeaitsME ($138.30 in chips)
yeayeaitsME: posts small blind $1
Velbor107: posts big blind $3
*** HOLE CARDS ***
yeayeaitsME: folds
Uncalled bet ($2) returned to Velbor107
Velbor107 collected $2 from pot
*** SUMMARY ***
Total pot $2 | Rake $0
Seat 1: Velbor107 (big blind) collected ($2)
Seat 3: yeayeaitsME (button) (small blind) folded before Flop


PokerStars Hand #158399075172:  Hold'em Limit ($3/$6 USD) - 2016/09/09 21:57:16 ET
Table 'Echo' 6-max Seat #1 is the button
Seat 1: Velbor107 ($228.16 in chips)
Seat 3: yeayeaitsME ($137.30 in chips)
Velbor107: posts small blind $1
yeayeaitsME: posts big blind $3
*** HOLE CARDS ***
Velbor107: folds
Uncalled bet ($2) returned to yeayeaitsME
yeayeaitsME collected $2 from pot
*** SUMMARY ***
Total pot $2 | Rake $0
Seat 1: Velbor107 (button) (small blind) folded before Flop
Seat 3: yeayeaitsME (big blind) collected ($2)


PokerStars Hand #158399070036:  Hold'em Limit ($3/$6 USD) - 2016/09/09 21:57:01 ET
Table 'Echo' 6-max Seat #3 is the button
Seat 1: Velbor107 ($222.40 in chips)
Seat 3: yeayeaitsME ($143.30 in chips)
yeayeaitsME: posts small blind $1
Velbor107: posts big blind $3
*** HOLE CARDS ***
yeayeaitsME: calls $2
Velbor107: raises $3 to $6
yeayeaitsME: calls $3
*** FLOP *** [2h Kc 9s]
Velbor107: bets $3
yeayeaitsME: folds
Uncalled bet ($3) returned to Velbor107
Velbor107 collected $11.76 from pot
*** SUMMARY ***
Total pot $12 | Rake $0.24
Board [2h Kc 9s]
Seat 1: Velbor107 (big blind) collected ($11.76)
Seat 3: yeayeaitsME (button) (small blind) folded on the Flop


PokerStars Hand #158399059379:  Hold'em Limit ($3/$6 USD) - 2016/09/09 21:56:29 ET
Table 'Echo' 6-max Seat #1 is the button
Seat 1: Velbor107 ($237.40 in chips)
Seat 3: yeayeaitsME ($128.80 in chips)
Velbor107: posts small blind $1
yeayeaitsME: posts big blind $3
*** HOLE CARDS ***
Velbor107: raises $3 to $6
yeayeaitsME: calls $3
*** FLOP *** [3h 9c 5c]
yeayeaitsME: checks
Velbor107: bets $3
yeayeaitsME: calls $3
*** TURN *** [3h 9c 5c] [2h]
yeayeaitsME: checks
Velbor107: bets $6
yeayeaitsME: calls $6
*** RIVER *** [3h 9c 5c 2h] [Ad]
yeayeaitsME: checks
Velbor107: checks
*** SHOW DOWN ***
yeayeaitsME: shows [9d 7d] (a pair of Nines)
Velbor107: mucks hand
yeayeaitsME collected $29.50 from pot
*** SUMMARY ***
Total pot $30 | Rake $0.50
Board [3h 9c 5c 2h Ad]
Seat 1: Velbor107 (button) (small blind) mucked
Seat 3: yeayeaitsME (big blind) showed [9d 7d] and won ($29.50) with a pair of Nines


PokerStars Hand #158399090516:  Hold'em Limit ($3/$6 USD) - 2016/09/09 21:58:03 ET
Table 'Echo' 6-max Seat #1 is the button
Seat 1: Velbor107 ($239.80 in chips)
Seat 3: yeayeaitsME ($125.30 in chips)
Velbor107: posts small blind $1
yeayeaitsME: posts big blind $3
*** HOLE CARDS ***
Velbor107: folds
Uncalled bet ($2) returned to yeayeaitsME
yeayeaitsME collected $2 from pot
*** SUMMARY ***
Total pot $2 | Rake $0
Seat 1: Velbor107 (button) (small blind) folded before Flop
Seat 3: yeayeaitsME (big blind) collected ($2)


PokerStars Hand #158399084085:  Hold'em Limit ($3/$6 USD) - 2016/09/09 21:57:43 ET
Table 'Echo' 6-max Seat #3 is the button
Seat 1: Velbor107 ($231.16 in chips)
Seat 3: yeayeaitsME ($134.30 in chips)
yeayeaitsME: posts small blind $1
Velbor107: posts big blind $3
*** HOLE CARDS ***
yeayeaitsME: raises $3 to $6
Velbor107: raises $3 to $9
yeayeaitsME: calls $3
*** FLOP *** [8h Qc 5d]
Velbor107: bets $3
yeayeaitsME: folds
Uncalled bet ($3) returned to Velbor107
Velbor107 collected $17.64 from pot
*** SUMMARY ***
Total pot $18 | Rake $0.36
Board [8h Qc 5d]
Seat 1: Velbor107 (big blind) collected ($17.64)
Seat 3: yeayeaitsME (button) (small blind) folded on the Flop


PokerStars Hand #158399078771:  Hold'em Limit ($3/$6 USD) - 2016/09/09 21:57:27 ET
Table 'Echo' 6-max Seat #1 is the button
Seat 1: Velbor107 ($228.16 in chips)
Seat 3: yeayeaitsME ($137.30 in chips)
Velbor107: posts small blind $1
yeayeaitsME: posts big blind $3
*** HOLE CARDS ***
Velbor107: raises $3 to $6
yeayeaitsME: folds
Uncalled bet ($3) returned to Velbor107
Velbor107 collected $6 from pot
*** SUMMARY ***
Total pot $6 | Rake $0
Seat 1: Velbor107 (button) (small blind) collected ($6)
Seat 3: yeayeaitsME (big blind) folded before Flop


PokerStars Hand #158399110102:  Hold'em Limit ($3/$6 USD) - 2016/09/09 21:59:02 ET
Table 'Echo' 6-max Seat #1 is the button
Seat 1: Velbor107 ($253.30 in chips)
Seat 3: yeayeaitsME ($111.30 in chips)
Velbor107: posts small blind $1
yeayeaitsME: posts big blind $3
*** HOLE CARDS ***
Velbor107: raises $3 to $6
yeayeaitsME: calls $3
*** FLOP *** [Qh 2d 2c]
yeayeaitsME: checks
Velbor107: bets $3
yeayeaitsME: calls $3
*** TURN *** [Qh 2d 2c] [3c]
yeayeaitsME: checks
Velbor107: bets $6
yeayeaitsME: calls $6
*** RIVER *** [Qh 2d 2c 3c] [Jd]
yeayeaitsME: checks
Velbor107: checks
*** SHOW DOWN ***
yeayeaitsME: shows [6d Ac] (a pair of Deuces)
Velbor107: mucks hand
yeayeaitsME collected $29.50 from pot
*** SUMMARY ***
Total pot $30 | Rake $0.50
Board [Qh 2d 2c 3c Jd]
Seat 1: Velbor107 (button) (small blind) mucked
Seat 3: yeayeaitsME (big blind) showed [6d Ac] and won ($29.50) with a pair of Deuces


PokerStars Hand #158399092315:  Hold'em Limit ($3/$6 USD) - 2016/09/09 21:58:08 ET
Table 'Echo' 6-max Seat #3 is the button
Seat 1: Velbor107 ($238.80 in chips)
Seat 3: yeayeaitsME ($126.30 in chips)
yeayeaitsME: posts small blind $1
Velbor107: posts big blind $3
*** HOLE CARDS ***
yeayeaitsME: raises $3 to $6
Velbor107: calls $3
*** FLOP *** [4s 8h 5h]
Velbor107: checks
yeayeaitsME: bets $3
Velbor107: calls $3
*** TURN *** [4s 8h 5h] [9s]
Velbor107: checks
yeayeaitsME: checks
*** RIVER *** [4s 8h 5h 9s] [Js]
Velbor107: bets $6
yeayeaitsME: calls $6
*** SHOW DOWN ***
Velbor107: shows [7d Jh] (a pair of Jacks)
yeayeaitsME: mucks hand
Velbor107 collected $29.50 from pot
*** SUMMARY ***
Total pot $30 | Rake $0.50
Board [4s 8h 5h 9s Js]
Seat 1: Velbor107 (big blind) showed [7d Jh] and won ($29.50) with a pair of Jacks
Seat 3: yeayeaitsME (button) (small blind) mucked


PokerStars Hand #158399129767:  Hold'em Limit ($3/$6 USD) - 2016/09/09 22:00:01 ET
Table 'Echo' 6-max Seat #1 is the button
Seat 1: Velbor107 ($220.30 in chips)
Seat 3: yeayeaitsME ($143.30 in chips)
Velbor107: posts small blind $1
yeayeaitsME: posts big blind $3
*** HOLE CARDS ***
Velbor107: raises $3 to $6
yeayeaitsME: calls $3
*** FLOP *** [Js 7d Jd]
yeayeaitsME: checks
Velbor107: bets $3
yeayeaitsME: folds
Uncalled bet ($3) returned to Velbor107
Velbor107 collected $11.76 from pot
*** SUMMARY ***
Total pot $12 | Rake $0.24
Board [Js 7d Jd]
Seat 1: Velbor107 (button) (small blind) collected ($11.76)
Seat 3: yeayeaitsME (big blind) folded on the Flop


PokerStars Hand #158399120662:  Hold'em Limit ($3/$6 USD) - 2016/09/09 21:59:34 ET
Table 'Echo' 6-max Seat #3 is the button
Seat 1: Velbor107 ($238.30 in chips)
Seat 3: yeayeaitsME ($125.80 in chips)
yeayeaitsME: posts small blind $1
Velbor107: posts big blind $3
*** HOLE CARDS ***
yeayeaitsME: raises $3 to $6
Velbor107: calls $3
*** FLOP *** [2d 6h 4s]
Velbor107: checks
yeayeaitsME: bets $3
Velbor107: raises $3 to $6
yeayeaitsME: calls $3
*** TURN *** [2d 6h 4s] [Kd]
Velbor107: bets $6
yeayeaitsME: calls $6
*** RIVER *** [2d 6h 4s Kd] [Jd]
Velbor107: checks
yeayeaitsME: bets $6
Velbor107: folds
Uncalled bet ($6) returned to yeayeaitsME
yeayeaitsME collected $35.50 from pot
*** SUMMARY ***
Total pot $36 | Rake $0.50
Board [2d 6h 4s Kd Jd]
Seat 1: Velbor107 (big blind) folded on the River
Seat 3: yeayeaitsME (button) (small blind) collected ($35.50)


PokerStars Hand #158399158048:  Hold'em Limit ($3/$6 USD) - 2016/09/09 22:01:21 ET
Table 'Echo' 6-max Seat #3 is the button
Seat 1: Velbor107 ($216.70 in chips)
Seat 3: yeayeaitsME ($145.80 in chips)
yeayeaitsME: posts small blind $1
Velbor107: posts big blind $3
*** HOLE CARDS ***
yeayeaitsME: raises $3 to $6
Velbor107: raises $3 to $9
yeayeaitsME: calls $3
*** FLOP *** [3c Qd 5s]
Velbor107: bets $3
yeayeaitsME: calls $3
*** TURN *** [3c Qd 5s] [3h]
Velbor107: bets $6
yeayeaitsME: folds
Uncalled bet ($6) returned to Velbor107
Velbor107 collected $23.52 from pot
*** SUMMARY ***
Total pot $24 | Rake $0.48
Board [3c Qd 5s 3h]
Seat 1: Velbor107 (big blind) collected ($23.52)
Seat 3: yeayeaitsME (button) (small blind) folded on the Turn


PokerStars Hand #158399145626:  Hold'em Limit ($3/$6 USD) - 2016/09/09 22:00:47 ET
Table 'Echo' 6-max Seat #1 is the button
Seat 1: Velbor107 ($234.70 in chips)
Seat 3: yeayeaitsME ($128.30 in chips)
Velbor107: posts small blind $1
yeayeaitsME: posts big blind $3
*** HOLE CARDS ***
Velbor107: raises $3 to $6
yeayeaitsME: raises $3 to $9
Velbor107: calls $3
*** FLOP *** [Qc 3d 4c]
yeayeaitsME: bets $3
Velbor107: calls $3
*** TURN *** [Qc 3d 4c] [8c]
yeayeaitsME: bets $6
Velbor107: calls $6
*** RIVER *** [Qc 3d 4c 8c] [Qd]
yeayeaitsME: checks
Velbor107: checks
*** SHOW DOWN ***
yeayeaitsME: shows [Kh Ks] (two pair, Kings and Queens)
Velbor107: mucks hand
yeayeaitsME collected $35.50 from pot
*** SUMMARY ***
Total pot $36 | Rake $0.50
Board [Qc 3d 4c 8c Qd]
Seat 1: Velbor107 (button) (small blind) mucked
Seat 3: yeayeaitsME (big blind) showed [Kh Ks] and won ($35.50) with two pair, Kings and Queens


PokerStars Hand #158399137487:  Hold'em Limit ($3/$6 USD) - 2016/09/09 22:00:24 ET
Table 'Echo' 6-max Seat #3 is the button
Seat 1: Velbor107 ($226.06 in chips)
Seat 3: yeayeaitsME ($137.30 in chips)
yeayeaitsME: posts small blind $1
Velbor107: posts big blind $3
*** HOLE CARDS ***
yeayeaitsME: raises $3 to $6
Velbor107: raises $3 to $9
yeayeaitsME: calls $3
*** FLOP *** [4d 9s Ts]
Velbor107: bets $3
yeayeaitsME: folds
Uncalled bet ($3) returned to Velbor107
Velbor107 collected $17.64 from pot
*** SUMMARY ***
Total pot $18 | Rake $0.36
Board [4d 9s Ts]
Seat 1: Velbor107 (big blind) collected ($17.64)
Seat 3: yeayeaitsME (button) (small blind) folded on the Flop


PokerStars Hand #158399173787:  Hold'em Limit ($3/$6 USD) - 2016/09/09 22:02:02 ET
Table 'Echo' 6-max Seat #1 is the button
Seat 1: Velbor107 ($221.22 in chips)
Seat 3: yeayeaitsME ($140.56 in chips)
Velbor107: posts small blind $1
yeayeaitsME: posts big blind $3
*** HOLE CARDS ***
Velbor107: raises $3 to $6
yeayeaitsME: calls $3
*** FLOP *** [7s Qd 6d]
yeayeaitsME: checks
Velbor107: bets $3
yeayeaitsME: folds
Uncalled bet ($3) returned to Velbor107
Velbor107 collected $11.76 from pot
*** SUMMARY ***
Total pot $12 | Rake $0.24
Board [7s Qd 6d]
Seat 1: Velbor107 (button) (small blind) collected ($11.76)
Seat 3: yeayeaitsME (big blind) folded on the Flop


PokerStars Hand #158399181027:  Hold'em Limit ($3/$6 USD) - 2016/09/09 22:02:21 ET
Table 'Echo' 6-max Seat #3 is the button
Seat 1: Velbor107 ($226.98 in chips)
Seat 3: yeayeaitsME ($134.56 in chips)
yeayeaitsME: posts small blind $1
Velbor107: posts big blind $3
*** HOLE CARDS ***
yeayeaitsME: folds
Uncalled bet ($2) returned to Velbor107
Velbor107 collected $2 from pot
*** SUMMARY ***
Total pot $2 | Rake $0
Seat 1: Velbor107 (big blind) collected ($2)
Seat 3: yeayeaitsME (button) (small blind) folded before Flop


PokerStars Hand #158399167575:  Hold'em Limit ($3/$6 USD) - 2016/09/09 22:01:46 ET
Table 'Echo' 6-max Seat #3 is the button
Seat 1: Velbor107 ($227.22 in chips)
Seat 3: yeayeaitsME ($134.80 in chips)
yeayeaitsME: posts small blind $1
Velbor107: posts big blind $3
*** HOLE CARDS ***
yeayeaitsME: raises $3 to $6
Velbor107: calls $3
*** FLOP *** [9s Ad 3h]
Velbor107: checks
yeayeaitsME: bets $3
Velbor107: folds
Uncalled bet ($3) returned to yeayeaitsME
yeayeaitsME collected $11.76 from pot
*** SUMMARY ***
Total pot $12 | Rake $0.24
Board [9s Ad 3h]
Seat 1: Velbor107 (big blind) folded on the Flop
Seat 3: yeayeaitsME (button) (small blind) collected ($11.76)


PokerStars Hand #158399165269:  Hold'em Limit ($3/$6 USD) - 2016/09/09 22:01:40 ET
Table 'Echo' 6-max Seat #1 is the button
Seat 1: Velbor107 ($228.22 in chips)
Seat 3: yeayeaitsME ($133.80 in chips)
Velbor107: posts small blind $1
yeayeaitsME: posts big blind $3
*** HOLE CARDS ***
Velbor107: folds
Uncalled bet ($2) returned to yeayeaitsME
yeayeaitsME collected $2 from pot
*** SUMMARY ***
Total pot $2 | Rake $0
Seat 1: Velbor107 (button) (small blind) folded before Flop
Seat 3: yeayeaitsME (big blind) collected ($2)


PokerStars Hand #158399197296:  Hold'em Limit ($3/$6 USD) - 2016/09/09 22:03:04 ET
Table 'Echo' 6-max Seat #1 is the button
Seat 1: Velbor107 ($219.98 in chips)
Seat 3: yeayeaitsME ($141.20 in chips)
Velbor107: posts small blind $1
yeayeaitsME: posts big blind $3
*** HOLE CARDS ***
Velbor107: raises $3 to $6
yeayeaitsME: folds
Uncalled bet ($3) returned to Velbor107
Velbor107 collected $6 from pot
*** SUMMARY ***
Total pot $6 | Rake $0
Seat 1: Velbor107 (button) (small blind) collected ($6)
Seat 3: yeayeaitsME (big blind) folded before Flop


PokerStars Hand #158399194801:  Hold'em Limit ($3/$6 USD) - 2016/09/09 22:02:57 ET
Table 'Echo' 6-max Seat #3 is the button
Seat 1: Velbor107 ($218.98 in chips)
Seat 3: yeayeaitsME ($142.20 in chips)
yeayeaitsME: posts small blind $1
Velbor107: posts big blind $3
*** HOLE CARDS ***
yeayeaitsME: folds
Uncalled bet ($2) returned to Velbor107
Velbor107 collected $2 from pot
*** SUMMARY ***
Total pot $2 | Rake $0
Seat 1: Velbor107 (big blind) collected ($2)
Seat 3: yeayeaitsME (button) (small blind) folded before Flop


PokerStars Hand #158399183406:  Hold'em Limit ($3/$6 USD) - 2016/09/09 22:02:27 ET
Table 'Echo' 6-max Seat #1 is the button
Seat 1: Velbor107 ($227.98 in chips)
Seat 3: yeayeaitsME ($133.56 in chips)
Velbor107: posts small blind $1
yeayeaitsME: posts big blind $3
*** HOLE CARDS ***
Velbor107: raises $3 to $6
yeayeaitsME: calls $3
*** FLOP *** [6s 2c Js]
yeayeaitsME: checks
Velbor107: bets $3
yeayeaitsME: calls $3
*** TURN *** [6s 2c Js] [4h]
yeayeaitsME: checks
Velbor107: checks
*** RIVER *** [6s 2c Js 4h] [4s]
yeayeaitsME: bets $6
Velbor107: folds
Uncalled bet ($6) returned to yeayeaitsME
yeayeaitsME collected $17.64 from pot
*** SUMMARY ***
Total pot $18 | Rake $0.36
Board [6s 2c Js 4h 4s]
Seat 1: Velbor107 (button) (small blind) folded on the River
Seat 3: yeayeaitsME (big blind) collected ($17.64)


PokerStars Hand #158399218598:  Hold'em Limit ($3/$6 USD) - 2016/09/09 22:03:55 ET
Table 'Echo' 6-max Seat #1 is the button
Seat 1: Velbor107 ($201.98 in chips)
Seat 3: yeayeaitsME ($158.70 in chips)
Velbor107: posts small blind $1
yeayeaitsME: posts big blind $3
*** HOLE CARDS ***
Velbor107: raises $3 to $6
yeayeaitsME: calls $3
*** FLOP *** [2c 4d 3h]
yeayeaitsME: checks
Velbor107: bets $3
yeayeaitsME: calls $3
*** TURN *** [2c 4d 3h] [2d]
yeayeaitsME: checks
Velbor107: checks
*** RIVER *** [2c 4d 3h 2d] [7c]
yeayeaitsME: checks
Velbor107: checks
*** SHOW DOWN ***
yeayeaitsME: shows [8h 9h] (a pair of Deuces)
Velbor107: shows [Kc 6h] (a pair of Deuces - King kicker)
Velbor107 collected $17.64 from pot
*** SUMMARY ***
Total pot $18 | Rake $0.36
Board [2c 4d 3h 2d 7c]
Seat 1: Velbor107 (button) (small blind) showed [Kc 6h] and won ($17.64) with a pair of Deuces
Seat 3: yeayeaitsME (big blind) showed [8h 9h] and lost with a pair of Deuces


PokerStars Hand #158399199586:  Hold'em Limit ($3/$6 USD) - 2016/09/09 22:03:10 ET
Table 'Echo' 6-max Seat #3 is the button
Seat 1: Velbor107 ($222.98 in chips)
Seat 3: yeayeaitsME ($138.20 in chips)
yeayeaitsME: posts small blind $1
Velbor107: posts big blind $3
*** HOLE CARDS ***
yeayeaitsME: calls $2
Velbor107: raises $3 to $6
yeayeaitsME: calls $3
*** FLOP *** [5h 8c 3s]
Velbor107: bets $3
yeayeaitsME: calls $3
*** TURN *** [5h 8c 3s] [4c]
Velbor107: bets $6
yeayeaitsME: calls $6
*** RIVER *** [5h 8c 3s 4c] [Ac]
Velbor107: bets $6
yeayeaitsME: calls $6
*** SHOW DOWN ***
Velbor107: shows [Qs 9h] (high card Ace)
yeayeaitsME: shows [8d 9d] (a pair of Eights)
yeayeaitsME collected $41.50 from pot
*** SUMMARY ***
Total pot $42 | Rake $0.50
Board [5h 8c 3s 4c Ac]
Seat 1: Velbor107 (big blind) showed [Qs 9h] and lost with high card Ace
Seat 3: yeayeaitsME (button) (small blind) showed [8d 9d] and won ($41.50) with a pair of Eights


PokerStars Hand #158399230755:  Hold'em Limit ($3/$6 USD) - 2016/09/09 22:04:26 ET
Table 'Echo' 6-max Seat #3 is the button
Seat 1: Velbor107 ($210.62 in chips)
Seat 3: yeayeaitsME ($149.70 in chips)
yeayeaitsME: posts small blind $1
Velbor107: posts big blind $3
*** HOLE CARDS ***
yeayeaitsME: raises $3 to $6
Velbor107: raises $3 to $9
yeayeaitsME: calls $3
*** FLOP *** [Tc 6h 8d]
Velbor107: bets $3
yeayeaitsME: calls $3
*** TURN *** [Tc 6h 8d] [3h]
Velbor107: bets $6
yeayeaitsME: calls $6
*** RIVER *** [Tc 6h 8d 3h] [5h]
Velbor107: checks
yeayeaitsME: checks
*** SHOW DOWN ***
Velbor107: shows [Ah Td] (a pair of Tens)
yeayeaitsME: mucks hand
Velbor107 collected $35.50 from pot
*** SUMMARY ***
Total pot $36 | Rake $0.50
Board [Tc 6h 8d 3h 5h]
Seat 1: Velbor107 (big blind) showed [Ah Td] and won ($35.50) with a pair of Tens
Seat 3: yeayeaitsME (button) (small blind) mucked


PokerStars Hand #158399246553:  Hold'em Limit ($3/$6 USD) - 2016/09/09 22:05:08 ET
Table 'Echo' 6-max Seat #3 is the button
Seat 1: Velbor107 ($231.12 in chips)
Seat 3: yeayeaitsME ($128.70 in chips)
yeayeaitsME: posts small blind $1
Velbor107: posts big blind $3
*** HOLE CARDS ***
yeayeaitsME: calls $2
Velbor107: checks
*** FLOP *** [Kc 6s 3d]
Velbor107: bets $3
yeayeaitsME: calls $3
*** TURN *** [Kc 6s 3d] [Js]
Velbor107: checks
yeayeaitsME: checks
*** RIVER *** [Kc 6s 3d Js] [Qs]
Velbor107: checks
yeayeaitsME: checks
*** SHOW DOWN ***
Velbor107: shows [5d 2d] (high card King)
yeayeaitsME: shows [6c As] (a pair of Sixes)
yeayeaitsME collected $11.76 from pot
*** SUMMARY ***
Total pot $12 | Rake $0.24
Board [Kc 6s 3d Js Qs]
Seat 1: Velbor107 (big blind) showed [5d 2d] and lost with high card King
Seat 3: yeayeaitsME (button) (small blind) showed [6c As] and won ($11.76) with a pair of Sixes


PokerStars Hand #158399243405:  Hold'em Limit ($3/$6 USD) - 2016/09/09 22:05:00 ET
Table 'Echo' 6-max Seat #1 is the button
Seat 1: Velbor107 ($228.12 in chips)
Seat 3: yeayeaitsME ($131.70 in chips)
Velbor107: posts small blind $1
yeayeaitsME: posts big blind $3
*** HOLE CARDS ***
Velbor107: raises $3 to $6
yeayeaitsME: folds
Uncalled bet ($3) returned to Velbor107
Velbor107 collected $6 from pot
*** SUMMARY ***
Total pot $6 | Rake $0
Seat 1: Velbor107 (button) (small blind) collected ($6)
Seat 3: yeayeaitsME (big blind) folded before Flop


PokerStars Hand #158399264911:  Hold'em Limit ($3/$6 USD) - 2016/09/09 22:05:57 ET
Table 'Echo' 6-max Seat #3 is the button
Seat 1: Velbor107 ($239.62 in chips)
Seat 3: yeayeaitsME ($119.46 in chips)
yeayeaitsME: posts small blind $1
Velbor107: posts big blind $3
*** HOLE CARDS ***
yeayeaitsME: raises $3 to $6
Velbor107: calls $3
*** FLOP *** [7c 6d Tc]
Velbor107: checks
yeayeaitsME: bets $3
Velbor107: calls $3
*** TURN *** [7c 6d Tc] [9s]
Velbor107: checks
yeayeaitsME: checks
*** RIVER *** [7c 6d Tc 9s] [4d]
Velbor107: checks
yeayeaitsME: checks
*** SHOW DOWN ***
Velbor107: shows [5c 4h] (a pair of Fours)
yeayeaitsME: mucks hand
Velbor107 collected $17.64 from pot
*** SUMMARY ***
Total pot $18 | Rake $0.36
Board [7c 6d Tc 9s 4d]
Seat 1: Velbor107 (big blind) showed [5c 4h] and won ($17.64) with a pair of Fours
Seat 3: yeayeaitsME (button) (small blind) mucked


PokerStars Hand #158399254883:  Hold'em Limit ($3/$6 USD) - 2016/09/09 22:05:30 ET
Table 'Echo' 6-max Seat #1 is the button
Seat 1: Velbor107 ($225.12 in chips)
Seat 3: yeayeaitsME ($134.46 in chips)
Velbor107: posts small blind $1
yeayeaitsME: posts big blind $3
*** HOLE CARDS ***
Velbor107: raises $3 to $6
yeayeaitsME: calls $3
*** FLOP *** [8h Qc 2s]
yeayeaitsME: checks
Velbor107: bets $3
yeayeaitsME: calls $3
*** TURN *** [8h Qc 2s] [4s]
yeayeaitsME: checks
Velbor107: bets $6
yeayeaitsME: calls $6
*** RIVER *** [8h Qc 2s 4s] [Ac]
yeayeaitsME: checks
Velbor107: checks
*** SHOW DOWN ***
yeayeaitsME: shows [Kc 2c] (a pair of Deuces)
Velbor107: shows [5s 5h] (a pair of Fives)
Velbor107 collected $29.50 from pot
*** SUMMARY ***
Total pot $30 | Rake $0.50
Board [8h Qc 2s 4s Ac]
Seat 1: Velbor107 (button) (small blind) showed [5s 5h] and won ($29.50) with a pair of Fives
Seat 3: yeayeaitsME (big blind) showed [Kc 2c] and lost with a pair of Deuces


PokerStars Hand #158399278855:  Hold'em Limit ($3/$6 USD) - 2016/09/09 22:06:34 ET
Table 'Echo' 6-max Seat #1 is the button
Seat 1: Velbor107 ($248.26 in chips)
Seat 3: yeayeaitsME ($110.46 in chips)
Velbor107: posts small blind $1
yeayeaitsME: posts big blind $3
*** HOLE CARDS ***
Velbor107: raises $3 to $6
yeayeaitsME: calls $3
*** FLOP *** [8d Kd As]
yeayeaitsME: checks
Velbor107: bets $3
yeayeaitsME: folds
Uncalled bet ($3) returned to Velbor107
Velbor107 collected $11.76 from pot
*** SUMMARY ***
Total pot $12 | Rake $0.24
Board [8d Kd As]
Seat 1: Velbor107 (button) (small blind) collected ($11.76)
Seat 3: yeayeaitsME (big blind) folded on the Flop


PokerStars Hand #158399302288:  Hold'em Limit ($3/$6 USD) - 2016/09/09 22:07:37 ET
Table 'Echo' 6-max Seat #1 is the button
Seat 1: Velbor107 ($261.78 in chips)
Seat 3: yeayeaitsME ($96.46 in chips)
Velbor107: posts small blind $1
yeayeaitsME: posts big blind $3
*** HOLE CARDS ***
Velbor107: folds
Uncalled bet ($2) returned to yeayeaitsME
yeayeaitsME collected $2 from pot
*** SUMMARY ***
Total pot $2 | Rake $0
Seat 1: Velbor107 (button) (small blind) folded before Flop
Seat 3: yeayeaitsME (big blind) collected ($2)


PokerStars Hand #158399300259:  Hold'em Limit ($3/$6 USD) - 2016/09/09 22:07:32 ET
Table 'Echo' 6-max Seat #3 is the button
Seat 1: Velbor107 ($260.78 in chips)
Seat 3: yeayeaitsME ($97.46 in chips)
yeayeaitsME: posts small blind $1
Velbor107: posts big blind $3
*** HOLE CARDS ***
yeayeaitsME: folds
Uncalled bet ($2) returned to Velbor107
Velbor107 collected $2 from pot
*** SUMMARY ***
Total pot $2 | Rake $0
Seat 1: Velbor107 (big blind) collected ($2)
Seat 3: yeayeaitsME (button) (small blind) folded before Flop


PokerStars Hand #158399289887:  Hold'em Limit ($3/$6 USD) - 2016/09/09 22:07:04 ET
Table 'Echo' 6-max Seat #1 is the button
Seat 1: Velbor107 ($255.02 in chips)
Seat 3: yeayeaitsME ($103.46 in chips)
Velbor107: posts small blind $1
yeayeaitsME: posts big blind $3
*** HOLE CARDS ***
Velbor107: raises $3 to $6
yeayeaitsME: calls $3
*** FLOP *** [Qs 9d Jh]
yeayeaitsME: checks
Velbor107: bets $3
yeayeaitsME: folds
Uncalled bet ($3) returned to Velbor107
Velbor107 collected $11.76 from pot
*** SUMMARY ***
Total pot $12 | Rake $0.24
Board [Qs 9d Jh]
Seat 1: Velbor107 (button) (small blind) collected ($11.76)
Seat 3: yeayeaitsME (big blind) folded on the Flop


PokerStars Hand #158399286527:  Hold'em Limit ($3/$6 USD) - 2016/09/09 22:06:55 ET
Table 'Echo' 6-max Seat #3 is the button
Seat 1: Velbor107 ($254.02 in chips)
Seat 3: yeayeaitsME ($104.46 in chips)
yeayeaitsME: posts small blind $1
Velbor107: posts big blind $3
*** HOLE CARDS ***
yeayeaitsME: folds
Uncalled bet ($2) returned to Velbor107
Velbor107 collected $2 from pot
*** SUMMARY ***
Total pot $2 | Rake $0
Seat 1: Velbor107 (big blind) collected ($2)
Seat 3: yeayeaitsME (button) (small blind) folded before Flop


PokerStars Hand #158399312722:  Hold'em Limit ($3/$6 USD) - 2016/09/09 22:08:05 ET
Table 'Echo' 6-max Seat #1 is the button
Seat 1: Velbor107 ($242.78 in chips)
Seat 3: yeayeaitsME ($114.96 in chips)
Velbor107: posts small blind $1
yeayeaitsME: posts big blind $3
*** HOLE CARDS ***
Velbor107: raises $3 to $6
yeayeaitsME: calls $3
*** FLOP *** [Kh 4h Jc]
yeayeaitsME: checks
Velbor107: bets $3
yeayeaitsME: folds
Uncalled bet ($3) returned to Velbor107
Velbor107 collected $11.76 from pot
*** SUMMARY ***
Total pot $12 | Rake $0.24
Board [Kh 4h Jc]
Seat 1: Velbor107 (button) (small blind) collected ($11.76)
Seat 3: yeayeaitsME (big blind) folded on the Flop


PokerStars Hand #158399321433:  Hold'em Limit ($3/$6 USD) - 2016/09/09 22:08:28 ET
Table 'Echo' 6-max Seat #3 is the button
Seat 1: Velbor107 ($248.54 in chips)
Seat 3: yeayeaitsME ($108.96 in chips)
yeayeaitsME: posts small blind $1
Velbor107: posts big blind $3
*** HOLE CARDS ***
yeayeaitsME: raises $3 to $6
Velbor107: folds
Uncalled bet ($3) returned to yeayeaitsME
yeayeaitsME collected $6 from pot
*** SUMMARY ***
Total pot $6 | Rake $0
Seat 1: Velbor107 (big blind) folded before Flop
Seat 3: yeayeaitsME (button) (small blind) collected ($6)


PokerStars Hand #158399304455:  Hold'em Limit ($3/$6 USD) - 2016/09/09 22:07:43 ET
Table 'Echo' 6-max Seat #3 is the button
Seat 1: Velbor107 ($260.78 in chips)
Seat 3: yeayeaitsME ($97.46 in chips)
yeayeaitsME: posts small blind $1
Velbor107: posts big blind $3
*** HOLE CARDS ***
yeayeaitsME: raises $3 to $6
Velbor107: raises $3 to $9
yeayeaitsME: calls $3
*** FLOP *** [9s 2c Ks]
Velbor107: bets $3
yeayeaitsME: calls $3
*** TURN *** [9s 2c Ks] [3h]
Velbor107: bets $6
yeayeaitsME: raises $6 to $12
Velbor107: folds
Uncalled bet ($6) returned to yeayeaitsME
yeayeaitsME collected $35.50 from pot
*** SUMMARY ***
Total pot $36 | Rake $0.50
Board [9s 2c Ks 3h]
Seat 1: Velbor107 (big blind) folded on the Turn
Seat 3: yeayeaitsME (button) (small blind) collected ($35.50)


PokerStars Hand #158399330623:  Hold'em Limit ($3/$6 USD) - 2016/09/09 22:08:43 ET
Table 'Echo' 6-max Seat #1 is the button
Seat 1: Velbor107 ($245.54 in chips)
Seat 3: yeayeaitsME ($111.96 in chips)
Velbor107: posts small blind $1
yeayeaitsME: posts big blind $3
*** HOLE CARDS ***
Velbor107: raises $3 to $6
yeayeaitsME: folds
Uncalled bet ($3) returned to Velbor107
Velbor107 collected $6 from pot
*** SUMMARY ***
Total pot $6 | Rake $0
Seat 1: Velbor107 (button) (small blind) collected ($6)
Seat 3: yeayeaitsME (big blind) folded before Flop


PokerStars Hand #158399333235:  Hold'em Limit ($3/$6 USD) - 2016/09/09 22:08:50 ET
Table 'Echo' 6-max Seat #3 is the button
Seat 1: Velbor107 ($248.54 in chips)
Seat 3: yeayeaitsME ($108.96 in chips)
yeayeaitsME: posts small blind $1
Velbor107: posts big blind $3
*** HOLE CARDS ***
yeayeaitsME: raises $3 to $6
Velbor107: folds
Uncalled bet ($3) returned to yeayeaitsME
yeayeaitsME collected $6 from pot
*** SUMMARY ***
Total pot $6 | Rake $0
Seat 1: Velbor107 (big blind) folded before Flop
Seat 3: yeayeaitsME (button) (small blind) collected ($6)


PokerStars Hand #158399337172:  Hold'em Limit ($3/$6 USD) - 2016/09/09 22:09:00 ET
Table 'Echo' 6-max Seat #1 is the button
Seat 1: Velbor107 ($245.54 in chips)
Seat 3: yeayeaitsME ($111.96 in chips)
Velbor107: posts small blind $1
yeayeaitsME: posts big blind $3
*** HOLE CARDS ***
Velbor107: raises $3 to $6
yeayeaitsME: calls $3
*** FLOP *** [2d 9s Jd]
yeayeaitsME: checks
Velbor107: bets $3
yeayeaitsME: calls $3
*** TURN *** [2d 9s Jd] [5d]
yeayeaitsME: checks
Velbor107: bets $6
yeayeaitsME: calls $6
*** RIVER *** [2d 9s Jd 5d] [3h]
yeayeaitsME: checks
Velbor107: bets $6
yeayeaitsME: calls $6
*** SHOW DOWN ***
Velbor107: shows [Kh 9c] (a pair of Nines)
yeayeaitsME: shows [7s Js] (a pair of Jacks)
yeayeaitsME collected $41.50 from pot
*** SUMMARY ***
Total pot $42 | Rake $0.50
Board [2d 9s Jd 5d 3h]
Seat 1: Velbor107 (button) (small blind) showed [Kh 9c] and lost with a pair of Nines
Seat 3: yeayeaitsME (big blind) showed [7s Js] and won ($41.50) with a pair of Jacks


PokerStars Hand #158399350100:  Hold'em Limit ($3/$6 USD) - 2016/09/09 22:09:35 ET
Table 'Echo' 6-max Seat #3 is the button
Seat 1: Velbor107 ($224.54 in chips)
Seat 3: yeayeaitsME ($132.46 in chips)
yeayeaitsME: posts small blind $1
Velbor107: posts big blind $3
*** HOLE CARDS ***
yeayeaitsME: raises $3 to $6
Velbor107: calls $3
*** FLOP *** [2c 7h 3c]
Velbor107: checks
yeayeaitsME: bets $3
Velbor107: raises $3 to $6
yeayeaitsME: calls $3
*** TURN *** [2c 7h 3c] [Ad]
Velbor107: bets $6
yeayeaitsME: calls $6
*** RIVER *** [2c 7h 3c Ad] [Kh]
Velbor107: checks
yeayeaitsME: checks
*** SHOW DOWN ***
Velbor107: shows [4d 3d] (a pair of Threes)
yeayeaitsME: shows [8s 8d] (a pair of Eights)
yeayeaitsME collected $35.50 from pot
*** SUMMARY ***
Total pot $36 | Rake $0.50
Board [2c 7h 3c Ad Kh]
Seat 1: Velbor107 (big blind) showed [4d 3d] and lost with a pair of Threes
Seat 3: yeayeaitsME (button) (small blind) showed [8s 8d] and won ($35.50) with a pair of Eights


PokerStars Hand #158399368307:  Hold'em Limit ($3/$6 USD) - 2016/09/09 22:10:24 ET
Table 'Echo' 6-max Seat #1 is the button
Seat 1: Velbor107 ($206.54 in chips)
Seat 3: yeayeaitsME ($149.96 in chips)
Velbor107: posts small blind $1
yeayeaitsME: posts big blind $3
*** HOLE CARDS ***
Velbor107: raises $3 to $6
yeayeaitsME: calls $3
*** FLOP *** [7h 3h 3c]
yeayeaitsME: checks
Velbor107: bets $3
yeayeaitsME: calls $3
*** TURN *** [7h 3h 3c] [Th]
yeayeaitsME: checks
Velbor107: bets $6
yeayeaitsME: calls $6
*** RIVER *** [7h 3h 3c Th] [Kc]
yeayeaitsME: checks
Velbor107: checks
*** SHOW DOWN ***
yeayeaitsME: shows [9d Qh] (a pair of Threes)
Velbor107: shows [7d 8d] (two pair, Sevens and Threes)
Velbor107 collected $29.50 from pot
*** SUMMARY ***
Total pot $30 | Rake $0.50
Board [7h 3h 3c Th Kc]
Seat 1: Velbor107 (button) (small blind) showed [7d 8d] and won ($29.50) with two pair, Sevens and Threes
Seat 3: yeayeaitsME (big blind) showed [9d Qh] and lost with a pair of Threes


PokerStars Hand #158399408312:  Hold'em Limit ($3/$6 USD) - 2016/09/09 22:12:12 ET
Table 'Echo' 6-max Seat #3 is the button
Seat 1: Velbor107 ($244.30 in chips)
Seat 3: yeayeaitsME ($110.96 in chips)
yeayeaitsME: posts small blind $1
Velbor107: posts big blind $3
*** HOLE CARDS ***
yeayeaitsME: raises $3 to $6
Velbor107: calls $3
*** FLOP *** [8c Qd 7h]
Velbor107: checks
yeayeaitsME: bets $3
Velbor107: calls $3
*** TURN *** [8c Qd 7h] [6s]
Velbor107: checks
yeayeaitsME: bets $6
Velbor107: folds
Uncalled bet ($6) returned to yeayeaitsME
yeayeaitsME collected $17.64 from pot
*** SUMMARY ***
Total pot $18 | Rake $0.36
Board [8c Qd 7h 6s]
Seat 1: Velbor107 (big blind) folded on the Turn
Seat 3: yeayeaitsME (button) (small blind) collected ($17.64)


PokerStars Hand #158399384090:  Hold'em Limit ($3/$6 USD) - 2016/09/09 22:11:07 ET
Table 'Echo' 6-max Seat #3 is the button
Seat 1: Velbor107 ($221.04 in chips)
Seat 3: yeayeaitsME ($134.96 in chips)
yeayeaitsME: posts small blind $1
Velbor107: posts big blind $3
*** HOLE CARDS ***
yeayeaitsME: raises $3 to $6
Velbor107: calls $3
*** FLOP *** [6s 2s 6d]
Velbor107: checks
yeayeaitsME: bets $3
Velbor107: raises $3 to $6
yeayeaitsME: calls $3
*** TURN *** [6s 2s 6d] [Ad]
Velbor107: bets $6
yeayeaitsME: calls $6
*** RIVER *** [6s 2s 6d Ad] [Ac]
Velbor107: bets $6
yeayeaitsME: folds
Uncalled bet ($6) returned to Velbor107
Velbor107 collected $35.50 from pot
*** SUMMARY ***
Total pot $36 | Rake $0.50
Board [6s 2s 6d Ad Ac]
Seat 1: Velbor107 (big blind) collected ($35.50)
Seat 3: yeayeaitsME (button) (small blind) folded on the River


PokerStars Hand #158399398722:  Hold'em Limit ($3/$6 USD) - 2016/09/09 22:11:46 ET
Table 'Echo' 6-max Seat #1 is the button
Seat 1: Velbor107 ($238.54 in chips)
Seat 3: yeayeaitsME ($116.96 in chips)
Velbor107: posts small blind $1
yeayeaitsME: posts big blind $3
*** HOLE CARDS ***
Velbor107: raises $3 to $6
yeayeaitsME: calls $3
*** FLOP *** [Ks 3c Kc]
yeayeaitsME: checks
Velbor107: bets $3
yeayeaitsME: folds
Uncalled bet ($3) returned to Velbor107
Velbor107 collected $11.76 from pot
*** SUMMARY ***
Total pot $12 | Rake $0.24
Board [Ks 3c Kc]
Seat 1: Velbor107 (button) (small blind) collected ($11.76)
Seat 3: yeayeaitsME (big blind) folded on the Flop


PokerStars Hand #158399419721:  Hold'em Limit ($3/$6 USD) - 2016/09/09 22:12:43 ET
Table 'Echo' 6-max Seat #1 is the button
Seat 1: Velbor107 ($235.30 in chips)
Seat 3: yeayeaitsME ($119.60 in chips)
Velbor107: posts small blind $1
yeayeaitsME: posts big blind $3
*** HOLE CARDS ***
Velbor107: raises $3 to $6
yeayeaitsME: calls $3
*** FLOP *** [Js 8s 2h]
yeayeaitsME: checks
Velbor107: bets $3
yeayeaitsME: calls $3
*** TURN *** [Js 8s 2h] [5h]
yeayeaitsME: checks
Velbor107: bets $6
yeayeaitsME: calls $6
*** RIVER *** [Js 8s 2h 5h] [9h]
yeayeaitsME: checks
Velbor107: checks
*** SHOW DOWN ***
yeayeaitsME: shows [4d 4s] (a pair of Fours)
Velbor107: mucks hand
yeayeaitsME collected $29.50 from pot
*** SUMMARY ***
Total pot $30 | Rake $0.50
Board [Js 8s 2h 5h 9h]
Seat 1: Velbor107 (button) (small blind) mucked
Seat 3: yeayeaitsME (big blind) showed [4d 4s] and won ($29.50) with a pair of Fours


PokerStars Hand #158399446679:  Hold'em Limit ($3/$6 USD) - 2016/09/09 22:13:56 ET
Table 'Echo' 6-max Seat #1 is the button
Seat 1: Velbor107 ($220.12 in chips)
Seat 3: yeayeaitsME ($133.92 in chips)
Velbor107: posts small blind $1
yeayeaitsME: posts big blind $3
*** HOLE CARDS ***
Velbor107: folds
Uncalled bet ($2) returned to yeayeaitsME
yeayeaitsME collected $2 from pot
*** SUMMARY ***
Total pot $2 | Rake $0
Seat 1: Velbor107 (button) (small blind) folded before Flop
Seat 3: yeayeaitsME (big blind) collected ($2)


PokerStars Hand #158399436038:  Hold'em Limit ($3/$6 USD) - 2016/09/09 22:13:27 ET
Table 'Echo' 6-max Seat #3 is the button
Seat 1: Velbor107 ($220.30 in chips)
Seat 3: yeayeaitsME ($134.10 in chips)
yeayeaitsME: posts small blind $1
Velbor107: posts big blind $3
*** HOLE CARDS ***
yeayeaitsME: calls $2
Velbor107: raises $3 to $6
yeayeaitsME: calls $3
*** FLOP *** [5d 3d 9c]
Velbor107: bets $3
yeayeaitsME: calls $3
*** TURN *** [5d 3d 9c] [9d]
Velbor107: checks
yeayeaitsME: checks
*** RIVER *** [5d 3d 9c 9d] [7s]
Velbor107: checks
yeayeaitsME: checks
*** SHOW DOWN ***
Velbor107: shows [Jh Qd] (a pair of Nines)
yeayeaitsME: shows [Jc Qs] (a pair of Nines)
Velbor107 collected $8.82 from pot
yeayeaitsME collected $8.82 from pot
*** SUMMARY ***
Total pot $18 | Rake $0.36
Board [5d 3d 9c 9d 7s]
Seat 1: Velbor107 (big blind) showed [Jh Qd] and won ($8.82) with a pair of Nines
Seat 3: yeayeaitsME (button) (small blind) showed [Jc Qs] and won ($8.82) with a pair of Nines


PokerStars Hand #158399451195:  Hold'em Limit ($3/$6 USD) - 2016/09/09 22:14:08 ET
Table 'Echo' 6-max Seat #1 is the button
Seat 1: Velbor107 ($220.12 in chips)
Seat 3: yeayeaitsME ($133.92 in chips)
Velbor107: posts small blind $1
yeayeaitsME: posts big blind $3
*** HOLE CARDS ***
Velbor107: folds
Uncalled bet ($2) returned to yeayeaitsME
yeayeaitsME collected $2 from pot
*** SUMMARY ***
Total pot $2 | Rake $0
Seat 1: Velbor107 (button) (small blind) folded before Flop
Seat 3: yeayeaitsME (big blind) collected ($2)


PokerStars Hand #158399449099:  Hold'em Limit ($3/$6 USD) - 2016/09/09 22:14:02 ET
Table 'Echo' 6-max Seat #3 is the button
Seat 1: Velbor107 ($219.12 in chips)
Seat 3: yeayeaitsME ($134.92 in chips)
yeayeaitsME: posts small blind $1
Velbor107: posts big blind $3
*** HOLE CARDS ***
yeayeaitsME: folds
Uncalled bet ($2) returned to Velbor107
Velbor107 collected $2 from pot
*** SUMMARY ***
Total pot $2 | Rake $0
Seat 1: Velbor107 (big blind) collected ($2)
Seat 3: yeayeaitsME (button) (small blind) folded before Flop


PokerStars Hand #158399453025:  Hold'em Limit ($3/$6 USD) - 2016/09/09 22:14:13 ET
Table 'Echo' 6-max Seat #3 is the button
Seat 1: Velbor107 ($219.12 in chips)
Seat 3: yeayeaitsME ($134.92 in chips)
yeayeaitsME: posts small blind $1
Velbor107: posts big blind $3
*** HOLE CARDS ***
yeayeaitsME: folds
Uncalled bet ($2) returned to Velbor107
Velbor107 collected $2 from pot
*** SUMMARY ***
Total pot $2 | Rake $0
Seat 1: Velbor107 (big blind) collected ($2)
Seat 3: yeayeaitsME (button) (small blind) folded before Flop


PokerStars Hand #158399462106:  Hold'em Limit ($3/$6 USD) - 2016/09/09 22:14:37 ET
Table 'Echo' 6-max Seat #3 is the button
Seat 1: Velbor107 ($225.88 in chips)
Seat 3: yeayeaitsME ($127.92 in chips)
yeayeaitsME: posts small blind $1
Velbor107: posts big blind $3
*** HOLE CARDS ***
yeayeaitsME: folds
Uncalled bet ($2) returned to Velbor107
Velbor107 collected $2 from pot
*** SUMMARY ***
Total pot $2 | Rake $0
Seat 1: Velbor107 (big blind) collected ($2)
Seat 3: yeayeaitsME (button) (small blind) folded before Flop


PokerStars Hand #158399455356:  Hold'em Limit ($3/$6 USD) - 2016/09/09 22:14:19 ET
Table 'Echo' 6-max Seat #1 is the button
Seat 1: Velbor107 ($220.12 in chips)
Seat 3: yeayeaitsME ($133.92 in chips)
Velbor107: posts small blind $1
yeayeaitsME: posts big blind $3
*** HOLE CARDS ***
Velbor107: raises $3 to $6
yeayeaitsME: calls $3
*** FLOP *** [Th Jd 4c]
yeayeaitsME: checks
Velbor107: bets $3
yeayeaitsME: folds
Uncalled bet ($3) returned to Velbor107
Velbor107 collected $11.76 from pot
*** SUMMARY ***
Total pot $12 | Rake $0.24
Board [Th Jd 4c]
Seat 1: Velbor107 (button) (small blind) collected ($11.76)
Seat 3: yeayeaitsME (big blind) folded on the Flop


PokerStars Hand #158399464623:  Hold'em Limit ($3/$6 USD) - 2016/09/09 22:14:44 ET
Table 'Echo' 6-max Seat #1 is the button
Seat 1: Velbor107 ($226.88 in chips)
Seat 3: yeayeaitsME ($126.92 in chips)
Velbor107: posts small blind $1
yeayeaitsME: posts big blind $3
*** HOLE CARDS ***
Velbor107: raises $3 to $6
yeayeaitsME: folds
Uncalled bet ($3) returned to Velbor107
Velbor107 collected $6 from pot
*** SUMMARY ***
Total pot $6 | Rake $0
Seat 1: Velbor107 (button) (small blind) collected ($6)
Seat 3: yeayeaitsME (big blind) folded before Flop


PokerStars Hand #158399499366:  Hold'em Limit ($3/$6 USD) - 2016/09/09 22:16:19 ET
Table 'Echo' 6-max Seat #3 is the button
Seat 1: Velbor107 ($229.52 in chips)
Seat 3: yeayeaitsME ($123.56 in chips)
yeayeaitsME: posts small blind $1
Velbor107: posts big blind $3
*** HOLE CARDS ***
yeayeaitsME: raises $3 to $6
ManuelSikora joins the table at seat #5
Velbor107: folds
Uncalled bet ($3) returned to yeayeaitsME
yeayeaitsME collected $6 from pot
*** SUMMARY ***
Total pot $6 | Rake $0
Seat 1: Velbor107 (big blind) folded before Flop
Seat 3: yeayeaitsME (button) (small blind) collected ($6)


PokerStars Hand #158399484717:  Hold'em Limit ($3/$6 USD) - 2016/09/09 22:15:39 ET
Table 'Echo' 6-max Seat #1 is the button
Seat 1: Velbor107 ($220.88 in chips)
Seat 3: yeayeaitsME ($132.56 in chips)
Velbor107: posts small blind $1
yeayeaitsME: posts big blind $3
*** HOLE CARDS ***
Velbor107: raises $3 to $6
yeayeaitsME: calls $3
*** FLOP *** [8c Kc 9c]
yeayeaitsME: checks
Velbor107: bets $3
yeayeaitsME: calls $3
*** TURN *** [8c Kc 9c] [4s]
yeayeaitsME: checks
Velbor107: checks
*** RIVER *** [8c Kc 9c 4s] [4h]
yeayeaitsME: checks
Velbor107: bets $6
yeayeaitsME: folds
Uncalled bet ($6) returned to Velbor107
Velbor107 collected $17.64 from pot
*** SUMMARY ***
Total pot $18 | Rake $0.36
Board [8c Kc 9c 4s 4h]
Seat 1: Velbor107 (button) (small blind) collected ($17.64)
Seat 3: yeayeaitsME (big blind) folded on the River


PokerStars Hand #158399503706:  Hold'em Limit ($3/$6 USD) - 2016/09/09 22:16:31 ET
Table 'Echo' 6-max Seat #1 is the button
Seat 1: Velbor107 ($226.52 in chips)
Seat 3: yeayeaitsME ($126.56 in chips)
Velbor107: posts small blind $1
yeayeaitsME: posts big blind $3
*** HOLE CARDS ***
Velbor107: folds
Uncalled bet ($2) returned to yeayeaitsME
yeayeaitsME collected $2 from pot
*** SUMMARY ***
Total pot $2 | Rake $0
Seat 1: Velbor107 (button) (small blind) folded before Flop
Seat 3: yeayeaitsME (big blind) collected ($2)


PokerStars Hand #158399548997:  Hold'em Limit ($3/$6 USD) - 2016/09/09 22:18:34 ET
Table 'Echo' 6-max Seat #3 is the button
Seat 1: Velbor107 ($259.66 in chips)
Seat 3: yeayeaitsME ($132.48 in chips)
yeayeaitsME: posts small blind $1
Velbor107: posts big blind $3
*** HOLE CARDS ***
yeayeaitsME: folds
Uncalled bet ($2) returned to Velbor107
Velbor107 collected $2 from pot
*** SUMMARY ***
Total pot $2 | Rake $0
Seat 1: Velbor107 (big blind) collected ($2)
Seat 3: yeayeaitsME (button) (small blind) folded before Flop


PokerStars Hand #158399542110:  Hold'em Limit ($3/$6 USD) - 2016/09/09 22:18:15 ET
Table 'Echo' 6-max Seat #1 is the button
Seat 1: Velbor107 ($253.90 in chips)
Seat 3: yeayeaitsME ($138.48 in chips)
Velbor107: posts small blind $1
yeayeaitsME: posts big blind $3
*** HOLE CARDS ***
Velbor107: raises $3 to $6
yeayeaitsME: calls $3
*** FLOP *** [Jc 9d 4h]
yeayeaitsME: checks
Velbor107: bets $3
yeayeaitsME: folds
Uncalled bet ($3) returned to Velbor107
Velbor107 collected $11.76 from pot
*** SUMMARY ***
Total pot $12 | Rake $0.24
Board [Jc 9d 4h]
Seat 1: Velbor107 (button) (small blind) collected ($11.76)
Seat 3: yeayeaitsME (big blind) folded on the Flop


PokerStars Hand #158399561362:  Hold'em Limit ($3/$6 USD) - 2016/09/09 22:18:41 ET
Table 'Echo' 6-max Seat #1 is the button
Seat 1: Velbor107 ($260.66 in chips)
Seat 3: yeayeaitsME ($131.48 in chips)
Velbor107: posts small blind $1
yeayeaitsME: posts big blind $3
*** HOLE CARDS ***
Velbor107: raises $3 to $6
yeayeaitsME: raises $3 to $9
Velbor107: calls $3
*** FLOP *** [6s 7c Ah]
yeayeaitsME: bets $3
Velbor107: folds
Uncalled bet ($3) returned to yeayeaitsME
yeayeaitsME collected $17.64 from pot
*** SUMMARY ***
Total pot $18 | Rake $0.36
Board [6s 7c Ah]
Seat 1: Velbor107 (button) (small blind) folded on the Flop
Seat 3: yeayeaitsME (big blind) collected ($17.64)


PokerStars Hand #158399566523:  Hold'em Limit ($3/$6 USD) - 2016/09/09 22:18:55 ET
Table 'Echo' 6-max Seat #3 is the button
Seat 1: Velbor107 ($251.66 in chips)
Seat 3: yeayeaitsME ($140.12 in chips)
yeayeaitsME: posts small blind $1
Velbor107: posts big blind $3
*** HOLE CARDS ***
yeayeaitsME: raises $3 to $6
Velbor107: calls $3
*** FLOP *** [Qd As 6c]
Velbor107: checks
yeayeaitsME: bets $3
Velbor107: folds
Uncalled bet ($3) returned to yeayeaitsME
yeayeaitsME collected $11.76 from pot
*** SUMMARY ***
Total pot $12 | Rake $0.24
Board [Qd As 6c]
Seat 1: Velbor107 (big blind) folded on the Flop
Seat 3: yeayeaitsME (button) (small blind) collected ($11.76)


PokerStars Hand #158399572361:  Hold'em Limit ($3/$6 USD) - 2016/09/09 22:19:11 ET
Table 'Echo' 6-max Seat #1 is the button
Seat 1: Velbor107 ($245.66 in chips)
Seat 3: yeayeaitsME ($145.88 in chips)
Velbor107: posts small blind $1
yeayeaitsME: posts big blind $3
*** HOLE CARDS ***
Velbor107: raises $3 to $6
yeayeaitsME: folds
Uncalled bet ($3) returned to Velbor107
Velbor107 collected $6 from pot
*** SUMMARY ***
Total pot $6 | Rake $0
Seat 1: Velbor107 (button) (small blind) collected ($6)
Seat 3: yeayeaitsME (big blind) folded before Flop


PokerStars Hand #158399574670:  Hold'em Limit ($3/$6 USD) - 2016/09/09 22:19:17 ET
Table 'Echo' 6-max Seat #3 is the button
Seat 1: Velbor107 ($248.66 in chips)
Seat 3: yeayeaitsME ($142.88 in chips)
yeayeaitsME: posts small blind $1
Velbor107: posts big blind $3
*** HOLE CARDS ***
ManuelSikora leaves the table
yeayeaitsME: raises $3 to $6
Velbor107: folds
Uncalled bet ($3) returned to yeayeaitsME
yeayeaitsME collected $6 from pot
*** SUMMARY ***
Total pot $6 | Rake $0
Seat 1: Velbor107 (big blind) folded before Flop
Seat 3: yeayeaitsME (button) (small blind) collected ($6)


