PokerStars Hand #161634345153:  Hold'em Limit ($3/$6 USD) - 2016/11/19 8:34:33 ET
Table 'Edasich' 6-max Seat #4 is the button
Seat 3: gabiruboy ($57.50 in chips)
Seat 4: Koraseg ($101.52 in chips)
Koraseg: posts small blind $1
gabiruboy: posts big blind $3
*** HOLE CARDS ***
Koraseg: folds
Uncalled bet ($2) returned to gabiruboy
gabiruboy collected $2 from pot
gabiruboy: doesn't show hand
*** SUMMARY ***
Total pot $2 | Rake $0
Seat 3: gabiruboy (big blind) collected ($2)
Seat 4: Koraseg (button) (small blind) folded before Flop


PokerStars Hand #161634341087:  Hold'em Limit ($3/$6 USD) - 2016/11/19 8:34:27 ET
Table 'Edasich' 6-max Seat #3 is the button
Seat 3: gabiruboy ($58.50 in chips)
Seat 4: Koraseg ($100.52 in chips)
gabiruboy: posts small blind $1
Koraseg: posts big blind $3
*** HOLE CARDS ***
gabiruboy: folds
Uncalled bet ($2) returned to Koraseg
Koraseg collected $2 from pot
Koraseg: doesn't show hand
*** SUMMARY ***
Total pot $2 | Rake $0
Seat 3: gabiruboy (button) (small blind) folded before Flop
Seat 4: Koraseg (big blind) collected ($2)


PokerStars Hand #161634330304:  Hold'em Limit ($3/$6 USD) - 2016/11/19 8:34:10 ET
Table 'Edasich' 6-max Seat #4 is the button
Seat 3: gabiruboy ($70.50 in chips)
Seat 4: Koraseg ($89 in chips)
Koraseg: posts small blind $1
gabiruboy: posts big blind $3
*** HOLE CARDS ***
Koraseg: raises $3 to $6
gabiruboy: calls $3
*** FLOP *** [5h 8s 6d]
gabiruboy: checks
Koraseg: bets $3
gabiruboy: raises $3 to $6
Koraseg: calls $3
*** TURN *** [5h 8s 6d] [Ad]
gabiruboy: checks
Koraseg: bets $6
gabiruboy: folds
Uncalled bet ($6) returned to Koraseg
Koraseg collected $23.52 from pot
Koraseg: doesn't show hand
*** SUMMARY ***
Total pot $24 | Rake $0.48
Board [5h 8s 6d Ad]
Seat 3: gabiruboy (big blind) folded on the Turn
Seat 4: Koraseg (button) (small blind) collected ($23.52)


PokerStars Hand #161634360847:  Hold'em Limit ($3/$6 USD) - 2016/11/19 8:34:58 ET
Table 'Edasich' 6-max Seat #4 is the button
Seat 3: gabiruboy ($67.14 in chips)
Seat 4: Koraseg ($91.52 in chips)
Koraseg: posts small blind $1
gabiruboy: posts big blind $3
*** HOLE CARDS ***
Koraseg: raises $3 to $6
gabiruboy: calls $3
*** FLOP *** [2h 5h 6c]
gabiruboy: checks
Koraseg: bets $3
gabiruboy: calls $3
*** TURN *** [2h 5h 6c] [4c]
gabiruboy: checks
Koraseg: checks
*** RIVER *** [2h 5h 6c 4c] [7s]
gabiruboy: bets $6
Koraseg: raises $6 to $12
gabiruboy: calls $6
*** SHOW DOWN ***
Koraseg: shows [9h 8d] (a straight, Five to Nine)
gabiruboy: mucks hand
Koraseg collected $41.50 from pot
*** SUMMARY ***
Total pot $42 | Rake $0.50
Board [2h 5h 6c 4c 7s]
Seat 3: gabiruboy (big blind) mucked
Seat 4: Koraseg (button) (small blind) showed [9h 8d] and won ($41.50) with a straight, Five to Nine


PokerStars Hand #161634349293:  Hold'em Limit ($3/$6 USD) - 2016/11/19 8:34:40 ET
Table 'Edasich' 6-max Seat #3 is the button
Seat 3: gabiruboy ($58.50 in chips)
Seat 4: Koraseg ($100.52 in chips)
gabiruboy: posts small blind $1
Koraseg: posts big blind $3
*** HOLE CARDS ***
gabiruboy: raises $3 to $6
Koraseg: calls $3
*** FLOP *** [2s Jd 9c]
Koraseg: checks
gabiruboy: bets $3
Koraseg: calls $3
*** TURN *** [2s Jd 9c] [Td]
Koraseg: checks
gabiruboy: bets $6
Koraseg: folds
Uncalled bet ($6) returned to gabiruboy
gabiruboy collected $17.64 from pot
*** SUMMARY ***
Total pot $18 | Rake $0.36
Board [2s Jd 9c Td]
Seat 3: gabiruboy (button) (small blind) collected ($17.64)
Seat 4: Koraseg (big blind) folded on the Turn


PokerStars Hand #161634409224:  Hold'em Limit ($3/$6 USD) - 2016/11/19 8:36:15 ET
Table 'Edasich' 6-max Seat #3 is the button
Seat 3: gabiruboy ($29.14 in chips)
Seat 4: Koraseg ($128.52 in chips)
gabiruboy: posts small blind $1
Koraseg: posts big blind $3
*** HOLE CARDS ***
gabiruboy: raises $3 to $6
Koraseg: folds
Uncalled bet ($3) returned to gabiruboy
gabiruboy collected $6 from pot
*** SUMMARY ***
Total pot $6 | Rake $0
Seat 3: gabiruboy (button) (small blind) collected ($6)
Seat 4: Koraseg (big blind) folded before Flop


PokerStars Hand #161634405224:  Hold'em Limit ($3/$6 USD) - 2016/11/19 8:36:08 ET
Table 'Edasich' 6-max Seat #4 is the button
Seat 3: gabiruboy ($28.14 in chips)
Seat 4: Koraseg ($129.52 in chips)
Koraseg: posts small blind $1
gabiruboy: posts big blind $3
*** HOLE CARDS ***
Koraseg: folds
Uncalled bet ($2) returned to gabiruboy
gabiruboy collected $2 from pot
*** SUMMARY ***
Total pot $2 | Rake $0
Seat 3: gabiruboy (big blind) collected ($2)
Seat 4: Koraseg (button) (small blind) folded before Flop


PokerStars Hand #161634379691:  Hold'em Limit ($3/$6 USD) - 2016/11/19 8:35:28 ET
Table 'Edasich' 6-max Seat #3 is the button
Seat 3: gabiruboy ($46.14 in chips)
Seat 4: Koraseg ($112.02 in chips)
gabiruboy: posts small blind $1
Koraseg: posts big blind $3
*** HOLE CARDS ***
gabiruboy: raises $3 to $6
Koraseg: calls $3
*** FLOP *** [3s 2s 5h]
Koraseg: checks
gabiruboy: checks
*** TURN *** [3s 2s 5h] [6d]
Koraseg: bets $6
gabiruboy: raises $6 to $12
Koraseg: calls $6
*** RIVER *** [3s 2s 5h 6d] [5s]
Koraseg: checks
gabiruboy: checks
*** SHOW DOWN ***
Koraseg: shows [7d Ac] (a pair of Fives)
gabiruboy: mucks hand
Koraseg collected $35.50 from pot
*** SUMMARY ***
Total pot $36 | Rake $0.50
Board [3s 2s 5h 6d 5s]
Seat 3: gabiruboy (button) (small blind) mucked
Seat 4: Koraseg (big blind) showed [7d Ac] and won ($35.50) with a pair of Fives


PokerStars Hand #161634448220:  Hold'em Limit ($3/$6 USD) - 2016/11/19 8:37:17 ET
Table 'Edasich' 6-max Seat #4 is the button
Seat 3: gabiruboy ($43.78 in chips)
Seat 4: Koraseg ($113.52 in chips)
Koraseg: posts small blind $1
gabiruboy: posts big blind $3
*** HOLE CARDS ***
Koraseg: raises $3 to $6
gabiruboy: calls $3
*** FLOP *** [9s Td 4c]
gabiruboy: checks
Koraseg: checks
*** TURN *** [9s Td 4c] [2d]
gabiruboy: bets $6
Koraseg: folds
Uncalled bet ($6) returned to gabiruboy
gabiruboy collected $11.76 from pot
*** SUMMARY ***
Total pot $12 | Rake $0.24
Board [9s Td 4c 2d]
Seat 3: gabiruboy (big blind) collected ($11.76)
Seat 4: Koraseg (button) (small blind) folded on the Turn


PokerStars Hand #161634442781:  Hold'em Limit ($3/$6 USD) - 2016/11/19 8:37:08 ET
Table 'Edasich' 6-max Seat #3 is the button
Seat 3: gabiruboy ($40.78 in chips)
Seat 4: Koraseg ($116.52 in chips)
gabiruboy: posts small blind $1
Koraseg: posts big blind $3
*** HOLE CARDS ***
gabiruboy: raises $3 to $6
Koraseg: folds
Uncalled bet ($3) returned to gabiruboy
gabiruboy collected $6 from pot
gabiruboy: doesn't show hand
*** SUMMARY ***
Total pot $6 | Rake $0
Seat 3: gabiruboy (button) (small blind) collected ($6)
Seat 4: Koraseg (big blind) folded before Flop


PokerStars Hand #161634437392:  Hold'em Limit ($3/$6 USD) - 2016/11/19 8:36:59 ET
Table 'Edasich' 6-max Seat #4 is the button
Seat 3: gabiruboy ($43.78 in chips)
Seat 4: Koraseg ($113.52 in chips)
Koraseg: posts small blind $1
gabiruboy: posts big blind $3
*** HOLE CARDS ***
Koraseg: raises $3 to $6
gabiruboy: folds
Uncalled bet ($3) returned to Koraseg
Koraseg collected $6 from pot
Koraseg: doesn't show hand
*** SUMMARY ***
Total pot $6 | Rake $0
Seat 3: gabiruboy (big blind) folded before Flop
Seat 4: Koraseg (button) (small blind) collected ($6)


PokerStars Hand #161634432844:  Hold'em Limit ($3/$6 USD) - 2016/11/19 8:36:52 ET
Table 'Edasich' 6-max Seat #3 is the button
Seat 3: gabiruboy ($40.78 in chips)
Seat 4: Koraseg ($116.52 in chips)
gabiruboy: posts small blind $1
Koraseg: posts big blind $3
*** HOLE CARDS ***
gabiruboy: raises $3 to $6
Koraseg: folds
Uncalled bet ($3) returned to gabiruboy
gabiruboy collected $6 from pot
*** SUMMARY ***
Total pot $6 | Rake $0
Seat 3: gabiruboy (button) (small blind) collected ($6)
Seat 4: Koraseg (big blind) folded before Flop


PokerStars Hand #161634416017:  Hold'em Limit ($3/$6 USD) - 2016/11/19 8:36:26 ET
Table 'Edasich' 6-max Seat #4 is the button
Seat 3: gabiruboy ($32.14 in chips)
Seat 4: Koraseg ($125.52 in chips)
Koraseg: posts small blind $1
gabiruboy: posts big blind $3
*** HOLE CARDS ***
Koraseg: raises $3 to $6
gabiruboy: calls $3
*** FLOP *** [Js 6c 4d]
gabiruboy: checks
Koraseg: bets $3
gabiruboy: calls $3
*** TURN *** [Js 6c 4d] [8c]
gabiruboy: checks
Koraseg: checks
*** RIVER *** [Js 6c 4d 8c] [6s]
gabiruboy: bets $6
Koraseg: folds
Uncalled bet ($6) returned to gabiruboy
gabiruboy collected $17.64 from pot
gabiruboy: doesn't show hand
*** SUMMARY ***
Total pot $18 | Rake $0.36
Board [Js 6c 4d 8c 6s]
Seat 3: gabiruboy (big blind) collected ($17.64)
Seat 4: Koraseg (button) (small blind) folded on the River


PokerStars Hand #161634486621:  Hold'em Limit ($3/$6 USD) - 2016/11/19 8:38:18 ET
Table 'Edasich' 6-max Seat #4 is the button
Seat 3: gabiruboy ($34.54 in chips)
Seat 4: Koraseg ($122.02 in chips)
Koraseg: posts small blind $1
gabiruboy: posts big blind $3
*** HOLE CARDS ***
Koraseg: raises $3 to $6
gabiruboy: calls $3
*** FLOP *** [8d 3d Ks]
gabiruboy: checks
Koraseg: bets $3
gabiruboy: calls $3
*** TURN *** [8d 3d Ks] [As]
gabiruboy: checks
Koraseg: checks
*** RIVER *** [8d 3d Ks As] [4h]
gabiruboy: bets $6
Koraseg: calls $6
*** SHOW DOWN ***
gabiruboy: shows [2c Kd] (a pair of Kings)
Koraseg: mucks hand
gabiruboy collected $29.50 from pot
*** SUMMARY ***
Total pot $30 | Rake $0.50
Board [8d 3d Ks As 4h]
Seat 3: gabiruboy (big blind) showed [2c Kd] and won ($29.50) with a pair of Kings
Seat 4: Koraseg (button) (small blind) mucked


PokerStars Hand #161634457701:  Hold'em Limit ($3/$6 USD) - 2016/11/19 8:37:32 ET
Table 'Edasich' 6-max Seat #3 is the button
Seat 3: gabiruboy ($49.54 in chips)
Seat 4: Koraseg ($107.52 in chips)
gabiruboy: posts small blind $1
Koraseg: posts big blind $3
*** HOLE CARDS ***
gabiruboy: raises $3 to $6
Koraseg: calls $3
*** FLOP *** [6s Ah 4s]
Koraseg: checks
gabiruboy: bets $3
Koraseg: calls $3
*** TURN *** [6s Ah 4s] [6c]
Koraseg: checks
gabiruboy: bets $6
HAL9QQQ joins the table at seat #6
Koraseg: calls $6
*** RIVER *** [6s Ah 4s 6c] [3d]
Koraseg: checks
gabiruboy: checks
*** SHOW DOWN ***
Koraseg: shows [Qh 4d] (two pair, Sixes and Fours)
gabiruboy: mucks hand
Koraseg collected $29.50 from pot
*** SUMMARY ***
Total pot $30 | Rake $0.50
Board [6s Ah 4s 6c 3d]
Seat 3: gabiruboy (button) (small blind) mucked
Seat 4: Koraseg (big blind) showed [Qh 4d] and won ($29.50) with two pair, Sixes and Fours


PokerStars Hand #161634534536:  Hold'em Limit ($3/$6 USD) - 2016/11/19 8:39:34 ET
Table 'Edasich' 6-max Seat #4 is the button
Seat 3: gabiruboy ($51.54 in chips)
Seat 4: Koraseg ($103.52 in chips)
Koraseg: posts small blind $1
gabiruboy: posts big blind $3
*** HOLE CARDS ***
Koraseg: raises $3 to $6
gabiruboy: calls $3
*** FLOP *** [4h Qc Kd]
gabiruboy: checks
Koraseg: bets $3
gabiruboy: folds
Uncalled bet ($3) returned to Koraseg
Koraseg collected $11.76 from pot
Koraseg: doesn't show hand
*** SUMMARY ***
Total pot $12 | Rake $0.24
Board [4h Qc Kd]
Seat 3: gabiruboy (big blind) folded on the Flop
Seat 4: Koraseg (button) (small blind) collected ($11.76)


PokerStars Hand #161634529608:  Hold'em Limit ($3/$6 USD) - 2016/11/19 8:39:26 ET
Table 'Edasich' 6-max Seat #3 is the button
Seat 3: gabiruboy ($48.54 in chips)
Seat 4: Koraseg ($106.52 in chips)
gabiruboy: posts small blind $1
Koraseg: posts big blind $3
*** HOLE CARDS ***
gabiruboy: raises $3 to $6
Koraseg: folds
Uncalled bet ($3) returned to gabiruboy
gabiruboy collected $6 from pot
*** SUMMARY ***
Total pot $6 | Rake $0
Seat 3: gabiruboy (button) (small blind) collected ($6)
Seat 4: Koraseg (big blind) folded before Flop


PokerStars Hand #161634512404:  Hold'em Limit ($3/$6 USD) - 2016/11/19 8:38:59 ET
Table 'Edasich' 6-max Seat #4 is the button
Seat 3: gabiruboy ($28.04 in chips)
Seat 4: Koraseg ($127.52 in chips)
Koraseg: posts small blind $1
gabiruboy: posts big blind $3
*** HOLE CARDS ***
Koraseg: raises $3 to $6
gabiruboy: calls $3
*** FLOP *** [5d 5h Jc]
gabiruboy: checks
Koraseg: bets $3
gabiruboy: calls $3
*** TURN *** [5d 5h Jc] [3h]
gabiruboy: checks
Koraseg: bets $6
gabiruboy: calls $6
*** RIVER *** [5d 5h Jc 3h] [7c]
gabiruboy: checks
Koraseg: bets $6
gabiruboy: calls $6
*** SHOW DOWN ***
Koraseg: shows [4s 2s] (a pair of Fives)
gabiruboy: shows [As 8h] (a pair of Fives - Ace kicker)
gabiruboy collected $41.50 from pot
*** SUMMARY ***
Total pot $42 | Rake $0.50
Board [5d 5h Jc 3h 7c]
Seat 3: gabiruboy (big blind) showed [As 8h] and won ($41.50) with a pair of Fives
Seat 4: Koraseg (button) (small blind) showed [4s 2s] and lost with a pair of Fives


PokerStars Hand #161634500577:  Hold'em Limit ($3/$6 USD) - 2016/11/19 8:38:40 ET
Table 'Edasich' 6-max Seat #3 is the button
Seat 3: gabiruboy ($49.04 in chips)
Seat 4: Koraseg ($107.02 in chips)
gabiruboy: posts small blind $1
Koraseg: posts big blind $3
*** HOLE CARDS ***
gabiruboy: calls $2
Koraseg: raises $3 to $6
gabiruboy: calls $3
*** FLOP *** [2d Qs Kd]
Koraseg: bets $3
gabiruboy: calls $3
*** TURN *** [2d Qs Kd] [Ks]
Koraseg: bets $6
gabiruboy: raises $6 to $12
Koraseg: raises $6 to $18
gabiruboy: folds
Uncalled bet ($6) returned to Koraseg
Koraseg collected $41.50 from pot
Koraseg: doesn't show hand
*** SUMMARY ***
Total pot $42 | Rake $0.50
Board [2d Qs Kd Ks]
Seat 3: gabiruboy (button) (small blind) folded on the Turn
Seat 4: Koraseg (big blind) collected ($41.50)


PokerStars Hand #161634557865:  Hold'em Limit ($3/$6 USD) - 2016/11/19 8:40:11 ET
Table 'Edasich' 6-max Seat #3 is the button
Seat 3: gabiruboy ($52.30 in chips)
Seat 4: Koraseg ($102.28 in chips)
gabiruboy: posts small blind $1
Koraseg: posts big blind $3
*** HOLE CARDS ***
gabiruboy: raises $3 to $6
Koraseg: calls $3
*** FLOP *** [2s 2d 9h]
Koraseg: checks
gabiruboy: checks
*** TURN *** [2s 2d 9h] [Qs]
Koraseg: checks
gabiruboy: checks
*** RIVER *** [2s 2d 9h Qs] [2c]
Koraseg: checks
gabiruboy: bets $6
Koraseg: folds
Uncalled bet ($6) returned to gabiruboy
gabiruboy collected $11.76 from pot
*** SUMMARY ***
Total pot $12 | Rake $0.24
Board [2s 2d 9h Qs 2c]
Seat 3: gabiruboy (button) (small blind) collected ($11.76)
Seat 4: Koraseg (big blind) folded on the River


PokerStars Hand #161634552351:  Hold'em Limit ($3/$6 USD) - 2016/11/19 8:40:02 ET
Table 'Edasich' 6-max Seat #4 is the button
Seat 3: gabiruboy ($51.30 in chips)
Seat 4: Koraseg ($103.28 in chips)
Koraseg: posts small blind $1
gabiruboy: posts big blind $3
*** HOLE CARDS ***
Koraseg: folds
Uncalled bet ($2) returned to gabiruboy
gabiruboy collected $2 from pot
*** SUMMARY ***
Total pot $2 | Rake $0
Seat 3: gabiruboy (big blind) collected ($2)
Seat 4: Koraseg (button) (small blind) folded before Flop


PokerStars Hand #161634541413:  Hold'em Limit ($3/$6 USD) - 2016/11/19 8:39:45 ET
Table 'Edasich' 6-max Seat #3 is the button
Seat 3: gabiruboy ($45.54 in chips)
Seat 4: Koraseg ($109.28 in chips)
gabiruboy: posts small blind $1
Koraseg: posts big blind $3
*** HOLE CARDS ***
gabiruboy: raises $3 to $6
Koraseg: calls $3
*** FLOP *** [Js 8s Qc]
Koraseg: checks
gabiruboy: checks
*** TURN *** [Js 8s Qc] [2s]
Koraseg: checks
gabiruboy: bets $6
Koraseg: folds
Uncalled bet ($6) returned to gabiruboy
gabiruboy collected $11.76 from pot
gabiruboy: doesn't show hand
*** SUMMARY ***
Total pot $12 | Rake $0.24
Board [Js 8s Qc 2s]
Seat 3: gabiruboy (button) (small blind) collected ($11.76)
Seat 4: Koraseg (big blind) folded on the Turn


PokerStars Hand #161634572557:  Hold'em Limit ($3/$6 USD) - 2016/11/19 8:40:35 ET
Table 'Edasich' 6-max Seat #4 is the button
Seat 3: gabiruboy ($58.06 in chips)
Seat 4: Koraseg ($96.28 in chips)
Koraseg: posts small blind $1
gabiruboy: posts big blind $3
*** HOLE CARDS ***
Koraseg: raises $3 to $6
gabiruboy: calls $3
*** FLOP *** [Js Ah 9s]
gabiruboy: checks
Koraseg: bets $3
gabiruboy: raises $3 to $6
Koraseg: calls $3
*** TURN *** [Js Ah 9s] [Kc]
gabiruboy: checks
Koraseg: bets $6
gabiruboy: calls $6
*** RIVER *** [Js Ah 9s Kc] [7c]
gabiruboy: checks
Koraseg: bets $6
gabiruboy: calls $6
*** SHOW DOWN ***
Koraseg: shows [Ac 8h] (a pair of Aces)
gabiruboy: shows [3c Ad] (a pair of Aces)
gabiruboy collected $23.75 from pot
Koraseg collected $23.75 from pot
*** SUMMARY ***
Total pot $48 | Rake $0.50
Board [Js Ah 9s Kc 7c]
Seat 3: gabiruboy (big blind) showed [3c Ad] and won ($23.75) with a pair of Aces
Seat 4: Koraseg (button) (small blind) showed [Ac 8h] and won ($23.75) with a pair of Aces


PokerStars Hand #161634589305:  Hold'em Limit ($3/$6 USD) - 2016/11/19 8:41:01 ET
Table 'Edasich' 6-max Seat #3 is the button
Seat 3: gabiruboy ($57.81 in chips)
Seat 4: Koraseg ($96.03 in chips)
gabiruboy: posts small blind $1
Koraseg: posts big blind $3
*** HOLE CARDS ***
gabiruboy: raises $3 to $6
Koraseg: calls $3
*** FLOP *** [Jh 7c 9h]
Koraseg: checks
gabiruboy: bets $3
Koraseg: folds
Uncalled bet ($3) returned to gabiruboy
gabiruboy collected $11.76 from pot
*** SUMMARY ***
Total pot $12 | Rake $0.24
Board [Jh 7c 9h]
Seat 3: gabiruboy (button) (small blind) collected ($11.76)
Seat 4: Koraseg (big blind) folded on the Flop


PokerStars Hand #161634597231:  Hold'em Limit ($3/$6 USD) - 2016/11/19 8:41:14 ET
Table 'Edasich' 6-max Seat #4 is the button
Seat 3: gabiruboy ($63.57 in chips)
Seat 4: Koraseg ($90.03 in chips)
Koraseg: posts small blind $1
gabiruboy: posts big blind $3
*** HOLE CARDS ***
Koraseg: raises $3 to $6
gabiruboy: calls $3
*** FLOP *** [Qh 8h 9c]
gabiruboy: checks
Koraseg: bets $3
gabiruboy: raises $3 to $6
Koraseg: calls $3
*** TURN *** [Qh 8h 9c] [Kd]
gabiruboy: checks
Koraseg: checks
*** RIVER *** [Qh 8h 9c Kd] [5c]
gabiruboy: bets $6
Koraseg: folds
Uncalled bet ($6) returned to gabiruboy
gabiruboy collected $23.52 from pot
gabiruboy: doesn't show hand
*** SUMMARY ***
Total pot $24 | Rake $0.48
Board [Qh 8h 9c Kd 5c]
Seat 3: gabiruboy (big blind) collected ($23.52)
Seat 4: Koraseg (button) (small blind) folded on the River


PokerStars Hand #161634610349:  Hold'em Limit ($3/$6 USD) - 2016/11/19 8:41:34 ET
Table 'Edasich' 6-max Seat #3 is the button
Seat 3: gabiruboy ($75.09 in chips)
Seat 4: Koraseg ($78.03 in chips)
gabiruboy: posts small blind $1
Koraseg: posts big blind $3
*** HOLE CARDS ***
gabiruboy: raises $3 to $6
Koraseg: calls $3
*** FLOP *** [7d Kh Qh]
Koraseg: checks
Mordnilap joins the table at seat #5
gabiruboy: bets $3
Koraseg: calls $3
*** TURN *** [7d Kh Qh] [9d]
Koraseg: checks
gabiruboy: checks
*** RIVER *** [7d Kh Qh 9d] [Qc]
Koraseg: bets $6
gabiruboy: calls $6
*** SHOW DOWN ***
Koraseg: shows [3s Qd] (three of a kind, Queens)
gabiruboy: mucks hand
Koraseg collected $29.50 from pot
*** SUMMARY ***
Total pot $30 | Rake $0.50
Board [7d Kh Qh 9d Qc]
Seat 3: gabiruboy (button) (small blind) mucked
Seat 4: Koraseg (big blind) showed [3s Qd] and won ($29.50) with three of a kind, Queens


PokerStars Hand #161653250724:  Hold'em Limit ($3/$6 USD) - 2016/11/19 15:20:49 ET
Table 'Edasich' 6-max Seat #4 is the button
Seat 2: Teddycm ($180.32 in chips)
Seat 4: RaisemyNut$ ($116.01 in chips)
RaisemyNut$: posts small blind $1
ToDaFelt: is sitting out
Teddycm: posts big blind $3
*** HOLE CARDS ***
RaisemyNut$: folds
Uncalled bet ($2) returned to Teddycm
ToDaFelt leaves the table
Teddycm collected $2 from pot
Teddycm: doesn't show hand
*** SUMMARY ***
Total pot $2 | Rake $0
Seat 2: Teddycm (big blind) collected ($2)
Seat 4: RaisemyNut$ (button) (small blind) folded before Flop


PokerStars Hand #161653255539:  Hold'em Limit ($3/$6 USD) - 2016/11/19 15:20:55 ET
Table 'Edasich' 6-max Seat #2 is the button
Seat 2: Teddycm ($181.32 in chips)
Seat 4: RaisemyNut$ ($115.01 in chips)
Teddycm: posts small blind $1
RaisemyNut$: posts big blind $3
*** HOLE CARDS ***
Teddycm: raises $3 to $6
RaisemyNut$: raises $3 to $9
Teddycm: calls $3
*** FLOP *** [8d 7h 4h]
RaisemyNut$: bets $3
Teddycm: calls $3
*** TURN *** [8d 7h 4h] [8c]
RaisemyNut$: bets $6
Teddycm: calls $6
*** RIVER *** [8d 7h 4h 8c] [3h]
RaisemyNut$: checks
Teddycm: checks
*** SHOW DOWN ***
RaisemyNut$: shows [2h 2d] (two pair, Eights and Deuces)
Teddycm: mucks hand
RaisemyNut$ collected $35.50 from pot
*** SUMMARY ***
Total pot $36 | Rake $0.50
Board [8d 7h 4h 8c 3h]
Seat 2: Teddycm (button) (small blind) mucked
Seat 4: RaisemyNut$ (big blind) showed [2h 2d] and won ($35.50) with two pair, Eights and Deuces


PokerStars Hand #161653276162:  Hold'em Limit ($3/$6 USD) - 2016/11/19 15:21:18 ET
Table 'Edasich' 6-max Seat #2 is the button
Seat 2: Teddycm ($160.32 in chips)
Seat 4: RaisemyNut$ ($135.51 in chips)
Teddycm: posts small blind $1
RaisemyNut$: posts big blind $3
*** HOLE CARDS ***
Teddycm: raises $3 to $6
RaisemyNut$: folds
Uncalled bet ($3) returned to Teddycm
Teddycm collected $6 from pot
Teddycm: doesn't show hand
*** SUMMARY ***
Total pot $6 | Rake $0
Seat 2: Teddycm (button) (small blind) collected ($6)
Seat 4: RaisemyNut$ (big blind) folded before Flop


PokerStars Hand #161653305911:  Hold'em Limit ($3/$6 USD) - 2016/11/19 15:21:51 ET
Table 'Edasich' 6-max Seat #2 is the button
Seat 2: Teddycm ($139.32 in chips)
Seat 4: RaisemyNut$ ($156.01 in chips)
Teddycm: posts small blind $1
RaisemyNut$: posts big blind $3
*** HOLE CARDS ***
Teddycm: raises $3 to $6
RaisemyNut$: calls $3
*** FLOP *** [7c 4h 8h]
RaisemyNut$: checks
Teddycm: checks
*** TURN *** [7c 4h 8h] [3s]
RaisemyNut$: bets $6
Teddycm: folds
Uncalled bet ($6) returned to RaisemyNut$
RaisemyNut$ collected $11.76 from pot
RaisemyNut$: doesn't show hand
*** SUMMARY ***
Total pot $12 | Rake $0.24
Board [7c 4h 8h 3s]
Seat 2: Teddycm (button) (small blind) folded on the Turn
Seat 4: RaisemyNut$ (big blind) collected ($11.76)


PokerStars Hand #161653331098:  Hold'em Limit ($3/$6 USD) - 2016/11/19 15:22:20 ET
Table 'Edasich' 6-max Seat #2 is the button
Seat 2: Teddycm ($127.32 in chips)
Seat 4: RaisemyNut$ ($167.53 in chips)
Teddycm: posts small blind $1
RaisemyNut$: posts big blind $3
*** HOLE CARDS ***
paco74415 joins the table at seat #5
Teddycm: folds
Uncalled bet ($2) returned to RaisemyNut$
RaisemyNut$ collected $2 from pot
RaisemyNut$: doesn't show hand
*** SUMMARY ***
Total pot $2 | Rake $0
Seat 2: Teddycm (button) (small blind) folded before Flop
Seat 4: RaisemyNut$ (big blind) collected ($2)


PokerStars Hand #161653319079:  Hold'em Limit ($3/$6 USD) - 2016/11/19 15:22:06 ET
Table 'Edasich' 6-max Seat #4 is the button
Seat 2: Teddycm ($133.32 in chips)
Seat 4: RaisemyNut$ ($161.77 in chips)
RaisemyNut$: posts small blind $1
Teddycm: posts big blind $3
*** HOLE CARDS ***
RaisemyNut$: raises $3 to $6
Teddycm: calls $3
*** FLOP *** [6h Th Qh]
Teddycm: checks
RaisemyNut$: bets $3
Teddycm: folds
Uncalled bet ($3) returned to RaisemyNut$
RaisemyNut$ collected $11.76 from pot
RaisemyNut$: doesn't show hand
*** SUMMARY ***
Total pot $12 | Rake $0.24
Board [6h Th Qh]
Seat 2: Teddycm (big blind) folded on the Flop
Seat 4: RaisemyNut$ (button) (small blind) collected ($11.76)


PokerStars Hand #161653281089:  Hold'em Limit ($3/$6 USD) - 2016/11/19 15:21:23 ET
Table 'Edasich' 6-max Seat #4 is the button
Seat 2: Teddycm ($163.32 in chips)
Seat 4: RaisemyNut$ ($132.51 in chips)
RaisemyNut$: posts small blind $1
Teddycm: posts big blind $3
*** HOLE CARDS ***
RaisemyNut$: raises $3 to $6
Teddycm: raises $3 to $9
RaisemyNut$: calls $3
*** FLOP *** [Th Kd 8d]
Teddycm: bets $3
RaisemyNut$: calls $3
*** TURN *** [Th Kd 8d] [5h]
Teddycm: checks
RaisemyNut$: bets $6
Teddycm: calls $6
*** RIVER *** [Th Kd 8d 5h] [9h]
Teddycm: checks
RaisemyNut$: bets $6
Teddycm: calls $6
*** SHOW DOWN ***
RaisemyNut$: shows [Ac Ks] (a pair of Kings)
Teddycm: mucks hand
RaisemyNut$ collected $47.50 from pot
*** SUMMARY ***
Total pot $48 | Rake $0.50
Board [Th Kd 8d 5h 9h]
Seat 2: Teddycm (big blind) mucked
Seat 4: RaisemyNut$ (button) (small blind) showed [Ac Ks] and won ($47.50) with a pair of Kings


PokerStars Hand #161654537466:  Hold'em Limit ($3/$6 USD) - 2016/11/19 15:45:07 ET
Table 'Edasich' 6-max Seat #4 is the button
Seat 2: Teddycm ($224.20 in chips)
Seat 4: RaisemyNut$ ($143.17 in chips)
RaisemyNut$: posts small blind $1
grabaz: is sitting out
Teddycm: posts big blind $3
*** HOLE CARDS ***
grabaz leaves the table
RaisemyNut$: raises $3 to $6
Teddycm: calls $3
*** FLOP *** [4d Td 9h]
Teddycm: checks
RaisemyNut$: bets $3
Teddycm: calls $3
*** TURN *** [4d Td 9h] [Kh]
sugarmama888 joins the table at seat #5
Teddycm: checks
RaisemyNut$: checks
*** RIVER *** [4d Td 9h Kh] [2c]
Teddycm: checks
RaisemyNut$: bets $6
Teddycm: calls $6
*** SHOW DOWN ***
RaisemyNut$: shows [7h 7d] (a pair of Sevens)
Teddycm: mucks hand
RaisemyNut$ collected $29.50 from pot
*** SUMMARY ***
Total pot $30 | Rake $0.50
Board [4d Td 9h Kh 2c]
Seat 2: Teddycm (big blind) mucked
Seat 4: RaisemyNut$ (button) (small blind) showed [7h 7d] and won ($29.50) with a pair of Sevens


PokerStars Hand #161654566348:  Hold'em Limit ($3/$6 USD) - 2016/11/19 15:45:40 ET
Table 'Edasich' 6-max Seat #2 is the button
Seat 2: Teddycm ($209.20 in chips)
Seat 4: RaisemyNut$ ($157.67 in chips)
Teddycm: posts small blind $1
RaisemyNut$: posts big blind $3
*** HOLE CARDS ***
Teddycm: raises $3 to $6
RaisemyNut$: calls $3
*** FLOP *** [7s 2c 3d]
RaisemyNut$: checks
Teddycm: bets $3
RaisemyNut$: calls $3
*** TURN *** [7s 2c 3d] [5d]
RaisemyNut$: checks
Teddycm: bets $6
RaisemyNut$: calls $6
*** RIVER *** [7s 2c 3d 5d] [6s]
RaisemyNut$: checks
Teddycm: bets $6
Menotti joins the table at seat #1
RaisemyNut$: folds
Uncalled bet ($6) returned to Teddycm
Teddycm collected $29.50 from pot
Teddycm: doesn't show hand
Muhaluch joins the table at seat #3
*** SUMMARY ***
Total pot $30 | Rake $0.50
Board [7s 2c 3d 5d 6s]
Seat 2: Teddycm (button) (small blind) collected ($29.50)
Seat 4: RaisemyNut$ (big blind) folded on the River


PokerStars Hand #161663011310:  Hold'em Limit ($3/$6 USD) - 2016/11/19 18:38:53 ET
Table 'Edasich' 6-max Seat #4 is the button
Seat 4: RaisemyNut$ ($60 in chips)
Seat 6: ToDaFelt ($363.20 in chips)
RaisemyNut$: posts small blind $1
MadFox666: is sitting out
ToDaFelt: posts big blind $3
*** HOLE CARDS ***
RaisemyNut$: raises $3 to $6
ToDaFelt: raises $3 to $9
RaisemyNut$: calls $3
*** FLOP *** [7d Tc 5h]
MadFox666 leaves the table
ToDaFelt: bets $3
RaisemyNut$: calls $3
*** TURN *** [7d Tc 5h] [2c]
ToDaFelt: bets $6
RaisemyNut$: calls $6
*** RIVER *** [7d Tc 5h 2c] [7h]
ToDaFelt: bets $6
RaisemyNut$: calls $6
*** SHOW DOWN ***
ToDaFelt: shows [Js Ad] (a pair of Sevens)
RaisemyNut$: shows [9d 5d] (two pair, Sevens and Fives)
RaisemyNut$ collected $47.50 from pot
*** SUMMARY ***
Total pot $48 | Rake $0.50
Board [7d Tc 5h 2c 7h]
Seat 4: RaisemyNut$ (button) (small blind) showed [9d 5d] and won ($47.50) with two pair, Sevens and Fives
Seat 6: ToDaFelt (big blind) showed [Js Ad] and lost with a pair of Sevens


