PokerStars Hand #163844112248:  Hold'em Limit ($3/$6 USD) - 2016/12/31 20:55:02 ET
Table 'Edasich' 6-max Seat #1 is the button
Seat 1: Opal10 ($424.52 in chips)
Seat 4: AzureCaper ($72 in chips)
Opal10: posts small blind $1
AzureCaper: posts big blind $3
*** HOLE CARDS ***
Opal10: raises $3 to $6
AzureCaper: folds
Uncalled bet ($3) returned to Opal10
Opal10 collected $6 from pot
Opal10: doesn't show hand
*** SUMMARY ***
Total pot $6 | Rake $0
Seat 1: Opal10 (button) (small blind) collected ($6)
Seat 4: AzureCaper (big blind) folded before Flop


PokerStars Hand #163844116166:  Hold'em Limit ($3/$6 USD) - 2016/12/31 20:55:13 ET
Table 'Edasich' 6-max Seat #4 is the button
Seat 1: Opal10 ($427.52 in chips)
Seat 4: AzureCaper ($72 in chips)
AzureCaper: posts small blind $1
Opal10: posts big blind $3
*** HOLE CARDS ***
AzureCaper: folds
Uncalled bet ($2) returned to Opal10
Opal10 collected $2 from pot
Opal10: doesn't show hand
*** SUMMARY ***
Total pot $2 | Rake $0
Seat 1: Opal10 (big blind) collected ($2)
Seat 4: AzureCaper (button) (small blind) folded before Flop


PokerStars Hand #163844117972:  Hold'em Limit ($3/$6 USD) - 2016/12/31 20:55:18 ET
Table 'Edasich' 6-max Seat #1 is the button
Seat 1: Opal10 ($428.52 in chips)
Seat 4: AzureCaper ($72 in chips)
Opal10: posts small blind $1
AzureCaper: posts big blind $3
*** HOLE CARDS ***
Opal10: calls $2
AzureCaper: checks
*** FLOP *** [Qh Qd Js]
AzureCaper: checks
Opal10: checks
*** TURN *** [Qh Qd Js] [Tc]
AzureCaper: checks
Opal10: checks
*** RIVER *** [Qh Qd Js Tc] [2h]
AzureCaper: checks
Opal10: checks
*** SHOW DOWN ***
AzureCaper: shows [3s 5s] (a pair of Queens)
Opal10: shows [3c 5d] (a pair of Queens)
AzureCaper collected $2.94 from pot
Opal10 collected $2.94 from pot
*** SUMMARY ***
Total pot $6 | Rake $0.12
Board [Qh Qd Js Tc 2h]
Seat 1: Opal10 (button) (small blind) showed [3c 5d] and won ($2.94) with a pair of Queens
Seat 4: AzureCaper (big blind) showed [3s 5s] and won ($2.94) with a pair of Queens


PokerStars Hand #163844124123:  Hold'em Limit ($3/$6 USD) - 2016/12/31 20:55:36 ET
Table 'Edasich' 6-max Seat #4 is the button
Seat 1: Opal10 ($428.46 in chips)
Seat 4: AzureCaper ($72 in chips)
AzureCaper: posts small blind $1
Opal10: posts big blind $3
*** HOLE CARDS ***
AzureCaper: raises $3 to $6
Opal10: calls $3
*** FLOP *** [3h 3s 9s]
Opal10: bets $3
AzureCaper: calls $3
*** TURN *** [3h 3s 9s] [2s]
Opal10: bets $6
AzureCaper: folds
Uncalled bet ($6) returned to Opal10
Opal10 collected $17.64 from pot
Opal10: doesn't show hand
*** SUMMARY ***
Total pot $18 | Rake $0.36
Board [3h 3s 9s 2s]
Seat 1: Opal10 (big blind) collected ($17.64)
Seat 4: AzureCaper (button) (small blind) folded on the Turn


PokerStars Hand #163844128445:  Hold'em Limit ($3/$6 USD) - 2016/12/31 20:55:49 ET
Table 'Edasich' 6-max Seat #1 is the button
Seat 1: Opal10 ($437.10 in chips)
Seat 4: AzureCaper ($72 in chips)
Opal10: posts small blind $1
AzureCaper: posts big blind $3
*** HOLE CARDS ***
Opal10: raises $3 to $6
AzureCaper: calls $3
*** FLOP *** [3h Kd 4h]
sokol-max-PS joins the table at seat #2
AzureCaper: checks
Opal10: bets $3
AzureCaper: folds
Uncalled bet ($3) returned to Opal10
Opal10 collected $11.76 from pot
Opal10: doesn't show hand
*** SUMMARY ***
Total pot $12 | Rake $0.24
Board [3h Kd 4h]
Seat 1: Opal10 (button) (small blind) collected ($11.76)
Seat 4: AzureCaper (big blind) folded on the Flop


PokerStars Hand #163844132865:  Hold'em Limit ($3/$6 USD) - 2016/12/31 20:56:02 ET
Table 'Edasich' 6-max Seat #4 is the button
Seat 1: Opal10 ($442.86 in chips)
Seat 4: AzureCaper ($72 in chips)
AzureCaper: posts small blind $1
Opal10: posts big blind $3
*** HOLE CARDS ***
AzureCaper: raises $3 to $6
Opal10: calls $3
*** FLOP *** [Kh Td 9h]
Opal10: checks
AzureCaper: bets $3
Opal10: raises $3 to $6
AzureCaper: folds
Uncalled bet ($3) returned to Opal10
Opal10 collected $17.64 from pot
Opal10: doesn't show hand
*** SUMMARY ***
Total pot $18 | Rake $0.36
Board [Kh Td 9h]
Seat 1: Opal10 (big blind) collected ($17.64)
Seat 4: AzureCaper (button) (small blind) folded on the Flop


PokerStars Hand #163844917356:  Hold'em Limit ($3/$6 USD) - 2016/12/31 21:30:34 ET
Table 'Edasich' 6-max Seat #1 is the button
Seat 1: Opal10 ($421.43 in chips)
Seat 4: AzureCaper ($81.95 in chips)
Opal10: posts small blind $1
AzureCaper: posts big blind $3
*** HOLE CARDS ***
Opal10: folds
Uncalled bet ($2) returned to AzureCaper
AzureCaper collected $2 from pot
AzureCaper: doesn't show hand
*** SUMMARY ***
Total pot $2 | Rake $0
Seat 1: Opal10 (button) (small blind) folded before Flop
Seat 4: AzureCaper (big blind) collected ($2)


PokerStars Hand #163844920873:  Hold'em Limit ($3/$6 USD) - 2016/12/31 21:30:44 ET
Table 'Edasich' 6-max Seat #4 is the button
Seat 1: Opal10 ($420.43 in chips)
Seat 4: AzureCaper ($82.95 in chips)
AzureCaper: posts small blind $1
Opal10: posts big blind $3
*** HOLE CARDS ***
AzureCaper: raises $3 to $6
Opal10: calls $3
*** FLOP *** [4c Jd 8d]
Opal10: bets $3
AzureCaper: calls $3
*** TURN *** [4c Jd 8d] [2s]
Opal10: bets $6
AzureCaper: calls $6
*** RIVER *** [4c Jd 8d 2s] [Js]
Opal10: bets $6
AzureCaper: calls $6
*** SHOW DOWN ***
Opal10: shows [Kd 6d] (a pair of Jacks)
AzureCaper: shows [Ah Qh] (a pair of Jacks - Ace kicker)
AzureCaper collected $41.50 from pot
*** SUMMARY ***
Total pot $42 | Rake $0.50
Board [4c Jd 8d 2s Js]
Seat 1: Opal10 (big blind) showed [Kd 6d] and lost with a pair of Jacks
Seat 4: AzureCaper (button) (small blind) showed [Ah Qh] and won ($41.50) with a pair of Jacks


PokerStars Hand #163844926790:  Hold'em Limit ($3/$6 USD) - 2016/12/31 21:31:00 ET
Table 'Edasich' 6-max Seat #1 is the button
Seat 1: Opal10 ($399.43 in chips)
Seat 4: AzureCaper ($103.45 in chips)
Opal10: posts small blind $1
AzureCaper: posts big blind $3
*** HOLE CARDS ***
Opal10: raises $3 to $6
AzureCaper: calls $3
*** FLOP *** [5h Ks Th]
AzureCaper: checks
Opal10: bets $3
AzureCaper: calls $3
*** TURN *** [5h Ks Th] [4s]
AzureCaper: checks
Opal10: checks
*** RIVER *** [5h Ks Th 4s] [2s]
AzureCaper: checks
Opal10: checks
*** SHOW DOWN ***
AzureCaper: shows [Qc Jh] (high card King)
Opal10: shows [7d 7h] (a pair of Sevens)
Opal10 collected $17.64 from pot
*** SUMMARY ***
Total pot $18 | Rake $0.36
Board [5h Ks Th 4s 2s]
Seat 1: Opal10 (button) (small blind) showed [7d 7h] and won ($17.64) with a pair of Sevens
Seat 4: AzureCaper (big blind) showed [Qc Jh] and lost with high card King


PokerStars Hand #163844915334:  Hold'em Limit ($3/$6 USD) - 2016/12/31 21:30:28 ET
Table 'Edasich' 6-max Seat #4 is the button
Seat 1: Opal10 ($420.43 in chips)
Seat 4: AzureCaper ($82.95 in chips)
AzureCaper: posts small blind $1
Nexus0404: is sitting out
Opal10: posts big blind $3
*** HOLE CARDS ***
AzureCaper: folds
Uncalled bet ($2) returned to Opal10
Opal10 collected $2 from pot
Opal10: doesn't show hand
Nexus0404 leaves the table
*** SUMMARY ***
Total pot $2 | Rake $0
Seat 1: Opal10 (big blind) collected ($2)
Seat 4: AzureCaper (button) (small blind) folded before Flop


PokerStars Hand #163844936260:  Hold'em Limit ($3/$6 USD) - 2016/12/31 21:31:25 ET
Table 'Edasich' 6-max Seat #1 is the button
Seat 1: Opal10 ($405.07 in chips)
Seat 4: AzureCaper ($97.45 in chips)
Opal10: posts small blind $1
AzureCaper: posts big blind $3
*** HOLE CARDS ***
Opal10: calls $2
AzureCaper: checks
*** FLOP *** [Qd Ah 9d]
AzureCaper: checks
Opal10: bets $3
AzureCaper: folds
Uncalled bet ($3) returned to Opal10
Opal10 collected $5.88 from pot
Opal10: doesn't show hand
*** SUMMARY ***
Total pot $6 | Rake $0.12
Board [Qd Ah 9d]
Seat 1: Opal10 (button) (small blind) collected ($5.88)
Seat 4: AzureCaper (big blind) folded on the Flop


PokerStars Hand #163844933784:  Hold'em Limit ($3/$6 USD) - 2016/12/31 21:31:18 ET
Table 'Edasich' 6-max Seat #4 is the button
Seat 1: Opal10 ($408.07 in chips)
Seat 4: AzureCaper ($94.45 in chips)
AzureCaper: posts small blind $1
Opal10: posts big blind $3
*** HOLE CARDS ***
AzureCaper: raises $3 to $6
Opal10: folds
Uncalled bet ($3) returned to AzureCaper
AzureCaper collected $6 from pot
AzureCaper: doesn't show hand
*** SUMMARY ***
Total pot $6 | Rake $0
Seat 1: Opal10 (big blind) folded before Flop
Seat 4: AzureCaper (button) (small blind) collected ($6)


PokerStars Hand #163844941138:  Hold'em Limit ($3/$6 USD) - 2016/12/31 21:31:38 ET
Table 'Edasich' 6-max Seat #4 is the button
Seat 1: Opal10 ($407.95 in chips)
Seat 4: AzureCaper ($94.45 in chips)
AzureCaper: posts small blind $1
Opal10: posts big blind $3
*** HOLE CARDS ***
AzureCaper: raises $3 to $6
Opal10: calls $3
*** FLOP *** [3d Kd 7s]
Opal10: bets $3
AzureCaper: raises $3 to $6
Opal10: calls $3
*** TURN *** [3d Kd 7s] [4c]
Opal10: checks
AzureCaper: bets $6
Opal10: folds
Uncalled bet ($6) returned to AzureCaper
AzureCaper collected $23.52 from pot
AzureCaper: doesn't show hand
*** SUMMARY ***
Total pot $24 | Rake $0.48
Board [3d Kd 7s 4c]
Seat 1: Opal10 (big blind) folded on the Turn
Seat 4: AzureCaper (button) (small blind) collected ($23.52)


PokerStars Hand #163844976093:  Hold'em Limit ($3/$6 USD) - 2016/12/31 21:33:12 ET
Table 'Edasich' 6-max Seat #4 is the button
Seat 1: Opal10 ($383.71 in chips)
Seat 4: AzureCaper ($117.25 in chips)
AzureCaper: posts small blind $1
Opal10: posts big blind $3
*** HOLE CARDS ***
AzureCaper: folds
Uncalled bet ($2) returned to Opal10
Opal10 collected $2 from pot
Opal10: doesn't show hand
*** SUMMARY ***
Total pot $2 | Rake $0
Seat 1: Opal10 (big blind) collected ($2)
Seat 4: AzureCaper (button) (small blind) folded before Flop


PokerStars Hand #163844967452:  Hold'em Limit ($3/$6 USD) - 2016/12/31 21:32:48 ET
Table 'Edasich' 6-max Seat #1 is the button
Seat 1: Opal10 ($377.95 in chips)
Seat 4: AzureCaper ($123.25 in chips)
Opal10: posts small blind $1
AzureCaper: posts big blind $3
*** HOLE CARDS ***
Opal10: calls $2
AzureCaper: raises $3 to $6
Opal10: calls $3
*** FLOP *** [3s 3c Js]
AzureCaper: checks
Opal10: checks
*** TURN *** [3s 3c Js] [5d]
AzureCaper: checks
Opal10: bets $6
AzureCaper: folds
Uncalled bet ($6) returned to Opal10
Opal10 collected $11.76 from pot
Opal10: doesn't show hand
*** SUMMARY ***
Total pot $12 | Rake $0.24
Board [3s 3c Js 5d]
Seat 1: Opal10 (button) (small blind) collected ($11.76)
Seat 4: AzureCaper (big blind) folded on the Turn


PokerStars Hand #163844965189:  Hold'em Limit ($3/$6 USD) - 2016/12/31 21:32:42 ET
Table 'Edasich' 6-max Seat #4 is the button
Seat 1: Opal10 ($376.95 in chips)
Seat 4: AzureCaper ($124.25 in chips)
AzureCaper: posts small blind $1
Opal10: posts big blind $3
*** HOLE CARDS ***
AzureCaper: folds
Uncalled bet ($2) returned to Opal10
Opal10 collected $2 from pot
Opal10: doesn't show hand
*** SUMMARY ***
Total pot $2 | Rake $0
Seat 1: Opal10 (big blind) collected ($2)
Seat 4: AzureCaper (button) (small blind) folded before Flop


PokerStars Hand #163844963279:  Hold'em Limit ($3/$6 USD) - 2016/12/31 21:32:37 ET
Table 'Edasich' 6-max Seat #1 is the button
Seat 1: Opal10 ($377.95 in chips)
Seat 4: AzureCaper ($123.25 in chips)
Opal10: posts small blind $1
AzureCaper: posts big blind $3
*** HOLE CARDS ***
Opal10: folds
Uncalled bet ($2) returned to AzureCaper
AzureCaper collected $2 from pot
AzureCaper: doesn't show hand
*** SUMMARY ***
Total pot $2 | Rake $0
Seat 1: Opal10 (button) (small blind) folded before Flop
Seat 4: AzureCaper (big blind) collected ($2)


PokerStars Hand #163844958384:  Hold'em Limit ($3/$6 USD) - 2016/12/31 21:32:24 ET
Table 'Edasich' 6-max Seat #4 is the button
Seat 1: Opal10 ($386.95 in chips)
Seat 4: AzureCaper ($114.61 in chips)
AzureCaper: posts small blind $1
Opal10: posts big blind $3
*** HOLE CARDS ***
AzureCaper: raises $3 to $6
Opal10: calls $3
*** FLOP *** [Qd 9d 5h]
Opal10: bets $3
AzureCaper: calls $3
*** TURN *** [Qd 9d 5h] [9h]
Opal10: checks
AzureCaper: bets $6
Opal10: folds
Uncalled bet ($6) returned to AzureCaper
AzureCaper collected $17.64 from pot
AzureCaper: doesn't show hand
*** SUMMARY ***
Total pot $18 | Rake $0.36
Board [Qd 9d 5h 9h]
Seat 1: Opal10 (big blind) folded on the Turn
Seat 4: AzureCaper (button) (small blind) collected ($17.64)


PokerStars Hand #163844951233:  Hold'em Limit ($3/$6 USD) - 2016/12/31 21:32:05 ET
Table 'Edasich' 6-max Seat #1 is the button
Seat 1: Opal10 ($395.95 in chips)
Seat 4: AzureCaper ($105.97 in chips)
Opal10: posts small blind $1
AzureCaper: posts big blind $3
*** HOLE CARDS ***
Opal10: calls $2
AzureCaper: raises $3 to $6
Opal10: calls $3
*** FLOP *** [6s Qs 4c]
AzureCaper: bets $3
Opal10: calls $3
*** TURN *** [6s Qs 4c] [Kd]
AzureCaper: checks
Opal10: checks
*** RIVER *** [6s Qs 4c Kd] [7d]
AzureCaper: checks
Opal10: checks
*** SHOW DOWN ***
AzureCaper: shows [Ac 7c] (a pair of Sevens)
Opal10: mucks hand
AzureCaper collected $17.64 from pot
*** SUMMARY ***
Total pot $18 | Rake $0.36
Board [6s Qs 4c Kd 7d]
Seat 1: Opal10 (button) (small blind) mucked
Seat 4: AzureCaper (big blind) showed [Ac 7c] and won ($17.64) with a pair of Sevens


PokerStars Hand #163844992759:  Hold'em Limit ($3/$6 USD) - 2016/12/31 21:33:57 ET
Table 'Edasich' 6-max Seat #4 is the button
Seat 1: Opal10 ($384.23 in chips)
Seat 4: AzureCaper ($115.77 in chips)
AzureCaper: posts small blind $1
Opal10: posts big blind $3
*** HOLE CARDS ***
AzureCaper: raises $3 to $6
Opal10: calls $3
*** FLOP *** [8h Js 6h]
Opal10: bets $3
AzureCaper: raises $3 to $6
Opal10: calls $3
*** TURN *** [8h Js 6h] [Ts]
Opal10: bets $6
AzureCaper: calls $6
*** RIVER *** [8h Js 6h Ts] [Jc]
Opal10: bets $6
AzureCaper: calls $6
*** SHOW DOWN ***
Opal10: shows [3c 3s] (two pair, Jacks and Threes)
AzureCaper: shows [4d 4h] (two pair, Jacks and Fours)
AzureCaper collected $47.50 from pot
*** SUMMARY ***
Total pot $48 | Rake $0.50
Board [8h Js 6h Ts Jc]
Seat 1: Opal10 (big blind) showed [3c 3s] and lost with two pair, Jacks and Threes
Seat 4: AzureCaper (button) (small blind) showed [4d 4h] and won ($47.50) with two pair, Jacks and Fours


PokerStars Hand #163844987951:  Hold'em Limit ($3/$6 USD) - 2016/12/31 21:33:44 ET
Table 'Edasich' 6-max Seat #1 is the button
Seat 1: Opal10 ($396.23 in chips)
Seat 4: AzureCaper ($104.25 in chips)
Opal10: posts small blind $1
AzureCaper: posts big blind $3
*** HOLE CARDS ***
Opal10: raises $3 to $6
AzureCaper: raises $3 to $9
Opal10: calls $3
*** FLOP *** [Ad 2s 6h]
AzureCaper: bets $3
Opal10: calls $3
*** TURN *** [Ad 2s 6h] [5s]
AzureCaper: bets $6
Opal10: folds
Uncalled bet ($6) returned to AzureCaper
AzureCaper collected $23.52 from pot
AzureCaper: doesn't show hand
*** SUMMARY ***
Total pot $24 | Rake $0.48
Board [Ad 2s 6h 5s]
Seat 1: Opal10 (button) (small blind) folded on the Turn
Seat 4: AzureCaper (big blind) collected ($23.52)


PokerStars Hand #163844983056:  Hold'em Limit ($3/$6 USD) - 2016/12/31 21:33:30 ET
Table 'Edasich' 6-max Seat #4 is the button
Seat 1: Opal10 ($387.59 in chips)
Seat 4: AzureCaper ($113.25 in chips)
AzureCaper: posts small blind $1
Opal10: posts big blind $3
*** HOLE CARDS ***
AzureCaper: raises $3 to $6
Opal10: calls $3
*** FLOP *** [Ac 5s 4d]
Opal10: checks
AzureCaper: bets $3
Opal10: calls $3
*** TURN *** [Ac 5s 4d] [8c]
Opal10: bets $6
AzureCaper: folds
Uncalled bet ($6) returned to Opal10
Opal10 collected $17.64 from pot
Opal10: doesn't show hand
*** SUMMARY ***
Total pot $18 | Rake $0.36
Board [Ac 5s 4d 8c]
Seat 1: Opal10 (big blind) collected ($17.64)
Seat 4: AzureCaper (button) (small blind) folded on the Turn


PokerStars Hand #163844978065:  Hold'em Limit ($3/$6 USD) - 2016/12/31 21:33:17 ET
Table 'Edasich' 6-max Seat #1 is the button
Seat 1: Opal10 ($384.71 in chips)
Seat 4: AzureCaper ($116.25 in chips)
Opal10: posts small blind $1
AzureCaper: posts big blind $3
*** HOLE CARDS ***
Opal10: calls $2
AzureCaper: checks
*** FLOP *** [7c Ac 7d]
AzureCaper: checks
Opal10: bets $3
AzureCaper: folds
Uncalled bet ($3) returned to Opal10
Opal10 collected $5.88 from pot
Opal10: doesn't show hand
*** SUMMARY ***
Total pot $6 | Rake $0.12
Board [7c Ac 7d]
Seat 1: Opal10 (button) (small blind) collected ($5.88)
Seat 4: AzureCaper (big blind) folded on the Flop


PokerStars Hand #163845010847:  Hold'em Limit ($3/$6 USD) - 2016/12/31 21:34:46 ET
Table 'Edasich' 6-max Seat #1 is the button
Seat 1: Opal10 ($381.73 in chips)
Seat 4: AzureCaper ($117.27 in chips)
Opal10: posts small blind $1
AzureCaper: posts big blind $3
*** HOLE CARDS ***
Opal10: folds
Uncalled bet ($2) returned to AzureCaper
AzureCaper collected $2 from pot
AzureCaper: doesn't show hand
*** SUMMARY ***
Total pot $2 | Rake $0
Seat 1: Opal10 (button) (small blind) folded before Flop
Seat 4: AzureCaper (big blind) collected ($2)


PokerStars Hand #163845008523:  Hold'em Limit ($3/$6 USD) - 2016/12/31 21:34:39 ET
Table 'Edasich' 6-max Seat #4 is the button
Seat 1: Opal10 ($380.73 in chips)
Seat 4: AzureCaper ($118.27 in chips)
AzureCaper: posts small blind $1
Opal10: posts big blind $3
*** HOLE CARDS ***
Shara.Vi joins the table at seat #6
AzureCaper: folds
Uncalled bet ($2) returned to Opal10
Opal10 collected $2 from pot
Opal10: doesn't show hand
*** SUMMARY ***
Total pot $2 | Rake $0
Seat 1: Opal10 (big blind) collected ($2)
Seat 4: AzureCaper (button) (small blind) folded before Flop


PokerStars Hand #163844998072:  Hold'em Limit ($3/$6 USD) - 2016/12/31 21:34:11 ET
Table 'Edasich' 6-max Seat #1 is the button
Seat 1: Opal10 ($360.23 in chips)
Seat 4: AzureCaper ($139.27 in chips)
Opal10: posts small blind $1
AzureCaper: posts big blind $3
*** HOLE CARDS ***
Opal10: calls $2
AzureCaper: raises $3 to $6
Opal10: calls $3
*** FLOP *** [4h Kc Td]
AzureCaper: bets $3
Opal10: calls $3
*** TURN *** [4h Kc Td] [6c]
AzureCaper: bets $6
Opal10: calls $6
*** RIVER *** [4h Kc Td 6c] [9d]
AzureCaper: checks
Opal10: bets $6
AzureCaper: calls $6
*** SHOW DOWN ***
Opal10: shows [Ts 2d] (a pair of Tens)
AzureCaper: mucks hand
Opal10 collected $41.50 from pot
*** SUMMARY ***
Total pot $42 | Rake $0.50
Board [4h Kc Td 6c 9d]
Seat 1: Opal10 (button) (small blind) showed [Ts 2d] and won ($41.50) with a pair of Tens
Seat 4: AzureCaper (big blind) mucked


PokerStars Hand #163845006675:  Hold'em Limit ($3/$6 USD) - 2016/12/31 21:34:34 ET
Table 'Edasich' 6-max Seat #1 is the button
Seat 1: Opal10 ($381.73 in chips)
Seat 4: AzureCaper ($117.27 in chips)
Opal10: posts small blind $1
AzureCaper: posts big blind $3
*** HOLE CARDS ***
Opal10: folds
Uncalled bet ($2) returned to AzureCaper
AzureCaper collected $2 from pot
AzureCaper: doesn't show hand
*** SUMMARY ***
Total pot $2 | Rake $0
Seat 1: Opal10 (button) (small blind) folded before Flop
Seat 4: AzureCaper (big blind) collected ($2)


PokerStars Hand #163845004832:  Hold'em Limit ($3/$6 USD) - 2016/12/31 21:34:29 ET
Table 'Edasich' 6-max Seat #4 is the button
Seat 1: Opal10 ($380.73 in chips)
Seat 4: AzureCaper ($118.27 in chips)
AzureCaper: posts small blind $1
Opal10: posts big blind $3
*** HOLE CARDS ***
AzureCaper: folds
Uncalled bet ($2) returned to Opal10
Opal10 collected $2 from pot
Opal10: doesn't show hand
*** SUMMARY ***
Total pot $2 | Rake $0
Seat 1: Opal10 (big blind) collected ($2)
Seat 4: AzureCaper (button) (small blind) folded before Flop


PokerStars Hand #163845043829:  Hold'em Limit ($3/$6 USD) - 2016/12/31 21:36:14 ET
Table 'Edasich' 6-max Seat #6 is the button
Seat 4: AzureCaper ($117.80 in chips)
Seat 6: Shara.Vi ($72.46 in chips)
Shara.Vi: posts small blind $1
AzureCaper: posts big blind $3
*** HOLE CARDS ***
Shara.Vi: folds
Uncalled bet ($2) returned to AzureCaper
AzureCaper collected $2 from pot
AzureCaper: doesn't show hand
*** SUMMARY ***
Total pot $2 | Rake $0
Seat 4: AzureCaper (big blind) collected ($2)
Seat 6: Shara.Vi (button) (small blind) folded before Flop


PokerStars Hand #163845039329:  Hold'em Limit ($3/$6 USD) - 2016/12/31 21:36:02 ET
Table 'Edasich' 6-max Seat #4 is the button
Seat 4: AzureCaper ($126.80 in chips)
Seat 6: Shara.Vi ($63.82 in chips)
AzureCaper: posts small blind $1
Shara.Vi: posts big blind $3
*** HOLE CARDS ***
AzureCaper: raises $3 to $6
Shara.Vi: raises $3 to $9
AzureCaper: calls $3
*** FLOP *** [4c 9s Qc]
Shara.Vi: bets $3
AzureCaper: folds
Uncalled bet ($3) returned to Shara.Vi
Shara.Vi collected $17.64 from pot
*** SUMMARY ***
Total pot $18 | Rake $0.36
Board [4c 9s Qc]
Seat 4: AzureCaper (button) (small blind) folded on the Flop
Seat 6: Shara.Vi (big blind) collected ($17.64)


PokerStars Hand #163845051070:  Hold'em Limit ($3/$6 USD) - 2016/12/31 21:36:34 ET
Table 'Edasich' 6-max Seat #4 is the button
Seat 4: AzureCaper ($114.80 in chips)
Seat 6: Shara.Vi ($75.46 in chips)
AzureCaper: posts small blind $1
Shara.Vi: posts big blind $3
*** HOLE CARDS ***
AzureCaper: folds
Uncalled bet ($2) returned to Shara.Vi
Shara.Vi collected $2 from pot
*** SUMMARY ***
Total pot $2 | Rake $0
Seat 4: AzureCaper (button) (small blind) folded before Flop
Seat 6: Shara.Vi (big blind) collected ($2)


PokerStars Hand #163845062001:  Hold'em Limit ($3/$6 USD) - 2016/12/31 21:37:03 ET
Table 'Edasich' 6-max Seat #4 is the button
Seat 4: AzureCaper ($110.80 in chips)
Seat 6: Shara.Vi ($79.46 in chips)
AzureCaper: posts small blind $1
Shara.Vi: posts big blind $3
*** HOLE CARDS ***
AzureCaper: folds
Uncalled bet ($2) returned to Shara.Vi
Shara.Vi collected $2 from pot
*** SUMMARY ***
Total pot $2 | Rake $0
Seat 4: AzureCaper (button) (small blind) folded before Flop
Seat 6: Shara.Vi (big blind) collected ($2)


PokerStars Hand #163845058870:  Hold'em Limit ($3/$6 USD) - 2016/12/31 21:36:54 ET
Table 'Edasich' 6-max Seat #6 is the button
Seat 4: AzureCaper ($113.80 in chips)
Seat 6: Shara.Vi ($76.46 in chips)
Shara.Vi: posts small blind $1
AzureCaper: posts big blind $3
*** HOLE CARDS ***
Shara.Vi: raises $3 to $6
AzureCaper: folds
Uncalled bet ($3) returned to Shara.Vi
Shara.Vi collected $6 from pot
*** SUMMARY ***
Total pot $6 | Rake $0
Seat 4: AzureCaper (big blind) folded before Flop
Seat 6: Shara.Vi (button) (small blind) collected ($6)


PokerStars Hand #163845056324:  Hold'em Limit ($3/$6 USD) - 2016/12/31 21:36:47 ET
Table 'Edasich' 6-max Seat #4 is the button
Seat 4: AzureCaper ($110.80 in chips)
Seat 6: Shara.Vi ($79.46 in chips)
AzureCaper: posts small blind $1
Shara.Vi: posts big blind $3
*** HOLE CARDS ***
AzureCaper: raises $3 to $6
Shara.Vi: folds
Uncalled bet ($3) returned to AzureCaper
AzureCaper collected $6 from pot
AzureCaper: doesn't show hand
*** SUMMARY ***
Total pot $6 | Rake $0
Seat 4: AzureCaper (button) (small blind) collected ($6)
Seat 6: Shara.Vi (big blind) folded before Flop


PokerStars Hand #163845048132:  Hold'em Limit ($3/$6 USD) - 2016/12/31 21:36:26 ET
Table 'Edasich' 6-max Seat #6 is the button
Seat 4: AzureCaper ($117.80 in chips)
Seat 6: Shara.Vi ($72.46 in chips)
Shara.Vi: posts small blind $1
AzureCaper: posts big blind $3
*** HOLE CARDS ***
Shara.Vi: raises $3 to $6
AzureCaper: folds
Uncalled bet ($3) returned to Shara.Vi
Shara.Vi collected $6 from pot
*** SUMMARY ***
Total pot $6 | Rake $0
Seat 4: AzureCaper (big blind) folded before Flop
Seat 6: Shara.Vi (button) (small blind) collected ($6)


PokerStars Hand #163845045862:  Hold'em Limit ($3/$6 USD) - 2016/12/31 21:36:19 ET
Table 'Edasich' 6-max Seat #4 is the button
Seat 4: AzureCaper ($118.80 in chips)
Seat 6: Shara.Vi ($71.46 in chips)
AzureCaper: posts small blind $1
Shara.Vi: posts big blind $3
*** HOLE CARDS ***
AzureCaper: folds
Uncalled bet ($2) returned to Shara.Vi
Shara.Vi collected $2 from pot
*** SUMMARY ***
Total pot $2 | Rake $0
Seat 4: AzureCaper (button) (small blind) folded before Flop
Seat 6: Shara.Vi (big blind) collected ($2)


PokerStars Hand #163845053425:  Hold'em Limit ($3/$6 USD) - 2016/12/31 21:36:40 ET
Table 'Edasich' 6-max Seat #6 is the button
Seat 4: AzureCaper ($113.80 in chips)
Seat 6: Shara.Vi ($76.46 in chips)
Shara.Vi: posts small blind $1
AzureCaper: posts big blind $3
*** HOLE CARDS ***
Shara.Vi: raises $3 to $6
AzureCaper: folds
Uncalled bet ($3) returned to Shara.Vi
Shara.Vi collected $6 from pot
*** SUMMARY ***
Total pot $6 | Rake $0
Seat 4: AzureCaper (big blind) folded before Flop
Seat 6: Shara.Vi (button) (small blind) collected ($6)


PokerStars Hand #163845063978:  Hold'em Limit ($3/$6 USD) - 2016/12/31 21:37:08 ET
Table 'Edasich' 6-max Seat #6 is the button
Seat 4: AzureCaper ($109.80 in chips)
Seat 6: Shara.Vi ($80.46 in chips)
Shara.Vi: posts small blind $1
AzureCaper: posts big blind $3
*** HOLE CARDS ***
Shara.Vi: calls $2
AzureCaper: checks
*** FLOP *** [9c 6c Kc]
AzureCaper: bets $3
Shara.Vi: calls $3
*** TURN *** [9c 6c Kc] [6h]
AzureCaper: checks
Shara.Vi: checks
*** RIVER *** [9c 6c Kc 6h] [2h]
AzureCaper: checks
Shara.Vi: bets $6
AzureCaper: calls $6
*** SHOW DOWN ***
Shara.Vi: shows [9d 8s] (two pair, Nines and Sixes)
AzureCaper: mucks hand
Shara.Vi collected $23.52 from pot
*** SUMMARY ***
Total pot $24 | Rake $0.48
Board [9c 6c Kc 6h 2h]
Seat 4: AzureCaper (big blind) mucked
Seat 6: Shara.Vi (button) (small blind) showed [9d 8s] and won ($23.52) with two pair, Nines and Sixes


PokerStars Hand #163845082636:  Hold'em Limit ($3/$6 USD) - 2016/12/31 21:37:58 ET
Table 'Edasich' 6-max Seat #6 is the button
Seat 4: AzureCaper ($88.80 in chips)
Seat 6: Shara.Vi ($100.62 in chips)
Shara.Vi: posts small blind $1
AzureCaper: posts big blind $3
*** HOLE CARDS ***
Shara.Vi: folds
Uncalled bet ($2) returned to AzureCaper
AzureCaper collected $2 from pot
AzureCaper: doesn't show hand
*** SUMMARY ***
Total pot $2 | Rake $0
Seat 4: AzureCaper (big blind) collected ($2)
Seat 6: Shara.Vi (button) (small blind) folded before Flop


PokerStars Hand #163845080386:  Hold'em Limit ($3/$6 USD) - 2016/12/31 21:37:52 ET
Table 'Edasich' 6-max Seat #4 is the button
Seat 4: AzureCaper ($89.80 in chips)
Seat 6: Shara.Vi ($99.62 in chips)
AzureCaper: posts small blind $1
Shara.Vi: posts big blind $3
*** HOLE CARDS ***
AzureCaper: folds
Uncalled bet ($2) returned to Shara.Vi
Shara.Vi collected $2 from pot
*** SUMMARY ***
Total pot $2 | Rake $0
Seat 4: AzureCaper (button) (small blind) folded before Flop
Seat 6: Shara.Vi (big blind) collected ($2)


PokerStars Hand #163845078123:  Hold'em Limit ($3/$6 USD) - 2016/12/31 21:37:46 ET
Table 'Edasich' 6-max Seat #6 is the button
Seat 4: AzureCaper ($88.80 in chips)
Seat 6: Shara.Vi ($100.62 in chips)
Shara.Vi: posts small blind $1
AzureCaper: posts big blind $3
*** HOLE CARDS ***
Shara.Vi: folds
Uncalled bet ($2) returned to AzureCaper
AzureCaper collected $2 from pot
*** SUMMARY ***
Total pot $2 | Rake $0
Seat 4: AzureCaper (big blind) collected ($2)
Seat 6: Shara.Vi (button) (small blind) folded before Flop


PokerStars Hand #163845071142:  Hold'em Limit ($3/$6 USD) - 2016/12/31 21:37:27 ET
Table 'Edasich' 6-max Seat #4 is the button
Seat 4: AzureCaper ($97.80 in chips)
Seat 6: Shara.Vi ($91.98 in chips)
AzureCaper: posts small blind $1
Shara.Vi: posts big blind $3
*** HOLE CARDS ***
AzureCaper: raises $3 to $6
Shara.Vi: calls $3
*** FLOP *** [Kc 8d 2s]
Shara.Vi: checks
AzureCaper: bets $3
Shara.Vi: calls $3
*** TURN *** [Kc 8d 2s] [Qs]
Shara.Vi: checks
AzureCaper: checks
*** RIVER *** [Kc 8d 2s Qs] [5s]
Shara.Vi: bets $6
AzureCaper: folds
Uncalled bet ($6) returned to Shara.Vi
Shara.Vi collected $17.64 from pot
*** SUMMARY ***
Total pot $18 | Rake $0.36
Board [Kc 8d 2s Qs 5s]
Seat 4: AzureCaper (button) (small blind) folded on the River
Seat 6: Shara.Vi (big blind) collected ($17.64)


PokerStars Hand #163845102482:  Hold'em Limit ($3/$6 USD) - 2016/12/31 21:38:52 ET
Table 'Edasich' 6-max Seat #4 is the button
Seat 4: AzureCaper ($77.80 in chips)
Seat 6: Shara.Vi ($111.14 in chips)
AzureCaper: posts small blind $1
Shara.Vi: posts big blind $3
*** HOLE CARDS ***
AzureCaper: folds
Uncalled bet ($2) returned to Shara.Vi
Shara.Vi collected $2 from pot
*** SUMMARY ***
Total pot $2 | Rake $0
Seat 4: AzureCaper (button) (small blind) folded before Flop
Seat 6: Shara.Vi (big blind) collected ($2)


PokerStars Hand #163845093250:  Hold'em Limit ($3/$6 USD) - 2016/12/31 21:38:27 ET
Table 'Edasich' 6-max Seat #6 is the button
Seat 4: AzureCaper ($80.80 in chips)
Seat 6: Shara.Vi ($108.26 in chips)
Shara.Vi: posts small blind $1
AzureCaper: posts big blind $3
*** HOLE CARDS ***
Shara.Vi: calls $2
AzureCaper: checks
*** FLOP *** [8c Jd Tc]
AzureCaper: checks
Shara.Vi: checks
*** TURN *** [8c Jd Tc] [As]
AzureCaper: checks
Shara.Vi: bets $6
AzureCaper: folds
Uncalled bet ($6) returned to Shara.Vi
Shara.Vi collected $5.88 from pot
*** SUMMARY ***
Total pot $6 | Rake $0.12
Board [8c Jd Tc As]
Seat 4: AzureCaper (big blind) folded on the Turn
Seat 6: Shara.Vi (button) (small blind) collected ($5.88)


PokerStars Hand #163845084789:  Hold'em Limit ($3/$6 USD) - 2016/12/31 21:38:04 ET
Table 'Edasich' 6-max Seat #4 is the button
Seat 4: AzureCaper ($89.80 in chips)
Seat 6: Shara.Vi ($99.62 in chips)
AzureCaper: posts small blind $1
Shara.Vi: posts big blind $3
*** HOLE CARDS ***
AzureCaper: raises $3 to $6
Shara.Vi: calls $3
*** FLOP *** [7d Ad Ts]
Shara.Vi: checks
AzureCaper: bets $3
Shara.Vi: calls $3
*** TURN *** [7d Ad Ts] [2d]
Shara.Vi: checks
AzureCaper: checks
*** RIVER *** [7d Ad Ts 2d] [7s]
Shara.Vi: bets $6
AzureCaper: folds
Uncalled bet ($6) returned to Shara.Vi
Shara.Vi collected $17.64 from pot
*** SUMMARY ***
Total pot $18 | Rake $0.36
Board [7d Ad Ts 2d 7s]
Seat 4: AzureCaper (button) (small blind) folded on the River
Seat 6: Shara.Vi (big blind) collected ($17.64)


PokerStars Hand #163845125080:  Hold'em Limit ($3/$6 USD) - 2016/12/31 21:39:54 ET
Table 'Edasich' 6-max Seat #4 is the button
Seat 4: AzureCaper ($101.30 in chips)
Seat 6: Shara.Vi ($87.02 in chips)
AzureCaper: posts small blind $1
Shara.Vi: posts big blind $3
*** HOLE CARDS ***
AzureCaper: folds
Uncalled bet ($2) returned to Shara.Vi
Shara.Vi collected $2 from pot
*** SUMMARY ***
Total pot $2 | Rake $0
Seat 4: AzureCaper (button) (small blind) folded before Flop
Seat 6: Shara.Vi (big blind) collected ($2)


PokerStars Hand #163845111185:  Hold'em Limit ($3/$6 USD) - 2016/12/31 21:39:15 ET
Table 'Edasich' 6-max Seat #4 is the button
Seat 4: AzureCaper ($73.80 in chips)
Seat 6: Shara.Vi ($115.02 in chips)
AzureCaper: posts small blind $1
Shara.Vi: posts big blind $3
*** HOLE CARDS ***
AzureCaper: raises $3 to $6
Shara.Vi: calls $3
*** FLOP *** [2c Ac 3h]
Shara.Vi: checks
AzureCaper: bets $3
Shara.Vi: calls $3
*** TURN *** [2c Ac 3h] [5d]
Shara.Vi: checks
AzureCaper: bets $6
Shara.Vi: raises $6 to $12
AzureCaper: calls $6
*** RIVER *** [2c Ac 3h 5d] [3s]
Shara.Vi: bets $6
AzureCaper: calls $6
*** SHOW DOWN ***
Shara.Vi: shows [Ah 2d] (two pair, Aces and Threes)
AzureCaper: shows [As Qc] (two pair, Aces and Threes - Queen kicker)
AzureCaper collected $53.50 from pot
*** SUMMARY ***
Total pot $54 | Rake $0.50
Board [2c Ac 3h 5d 3s]
Seat 4: AzureCaper (button) (small blind) showed [As Qc] and won ($53.50) with two pair, Aces and Threes
Seat 6: Shara.Vi (big blind) showed [Ah 2d] and lost with two pair, Aces and Threes


PokerStars Hand #163845127531:  Hold'em Limit ($3/$6 USD) - 2016/12/31 21:40:00 ET
Table 'Edasich' 6-max Seat #6 is the button
Seat 4: AzureCaper ($100.30 in chips)
Seat 6: Shara.Vi ($88.02 in chips)
Shara.Vi: posts small blind $1
AzureCaper: posts big blind $3
*** HOLE CARDS ***
Shara.Vi: raises $3 to $6
AzureCaper: folds
Uncalled bet ($3) returned to Shara.Vi
Shara.Vi collected $6 from pot
*** SUMMARY ***
Total pot $6 | Rake $0
Seat 4: AzureCaper (big blind) folded before Flop
Seat 6: Shara.Vi (button) (small blind) collected ($6)


PokerStars Hand #163845104508:  Hold'em Limit ($3/$6 USD) - 2016/12/31 21:38:57 ET
Table 'Edasich' 6-max Seat #6 is the button
Seat 4: AzureCaper ($76.80 in chips)
Seat 6: Shara.Vi ($112.14 in chips)
Shara.Vi: posts small blind $1
AzureCaper: posts big blind $3
*** HOLE CARDS ***
Shara.Vi: calls $2
AzureCaper: checks
*** FLOP *** [Ah Kh Jh]
AzureCaper: checks
Shara.Vi: checks
*** TURN *** [Ah Kh Jh] [4h]
AzureCaper: checks
Shara.Vi: checks
*** RIVER *** [Ah Kh Jh 4h] [5s]
AzureCaper: checks
Shara.Vi: bets $6
AzureCaper: folds
Uncalled bet ($6) returned to Shara.Vi
Shara.Vi collected $5.88 from pot
*** SUMMARY ***
Total pot $6 | Rake $0.12
Board [Ah Kh Jh 4h 5s]
Seat 4: AzureCaper (big blind) folded on the River
Seat 6: Shara.Vi (button) (small blind) collected ($5.88)


PokerStars Hand #163845148306:  Hold'em Limit ($3/$6 USD) - 2016/12/31 21:40:57 ET
Table 'Edasich' 6-max Seat #4 is the button
Seat 4: AzureCaper ($102.94 in chips)
Seat 6: Shara.Vi ($85.02 in chips)
AzureCaper: posts small blind $1
Shara.Vi: posts big blind $3
*** HOLE CARDS ***
AzureCaper: folds
Uncalled bet ($2) returned to Shara.Vi
Shara.Vi collected $2 from pot
*** SUMMARY ***
Total pot $2 | Rake $0
Seat 4: AzureCaper (button) (small blind) folded before Flop
Seat 6: Shara.Vi (big blind) collected ($2)


PokerStars Hand #163845146355:  Hold'em Limit ($3/$6 USD) - 2016/12/31 21:40:52 ET
Table 'Edasich' 6-max Seat #6 is the button
Seat 4: AzureCaper ($101.94 in chips)
Seat 6: Shara.Vi ($86.02 in chips)
Shara.Vi: posts small blind $1
AzureCaper: posts big blind $3
*** HOLE CARDS ***
Shara.Vi: folds
Uncalled bet ($2) returned to AzureCaper
AzureCaper collected $2 from pot
AzureCaper: doesn't show hand
*** SUMMARY ***
Total pot $2 | Rake $0
Seat 4: AzureCaper (big blind) collected ($2)
Seat 6: Shara.Vi (button) (small blind) folded before Flop


PokerStars Hand #163845144396:  Hold'em Limit ($3/$6 USD) - 2016/12/31 21:40:47 ET
Table 'Edasich' 6-max Seat #4 is the button
Seat 4: AzureCaper ($102.94 in chips)
Seat 6: Shara.Vi ($85.02 in chips)
AzureCaper: posts small blind $1
Shara.Vi: posts big blind $3
*** HOLE CARDS ***
AzureCaper: folds
Uncalled bet ($2) returned to Shara.Vi
Shara.Vi collected $2 from pot
*** SUMMARY ***
Total pot $2 | Rake $0
Seat 4: AzureCaper (button) (small blind) folded before Flop
Seat 6: Shara.Vi (big blind) collected ($2)


PokerStars Hand #163845140171:  Hold'em Limit ($3/$6 USD) - 2016/12/31 21:40:35 ET
Table 'Edasich' 6-max Seat #4 is the button
Seat 4: AzureCaper ($102.94 in chips)
Seat 6: Shara.Vi ($85.02 in chips)
AzureCaper: posts small blind $1
Shara.Vi: posts big blind $3
*** HOLE CARDS ***
AzureCaper: folds
Uncalled bet ($2) returned to Shara.Vi
Shara.Vi collected $2 from pot
*** SUMMARY ***
Total pot $2 | Rake $0
Seat 4: AzureCaper (button) (small blind) folded before Flop
Seat 6: Shara.Vi (big blind) collected ($2)


PokerStars Hand #163845136936:  Hold'em Limit ($3/$6 USD) - 2016/12/31 21:40:26 ET
Table 'Edasich' 6-max Seat #6 is the button
Seat 4: AzureCaper ($105.94 in chips)
Seat 6: Shara.Vi ($82.02 in chips)
Shara.Vi: posts small blind $1
AzureCaper: posts big blind $3
*** HOLE CARDS ***
Shara.Vi: raises $3 to $6
AzureCaper: folds
Uncalled bet ($3) returned to Shara.Vi
Shara.Vi collected $6 from pot
*** SUMMARY ***
Total pot $6 | Rake $0
Seat 4: AzureCaper (big blind) folded before Flop
Seat 6: Shara.Vi (button) (small blind) collected ($6)


PokerStars Hand #163845130395:  Hold'em Limit ($3/$6 USD) - 2016/12/31 21:40:08 ET
Table 'Edasich' 6-max Seat #4 is the button
Seat 4: AzureCaper ($97.30 in chips)
Seat 6: Shara.Vi ($91.02 in chips)
AzureCaper: posts small blind $1
Shara.Vi: posts big blind $3
*** HOLE CARDS ***
AzureCaper: raises $3 to $6
Shara.Vi: calls $3
*** FLOP *** [2s 5s 2c]
Shara.Vi: checks
AzureCaper: bets $3
Shara.Vi: calls $3
*** TURN *** [2s 5s 2c] [3d]
Shara.Vi: checks
AzureCaper: bets $6
Shara.Vi: folds
Uncalled bet ($6) returned to AzureCaper
AzureCaper collected $17.64 from pot
AzureCaper: doesn't show hand
*** SUMMARY ***
Total pot $18 | Rake $0.36
Board [2s 5s 2c 3d]
Seat 4: AzureCaper (button) (small blind) collected ($17.64)
Seat 6: Shara.Vi (big blind) folded on the Turn


PokerStars Hand #163845167735:  Hold'em Limit ($3/$6 USD) - 2016/12/31 21:41:51 ET
Table 'Edasich' 6-max Seat #4 is the button
Seat 4: AzureCaper ($83.94 in chips)
Seat 6: Shara.Vi ($103.42 in chips)
AzureCaper: posts small blind $1
Shara.Vi: posts big blind $3
*** HOLE CARDS ***
AzureCaper: raises $3 to $6
Shara.Vi: calls $3
*** FLOP *** [Qs 8h 8d]
Shara.Vi: checks
AzureCaper: bets $3
Shara.Vi: folds
Uncalled bet ($3) returned to AzureCaper
AzureCaper collected $11.76 from pot
AzureCaper: doesn't show hand
*** SUMMARY ***
Total pot $12 | Rake $0.24
Board [Qs 8h 8d]
Seat 4: AzureCaper (button) (small blind) collected ($11.76)
Seat 6: Shara.Vi (big blind) folded on the Flop


PokerStars Hand #163845161598:  Hold'em Limit ($3/$6 USD) - 2016/12/31 21:41:34 ET
Table 'Edasich' 6-max Seat #6 is the button
Seat 4: AzureCaper ($89.94 in chips)
Seat 6: Shara.Vi ($97.66 in chips)
Shara.Vi: posts small blind $1
AzureCaper: posts big blind $3
*** HOLE CARDS ***
Shara.Vi: raises $3 to $6
AzureCaper: calls $3
*** FLOP *** [6d Qd Js]
AzureCaper: checks
Shara.Vi: checks
*** TURN *** [6d Qd Js] [5s]
AzureCaper: checks
Shara.Vi: checks
*** RIVER *** [6d Qd Js 5s] [Jh]
AzureCaper: checks
Shara.Vi: checks
*** SHOW DOWN ***
AzureCaper: shows [7h Kh] (a pair of Jacks)
Shara.Vi: shows [3s 3c] (two pair, Jacks and Threes)
Shara.Vi collected $11.76 from pot
*** SUMMARY ***
Total pot $12 | Rake $0.24
Board [6d Qd Js 5s Jh]
Seat 4: AzureCaper (big blind) showed [7h Kh] and lost with a pair of Jacks
Seat 6: Shara.Vi (button) (small blind) showed [3s 3c] and won ($11.76) with two pair, Jacks and Threes


PokerStars Hand #163845157150:  Hold'em Limit ($3/$6 USD) - 2016/12/31 21:41:21 ET
Table 'Edasich' 6-max Seat #4 is the button
Seat 4: AzureCaper ($98.94 in chips)
Seat 6: Shara.Vi ($89.02 in chips)
AzureCaper: posts small blind $1
Shara.Vi: posts big blind $3
*** HOLE CARDS ***
AzureCaper: raises $3 to $6
Shara.Vi: raises $3 to $9
AzureCaper: calls $3
*** FLOP *** [Qs Ks 7c]
Shara.Vi: bets $3
AzureCaper: folds
Uncalled bet ($3) returned to Shara.Vi
Shara.Vi collected $17.64 from pot
*** SUMMARY ***
Total pot $18 | Rake $0.36
Board [Qs Ks 7c]
Seat 4: AzureCaper (button) (small blind) folded on the Flop
Seat 6: Shara.Vi (big blind) collected ($17.64)


PokerStars Hand #163845152634:  Hold'em Limit ($3/$6 USD) - 2016/12/31 21:41:09 ET
Table 'Edasich' 6-max Seat #6 is the button
Seat 4: AzureCaper ($101.94 in chips)
Seat 6: Shara.Vi ($86.02 in chips)
Shara.Vi: posts small blind $1
AzureCaper: posts big blind $3
*** HOLE CARDS ***
Shara.Vi: raises $3 to $6
AzureCaper: folds
Uncalled bet ($3) returned to Shara.Vi
Shara.Vi collected $6 from pot
*** SUMMARY ***
Total pot $6 | Rake $0
Seat 4: AzureCaper (big blind) folded before Flop
Seat 6: Shara.Vi (button) (small blind) collected ($6)


PokerStars Hand #163845171472:  Hold'em Limit ($3/$6 USD) - 2016/12/31 21:42:01 ET
Table 'Edasich' 6-max Seat #6 is the button
Seat 4: AzureCaper ($89.70 in chips)
Seat 6: Shara.Vi ($97.42 in chips)
Shara.Vi: posts small blind $1
AzureCaper: posts big blind $3
*** HOLE CARDS ***
Shara.Vi: folds
Uncalled bet ($2) returned to AzureCaper
AzureCaper collected $2 from pot
AzureCaper: doesn't show hand
*** SUMMARY ***
Total pot $2 | Rake $0
Seat 4: AzureCaper (big blind) collected ($2)
Seat 6: Shara.Vi (button) (small blind) folded before Flop


PokerStars Hand #163845178864:  Hold'em Limit ($3/$6 USD) - 2016/12/31 21:42:22 ET
Table 'Edasich' 6-max Seat #6 is the button
Seat 4: AzureCaper ($81.70 in chips)
Seat 6: Shara.Vi ($105.06 in chips)
Shara.Vi: posts small blind $1
AzureCaper: posts big blind $3
*** HOLE CARDS ***
Shara.Vi: folds
Uncalled bet ($2) returned to AzureCaper
AzureCaper collected $2 from pot
AzureCaper: doesn't show hand
*** SUMMARY ***
Total pot $2 | Rake $0
Seat 4: AzureCaper (big blind) collected ($2)
Seat 6: Shara.Vi (button) (small blind) folded before Flop


PokerStars Hand #163845173406:  Hold'em Limit ($3/$6 USD) - 2016/12/31 21:42:07 ET
Table 'Edasich' 6-max Seat #4 is the button
Seat 4: AzureCaper ($90.70 in chips)
Seat 6: Shara.Vi ($96.42 in chips)
AzureCaper: posts small blind $1
Shara.Vi: posts big blind $3
*** HOLE CARDS ***
AzureCaper: raises $3 to $6
Shara.Vi: raises $3 to $9
AzureCaper: calls $3
*** FLOP *** [7h 9c Js]
Shara.Vi: bets $3
AzureCaper: folds
Uncalled bet ($3) returned to Shara.Vi
Shara.Vi collected $17.64 from pot
*** SUMMARY ***
Total pot $18 | Rake $0.36
Board [7h 9c Js]
Seat 4: AzureCaper (button) (small blind) folded on the Flop
Seat 6: Shara.Vi (big blind) collected ($17.64)


PokerStars Hand #163845193149:  Hold'em Limit ($3/$6 USD) - 2016/12/31 21:43:01 ET
Table 'Edasich' 6-max Seat #6 is the button
Seat 4: AzureCaper ($91.34 in chips)
Seat 6: Shara.Vi ($95.06 in chips)
Shara.Vi: posts small blind $1
AzureCaper: posts big blind $3
*** HOLE CARDS ***
Shara.Vi: folds
Uncalled bet ($2) returned to AzureCaper
AzureCaper collected $2 from pot
AzureCaper: doesn't show hand
*** SUMMARY ***
Total pot $2 | Rake $0
Seat 4: AzureCaper (big blind) collected ($2)
Seat 6: Shara.Vi (button) (small blind) folded before Flop


PokerStars Hand #163845189036:  Hold'em Limit ($3/$6 USD) - 2016/12/31 21:42:50 ET
Table 'Edasich' 6-max Seat #6 is the button
Seat 4: AzureCaper ($91.34 in chips)
Seat 6: Shara.Vi ($95.06 in chips)
Shara.Vi: posts small blind $1
AzureCaper: posts big blind $3
*** HOLE CARDS ***
Shara.Vi: folds
Uncalled bet ($2) returned to AzureCaper
AzureCaper collected $2 from pot
AzureCaper: doesn't show hand
*** SUMMARY ***
Total pot $2 | Rake $0
Seat 4: AzureCaper (big blind) collected ($2)
Seat 6: Shara.Vi (button) (small blind) folded before Flop


PokerStars Hand #163845180779:  Hold'em Limit ($3/$6 USD) - 2016/12/31 21:42:27 ET
Table 'Edasich' 6-max Seat #4 is the button
Seat 4: AzureCaper ($82.70 in chips)
Seat 6: Shara.Vi ($104.06 in chips)
AzureCaper: posts small blind $1
Shara.Vi: posts big blind $3
*** HOLE CARDS ***
AzureCaper: raises $3 to $6
Shara.Vi: calls $3
*** FLOP *** [Ac 6s 3d]
Shara.Vi: checks
AzureCaper: bets $3
Shara.Vi: calls $3
*** TURN *** [Ac 6s 3d] [Ad]
Shara.Vi: checks
AzureCaper: bets $6
Shara.Vi: folds
Uncalled bet ($6) returned to AzureCaper
AzureCaper collected $17.64 from pot
AzureCaper: doesn't show hand
*** SUMMARY ***
Total pot $18 | Rake $0.36
Board [Ac 6s 3d Ad]
Seat 4: AzureCaper (button) (small blind) collected ($17.64)
Seat 6: Shara.Vi (big blind) folded on the Turn


PokerStars Hand #163845212016:  Hold'em Limit ($3/$6 USD) - 2016/12/31 21:43:53 ET
Table 'Edasich' 6-max Seat #6 is the button
Seat 4: AzureCaper ($119.60 in chips)
Seat 6: Shara.Vi ($66.06 in chips)
Shara.Vi: posts small blind $1
AzureCaper: posts big blind $3
*** HOLE CARDS ***
Shara.Vi: raises $3 to $6
AzureCaper: folds
Uncalled bet ($3) returned to Shara.Vi
Shara.Vi collected $6 from pot
*** SUMMARY ***
Total pot $6 | Rake $0
Seat 4: AzureCaper (big blind) folded before Flop
Seat 6: Shara.Vi (button) (small blind) collected ($6)


PokerStars Hand #163845214579:  Hold'em Limit ($3/$6 USD) - 2016/12/31 21:44:00 ET
Table 'Edasich' 6-max Seat #4 is the button
Seat 4: AzureCaper ($116.60 in chips)
Seat 6: Shara.Vi ($69.06 in chips)
AzureCaper: posts small blind $1
Shara.Vi: posts big blind $3
*** HOLE CARDS ***
AzureCaper: raises $3 to $6
Shara.Vi: calls $3
*** FLOP *** [2d 3d Ac]
Shara.Vi: checks
AzureCaper: bets $3
Shara.Vi: folds
Uncalled bet ($3) returned to AzureCaper
AzureCaper collected $11.76 from pot
AzureCaper: doesn't show hand
*** SUMMARY ***
Total pot $12 | Rake $0.24
Board [2d 3d Ac]
Seat 4: AzureCaper (button) (small blind) collected ($11.76)
Seat 6: Shara.Vi (big blind) folded on the Flop


PokerStars Hand #163845210139:  Hold'em Limit ($3/$6 USD) - 2016/12/31 21:43:48 ET
Table 'Edasich' 6-max Seat #4 is the button
Seat 4: AzureCaper ($120.60 in chips)
Seat 6: Shara.Vi ($65.06 in chips)
AzureCaper: posts small blind $1
Shara.Vi: posts big blind $3
*** HOLE CARDS ***
AzureCaper: folds
Uncalled bet ($2) returned to Shara.Vi
Shara.Vi collected $2 from pot
*** SUMMARY ***
Total pot $2 | Rake $0
Seat 4: AzureCaper (button) (small blind) folded before Flop
Seat 6: Shara.Vi (big blind) collected ($2)


PokerStars Hand #163845208159:  Hold'em Limit ($3/$6 USD) - 2016/12/31 21:43:43 ET
Table 'Edasich' 6-max Seat #6 is the button
Seat 4: AzureCaper ($119.60 in chips)
Seat 6: Shara.Vi ($66.06 in chips)
Shara.Vi: posts small blind $1
AzureCaper: posts big blind $3
*** HOLE CARDS ***
Shara.Vi: folds
Uncalled bet ($2) returned to AzureCaper
AzureCaper collected $2 from pot
AzureCaper: doesn't show hand
*** SUMMARY ***
Total pot $2 | Rake $0
Seat 4: AzureCaper (big blind) collected ($2)
Seat 6: Shara.Vi (button) (small blind) folded before Flop


PokerStars Hand #163845204502:  Hold'em Limit ($3/$6 USD) - 2016/12/31 21:43:33 ET
Table 'Edasich' 6-max Seat #4 is the button
Seat 4: AzureCaper ($113.84 in chips)
Seat 6: Shara.Vi ($72.06 in chips)
AzureCaper: posts small blind $1
Shara.Vi: posts big blind $3
*** HOLE CARDS ***
AzureCaper: raises $3 to $6
Shara.Vi: calls $3
*** FLOP *** [2c 2d Js]
Shara.Vi: checks
AzureCaper: bets $3
Shara.Vi: folds
Uncalled bet ($3) returned to AzureCaper
AzureCaper collected $11.76 from pot
AzureCaper: doesn't show hand
*** SUMMARY ***
Total pot $12 | Rake $0.24
Board [2c 2d Js]
Seat 4: AzureCaper (button) (small blind) collected ($11.76)
Seat 6: Shara.Vi (big blind) folded on the Flop


PokerStars Hand #163845202468:  Hold'em Limit ($3/$6 USD) - 2016/12/31 21:43:27 ET
Table 'Edasich' 6-max Seat #6 is the button
Seat 4: AzureCaper ($112.84 in chips)
Seat 6: Shara.Vi ($73.06 in chips)
Shara.Vi: posts small blind $1
AzureCaper: posts big blind $3
*** HOLE CARDS ***
Shara.Vi: folds
Uncalled bet ($2) returned to AzureCaper
AzureCaper collected $2 from pot
AzureCaper: doesn't show hand
*** SUMMARY ***
Total pot $2 | Rake $0
Seat 4: AzureCaper (big blind) collected ($2)
Seat 6: Shara.Vi (button) (small blind) folded before Flop


PokerStars Hand #163845195391:  Hold'em Limit ($3/$6 USD) - 2016/12/31 21:43:07 ET
Table 'Edasich' 6-max Seat #4 is the button
Seat 4: AzureCaper ($92.34 in chips)
Seat 6: Shara.Vi ($94.06 in chips)
AzureCaper: posts small blind $1
Shara.Vi: posts big blind $3
*** HOLE CARDS ***
AzureCaper: raises $3 to $6
Shara.Vi: calls $3
*** FLOP *** [9s 4s 8c]
Shara.Vi: checks
AzureCaper: bets $3
Shara.Vi: calls $3
*** TURN *** [9s 4s 8c] [Kc]
Shara.Vi: checks
AzureCaper: bets $6
Shara.Vi: calls $6
*** RIVER *** [9s 4s 8c Kc] [Jh]
Shara.Vi: checks
AzureCaper: bets $6
Shara.Vi: calls $6
*** SHOW DOWN ***
AzureCaper: shows [7s Js] (a pair of Jacks)
Shara.Vi: mucks hand
AzureCaper collected $41.50 from pot
*** SUMMARY ***
Total pot $42 | Rake $0.50
Board [9s 4s 8c Kc Jh]
Seat 4: AzureCaper (button) (small blind) showed [7s Js] and won ($41.50) with a pair of Jacks
Seat 6: Shara.Vi (big blind) mucked


PokerStars Hand #163845237682:  Hold'em Limit ($3/$6 USD) - 2016/12/31 21:44:55 ET
Table 'Edasich' 6-max Seat #4 is the button
Seat 4: AzureCaper ($139.86 in chips)
Seat 6: Shara.Vi ($45.06 in chips)
AzureCaper: posts small blind $1
Shara.Vi: posts big blind $3
*** HOLE CARDS ***
AzureCaper: raises $3 to $6
Shara.Vi: folds
Uncalled bet ($3) returned to AzureCaper
AzureCaper collected $6 from pot
AzureCaper: doesn't show hand
*** SUMMARY ***
Total pot $6 | Rake $0
Seat 4: AzureCaper (button) (small blind) collected ($6)
Seat 6: Shara.Vi (big blind) folded before Flop


PokerStars Hand #163845231097:  Hold'em Limit ($3/$6 USD) - 2016/12/31 21:44:37 ET
Table 'Edasich' 6-max Seat #6 is the button
Seat 4: AzureCaper ($122.36 in chips)
Seat 6: Shara.Vi ($63.06 in chips)
Shara.Vi: posts small blind $1
AzureCaper: posts big blind $3
*** HOLE CARDS ***
Shara.Vi: raises $3 to $6
AzureCaper: raises $3 to $9
Shara.Vi: calls $3
*** FLOP *** [Ac 2c Qd]
AzureCaper: bets $3
Shara.Vi: calls $3
*** TURN *** [Ac 2c Qd] [6s]
AzureCaper: bets $6
Shara.Vi: calls $6
*** RIVER *** [Ac 2c Qd 6s] [3d]
AzureCaper: checks
Shara.Vi: checks
*** SHOW DOWN ***
AzureCaper: shows [Th Ad] (a pair of Aces)
Shara.Vi: mucks hand
AzureCaper collected $35.50 from pot
*** SUMMARY ***
Total pot $36 | Rake $0.50
Board [Ac 2c Qd 6s 3d]
Seat 4: AzureCaper (big blind) showed [Th Ad] and won ($35.50) with a pair of Aces
Seat 6: Shara.Vi (button) (small blind) mucked


PokerStars Hand #163845239759:  Hold'em Limit ($3/$6 USD) - 2016/12/31 21:45:01 ET
Table 'Edasich' 6-max Seat #6 is the button
Seat 4: AzureCaper ($142.86 in chips)
Seat 6: Shara.Vi ($42.06 in chips)
Shara.Vi: posts small blind $1
AzureCaper: posts big blind $3
*** HOLE CARDS ***
Shara.Vi: folds
Uncalled bet ($2) returned to AzureCaper
AzureCaper collected $2 from pot
AzureCaper: doesn't show hand
*** SUMMARY ***
Total pot $2 | Rake $0
Seat 4: AzureCaper (big blind) collected ($2)
Seat 6: Shara.Vi (button) (small blind) folded before Flop


PokerStars Hand #163845228766:  Hold'em Limit ($3/$6 USD) - 2016/12/31 21:44:30 ET
Table 'Edasich' 6-max Seat #4 is the button
Seat 4: AzureCaper ($119.36 in chips)
Seat 6: Shara.Vi ($66.06 in chips)
AzureCaper: posts small blind $1
Shara.Vi: posts big blind $3
*** HOLE CARDS ***
AzureCaper: raises $3 to $6
Shara.Vi: folds
Uncalled bet ($3) returned to AzureCaper
AzureCaper collected $6 from pot
AzureCaper: doesn't show hand
*** SUMMARY ***
Total pot $6 | Rake $0
Seat 4: AzureCaper (button) (small blind) collected ($6)
Seat 6: Shara.Vi (big blind) folded before Flop


PokerStars Hand #163845226199:  Hold'em Limit ($3/$6 USD) - 2016/12/31 21:44:23 ET
Table 'Edasich' 6-max Seat #6 is the button
Seat 4: AzureCaper ($122.36 in chips)
Seat 6: Shara.Vi ($63.06 in chips)
Shara.Vi: posts small blind $1
AzureCaper: posts big blind $3
*** HOLE CARDS ***
Shara.Vi: raises $3 to $6
AzureCaper: folds
Uncalled bet ($3) returned to Shara.Vi
Shara.Vi collected $6 from pot
*** SUMMARY ***
Total pot $6 | Rake $0
Seat 4: AzureCaper (big blind) folded before Flop
Seat 6: Shara.Vi (button) (small blind) collected ($6)


PokerStars Hand #163845224243:  Hold'em Limit ($3/$6 USD) - 2016/12/31 21:44:18 ET
Table 'Edasich' 6-max Seat #4 is the button
Seat 4: AzureCaper ($123.36 in chips)
Seat 6: Shara.Vi ($62.06 in chips)
AzureCaper: posts small blind $1
Shara.Vi: posts big blind $3
*** HOLE CARDS ***
AzureCaper: folds
Uncalled bet ($2) returned to Shara.Vi
Shara.Vi collected $2 from pot
*** SUMMARY ***
Total pot $2 | Rake $0
Seat 4: AzureCaper (button) (small blind) folded before Flop
Seat 6: Shara.Vi (big blind) collected ($2)


PokerStars Hand #163845222351:  Hold'em Limit ($3/$6 USD) - 2016/12/31 21:44:12 ET
Table 'Edasich' 6-max Seat #6 is the button
Seat 4: AzureCaper ($122.36 in chips)
Seat 6: Shara.Vi ($63.06 in chips)
Shara.Vi: posts small blind $1
AzureCaper: posts big blind $3
*** HOLE CARDS ***
Shara.Vi: folds
Uncalled bet ($2) returned to AzureCaper
AzureCaper collected $2 from pot
AzureCaper: doesn't show hand
*** SUMMARY ***
Total pot $2 | Rake $0
Seat 4: AzureCaper (big blind) collected ($2)
Seat 6: Shara.Vi (button) (small blind) folded before Flop


PokerStars Hand #163845241720:  Hold'em Limit ($3/$6 USD) - 2016/12/31 21:45:06 ET
Table 'Edasich' 6-max Seat #4 is the button
Seat 4: AzureCaper ($143.86 in chips)
Seat 6: Shara.Vi ($41.06 in chips)
AzureCaper: posts small blind $1
Shara.Vi: posts big blind $3
*** HOLE CARDS ***
AzureCaper: raises $3 to $6
Shara.Vi: raises $3 to $9
AzureCaper: calls $3
*** FLOP *** [2h Ac 8h]
Shara.Vi: checks
AzureCaper: bets $3
Shara.Vi: calls $3
*** TURN *** [2h Ac 8h] [5d]
Shara.Vi: checks
AzureCaper: checks
*** RIVER *** [2h Ac 8h 5d] [Kh]
Shara.Vi: bets $6
AzureCaper: folds
Uncalled bet ($6) returned to Shara.Vi
Shara.Vi collected $23.52 from pot
*** SUMMARY ***
Total pot $24 | Rake $0.48
Board [2h Ac 8h 5d Kh]
Seat 4: AzureCaper (button) (small blind) folded on the River
Seat 6: Shara.Vi (big blind) collected ($23.52)


PokerStars Hand #163845254787:  Hold'em Limit ($3/$6 USD) - 2016/12/31 21:45:43 ET
Table 'Edasich' 6-max Seat #4 is the button
Seat 4: AzureCaper ($128.86 in chips)
Seat 6: Shara.Vi ($55.58 in chips)
AzureCaper: posts small blind $1
Shara.Vi: posts big blind $3
*** HOLE CARDS ***
AzureCaper: raises $3 to $6
Shara.Vi: calls $3
*** FLOP *** [9d Ac 8h]
Shara.Vi: checks
AzureCaper: bets $3
Shara.Vi: folds
Uncalled bet ($3) returned to AzureCaper
AzureCaper collected $11.76 from pot
AzureCaper: doesn't show hand
*** SUMMARY ***
Total pot $12 | Rake $0.24
Board [9d Ac 8h]
Seat 4: AzureCaper (button) (small blind) collected ($11.76)
Seat 6: Shara.Vi (big blind) folded on the Flop


PokerStars Hand #163845261825:  Hold'em Limit ($3/$6 USD) - 2016/12/31 21:46:02 ET
Table 'Edasich' 6-max Seat #4 is the button
Seat 4: AzureCaper ($131.62 in chips)
Seat 6: Shara.Vi ($52.58 in chips)
AzureCaper: posts small blind $1
Shara.Vi: posts big blind $3
*** HOLE CARDS ***
AzureCaper: raises $3 to $6
Shara.Vi: raises $3 to $9
AzureCaper: calls $3
*** FLOP *** [Qh 7c Qd]
Shara.Vi: checks
AzureCaper: checks
*** TURN *** [Qh 7c Qd] [5s]
Shara.Vi: bets $6
AzureCaper: raises $6 to $12
Shara.Vi: calls $6
*** RIVER *** [Qh 7c Qd 5s] [2s]
Shara.Vi: checks
AzureCaper: bets $6
Shara.Vi: calls $6
*** SHOW DOWN ***
AzureCaper: shows [7s Td] (two pair, Queens and Sevens)
Shara.Vi: shows [Jh Jd] (two pair, Queens and Jacks)
Shara.Vi collected $53.50 from pot
*** SUMMARY ***
Total pot $54 | Rake $0.50
Board [Qh 7c Qd 5s 2s]
Seat 4: AzureCaper (button) (small blind) showed [7s Td] and lost with two pair, Queens and Sevens
Seat 6: Shara.Vi (big blind) showed [Jh Jd] and won ($53.50) with two pair, Queens and Jacks


PokerStars Hand #163845278453:  Hold'em Limit ($3/$6 USD) - 2016/12/31 21:46:48 ET
Table 'Edasich' 6-max Seat #4 is the button
Seat 4: AzureCaper ($128.12 in chips)
Seat 6: Shara.Vi ($55.08 in chips)
AzureCaper: posts small blind $1
Shara.Vi: posts big blind $3
*** HOLE CARDS ***
AzureCaper: folds
Uncalled bet ($2) returned to Shara.Vi
Shara.Vi collected $2 from pot
*** SUMMARY ***
Total pot $2 | Rake $0
Seat 4: AzureCaper (button) (small blind) folded before Flop
Seat 6: Shara.Vi (big blind) collected ($2)


PokerStars Hand #163845269513:  Hold'em Limit ($3/$6 USD) - 2016/12/31 21:46:23 ET
Table 'Edasich' 6-max Seat #6 is the button
Seat 4: AzureCaper ($104.62 in chips)
Seat 6: Shara.Vi ($79.08 in chips)
Shara.Vi: posts small blind $1
AzureCaper: posts big blind $3
*** HOLE CARDS ***
Shara.Vi: raises $3 to $6
AzureCaper: raises $3 to $9
Shara.Vi: calls $3
*** FLOP *** [4h Td 3s]
AzureCaper: bets $3
Shara.Vi: calls $3
*** TURN *** [4h Td 3s] [Ks]
AzureCaper: bets $6
Shara.Vi: calls $6
*** RIVER *** [4h Td 3s Ks] [9h]
AzureCaper: bets $6
Shara.Vi: calls $6
*** SHOW DOWN ***
AzureCaper: shows [Kd Qh] (a pair of Kings)
Shara.Vi: mucks hand
AzureCaper collected $47.50 from pot
*** SUMMARY ***
Total pot $48 | Rake $0.50
Board [4h Td 3s Ks 9h]
Seat 4: AzureCaper (big blind) showed [Kd Qh] and won ($47.50) with a pair of Kings
Seat 6: Shara.Vi (button) (small blind) mucked


PokerStars Hand #163845280360:  Hold'em Limit ($3/$6 USD) - 2016/12/31 21:46:53 ET
Table 'Edasich' 6-max Seat #6 is the button
Seat 4: AzureCaper ($127.12 in chips)
Seat 6: Shara.Vi ($56.08 in chips)
Shara.Vi: posts small blind $1
AzureCaper: posts big blind $3
*** HOLE CARDS ***
Shara.Vi: folds
Uncalled bet ($2) returned to AzureCaper
AzureCaper collected $2 from pot
AzureCaper: doesn't show hand
*** SUMMARY ***
Total pot $2 | Rake $0
Seat 4: AzureCaper (big blind) collected ($2)
Seat 6: Shara.Vi (button) (small blind) folded before Flop


PokerStars Hand #163845282305:  Hold'em Limit ($3/$6 USD) - 2016/12/31 21:46:59 ET
Table 'Edasich' 6-max Seat #4 is the button
Seat 4: AzureCaper ($128.12 in chips)
Seat 6: Shara.Vi ($55.08 in chips)
AzureCaper: posts small blind $1
Shara.Vi: posts big blind $3
*** HOLE CARDS ***
AzureCaper: raises $3 to $6
Shara.Vi: raises $3 to $9
AzureCaper: raises $3 to $12
Betting is capped
Shara.Vi: calls $3
*** FLOP *** [Ks Kc Kh]
Shara.Vi: checks
AzureCaper: bets $3
Shara.Vi: calls $3
*** TURN *** [Ks Kc Kh] [2c]
Shara.Vi: checks
AzureCaper: bets $6
Shara.Vi: raises $6 to $12
AzureCaper: calls $6
*** RIVER *** [Ks Kc Kh 2c] [9s]
Shara.Vi: bets $6
AzureCaper: calls $6
*** SHOW DOWN ***
Shara.Vi: shows [As 2s] (a full house, Kings full of Deuces)
AzureCaper: shows [9d 9h] (a full house, Kings full of Nines)
AzureCaper collected $65.50 from pot
*** SUMMARY ***
Total pot $66 | Rake $0.50
Board [Ks Kc Kh 2c 9s]
Seat 4: AzureCaper (button) (small blind) showed [9d 9h] and won ($65.50) with a full house, Kings full of Nines
Seat 6: Shara.Vi (big blind) showed [As 2s] and lost with a full house, Kings full of Deuces


PokerStars Hand #163845289775:  Hold'em Limit ($3/$6 USD) - 2016/12/31 21:47:20 ET
Table 'Edasich' 6-max Seat #6 is the button
Seat 4: AzureCaper ($160.62 in chips)
Seat 6: Shara.Vi ($22.08 in chips)
Shara.Vi: posts small blind $1
AzureCaper: posts big blind $3
*** HOLE CARDS ***
Shara.Vi: raises $3 to $6
AzureCaper: calls $3
*** FLOP *** [Kc As 5s]
AzureCaper: checks
Shara.Vi: bets $3
AzureCaper: folds
Uncalled bet ($3) returned to Shara.Vi
Shara.Vi collected $11.76 from pot
*** SUMMARY ***
Total pot $12 | Rake $0.24
Board [Kc As 5s]
Seat 4: AzureCaper (big blind) folded on the Flop
Seat 6: Shara.Vi (button) (small blind) collected ($11.76)


PokerStars Hand #163845294371:  Hold'em Limit ($3/$6 USD) - 2016/12/31 21:47:32 ET
Table 'Edasich' 6-max Seat #4 is the button
Seat 4: AzureCaper ($154.62 in chips)
Seat 6: Shara.Vi ($27.84 in chips)
AzureCaper: posts small blind $1
Shara.Vi: posts big blind $3
*** HOLE CARDS ***
AzureCaper: raises $3 to $6
Shara.Vi: calls $3
*** FLOP *** [Qc 4d Kh]
Shara.Vi: checks
AzureCaper: bets $3
Shara.Vi: folds
Uncalled bet ($3) returned to AzureCaper
AzureCaper collected $11.76 from pot
AzureCaper: doesn't show hand
*** SUMMARY ***
Total pot $12 | Rake $0.24
Board [Qc 4d Kh]
Seat 4: AzureCaper (button) (small blind) collected ($11.76)
Seat 6: Shara.Vi (big blind) folded on the Flop


PokerStars Hand #163845298727:  Hold'em Limit ($3/$6 USD) - 2016/12/31 21:47:44 ET
Table 'Edasich' 6-max Seat #6 is the button
Seat 4: AzureCaper ($160.38 in chips)
Seat 6: Shara.Vi ($21.84 in chips)
Shara.Vi: posts small blind $1
AzureCaper: posts big blind $3
*** HOLE CARDS ***
Shara.Vi: folds
Uncalled bet ($2) returned to AzureCaper
AzureCaper collected $2 from pot
AzureCaper: doesn't show hand
*** SUMMARY ***
Total pot $2 | Rake $0
Seat 4: AzureCaper (big blind) collected ($2)
Seat 6: Shara.Vi (button) (small blind) folded before Flop


PokerStars Hand #163845300787:  Hold'em Limit ($3/$6 USD) - 2016/12/31 21:47:50 ET
Table 'Edasich' 6-max Seat #4 is the button
Seat 4: AzureCaper ($161.38 in chips)
Seat 6: Shara.Vi ($20.84 in chips)
AzureCaper: posts small blind $1
Shara.Vi: posts big blind $3
*** HOLE CARDS ***
AzureCaper: raises $3 to $6
Shara.Vi: folds
Uncalled bet ($3) returned to AzureCaper
AzureCaper collected $6 from pot
*** SUMMARY ***
Total pot $6 | Rake $0
Seat 4: AzureCaper (button) (small blind) collected ($6)
Seat 6: Shara.Vi (big blind) folded before Flop


PokerStars Hand #163845305449:  Hold'em Limit ($3/$6 USD) - 2016/12/31 21:48:03 ET
Table 'Edasich' 6-max Seat #6 is the button
Seat 4: AzureCaper ($164.38 in chips)
Seat 6: Shara.Vi ($17.84 in chips)
Shara.Vi: posts small blind $1
AzureCaper: posts big blind $3
*** HOLE CARDS ***
Shara.Vi: raises $3 to $6
AzureCaper: folds
Uncalled bet ($3) returned to Shara.Vi
Shara.Vi collected $6 from pot
*** SUMMARY ***
Total pot $6 | Rake $0
Seat 4: AzureCaper (big blind) folded before Flop
Seat 6: Shara.Vi (button) (small blind) collected ($6)


PokerStars Hand #163845310545:  Hold'em Limit ($3/$6 USD) - 2016/12/31 21:48:17 ET
Table 'Edasich' 6-max Seat #6 is the button
Seat 4: AzureCaper ($160.38 in chips)
Seat 6: Shara.Vi ($21.84 in chips)
Shara.Vi: posts small blind $1
AzureCaper: posts big blind $3
*** HOLE CARDS ***
Shara.Vi: folds
Uncalled bet ($2) returned to AzureCaper
AzureCaper collected $2 from pot
AzureCaper: doesn't show hand
*** SUMMARY ***
Total pot $2 | Rake $0
Seat 4: AzureCaper (big blind) collected ($2)
Seat 6: Shara.Vi (button) (small blind) folded before Flop


PokerStars Hand #163845308357:  Hold'em Limit ($3/$6 USD) - 2016/12/31 21:48:11 ET
Table 'Edasich' 6-max Seat #4 is the button
Seat 4: AzureCaper ($161.38 in chips)
Seat 6: Shara.Vi ($20.84 in chips)
AzureCaper: posts small blind $1
Shara.Vi: posts big blind $3
*** HOLE CARDS ***
AzureCaper: folds
Uncalled bet ($2) returned to Shara.Vi
Shara.Vi collected $2 from pot
*** SUMMARY ***
Total pot $2 | Rake $0
Seat 4: AzureCaper (button) (small blind) folded before Flop
Seat 6: Shara.Vi (big blind) collected ($2)


PokerStars Hand #163845312364:  Hold'em Limit ($3/$6 USD) - 2016/12/31 21:48:22 ET
Table 'Edasich' 6-max Seat #4 is the button
Seat 4: AzureCaper ($161.38 in chips)
Seat 6: Shara.Vi ($20.84 in chips)
AzureCaper: posts small blind $1
Shara.Vi: posts big blind $3
*** HOLE CARDS ***
AzureCaper: folds
Uncalled bet ($2) returned to Shara.Vi
Shara.Vi collected $2 from pot
*** SUMMARY ***
Total pot $2 | Rake $0
Seat 4: AzureCaper (button) (small blind) folded before Flop
Seat 6: Shara.Vi (big blind) collected ($2)


PokerStars Hand #163845314160:  Hold'em Limit ($3/$6 USD) - 2016/12/31 21:48:28 ET
Table 'Edasich' 6-max Seat #6 is the button
Seat 4: AzureCaper ($160.38 in chips)
Seat 6: Shara.Vi ($21.84 in chips)
Shara.Vi: posts small blind $1
AzureCaper: posts big blind $3
*** HOLE CARDS ***
Shara.Vi: raises $3 to $6
AzureCaper: calls $3
*** FLOP *** [4s 5d 9s]
AzureCaper: checks
Shara.Vi: checks
*** TURN *** [4s 5d 9s] [Ac]
AzureCaper: checks
Shara.Vi: bets $6
AzureCaper: folds
Uncalled bet ($6) returned to Shara.Vi
Shara.Vi collected $11.76 from pot
*** SUMMARY ***
Total pot $12 | Rake $0.24
Board [4s 5d 9s Ac]
Seat 4: AzureCaper (big blind) folded on the Turn
Seat 6: Shara.Vi (button) (small blind) collected ($11.76)


PokerStars Hand #163845329376:  Hold'em Limit ($3/$6 USD) - 2016/12/31 21:49:10 ET
Table 'Edasich' 6-max Seat #6 is the button
Seat 4: AzureCaper ($139.38 in chips)
Seat 6: Shara.Vi ($42.10 in chips)
Shara.Vi: posts small blind $1
AzureCaper: posts big blind $3
*** HOLE CARDS ***
Shara.Vi: folds
Uncalled bet ($2) returned to AzureCaper
AzureCaper collected $2 from pot
AzureCaper: doesn't show hand
*** SUMMARY ***
Total pot $2 | Rake $0
Seat 4: AzureCaper (big blind) collected ($2)
Seat 6: Shara.Vi (button) (small blind) folded before Flop


PokerStars Hand #163845321248:  Hold'em Limit ($3/$6 USD) - 2016/12/31 21:48:47 ET
Table 'Edasich' 6-max Seat #4 is the button
Seat 4: AzureCaper ($154.38 in chips)
Seat 6: Shara.Vi ($27.60 in chips)
AzureCaper: posts small blind $1
Shara.Vi: posts big blind $3
*** HOLE CARDS ***
AzureCaper: raises $3 to $6
Shara.Vi: calls $3
*** FLOP *** [7d 4c 3h]
Shara.Vi: checks
AzureCaper: bets $3
Shara.Vi: calls $3
*** TURN *** [7d 4c 3h] [Ac]
Shara.Vi: checks
AzureCaper: bets $6
Shara.Vi: calls $6
*** RIVER *** [7d 4c 3h Ac] [9h]
Shara.Vi: checks
AzureCaper: checks
*** SHOW DOWN ***
Shara.Vi: shows [4d 6c] (a pair of Fours)
AzureCaper: mucks hand
Shara.Vi collected $29.50 from pot
*** SUMMARY ***
Total pot $30 | Rake $0.50
Board [7d 4c 3h Ac 9h]
Seat 4: AzureCaper (button) (small blind) mucked
Seat 6: Shara.Vi (big blind) showed [4d 6c] and won ($29.50) with a pair of Fours


PokerStars Hand #163845331366:  Hold'em Limit ($3/$6 USD) - 2016/12/31 21:49:15 ET
Table 'Edasich' 6-max Seat #4 is the button
Seat 4: AzureCaper ($140.38 in chips)
Seat 6: Shara.Vi ($41.10 in chips)
AzureCaper: posts small blind $1
Shara.Vi: posts big blind $3
*** HOLE CARDS ***
AzureCaper: raises $3 to $6
Shara.Vi: calls $3
*** FLOP *** [9c Qd Js]
Shara.Vi: checks
AzureCaper: bets $3
Shara.Vi: calls $3
*** TURN *** [9c Qd Js] [7d]
Shara.Vi: checks
AzureCaper: bets $6
Shara.Vi: calls $6
*** RIVER *** [9c Qd Js 7d] [2d]
Shara.Vi: checks
AzureCaper: bets $6
Shara.Vi: folds
Uncalled bet ($6) returned to AzureCaper
AzureCaper collected $29.50 from pot
AzureCaper: doesn't show hand
*** SUMMARY ***
Total pot $30 | Rake $0.50
Board [9c Qd Js 7d 2d]
Seat 4: AzureCaper (button) (small blind) collected ($29.50)
Seat 6: Shara.Vi (big blind) folded on the River


PokerStars Hand #163845338660:  Hold'em Limit ($3/$6 USD) - 2016/12/31 21:49:36 ET
Table 'Edasich' 6-max Seat #6 is the button
Seat 4: AzureCaper ($154.88 in chips)
Seat 6: Shara.Vi ($26.10 in chips)
Shara.Vi: posts small blind $1
AzureCaper: posts big blind $3
*** HOLE CARDS ***
Shara.Vi: folds
Uncalled bet ($2) returned to AzureCaper
AzureCaper collected $2 from pot
AzureCaper: doesn't show hand
*** SUMMARY ***
Total pot $2 | Rake $0
Seat 4: AzureCaper (big blind) collected ($2)
Seat 6: Shara.Vi (button) (small blind) folded before Flop


PokerStars Hand #163845340631:  Hold'em Limit ($3/$6 USD) - 2016/12/31 21:49:41 ET
Table 'Edasich' 6-max Seat #4 is the button
Seat 4: AzureCaper ($155.88 in chips)
Seat 6: Shara.Vi ($25.10 in chips)
AzureCaper: posts small blind $1
Shara.Vi: posts big blind $3
*** HOLE CARDS ***
AzureCaper: folds
Uncalled bet ($2) returned to Shara.Vi
Shara.Vi collected $2 from pot
*** SUMMARY ***
Total pot $2 | Rake $0
Seat 4: AzureCaper (button) (small blind) folded before Flop
Seat 6: Shara.Vi (big blind) collected ($2)


PokerStars Hand #163845355475:  Hold'em Limit ($3/$6 USD) - 2016/12/31 21:50:23 ET
Table 'Edasich' 6-max Seat #6 is the button
Seat 4: AzureCaper ($150.88 in chips)
Seat 6: Shara.Vi ($29.98 in chips)
Shara.Vi: posts small blind $1
AzureCaper: posts big blind $3
*** HOLE CARDS ***
Shara.Vi: calls $2
AzureCaper: checks
*** FLOP *** [5d 2c 3h]
AzureCaper: checks
Shara.Vi: checks
*** TURN *** [5d 2c 3h] [5s]
AzureCaper: checks
Shara.Vi: checks
*** RIVER *** [5d 2c 3h 5s] [3c]
AzureCaper: checks
Shara.Vi: checks
*** SHOW DOWN ***
AzureCaper: shows [Qs 7h] (two pair, Fives and Threes)
Shara.Vi: mucks hand
AzureCaper collected $5.88 from pot
*** SUMMARY ***
Total pot $6 | Rake $0.12
Board [5d 2c 3h 5s 3c]
Seat 4: AzureCaper (big blind) showed [Qs 7h] and won ($5.88) with two pair, Fives and Threes
Seat 6: Shara.Vi (button) (small blind) mucked


PokerStars Hand #163845368954:  Hold'em Limit ($3/$6 USD) - 2016/12/31 21:51:02 ET
Table 'Edasich' 6-max Seat #4 is the button
Seat 4: AzureCaper ($153.76 in chips)
Seat 6: Shara.Vi ($26.98 in chips)
AzureCaper: posts small blind $1
Shara.Vi: posts big blind $3
*** HOLE CARDS ***
AzureCaper: raises $3 to $6
Shara.Vi: calls $3
*** FLOP *** [9c 6d 3c]
Shara.Vi: checks
AzureCaper: bets $3
Shara.Vi: folds
Uncalled bet ($3) returned to AzureCaper
AzureCaper collected $11.76 from pot
AzureCaper: doesn't show hand
*** SUMMARY ***
Total pot $12 | Rake $0.24
Board [9c 6d 3c]
Seat 4: AzureCaper (button) (small blind) collected ($11.76)
Seat 6: Shara.Vi (big blind) folded on the Flop


PokerStars Hand #163845353524:  Hold'em Limit ($3/$6 USD) - 2016/12/31 21:50:18 ET
Table 'Edasich' 6-max Seat #4 is the button
Seat 4: AzureCaper ($151.88 in chips)
Seat 6: Shara.Vi ($28.98 in chips)
AzureCaper: posts small blind $1
Shara.Vi: posts big blind $3
*** HOLE CARDS ***
AzureCaper: folds
Uncalled bet ($2) returned to Shara.Vi
Shara.Vi collected $2 from pot
*** SUMMARY ***
Total pot $2 | Rake $0
Seat 4: AzureCaper (button) (small blind) folded before Flop
Seat 6: Shara.Vi (big blind) collected ($2)


PokerStars Hand #163845343276:  Hold'em Limit ($3/$6 USD) - 2016/12/31 21:49:49 ET
Table 'Edasich' 6-max Seat #6 is the button
Seat 4: AzureCaper ($154.88 in chips)
Seat 6: Shara.Vi ($26.10 in chips)
Shara.Vi: posts small blind $1
AzureCaper: posts big blind $3
*** HOLE CARDS ***
Shara.Vi: calls $2
AzureCaper: checks
*** FLOP *** [9h 3h Kc]
AzureCaper: checks
Shara.Vi: bets $3
AzureCaper: folds
Uncalled bet ($3) returned to Shara.Vi
Shara.Vi collected $5.88 from pot
*** SUMMARY ***
Total pot $6 | Rake $0.12
Board [9h 3h Kc]
Seat 4: AzureCaper (big blind) folded on the Flop
Seat 6: Shara.Vi (button) (small blind) collected ($5.88)


PokerStars Hand #163845374299:  Hold'em Limit ($3/$6 USD) - 2016/12/31 21:51:17 ET
Table 'Edasich' 6-max Seat #6 is the button
Seat 4: AzureCaper ($159.52 in chips)
Seat 6: Shara.Vi ($20.98 in chips)
Shara.Vi: posts small blind $1
AzureCaper: posts big blind $3
*** HOLE CARDS ***
Shara.Vi: folds
Uncalled bet ($2) returned to AzureCaper
AzureCaper collected $2 from pot
AzureCaper: doesn't show hand
*** SUMMARY ***
Total pot $2 | Rake $0
Seat 4: AzureCaper (big blind) collected ($2)
Seat 6: Shara.Vi (button) (small blind) folded before Flop


PokerStars Hand #163845376169:  Hold'em Limit ($3/$6 USD) - 2016/12/31 21:51:22 ET
Table 'Edasich' 6-max Seat #4 is the button
Seat 4: AzureCaper ($160.52 in chips)
Seat 6: Shara.Vi ($19.98 in chips)
AzureCaper: posts small blind $1
Shara.Vi: posts big blind $3
*** HOLE CARDS ***
AzureCaper: folds
Uncalled bet ($2) returned to Shara.Vi
Shara.Vi collected $2 from pot
*** SUMMARY ***
Total pot $2 | Rake $0
Seat 4: AzureCaper (button) (small blind) folded before Flop
Seat 6: Shara.Vi (big blind) collected ($2)


PokerStars Hand #163845377982:  Hold'em Limit ($3/$6 USD) - 2016/12/31 21:51:27 ET
Table 'Edasich' 6-max Seat #6 is the button
Seat 4: AzureCaper ($159.52 in chips)
Seat 6: Shara.Vi ($20.98 in chips)
Shara.Vi: posts small blind $1
AzureCaper: posts big blind $3
*** HOLE CARDS ***
Shara.Vi: raises $3 to $6
AzureCaper: calls $3
*** FLOP *** [Ac Jc Td]
AzureCaper: checks
Shara.Vi: checks
*** TURN *** [Ac Jc Td] [7d]
AzureCaper: bets $6
Shara.Vi: raises $6 to $12
AzureCaper: raises $6 to $18
Shara.Vi: calls $2.98 and is all-in
Uncalled bet ($3.02) returned to AzureCaper
*** RIVER *** [Ac Jc Td 7d] [Qc]
*** SHOW DOWN ***
AzureCaper: shows [Tc Ad] (two pair, Aces and Tens)
Shara.Vi: shows [As 3h] (a pair of Aces)
AzureCaper collected $41.46 from pot
*** SUMMARY ***
Total pot $41.96 | Rake $0.50
Board [Ac Jc Td 7d Qc]
Seat 4: AzureCaper (big blind) showed [Tc Ad] and won ($41.46) with two pair, Aces and Tens
Seat 6: Shara.Vi (button) (small blind) showed [As 3h] and lost with a pair of Aces


