PokerStars Hand #160326264699:  Hold'em Limit ($3/$6 USD) - 2016/10/23 10:49:44 ET
Table 'Edburga' 6-max Seat #4 is the button
Seat 4: AzureCaper ($78.76 in chips)
Seat 5: moveoverover ($82.50 in chips)
AzureCaper: posts small blind $1
moveoverover: posts big blind $3
*** HOLE CARDS ***
AzureCaper: folds
Uncalled bet ($2) returned to moveoverover
moveoverover collected $2 from pot
*** SUMMARY ***
Total pot $2 | Rake $0
Seat 4: AzureCaper (button) (small blind) folded before Flop
Seat 5: moveoverover (big blind) collected ($2)


PokerStars Hand #160326261218:  Hold'em Limit ($3/$6 USD) - 2016/10/23 10:49:40 ET
Table 'Edburga' 6-max Seat #5 is the button
Seat 4: AzureCaper ($77.76 in chips)
Seat 5: moveoverover ($83.50 in chips)
moveoverover: posts small blind $1
AzureCaper: posts big blind $3
*** HOLE CARDS ***
moveoverover: folds
Uncalled bet ($2) returned to AzureCaper
AzureCaper collected $2 from pot
AzureCaper: doesn't show hand
*** SUMMARY ***
Total pot $2 | Rake $0
Seat 4: AzureCaper (big blind) collected ($2)
Seat 5: moveoverover (button) (small blind) folded before Flop


PokerStars Hand #160326254249:  Hold'em Limit ($3/$6 USD) - 2016/10/23 10:49:30 ET
Table 'Edburga' 6-max Seat #4 is the button
Seat 4: AzureCaper ($72 in chips)
Seat 5: moveoverover ($89.50 in chips)
AzureCaper: posts small blind $1
moveoverover: posts big blind $3
*** HOLE CARDS ***
AzureCaper: raises $3 to $6
moveoverover: calls $3
*** FLOP *** [Qd 2s Qh]
moveoverover: checks
AzureCaper: bets $3
moveoverover: folds
Uncalled bet ($3) returned to AzureCaper
AzureCaper collected $11.76 from pot
AzureCaper: doesn't show hand
*** SUMMARY ***
Total pot $12 | Rake $0.24
Board [Qd 2s Qh]
Seat 4: AzureCaper (button) (small blind) collected ($11.76)
Seat 5: moveoverover (big blind) folded on the Flop


PokerStars Hand #160326267779:  Hold'em Limit ($3/$6 USD) - 2016/10/23 10:49:49 ET
Table 'Edburga' 6-max Seat #5 is the button
Seat 4: AzureCaper ($77.76 in chips)
Seat 5: moveoverover ($83.50 in chips)
moveoverover: posts small blind $1
AzureCaper: posts big blind $3
*** HOLE CARDS ***
moveoverover: raises $3 to $6
AzureCaper: calls $3
*** FLOP *** [4h As 3s]
AzureCaper: checks
moveoverover: bets $3
AzureCaper: folds
Uncalled bet ($3) returned to moveoverover
moveoverover collected $11.76 from pot
*** SUMMARY ***
Total pot $12 | Rake $0.24
Board [4h As 3s]
Seat 4: AzureCaper (big blind) folded on the Flop
Seat 5: moveoverover (button) (small blind) collected ($11.76)


PokerStars Hand #160326306648:  Hold'em Limit ($3/$6 USD) - 2016/10/23 10:50:43 ET
Table 'Edburga' 6-max Seat #4 is the button
Seat 4: AzureCaper ($101.14 in chips)
Seat 5: moveoverover ($59.26 in chips)
AzureCaper: posts small blind $1
moveoverover: posts big blind $3
*** HOLE CARDS ***
AzureCaper: folds
Uncalled bet ($2) returned to moveoverover
moveoverover collected $2 from pot
*** SUMMARY ***
Total pot $2 | Rake $0
Seat 4: AzureCaper (button) (small blind) folded before Flop
Seat 5: moveoverover (big blind) collected ($2)


PokerStars Hand #160326294420:  Hold'em Limit ($3/$6 USD) - 2016/10/23 10:50:26 ET
Table 'Edburga' 6-max Seat #5 is the button
Seat 4: AzureCaper ($80.64 in chips)
Seat 5: moveoverover ($80.26 in chips)
moveoverover: posts small blind $1
AzureCaper: posts big blind $3
*** HOLE CARDS ***
moveoverover: calls $2
AzureCaper: raises $3 to $6
moveoverover: calls $3
*** FLOP *** [5c 9c 7s]
AzureCaper: bets $3
moveoverover: calls $3
*** TURN *** [5c 9c 7s] [4d]
AzureCaper: checks
YseRussia joins the table at seat #6
moveoverover: bets $6
AzureCaper: calls $6
*** RIVER *** [5c 9c 7s 4d] [7h]
AzureCaper: checks
moveoverover: bets $6
AzureCaper: calls $6
*** SHOW DOWN ***
moveoverover: shows [Kc 6h] (a pair of Sevens)
AzureCaper: shows [Ah 8h] (a pair of Sevens - Ace kicker)
AzureCaper collected $41.50 from pot
*** SUMMARY ***
Total pot $42 | Rake $0.50
Board [5c 9c 7s 4d 7h]
Seat 4: AzureCaper (big blind) showed [Ah 8h] and won ($41.50) with a pair of Sevens
Seat 5: moveoverover (button) (small blind) showed [Kc 6h] and lost with a pair of Sevens


PokerStars Hand #160326291082:  Hold'em Limit ($3/$6 USD) - 2016/10/23 10:50:21 ET
Table 'Edburga' 6-max Seat #4 is the button
Seat 4: AzureCaper ($81.64 in chips)
Seat 5: moveoverover ($79.26 in chips)
AzureCaper: posts small blind $1
moveoverover: posts big blind $3
*** HOLE CARDS ***
AzureCaper: folds
Uncalled bet ($2) returned to moveoverover
moveoverover collected $2 from pot
*** SUMMARY ***
Total pot $2 | Rake $0
Seat 4: AzureCaper (button) (small blind) folded before Flop
Seat 5: moveoverover (big blind) collected ($2)


PokerStars Hand #160326287197:  Hold'em Limit ($3/$6 USD) - 2016/10/23 10:50:16 ET
Table 'Edburga' 6-max Seat #5 is the button
Seat 4: AzureCaper ($80.64 in chips)
Seat 5: moveoverover ($80.26 in chips)
moveoverover: posts small blind $1
AzureCaper: posts big blind $3
*** HOLE CARDS ***
moveoverover: folds
Uncalled bet ($2) returned to AzureCaper
AzureCaper collected $2 from pot
AzureCaper: doesn't show hand
*** SUMMARY ***
Total pot $2 | Rake $0
Seat 4: AzureCaper (big blind) collected ($2)
Seat 5: moveoverover (button) (small blind) folded before Flop


PokerStars Hand #160326276097:  Hold'em Limit ($3/$6 USD) - 2016/10/23 10:50:00 ET
Table 'Edburga' 6-max Seat #4 is the button
Seat 4: AzureCaper ($72 in chips)
Seat 5: moveoverover ($89.26 in chips)
AzureCaper: posts small blind $1
moveoverover: posts big blind $3
*** HOLE CARDS ***
AzureCaper: raises $3 to $6
moveoverover: calls $3
*** FLOP *** [Th 9c 4d]
moveoverover: checks
AzureCaper: bets $3
moveoverover: calls $3
*** TURN *** [Th 9c 4d] [4h]
moveoverover: checks
AzureCaper: bets $6
moveoverover: folds
Uncalled bet ($6) returned to AzureCaper
AzureCaper collected $17.64 from pot
AzureCaper: doesn't show hand
*** SUMMARY ***
Total pot $18 | Rake $0.36
Board [Th 9c 4d 4h]
Seat 4: AzureCaper (button) (small blind) collected ($17.64)
Seat 5: moveoverover (big blind) folded on the Turn


PokerStars Hand #160327236540:  Hold'em Limit ($3/$6 USD) - 2016/10/23 11:13:02 ET
Table 'Edburga' 6-max Seat #2 is the button
Seat 2: DECAlpha ($80.06 in chips)
Seat 4: LordBorzi II ($113 in chips)
DECAlpha: posts small blind $1
belik555: is sitting out
LordBorzi II: posts big blind $3
*** HOLE CARDS ***
DECAlpha: folds
Uncalled bet ($2) returned to LordBorzi II
belik555 leaves the table
LordBorzi II collected $2 from pot
LordBorzi II: doesn't show hand
*** SUMMARY ***
Total pot $2 | Rake $0
Seat 2: DECAlpha (button) (small blind) folded before Flop
Seat 4: LordBorzi II (big blind) collected ($2)


