PokerStars Hand #153321210632:  Hold'em Limit ($3/$6 USD) - 2016/05/14 18:17:19 ET
Table 'Edburga II' 6-max Seat #3 is the button
Seat 3: birmancat44 ($157.59 in chips)
Seat 6: Chessnok ($223.28 in chips)
BuzovaPro will be allowed to play after the button
birmancat44: posts small blind $1
Widegermany was removed from the table for failing to post
Chessnok: posts big blind $3
*** HOLE CARDS ***
birmancat44: raises $3 to $6
BuzovaPro leaves the table
Chessnok: calls $3
*** FLOP *** [Ah Js Td]
Chessnok: checks
birmancat44: bets $3
Chessnok: folds
Uncalled bet ($3) returned to birmancat44
birmancat44 collected $11.76 from pot
*** SUMMARY ***
Total pot $12 | Rake $0.24
Board [Ah Js Td]
Seat 3: birmancat44 (button) (small blind) collected ($11.76)
Seat 6: Chessnok (big blind) folded on the Flop


PokerStars Hand #153321224175:  Hold'em Limit ($3/$6 USD) - 2016/05/14 18:17:37 ET
Table 'Edburga II' 6-max Seat #6 is the button
Seat 3: birmancat44 ($163.35 in chips)
Seat 6: Chessnok ($217.28 in chips)
Chessnok: posts small blind $1
bongo65 was removed from the table for failing to post
birmancat44: posts big blind $3
*** HOLE CARDS ***
vinipooh09 joins the table at seat #5
Chessnok: raises $3 to $6
birmancat44: calls $3
*** FLOP *** [As Td 6c]
birmancat44: checks
Chessnok: bets $3
birmancat44: folds
Uncalled bet ($3) returned to Chessnok
Chessnok collected $11.76 from pot
Chessnok: doesn't show hand
*** SUMMARY ***
Total pot $12 | Rake $0.24
Board [As Td 6c]
Seat 3: birmancat44 (big blind) folded on the Flop
Seat 6: Chessnok (button) (small blind) collected ($11.76)


PokerStars Hand #153321237191:  Hold'em Limit ($3/$6 USD) - 2016/05/14 18:17:54 ET
Table 'Edburga II' 6-max Seat #3 is the button
Seat 3: birmancat44 ($157.35 in chips)
Seat 6: Chessnok ($223.04 in chips)
birmancat44: posts small blind $1
Chessnok: posts big blind $3
*** HOLE CARDS ***
birmancat44: folds
Uncalled bet ($2) returned to Chessnok
Chessnok collected $2 from pot
Chessnok: doesn't show hand
*** SUMMARY ***
Total pot $2 | Rake $0
Seat 3: birmancat44 (button) (small blind) folded before Flop
Seat 6: Chessnok (big blind) collected ($2)


PokerStars Hand #153321244952:  Hold'em Limit ($3/$6 USD) - 2016/05/14 18:18:04 ET
Table 'Edburga II' 6-max Seat #6 is the button
Seat 3: birmancat44 ($156.35 in chips)
Seat 6: Chessnok ($224.04 in chips)
Chessnok: posts small blind $1
birmancat44: posts big blind $3
*** HOLE CARDS ***
Chessnok: raises $3 to $6
birmancat44: folds
Uncalled bet ($3) returned to Chessnok
birmancat44 leaves the table
Chessnok collected $6 from pot
Chessnok: doesn't show hand
*** SUMMARY ***
Total pot $6 | Rake $0
Seat 3: birmancat44 (big blind) folded before Flop
Seat 6: Chessnok (button) (small blind) collected ($6)


