PokerStars Hand #167390471688:  Hold'em Limit ($3/$6 USD) - 2017/03/10 13:01:09 ET
Table 'Edburga' 6-max Seat #1 is the button
Seat 1: bubsski ($56.76 in chips)
Seat 4: Actionni13 ($162.18 in chips)
bubsski: posts small blind $1
Actionni13: posts big blind $3
*** HOLE CARDS ***
bubsski: raises $3 to $6
Actionni13: calls $3
*** FLOP *** [Ac 7d 3d]
Actionni13: checks
bubsski: bets $3
Actionni13: folds
Uncalled bet ($3) returned to bubsski
bubsski collected $11.76 from pot
bubsski: doesn't show hand
*** SUMMARY ***
Total pot $12 | Rake $0.24
Board [Ac 7d 3d]
Seat 1: bubsski (button) (small blind) collected ($11.76)
Seat 4: Actionni13 (big blind) folded on the Flop


PokerStars Hand #167390467038:  Hold'em Limit ($3/$6 USD) - 2017/03/10 13:01:03 ET
Table 'Edburga' 6-max Seat #4 is the button
Seat 1: bubsski ($59.76 in chips)
Seat 4: Actionni13 ($159.18 in chips)
Actionni13: posts small blind $1
bubsski: posts big blind $3
*** HOLE CARDS ***
Actionni13: raises $3 to $6
bubsski: folds
Uncalled bet ($3) returned to Actionni13
Actionni13 collected $6 from pot
Actionni13: doesn't show hand
*** SUMMARY ***
Total pot $6 | Rake $0
Seat 1: bubsski (big blind) folded before Flop
Seat 4: Actionni13 (button) (small blind) collected ($6)


PokerStars Hand #167390456723:  Hold'em Limit ($3/$6 USD) - 2017/03/10 13:00:48 ET
Table 'Edburga' 6-max Seat #1 is the button
Seat 1: bubsski ($54 in chips)
Seat 4: Actionni13 ($165.18 in chips)
bubsski: posts small blind $1
Actionni13: posts big blind $3
*** HOLE CARDS ***
bubsski: raises $3 to $6
Actionni13: calls $3
*** FLOP *** [Qs Ac 7c]
Actionni13: checks
bubsski: bets $3
Actionni13: folds
Uncalled bet ($3) returned to bubsski
bubsski collected $11.76 from pot
bubsski: doesn't show hand
*** SUMMARY ***
Total pot $12 | Rake $0.24
Board [Qs Ac 7c]
Seat 1: bubsski (button) (small blind) collected ($11.76)
Seat 4: Actionni13 (big blind) folded on the Flop


PokerStars Hand #167390453480:  Hold'em Limit ($3/$6 USD) - 2017/03/10 13:00:43 ET
Table 'Edburga' 6-max Seat #4 is the button
Seat 1: bubsski ($53 in chips)
Seat 4: Actionni13 ($166.18 in chips)
Actionni13: posts small blind $1
bubsski: posts big blind $3
*** HOLE CARDS ***
Actionni13: folds
Uncalled bet ($2) returned to bubsski
bubsski collected $2 from pot
bubsski: doesn't show hand
*** SUMMARY ***
Total pot $2 | Rake $0
Seat 1: bubsski (big blind) collected ($2)
Seat 4: Actionni13 (button) (small blind) folded before Flop


PokerStars Hand #167390511885:  Hold'em Limit ($3/$6 USD) - 2017/03/10 13:02:05 ET
Table 'Edburga' 6-max Seat #1 is the button
Seat 1: bubsski ($45.52 in chips)
Seat 4: Actionni13 ($172.46 in chips)
bubsski: posts small blind $1
Actionni13: posts big blind $3
*** HOLE CARDS ***
bubsski: folds
Uncalled bet ($2) returned to Actionni13
Actionni13 collected $2 from pot
Actionni13: doesn't show hand
*** SUMMARY ***
Total pot $2 | Rake $0
Seat 1: bubsski (button) (small blind) folded before Flop
Seat 4: Actionni13 (big blind) collected ($2)


PokerStars Hand #167390508682:  Hold'em Limit ($3/$6 USD) - 2017/03/10 13:02:01 ET
Table 'Edburga' 6-max Seat #4 is the button
Seat 1: bubsski ($44.52 in chips)
Seat 4: Actionni13 ($173.46 in chips)
Actionni13: posts small blind $1
bubsski: posts big blind $3
*** HOLE CARDS ***
Actionni13: folds
Uncalled bet ($2) returned to bubsski
bubsski collected $2 from pot
bubsski: doesn't show hand
*** SUMMARY ***
Total pot $2 | Rake $0
Seat 1: bubsski (big blind) collected ($2)
Seat 4: Actionni13 (button) (small blind) folded before Flop


PokerStars Hand #167390494710:  Hold'em Limit ($3/$6 USD) - 2017/03/10 13:01:42 ET
Table 'Edburga' 6-max Seat #1 is the button
Seat 1: bubsski ($53.52 in chips)
Seat 4: Actionni13 ($164.82 in chips)
bubsski: posts small blind $1
Actionni13: posts big blind $3
*** HOLE CARDS ***
bubsski: raises $3 to $6
Actionni13: calls $3
*** FLOP *** [2d Js Jh]
Actionni13: checks
bubsski: bets $3
Actionni13: calls $3
*** TURN *** [2d Js Jh] [Qc]
Actionni13: checks
bubsski: checks
*** RIVER *** [2d Js Jh Qc] [9h]
Actionni13: bets $6
bubsski: folds
Uncalled bet ($6) returned to Actionni13
Actionni13 collected $17.64 from pot
Actionni13: doesn't show hand
*** SUMMARY ***
Total pot $18 | Rake $0.36
Board [2d Js Jh Qc 9h]
Seat 1: bubsski (button) (small blind) folded on the River
Seat 4: Actionni13 (big blind) collected ($17.64)


PokerStars Hand #167390480812:  Hold'em Limit ($3/$6 USD) - 2017/03/10 13:01:23 ET
Table 'Edburga' 6-max Seat #4 is the button
Seat 1: bubsski ($62.52 in chips)
Seat 4: Actionni13 ($156.18 in chips)
Actionni13: posts small blind $1
bubsski: posts big blind $3
*** HOLE CARDS ***
Actionni13: raises $3 to $6
bubsski: calls $3
*** FLOP *** [7h Qh As]
bubsski: checks
Actionni13: bets $3
bubsski: calls $3
*** TURN *** [7h Qh As] [7s]
bubsski: checks
Actionni13: bets $6
bubsski: folds
Uncalled bet ($6) returned to Actionni13
Actionni13 collected $17.64 from pot
Actionni13: doesn't show hand
*** SUMMARY ***
Total pot $18 | Rake $0.36
Board [7h Qh As 7s]
Seat 1: bubsski (big blind) folded on the Turn
Seat 4: Actionni13 (button) (small blind) collected ($17.64)


PokerStars Hand #167390515421:  Hold'em Limit ($3/$6 USD) - 2017/03/10 13:02:10 ET
Table 'Edburga' 6-max Seat #4 is the button
Seat 1: bubsski ($44.52 in chips)
Seat 4: Actionni13 ($173.46 in chips)
Actionni13: posts small blind $1
bubsski: posts big blind $3
*** HOLE CARDS ***
Actionni13: raises $3 to $6
bubsski: calls $3
*** FLOP *** [Qs Tc Jh]
bubsski: checks
Actionni13: bets $3
bubsski: raises $3 to $6
Actionni13: calls $3
*** TURN *** [Qs Tc Jh] [4c]
bubsski: bets $6
Actionni13: calls $6
*** RIVER *** [Qs Tc Jh 4c] [4d]
bubsski: bets $6
Actionni13: folds
Uncalled bet ($6) returned to bubsski
bubsski collected $35.50 from pot
bubsski: doesn't show hand
*** SUMMARY ***
Total pot $36 | Rake $0.50
Board [Qs Tc Jh 4c 4d]
Seat 1: bubsski (big blind) collected ($35.50)
Seat 4: Actionni13 (button) (small blind) folded on the River


PokerStars Hand #167390535464:  Hold'em Limit ($3/$6 USD) - 2017/03/10 13:02:36 ET
Table 'Edburga' 6-max Seat #1 is the button
Seat 1: bubsski ($62.02 in chips)
Seat 4: Actionni13 ($155.46 in chips)
bubsski: posts small blind $1
Actionni13: posts big blind $3
*** HOLE CARDS ***
bubsski: raises $3 to $6
Actionni13: calls $3
*** FLOP *** [8d 3h 3d]
Actionni13: checks
bubsski: bets $3
Actionni13: calls $3
*** TURN *** [8d 3h 3d] [Qd]
Actionni13: checks
bubsski: bets $6
Actionni13: calls $6
*** RIVER *** [8d 3h 3d Qd] [Kd]
Actionni13: bets $6
bubsski: calls $6
*** SHOW DOWN ***
Actionni13: shows [Jd 5c] (a flush, King high)
bubsski: mucks hand
Actionni13 collected $41.50 from pot
*** SUMMARY ***
Total pot $42 | Rake $0.50
Board [8d 3h 3d Qd Kd]
Seat 1: bubsski (button) (small blind) mucked
Seat 4: Actionni13 (big blind) showed [Jd 5c] and won ($41.50) with a flush, King high


PokerStars Hand #167390593711:  Hold'em Limit ($3/$6 USD) - 2017/03/10 13:03:52 ET
Table 'Edburga' 6-max Seat #1 is the button
Seat 1: bubsski ($43.52 in chips)
Seat 4: Actionni13 ($172.48 in chips)
bubsski: posts small blind $1
Actionni13: posts big blind $3
*** HOLE CARDS ***
bubsski: raises $3 to $6
Actionni13: folds
Uncalled bet ($3) returned to bubsski
bubsski collected $6 from pot
bubsski: doesn't show hand
*** SUMMARY ***
Total pot $6 | Rake $0
Seat 1: bubsski (button) (small blind) collected ($6)
Seat 4: Actionni13 (big blind) folded before Flop


PokerStars Hand #167390585152:  Hold'em Limit ($3/$6 USD) - 2017/03/10 13:03:41 ET
Table 'Edburga' 6-max Seat #4 is the button
Seat 1: bubsski ($49.52 in chips)
Seat 4: Actionni13 ($166.72 in chips)
Actionni13: posts small blind $1
bubsski: posts big blind $3
*** HOLE CARDS ***
Actionni13: raises $3 to $6
bubsski: calls $3
*** FLOP *** [Qc 3c Ks]
bubsski: checks
Actionni13: bets $3
bubsski: folds
Uncalled bet ($3) returned to Actionni13
Actionni13 collected $11.76 from pot
Actionni13: doesn't show hand
*** SUMMARY ***
Total pot $12 | Rake $0.24
Board [Qc 3c Ks]
Seat 1: bubsski (big blind) folded on the Flop
Seat 4: Actionni13 (button) (small blind) collected ($11.76)


PokerStars Hand #167390569124:  Hold'em Limit ($3/$6 USD) - 2017/03/10 13:03:20 ET
Table 'Edburga' 6-max Seat #1 is the button
Seat 1: bubsski ($35.02 in chips)
Seat 4: Actionni13 ($181.72 in chips)
bubsski: posts small blind $1
Actionni13: posts big blind $3
*** HOLE CARDS ***
bubsski: raises $3 to $6
Actionni13: calls $3
*** FLOP *** [Ks 2c 4h]
Actionni13: checks
bubsski: bets $3
Actionni13: calls $3
*** TURN *** [Ks 2c 4h] [4c]
Actionni13: checks
bubsski: bets $6
Actionni13: calls $6
*** RIVER *** [Ks 2c 4h 4c] [Ts]
Actionni13: checks
bubsski: bets $6
Actionni13: folds
Uncalled bet ($6) returned to bubsski
bubsski collected $29.50 from pot
bubsski: doesn't show hand
*** SUMMARY ***
Total pot $30 | Rake $0.50
Board [Ks 2c 4h 4c Ts]
Seat 1: bubsski (button) (small blind) collected ($29.50)
Seat 4: Actionni13 (big blind) folded on the River


PokerStars Hand #167390598195:  Hold'em Limit ($3/$6 USD) - 2017/03/10 13:03:58 ET
Table 'Edburga' 6-max Seat #4 is the button
Seat 1: bubsski ($46.52 in chips)
Seat 4: Actionni13 ($169.48 in chips)
Actionni13: posts small blind $1
bubsski: posts big blind $3
*** HOLE CARDS ***
Titanic001 joins the table at seat #3
Actionni13: raises $3 to $6
bubsski: calls $3
*** FLOP *** [4c 5c 9c]
bubsski: checks
Actionni13: checks
*** TURN *** [4c 5c 9c] [As]
bubsski: checks
Actionni13: checks
*** RIVER *** [4c 5c 9c As] [Th]
Doc.D.Fil joins the table at seat #5
bubsski: bets $6
Actionni13: folds
Uncalled bet ($6) returned to bubsski
bubsski collected $11.76 from pot
bubsski: doesn't show hand
*** SUMMARY ***
Total pot $12 | Rake $0.24
Board [4c 5c 9c As Th]
Seat 1: bubsski (big blind) collected ($11.76)
Seat 4: Actionni13 (button) (small blind) folded on the River


PokerStars Hand #167399564672:  Hold'em Limit ($3/$6 USD) - 2017/03/10 16:06:15 ET
Table 'Edburga' 6-max Seat #6 is the button
Seat 1: bubsski ($165.33 in chips)
Seat 6: Chessnok ($88.10 in chips)
Chessnok: posts small blind $1
bubsski: posts big blind $3
*** HOLE CARDS ***
Chessnok: raises $3 to $6
bubsski: calls $3
*** FLOP *** [Ks 6h 8s]
bubsski: checks
Chessnok: bets $3
bubsski: calls $3
*** TURN *** [Ks 6h 8s] [Qh]
bubsski: checks
Chessnok: bets $6
bubsski: calls $6
*** RIVER *** [Ks 6h 8s Qh] [Ad]
bubsski: checks
Chessnok: checks
*** SHOW DOWN ***
bubsski: shows [3h Ah] (a pair of Aces)
Chessnok: mucks hand
bubsski collected $29.50 from pot
*** SUMMARY ***
Total pot $30 | Rake $0.50
Board [Ks 6h 8s Qh Ad]
Seat 1: bubsski (big blind) showed [3h Ah] and won ($29.50) with a pair of Aces
Seat 6: Chessnok (button) (small blind) mucked


PokerStars Hand #167399558918:  Hold'em Limit ($3/$6 USD) - 2017/03/10 16:06:09 ET
Table 'Edburga' 6-max Seat #1 is the button
Seat 1: bubsski ($166.33 in chips)
Seat 6: Chessnok ($87.10 in chips)
bubsski: posts small blind $1
LouisB: is sitting out
alasad444 was removed from the table for failing to post
Chessnok: posts big blind $3
*** HOLE CARDS ***
bubsski: folds
Uncalled bet ($2) returned to Chessnok
Chessnok collected $2 from pot
Chessnok: doesn't show hand
*** SUMMARY ***
Total pot $2 | Rake $0
Seat 1: bubsski (button) (small blind) folded before Flop
Seat 6: Chessnok (big blind) collected ($2)


PokerStars Hand #167399619025:  Hold'em Limit ($3/$6 USD) - 2017/03/10 16:07:20 ET
Table 'Edburga' 6-max Seat #1 is the button
Seat 1: bubsski ($194.33 in chips)
Seat 6: Chessnok ($60 in chips)
bubsski: posts small blind $1
Chessnok: posts big blind $3
*** HOLE CARDS ***
bubsski: folds
Uncalled bet ($2) returned to Chessnok
Chessnok collected $2 from pot
Chessnok: doesn't show hand
*** SUMMARY ***
Total pot $2 | Rake $0
Seat 1: bubsski (button) (small blind) folded before Flop
Seat 6: Chessnok (big blind) collected ($2)


PokerStars Hand #167399631582:  Hold'em Limit ($3/$6 USD) - 2017/03/10 16:07:34 ET
Table 'Edburga' 6-max Seat #1 is the button
Seat 1: bubsski ($187.33 in chips)
Seat 6: Chessnok ($66.76 in chips)
bubsski: posts small blind $1
Chessnok: posts big blind $3
*** HOLE CARDS ***
bubsski: raises $3 to $6
Chessnok: folds
Uncalled bet ($3) returned to bubsski
bubsski collected $6 from pot
bubsski: doesn't show hand
*** SUMMARY ***
Total pot $6 | Rake $0
Seat 1: bubsski (button) (small blind) collected ($6)
Seat 6: Chessnok (big blind) folded before Flop


PokerStars Hand #167399623632:  Hold'em Limit ($3/$6 USD) - 2017/03/10 16:07:25 ET
Table 'Edburga' 6-max Seat #6 is the button
Seat 1: bubsski ($193.33 in chips)
Seat 6: Chessnok ($61 in chips)
Chessnok: posts small blind $1
bubsski: posts big blind $3
*** HOLE CARDS ***
Chessnok: raises $3 to $6
bubsski: calls $3
*** FLOP *** [9c 6s 8s]
bubsski: checks
Chessnok: bets $3
bubsski: folds
Uncalled bet ($3) returned to Chessnok
Chessnok collected $11.76 from pot
Chessnok: doesn't show hand
*** SUMMARY ***
Total pot $12 | Rake $0.24
Board [9c 6s 8s]
Seat 1: bubsski (big blind) folded on the Flop
Seat 6: Chessnok (button) (small blind) collected ($11.76)


PokerStars Hand #167399643427:  Hold'em Limit ($3/$6 USD) - 2017/03/10 16:07:48 ET
Table 'Edburga' 6-max Seat #1 is the button
Seat 1: bubsski ($187.33 in chips)
Seat 6: Chessnok ($66.76 in chips)
bubsski: posts small blind $1
Chessnok: posts big blind $3
*** HOLE CARDS ***
bubsski: raises $3 to $6
Chessnok: calls $3
*** FLOP *** [3h 4h Jc]
Chessnok: checks
bubsski: bets $3
Chessnok: folds
Uncalled bet ($3) returned to bubsski
bubsski collected $11.76 from pot
bubsski: doesn't show hand
*** SUMMARY ***
Total pot $12 | Rake $0.24
Board [3h 4h Jc]
Seat 1: bubsski (button) (small blind) collected ($11.76)
Seat 6: Chessnok (big blind) folded on the Flop


PokerStars Hand #167399585242:  Hold'em Limit ($3/$6 USD) - 2017/03/10 16:06:41 ET
Table 'Edburga' 6-max Seat #1 is the button
Seat 1: bubsski ($179.83 in chips)
Seat 6: Chessnok ($73.10 in chips)
bubsski: posts small blind $1
Chessnok: posts big blind $3
*** HOLE CARDS ***
bubsski: raises $3 to $6
Chessnok: calls $3
*** FLOP *** [9c 2h 4h]
Chessnok: checks
bubsski: bets $3
Chessnok: calls $3
*** TURN *** [9c 2h 4h] [6d]
Chessnok: checks
bubsski: checks
*** RIVER *** [9c 2h 4h 6d] [9d]
Chessnok: bets $6
bubsski: folds
Uncalled bet ($6) returned to Chessnok
Chessnok collected $17.64 from pot
Chessnok: doesn't show hand
*** SUMMARY ***
Total pot $18 | Rake $0.36
Board [9c 2h 4h 6d 9d]
Seat 1: bubsski (button) (small blind) folded on the River
Seat 6: Chessnok (big blind) collected ($17.64)


PokerStars Hand #167399604122:  Hold'em Limit ($3/$6 USD) - 2017/03/10 16:07:02 ET
Table 'Edburga' 6-max Seat #6 is the button
Seat 1: bubsski ($170.83 in chips)
Seat 6: Chessnok ($81.74 in chips)
Chessnok: posts small blind $1
bubsski: posts big blind $3
*** HOLE CARDS ***
Chessnok: raises $3 to $6
bubsski: calls $3
*** FLOP *** [6s 5d Th]
bubsski: checks
Chessnok: bets $3
bubsski: raises $3 to $6
Chessnok: calls $3
*** TURN *** [6s 5d Th] [3h]
bubsski: bets $6
Chessnok: calls $6
*** RIVER *** [6s 5d Th 3h] [Js]
bubsski: bets $6
Chessnok: calls $6
*** SHOW DOWN ***
bubsski: shows [Tc 2c] (a pair of Tens)
Chessnok: mucks hand
bubsski collected $47.50 from pot
*** SUMMARY ***
Total pot $48 | Rake $0.50
Board [6s 5d Th 3h Js]
Seat 1: bubsski (big blind) showed [Tc 2c] and won ($47.50) with a pair of Tens
Seat 6: Chessnok (button) (small blind) mucked


PokerStars Hand #167399675358:  Hold'em Limit ($3/$6 USD) - 2017/03/10 16:08:25 ET
Table 'Edburga' 6-max Seat #6 is the button
Seat 1: bubsski ($225.09 in chips)
Seat 6: Chessnok ($60 in chips)
Chessnok: posts small blind $1
bubsski: posts big blind $3
*** HOLE CARDS ***
Chessnok: raises $3 to $6
bubsski: calls $3
*** FLOP *** [Th 2h 3h]
bubsski: checks
Chessnok: bets $3
bubsski: folds
Uncalled bet ($3) returned to Chessnok
Chessnok collected $11.76 from pot
Chessnok: doesn't show hand
*** SUMMARY ***
Total pot $12 | Rake $0.24
Board [Th 2h 3h]
Seat 1: bubsski (big blind) folded on the Flop
Seat 6: Chessnok (button) (small blind) collected ($11.76)


PokerStars Hand #167399684606:  Hold'em Limit ($3/$6 USD) - 2017/03/10 16:08:36 ET
Table 'Edburga' 6-max Seat #1 is the button
Seat 1: bubsski ($219.09 in chips)
Seat 6: Chessnok ($65.76 in chips)
bubsski: posts small blind $1
Chessnok: posts big blind $3
*** HOLE CARDS ***
bubsski: raises $3 to $6
Chessnok: calls $3
*** FLOP *** [6d 5s Tc]
Chessnok: checks
bubsski: bets $3
Chessnok: calls $3
*** TURN *** [6d 5s Tc] [7c]
Chessnok: checks
bubsski: bets $6
Chessnok: raises $6 to $12
arrow482 joins the table at seat #4
bubsski: calls $6
*** RIVER *** [6d 5s Tc 7c] [Ts]
Chessnok: bets $6
bubsski: calls $6
*** SHOW DOWN ***
Chessnok: shows [9c 8h] (a straight, Six to Ten)
bubsski: mucks hand
Chessnok collected $53.50 from pot
*** SUMMARY ***
Total pot $54 | Rake $0.50
Board [6d 5s Tc 7c Ts]
Seat 1: bubsski (button) (small blind) mucked
Seat 6: Chessnok (big blind) showed [9c 8h] and won ($53.50) with a straight, Six to Ten


PokerStars Hand #167399651223:  Hold'em Limit ($3/$6 USD) - 2017/03/10 16:07:57 ET
Table 'Edburga' 6-max Seat #6 is the button
Seat 1: bubsski ($193.09 in chips)
Seat 6: Chessnok ($60.76 in chips)
Chessnok: posts small blind $1
bubsski: posts big blind $3
*** HOLE CARDS ***
Chessnok: raises $3 to $6
bubsski: calls $3
*** FLOP *** [6d Jh Td]
bubsski: checks
Chessnok: checks
*** TURN *** [6d Jh Td] [3c]
bubsski: bets $6
Chessnok: calls $6
*** RIVER *** [6d Jh Td 3c] [Kh]
bubsski: bets $6
Chessnok: calls $6
*** SHOW DOWN ***
bubsski: shows [Ks 4c] (a pair of Kings)
Chessnok: mucks hand
bubsski collected $35.50 from pot
*** SUMMARY ***
Total pot $36 | Rake $0.50
Board [6d Jh Td 3c Kh]
Seat 1: bubsski (big blind) showed [Ks 4c] and won ($35.50) with a pair of Kings
Seat 6: Chessnok (button) (small blind) mucked


PokerStars Hand #167399663368:  Hold'em Limit ($3/$6 USD) - 2017/03/10 16:08:11 ET
Table 'Edburga' 6-max Seat #1 is the button
Seat 1: bubsski ($210.59 in chips)
Seat 6: Chessnok ($60 in chips)
bubsski: posts small blind $1
Chessnok: posts big blind $3
*** HOLE CARDS ***
bubsski: raises $3 to $6
Chessnok: calls $3
*** FLOP *** [Ad Qs 4d]
Chessnok: checks
bubsski: bets $3
Chessnok: calls $3
*** TURN *** [Ad Qs 4d] [4s]
Chessnok: checks
bubsski: checks
*** RIVER *** [Ad Qs 4d 4s] [7h]
Chessnok: bets $6
bubsski: calls $6
*** SHOW DOWN ***
Chessnok: shows [Td 2d] (a pair of Fours)
bubsski: shows [7d 5d] (two pair, Sevens and Fours)
bubsski collected $29.50 from pot
*** SUMMARY ***
Total pot $30 | Rake $0.50
Board [Ad Qs 4d 4s 7h]
Seat 1: bubsski (button) (small blind) showed [7d 5d] and won ($29.50) with two pair, Sevens and Fours
Seat 6: Chessnok (big blind) showed [Td 2d] and lost with a pair of Fours


PokerStars Hand #167399699611:  Hold'em Limit ($3/$6 USD) - 2017/03/10 16:08:53 ET
Table 'Edburga' 6-max Seat #6 is the button
Seat 1: bubsski ($192.09 in chips)
Seat 6: Chessnok ($92.26 in chips)
Chessnok: posts small blind $1
bubsski: posts big blind $3
*** HOLE CARDS ***
Chessnok: raises $3 to $6
bubsski: calls $3
*** FLOP *** [Ks 5d Kd]
bubsski: checks
Chessnok: bets $3
bubsski: calls $3
*** TURN *** [Ks 5d Kd] [6h]
bubsski: checks
Chessnok: bets $6
bubsski: calls $6
*** RIVER *** [Ks 5d Kd 6h] [Jh]
bubsski: checks
Chessnok: bets $6
bubsski: calls $6
*** SHOW DOWN ***
Chessnok: shows [9h 9c] (two pair, Kings and Nines)
bubsski: mucks hand
Chessnok collected $41.50 from pot
*** SUMMARY ***
Total pot $42 | Rake $0.50
Board [Ks 5d Kd 6h Jh]
Seat 1: bubsski (big blind) mucked
Seat 6: Chessnok (button) (small blind) showed [9h 9c] and won ($41.50) with two pair, Kings and Nines


PokerStars Hand #167400631091:  Hold'em Limit ($3/$6 USD) - 2017/03/10 16:27:02 ET
Table 'Edburga' 6-max Seat #1 is the button
Seat 1: bubsski ($97.07 in chips)
Seat 6: Chessnok ($82.17 in chips)
bubsski: posts small blind $1
LouisB: is sitting out
Chessnok: posts big blind $3
*** HOLE CARDS ***
bubsski: raises $3 to $6
Chessnok: calls $3
*** FLOP *** [6d Jh Tc]
Chessnok: checks
bubsski: bets $3
Chessnok: raises $3 to $6
bubsski: folds
Uncalled bet ($3) returned to Chessnok
Chessnok collected $17.64 from pot
Chessnok: doesn't show hand
*** SUMMARY ***
Total pot $18 | Rake $0.36
Board [6d Jh Tc]
Seat 1: bubsski (button) (small blind) folded on the Flop
Seat 6: Chessnok (big blind) collected ($17.64)


PokerStars Hand #167400670745:  Hold'em Limit ($3/$6 USD) - 2017/03/10 16:27:49 ET
Table 'Edburga' 6-max Seat #1 is the button
Seat 1: bubsski ($82.07 in chips)
Seat 6: Chessnok ($96.57 in chips)
bubsski: posts small blind $1
Chessnok: posts big blind $3
*** HOLE CARDS ***
bubsski: folds
Uncalled bet ($2) returned to Chessnok
bubsski leaves the table
Chessnok collected $2 from pot
Chessnok: doesn't show hand
*** SUMMARY ***
Total pot $2 | Rake $0
Seat 1: bubsski (button) (small blind) folded before Flop
Seat 6: Chessnok (big blind) collected ($2)


PokerStars Hand #167400650101:  Hold'em Limit ($3/$6 USD) - 2017/03/10 16:27:24 ET
Table 'Edburga' 6-max Seat #6 is the button
Seat 1: bubsski ($88.07 in chips)
Seat 6: Chessnok ($90.81 in chips)
Chessnok: posts small blind $1
bubsski: posts big blind $3
*** HOLE CARDS ***
Chessnok: raises $3 to $6
bubsski: calls $3
*** FLOP *** [As Qc 8h]
bubsski: checks
Chessnok: bets $3
bubsski: folds
Uncalled bet ($3) returned to Chessnok
Chessnok collected $11.76 from pot
Chessnok: doesn't show hand
*** SUMMARY ***
Total pot $12 | Rake $0.24
Board [As Qc 8h]
Seat 1: bubsski (big blind) folded on the Flop
Seat 6: Chessnok (button) (small blind) collected ($11.76)


