PokerStars Hand #151030463064:  Hold'em Limit ($3/$6 USD) - 2016/03/27 16:40:33 ET
Table 'Edburga' 6-max Seat #3 is the button
Seat 3: Jeelsy ($63.37 in chips)
Seat 4: BuzovaPro ($72 in chips)
Jeelsy: posts small blind $1
BuzovaPro: posts big blind $3
*** HOLE CARDS ***
Jeelsy: raises $3 to $6
BuzovaPro: calls $3
*** FLOP *** [5d 4h 4c]
BuzovaPro: checks
Jeelsy: checks
*** TURN *** [5d 4h 4c] [5h]
BuzovaPro: checks
Jeelsy: bets $6
BuzovaPro: folds
Uncalled bet ($6) returned to Jeelsy
Jeelsy collected $11.76 from pot
Jeelsy: doesn't show hand
*** SUMMARY ***
Total pot $12 | Rake $0.24
Board [5d 4h 4c 5h]
Seat 3: Jeelsy (button) (small blind) collected ($11.76)
Seat 4: BuzovaPro (big blind) folded on the Turn


PokerStars Hand #151030523513:  Hold'em Limit ($3/$6 USD) - 2016/03/27 16:41:30 ET
Table 'Edburga' 6-max Seat #3 is the button
Seat 3: Jeelsy ($74.89 in chips)
Seat 4: BuzovaPro ($72 in chips)
Jeelsy: posts small blind $1
BuzovaPro: posts big blind $3
*** HOLE CARDS ***
Jeelsy: raises $3 to $6
BuzovaPro: folds
Uncalled bet ($3) returned to Jeelsy
Jeelsy collected $6 from pot
Jeelsy: doesn't show hand
*** SUMMARY ***
Total pot $6 | Rake $0
Seat 3: Jeelsy (button) (small blind) collected ($6)
Seat 4: BuzovaPro (big blind) folded before Flop


PokerStars Hand #151030508675:  Hold'em Limit ($3/$6 USD) - 2016/03/27 16:41:16 ET
Table 'Edburga' 6-max Seat #4 is the button
Seat 3: Jeelsy ($69.13 in chips)
Seat 4: BuzovaPro ($72 in chips)
BuzovaPro: posts small blind $1
Jeelsy: posts big blind $3
*** HOLE CARDS ***
BuzovaPro: raises $3 to $6
Jeelsy: calls $3
*** FLOP *** [Tc Jh Ad]
Jeelsy: bets $3
BuzovaPro: folds
Uncalled bet ($3) returned to Jeelsy
Jeelsy collected $11.76 from pot
Jeelsy: doesn't show hand
*** SUMMARY ***
Total pot $12 | Rake $0.24
Board [Tc Jh Ad]
Seat 3: Jeelsy (big blind) collected ($11.76)
Seat 4: BuzovaPro (button) (small blind) folded on the Flop


PokerStars Hand #151030531362:  Hold'em Limit ($3/$6 USD) - 2016/03/27 16:41:37 ET
Table 'Edburga' 6-max Seat #4 is the button
Seat 3: Jeelsy ($77.89 in chips)
Seat 4: BuzovaPro ($72 in chips)
BuzovaPro: posts small blind $1
Jeelsy: posts big blind $3
*** HOLE CARDS ***
BuzovaPro: raises $3 to $6
Jeelsy: calls $3
*** FLOP *** [2h Th 3s]
Jeelsy: bets $3
BuzovaPro: calls $3
*** TURN *** [2h Th 3s] [As]
Jeelsy: bets $6
BuzovaPro: calls $6
*** RIVER *** [2h Th 3s As] [2s]
Jeelsy: checks
BuzovaPro: checks
*** SHOW DOWN ***
Jeelsy: shows [4d 4s] (two pair, Fours and Deuces)
BuzovaPro: mucks hand
Jeelsy collected $29.50 from pot
*** SUMMARY ***
Total pot $30 | Rake $0.50
Board [2h Th 3s As 2s]
Seat 3: Jeelsy (big blind) showed [4d 4s] and won ($29.50) with two pair, Fours and Deuces
Seat 4: BuzovaPro (button) (small blind) mucked


PokerStars Hand #151030557432:  Hold'em Limit ($3/$6 USD) - 2016/03/27 16:42:02 ET
Table 'Edburga' 6-max Seat #3 is the button
Seat 3: Jeelsy ($92.39 in chips)
Seat 4: BuzovaPro ($72 in chips)
Jeelsy: posts small blind $1
BuzovaPro: posts big blind $3
*** HOLE CARDS ***
Jeelsy: raises $3 to $6
BuzovaPro: calls $3
*** FLOP *** [Th 5c 3h]
BuzovaPro: checks
Jeelsy: bets $3
BuzovaPro: calls $3
*** TURN *** [Th 5c 3h] [5s]
BuzovaPro: checks
Jeelsy: checks
*** RIVER *** [Th 5c 3h 5s] [Ac]
BuzovaPro: checks
Jeelsy: checks
*** SHOW DOWN ***
BuzovaPro: shows [9s 3s] (two pair, Fives and Threes)
Jeelsy: mucks hand
BuzovaPro collected $17.64 from pot
*** SUMMARY ***
Total pot $18 | Rake $0.36
Board [Th 5c 3h 5s Ac]
Seat 3: Jeelsy (button) (small blind) mucked
Seat 4: BuzovaPro (big blind) showed [9s 3s] and won ($17.64) with two pair, Fives and Threes


PokerStars Hand #151030604615:  Hold'em Limit ($3/$6 USD) - 2016/03/27 16:42:46 ET
Table 'Edburga' 6-max Seat #4 is the button
Seat 3: Jeelsy ($83.39 in chips)
Seat 4: BuzovaPro ($80.64 in chips)
BuzovaPro: posts small blind $1
Jeelsy: posts big blind $3
*** HOLE CARDS ***
BuzovaPro: raises $3 to $6
Jeelsy: calls $3
*** FLOP *** [5h 9d 9s]
Jeelsy: bets $3
BuzovaPro: calls $3
*** TURN *** [5h 9d 9s] [4c]
Jeelsy: bets $6
BuzovaPro: calls $6
*** RIVER *** [5h 9d 9s 4c] [7s]
Jeelsy: bets $6
BuzovaPro: calls $6
*** SHOW DOWN ***
Jeelsy: shows [5d Kh] (two pair, Nines and Fives)
BuzovaPro: mucks hand
Jeelsy collected $41.50 from pot
*** SUMMARY ***
Total pot $42 | Rake $0.50
Board [5h 9d 9s 4c 7s]
Seat 3: Jeelsy (big blind) showed [5d Kh] and won ($41.50) with two pair, Nines and Fives
Seat 4: BuzovaPro (button) (small blind) mucked


PokerStars Hand #151030631477:  Hold'em Limit ($3/$6 USD) - 2016/03/27 16:43:12 ET
Table 'Edburga' 6-max Seat #4 is the button
Seat 3: Jeelsy ($102.89 in chips)
Seat 4: BuzovaPro ($73 in chips)
BuzovaPro: posts small blind $1
Jeelsy: posts big blind $3
*** HOLE CARDS ***
laapin joins the table at seat #2
BuzovaPro: folds
Uncalled bet ($2) returned to Jeelsy
Jeelsy collected $2 from pot
Jeelsy: doesn't show hand
*** SUMMARY ***
Total pot $2 | Rake $0
Seat 3: Jeelsy (big blind) collected ($2)
Seat 4: BuzovaPro (button) (small blind) folded before Flop


PokerStars Hand #151030624793:  Hold'em Limit ($3/$6 USD) - 2016/03/27 16:43:05 ET
Table 'Edburga' 6-max Seat #3 is the button
Seat 3: Jeelsy ($103.89 in chips)
Seat 4: BuzovaPro ($72 in chips)
Jeelsy: posts small blind $1
BuzovaPro: posts big blind $3
*** HOLE CARDS ***
Jeelsy: folds
Uncalled bet ($2) returned to BuzovaPro
BuzovaPro collected $2 from pot
BuzovaPro: doesn't show hand
*** SUMMARY ***
Total pot $2 | Rake $0
Seat 3: Jeelsy (button) (small blind) folded before Flop
Seat 4: BuzovaPro (big blind) collected ($2)


PokerStars Hand #151030638108:  Hold'em Limit ($3/$6 USD) - 2016/03/27 16:43:18 ET
Table 'Edburga' 6-max Seat #3 is the button
Seat 3: Jeelsy ($103.89 in chips)
Seat 4: BuzovaPro ($72 in chips)
Jeelsy: posts small blind $1
BuzovaPro: posts big blind $3
*** HOLE CARDS ***
Jeelsy: folds
Uncalled bet ($2) returned to BuzovaPro
BuzovaPro collected $2 from pot
BuzovaPro: doesn't show hand
*** SUMMARY ***
Total pot $2 | Rake $0
Seat 3: Jeelsy (button) (small blind) folded before Flop
Seat 4: BuzovaPro (big blind) collected ($2)


PokerStars Hand #151033271414:  Hold'em Limit ($3/$6 USD) - 2016/03/27 17:24:47 ET
Table 'Edburga' 6-max Seat #5 is the button
Seat 1: RaisemyNut$ ($217.03 in chips)
Seat 5: Velbor107 ($217.04 in chips)
Velbor107: posts small blind $1
RaisemyNut$: posts big blind $3
*** HOLE CARDS ***
Velbor107: raises $3 to $6
RaisemyNut$: folds
Uncalled bet ($3) returned to Velbor107
Velbor107 collected $6 from pot
*** SUMMARY ***
Total pot $6 | Rake $0
Seat 1: RaisemyNut$ (big blind) folded before Flop
Seat 5: Velbor107 (button) (small blind) collected ($6)


