PokerStars Hand #151156636618:  Hold'em Limit ($3/$6 USD) - 2016/03/30 6:18:31 ET
Table 'Edburga' 6-max Seat #5 is the button
Seat 3: aliialim ($58.80 in chips)
Seat 5: Hi Im Alexey ($72 in chips)
Hi Im Alexey: posts small blind $1
aliialim: posts big blind $3
*** HOLE CARDS ***
Hi Im Alexey: raises $3 to $6
aliialim: folds
Uncalled bet ($3) returned to Hi Im Alexey
Hi Im Alexey collected $6 from pot
TbIP-TbIP 88 joins the table at seat #4
*** SUMMARY ***
Total pot $6 | Rake $0
Seat 3: aliialim (big blind) folded before Flop
Seat 5: Hi Im Alexey (button) (small blind) collected ($6)


PokerStars Hand #151156627794:  Hold'em Limit ($3/$6 USD) - 2016/03/30 6:18:12 ET
Table 'Edburga' 6-max Seat #3 is the button
Seat 3: aliialim ($47.28 in chips)
Seat 5: Hi Im Alexey ($72 in chips)
aliialim: posts small blind $1
Hi Im Alexey: posts big blind $3
*** HOLE CARDS ***
aliialim: raises $3 to $6
Hi Im Alexey: raises $3 to $9
aliialim: calls $3
*** FLOP *** [Qc 3c Jc]
Hi Im Alexey: bets $3
aliialim: calls $3
*** TURN *** [Qc 3c Jc] [9h]
Hi Im Alexey: checks
aliialim: bets $6
Hi Im Alexey: folds
Uncalled bet ($6) returned to aliialim
aliialim collected $23.52 from pot
aliialim: doesn't show hand
*** SUMMARY ***
Total pot $24 | Rake $0.48
Board [Qc 3c Jc 9h]
Seat 3: aliialim (button) (small blind) collected ($23.52)
Seat 5: Hi Im Alexey (big blind) folded on the Turn


PokerStars Hand #151156731301:  Hold'em Limit ($3/$6 USD) - 2016/03/30 6:21:59 ET
Table 'Edburga' 6-max Seat #5 is the button
Seat 3: aliialim ($47.58 in chips)
Seat 5: Hi Im Alexey ($78.45 in chips)
Hi Im Alexey: posts small blind $1
aliialim: posts big blind $3
*** HOLE CARDS ***
JACKan_11 joins the table at seat #2
Hi Im Alexey: raises $3 to $6
aliialim: folds
Uncalled bet ($3) returned to Hi Im Alexey
Hi Im Alexey collected $6 from pot
*** SUMMARY ***
Total pot $6 | Rake $0
Seat 3: aliialim (big blind) folded before Flop
Seat 5: Hi Im Alexey (button) (small blind) collected ($6)


PokerStars Hand #151156724841:  Hold'em Limit ($3/$6 USD) - 2016/03/30 6:21:45 ET
Table 'Edburga' 6-max Seat #3 is the button
Seat 3: aliialim ($41.82 in chips)
Seat 5: Hi Im Alexey ($84.45 in chips)
aliialim: posts small blind $1
TbIP-TbIP 88: is sitting out
Hi Im Alexey: posts big blind $3
*** HOLE CARDS ***
aliialim: raises $3 to $6
Hi Im Alexey: calls $3
*** FLOP *** [Ks 9d 4s]
Hi Im Alexey: checks
aliialim: bets $3
Hi Im Alexey: folds
Uncalled bet ($3) returned to aliialim
aliialim collected $11.76 from pot
aliialim: doesn't show hand
*** SUMMARY ***
Total pot $12 | Rake $0.24
Board [Ks 9d 4s]
Seat 3: aliialim (button) (small blind) collected ($11.76)
Seat 5: Hi Im Alexey (big blind) folded on the Flop


PokerStars Hand #151161992479:  Hold'em Limit ($3/$6 USD) - 2016/03/30 9:11:02 ET
Table 'Edburga' 6-max Seat #4 is the button
Seat 2: lin1rabbit ($131.91 in chips)
Seat 4: Hi Im Alexey ($220.28 in chips)
Hi Im Alexey: posts small blind $1
VolkovDmitri: is sitting out
tangxueke: is sitting out
BuzovaPro: is sitting out
lin1rabbit: posts big blind $3
*** HOLE CARDS ***
Hi Im Alexey: raises $3 to $6
lin1rabbit: raises $3 to $9
Hi Im Alexey: calls $3
*** FLOP *** [6c 2h 4h]
lin1rabbit: bets $3
Hi Im Alexey: raises $3 to $6
lin1rabbit: calls $3
*** TURN *** [6c 2h 4h] [Qs]
lin1rabbit: checks
Hi Im Alexey: bets $6
lin1rabbit: calls $6
*** RIVER *** [6c 2h 4h Qs] [Td]
lin1rabbit: checks
Hi Im Alexey: bets $6
lin1rabbit: calls $6
*** SHOW DOWN ***
Hi Im Alexey: shows [6s 8s] (a pair of Sixes)
lin1rabbit: mucks hand
Hi Im Alexey collected $53.50 from pot
*** SUMMARY ***
Total pot $54 | Rake $0.50
Board [6c 2h 4h Qs Td]
Seat 2: lin1rabbit (big blind) mucked
Seat 4: Hi Im Alexey (button) (small blind) showed [6s 8s] and won ($53.50) with a pair of Sixes


