PokerStars Hand #158707514666:  Hold'em Limit ($3/$6 USD) - 2016/09/17 1:21:23 ET
Table 'Edda' 6-max Seat #1 is the button
Seat 1: Velbor107 ($300 in chips)
Seat 2: kaz2y5 ($120 in chips)
Velbor107: posts small blind $1
kaz2y5: posts big blind $3
*** HOLE CARDS ***
Velbor107: raises $3 to $6
kaz2y5: calls $3
*** FLOP *** [Kd 8c As]
kaz2y5: checks
Velbor107: bets $3
kaz2y5: calls $3
*** TURN *** [Kd 8c As] [7h]
kaz2y5: checks
Velbor107: checks
*** RIVER *** [Kd 8c As 7h] [Jc]
kaz2y5: bets $6
Velbor107: folds
Uncalled bet ($6) returned to kaz2y5
kaz2y5 collected $17.64 from pot
*** SUMMARY ***
Total pot $18 | Rake $0.36
Board [Kd 8c As 7h Jc]
Seat 1: Velbor107 (button) (small blind) folded on the River
Seat 2: kaz2y5 (big blind) collected ($17.64)


PokerStars Hand #158707520443:  Hold'em Limit ($3/$6 USD) - 2016/09/17 1:21:46 ET
Table 'Edda' 6-max Seat #2 is the button
Seat 1: Velbor107 ($291 in chips)
Seat 2: kaz2y5 ($128.64 in chips)
kaz2y5: posts small blind $1
Velbor107: posts big blind $3
*** HOLE CARDS ***
kaz2y5: raises $3 to $6
Velbor107: calls $3
*** FLOP *** [Ah 5c 7s]
Velbor107: checks
kaz2y5: bets $3
Velbor107: calls $3
*** TURN *** [Ah 5c 7s] [Qh]
Velbor107: checks
kaz2y5: checks
*** RIVER *** [Ah 5c 7s Qh] [8s]
Velbor107: bets $6
kaz2y5: folds
Uncalled bet ($6) returned to Velbor107
Velbor107 collected $17.64 from pot
*** SUMMARY ***
Total pot $18 | Rake $0.36
Board [Ah 5c 7s Qh 8s]
Seat 1: Velbor107 (big blind) collected ($17.64)
Seat 2: kaz2y5 (button) (small blind) folded on the River


PokerStars Hand #158707525909:  Hold'em Limit ($3/$6 USD) - 2016/09/17 1:22:08 ET
Table 'Edda' 6-max Seat #1 is the button
Seat 1: Velbor107 ($299.64 in chips)
Seat 2: kaz2y5 ($119.64 in chips)
Velbor107: posts small blind $1
kaz2y5: posts big blind $3
*** HOLE CARDS ***
Velbor107: raises $3 to $6
kaz2y5: calls $3
*** FLOP *** [3s Kc Th]
kaz2y5: checks
Velbor107: bets $3
kaz2y5: raises $3 to $6
Velbor107: folds
Uncalled bet ($3) returned to kaz2y5
kaz2y5 collected $17.64 from pot
kaz2y5: doesn't show hand
*** SUMMARY ***
Total pot $18 | Rake $0.36
Board [3s Kc Th]
Seat 1: Velbor107 (button) (small blind) folded on the Flop
Seat 2: kaz2y5 (big blind) collected ($17.64)


PokerStars Hand #158707532434:  Hold'em Limit ($3/$6 USD) - 2016/09/17 1:22:34 ET
Table 'Edda' 6-max Seat #1 is the button
Seat 1: Velbor107 ($291.64 in chips)
Seat 2: kaz2y5 ($127.28 in chips)
Velbor107: posts small blind $1
kaz2y5: posts big blind $3
*** HOLE CARDS ***
Velbor107: raises $3 to $6
kaz2y5: calls $3
*** FLOP *** [Jc Kd Jd]
kaz2y5: checks
Velbor107: bets $3
kaz2y5: calls $3
*** TURN *** [Jc Kd Jd] [9h]
kaz2y5: checks
Velbor107: checks
*** RIVER *** [Jc Kd Jd 9h] [Tc]
kaz2y5: bets $6
Velbor107: calls $6
*** SHOW DOWN ***
kaz2y5: shows [Qc 8d] (a straight, Nine to King)
Velbor107: shows [6c Qs] (a straight, Nine to King)
kaz2y5 collected $14.75 from pot
Velbor107 collected $14.75 from pot
*** SUMMARY ***
Total pot $30 | Rake $0.50
Board [Jc Kd Jd 9h Tc]
Seat 1: Velbor107 (button) (small blind) showed [6c Qs] and won ($14.75) with a straight, Nine to King
Seat 2: kaz2y5 (big blind) showed [Qc 8d] and won ($14.75) with a straight, Nine to King


PokerStars Hand #158707555602:  Hold'em Limit ($3/$6 USD) - 2016/09/17 1:24:06 ET
Table 'Edda' 6-max Seat #1 is the button
Seat 1: Velbor107 ($270.39 in chips)
Seat 2: kaz2y5 ($147.31 in chips)
Velbor107: posts small blind $1
kaz2y5: posts big blind $3
*** HOLE CARDS ***
Velbor107: raises $3 to $6
kaz2y5: calls $3
*** FLOP *** [2c 5c 5h]
kaz2y5: checks
Velbor107: bets $3
kaz2y5: calls $3
*** TURN *** [2c 5c 5h] [9c]
kaz2y5: checks
Velbor107: bets $6
kaz2y5: raises $6 to $12
Velbor107: folds
Uncalled bet ($6) returned to kaz2y5
kaz2y5 collected $29.50 from pot
kaz2y5: doesn't show hand
*** SUMMARY ***
Total pot $30 | Rake $0.50
Board [2c 5c 5h 9c]
Seat 1: Velbor107 (button) (small blind) folded on the Turn
Seat 2: kaz2y5 (big blind) collected ($29.50)


PokerStars Hand #158707544425:  Hold'em Limit ($3/$6 USD) - 2016/09/17 1:23:22 ET
Table 'Edda' 6-max Seat #1 is the button
Seat 1: Velbor107 ($288.39 in chips)
Seat 2: kaz2y5 ($130.03 in chips)
Velbor107: posts small blind $1
kaz2y5: posts big blind $3
*** HOLE CARDS ***
Velbor107: raises $3 to $6
kaz2y5: calls $3
*** FLOP *** [Qs 8c Kc]
kaz2y5: checks
Velbor107: bets $3
kaz2y5: raises $3 to $6
Velbor107: folds
Uncalled bet ($3) returned to kaz2y5
kaz2y5 collected $17.64 from pot
kaz2y5: doesn't show hand
*** SUMMARY ***
Total pot $18 | Rake $0.36
Board [Qs 8c Kc]
Seat 1: Velbor107 (button) (small blind) folded on the Flop
Seat 2: kaz2y5 (big blind) collected ($17.64)


PokerStars Hand #158707569023:  Hold'em Limit ($3/$6 USD) - 2016/09/17 1:25:00 ET
Table 'Edda' 6-max Seat #2 is the button
Seat 1: Velbor107 ($265.03 in chips)
Seat 2: kaz2y5 ($151.81 in chips)
kaz2y5: posts small blind $1
Velbor107: posts big blind $3
*** HOLE CARDS ***
kaz2y5: folds
Uncalled bet ($2) returned to Velbor107
Velbor107 collected $2 from pot
*** SUMMARY ***
Total pot $2 | Rake $0
Seat 1: Velbor107 (big blind) collected ($2)
Seat 2: kaz2y5 (button) (small blind) folded before Flop


PokerStars Hand #158707561959:  Hold'em Limit ($3/$6 USD) - 2016/09/17 1:24:32 ET
Table 'Edda' 6-max Seat #1 is the button
Seat 1: Velbor107 ($256.39 in chips)
Seat 2: kaz2y5 ($160.81 in chips)
Velbor107: posts small blind $1
kaz2y5: posts big blind $3
*** HOLE CARDS ***
Velbor107: raises $3 to $6
kaz2y5: calls $3
*** FLOP *** [Jd 2h Kh]
kaz2y5: checks
Velbor107: bets $3
kaz2y5: calls $3
*** TURN *** [Jd 2h Kh] [7h]
kaz2y5: checks
Velbor107: bets $6
kaz2y5: folds
Uncalled bet ($6) returned to Velbor107
Velbor107 collected $17.64 from pot
*** SUMMARY ***
Total pot $18 | Rake $0.36
Board [Jd 2h Kh 7h]
Seat 1: Velbor107 (button) (small blind) collected ($17.64)
Seat 2: kaz2y5 (big blind) folded on the Turn


PokerStars Hand #158707570606:  Hold'em Limit ($3/$6 USD) - 2016/09/17 1:25:07 ET
Table 'Edda' 6-max Seat #1 is the button
Seat 1: Velbor107 ($266.03 in chips)
Seat 2: kaz2y5 ($150.81 in chips)
Velbor107: posts small blind $1
kaz2y5: posts big blind $3
*** HOLE CARDS ***
Velbor107: folds
Uncalled bet ($2) returned to kaz2y5
kaz2y5 collected $2 from pot
kaz2y5: doesn't show hand
*** SUMMARY ***
Total pot $2 | Rake $0
Seat 1: Velbor107 (button) (small blind) folded before Flop
Seat 2: kaz2y5 (big blind) collected ($2)


PokerStars Hand #158707571996:  Hold'em Limit ($3/$6 USD) - 2016/09/17 1:25:12 ET
Table 'Edda' 6-max Seat #2 is the button
Seat 1: Velbor107 ($265.03 in chips)
Seat 2: kaz2y5 ($151.81 in chips)
kaz2y5: posts small blind $1
Velbor107: posts big blind $3
*** HOLE CARDS ***
kaz2y5: folds
Uncalled bet ($2) returned to Velbor107
Velbor107 collected $2 from pot
*** SUMMARY ***
Total pot $2 | Rake $0
Seat 1: Velbor107 (big blind) collected ($2)
Seat 2: kaz2y5 (button) (small blind) folded before Flop


PokerStars Hand #158707579807:  Hold'em Limit ($3/$6 USD) - 2016/09/17 1:25:45 ET
Table 'Edda' 6-max Seat #2 is the button
Seat 1: Velbor107 ($271.79 in chips)
Seat 2: kaz2y5 ($144.81 in chips)
kaz2y5: posts small blind $1
Velbor107: posts big blind $3
*** HOLE CARDS ***
kaz2y5: folds
Uncalled bet ($2) returned to Velbor107
Velbor107 collected $2 from pot
*** SUMMARY ***
Total pot $2 | Rake $0
Seat 1: Velbor107 (big blind) collected ($2)
Seat 2: kaz2y5 (button) (small blind) folded before Flop


PokerStars Hand #158707581491:  Hold'em Limit ($3/$6 USD) - 2016/09/17 1:25:51 ET
Table 'Edda' 6-max Seat #1 is the button
Seat 1: Velbor107 ($272.79 in chips)
Seat 2: kaz2y5 ($143.81 in chips)
Velbor107: posts small blind $1
kaz2y5: posts big blind $3
*** HOLE CARDS ***
Velbor107: raises $3 to $6
kaz2y5: calls $3
*** FLOP *** [2h 4d 4s]
kaz2y5: checks
yoyoma7777 joins the table at seat #3
Velbor107: bets $3
kaz2y5: calls $3
*** TURN *** [2h 4d 4s] [2s]
kaz2y5: checks
Velbor107: bets $6
kaz2y5: calls $6
*** RIVER *** [2h 4d 4s 2s] [7c]
kaz2y5: checks
Velbor107: bets $6
kaz2y5: calls $6
*** SHOW DOWN ***
Velbor107: shows [2c Ah] (a full house, Deuces full of Fours)
kaz2y5: mucks hand
Velbor107 collected $41.50 from pot
*** SUMMARY ***
Total pot $42 | Rake $0.50
Board [2h 4d 4s 2s 7c]
Seat 1: Velbor107 (button) (small blind) showed [2c Ah] and won ($41.50) with a full house, Deuces full of Fours
Seat 2: kaz2y5 (big blind) mucked


PokerStars Hand #158707622887:  Hold'em Limit ($3/$6 USD) - 2016/09/17 1:28:36 ET
Table 'Edda' 6-max Seat #2 is the button
Seat 1: Velbor107 ($278.29 in chips)
Seat 2: kaz2y5 ($128.24 in chips)
kaz2y5: posts small blind $1
Agrotait: is sitting out
yoyoma7777 joins the table at seat #5
Velbor107: posts big blind $3
*** HOLE CARDS ***
kaz2y5: raises $3 to $6
Agrotait leaves the table
Velbor107: calls $3
*** FLOP *** [8h Qc 2c]
Velbor107: checks
Agrotait joins the table at seat #6
kaz2y5: checks
*** TURN *** [8h Qc 2c] [Qd]
Velbor107: bets $6
kaz2y5: calls $6
*** RIVER *** [8h Qc 2c Qd] [9s]
Velbor107: checks
kaz2y5: checks
*** SHOW DOWN ***
Velbor107: shows [3h Jh] (a pair of Queens)
kaz2y5: shows [6c 6d] (two pair, Queens and Sixes)
kaz2y5 collected $23.52 from pot
*** SUMMARY ***
Total pot $24 | Rake $0.48
Board [8h Qc 2c Qd 9s]
Seat 1: Velbor107 (big blind) showed [3h Jh] and lost with a pair of Queens
Seat 2: kaz2y5 (button) (small blind) showed [6c 6d] and won ($23.52) with two pair, Queens and Sixes


PokerStars Hand #158707631596:  Hold'em Limit ($3/$6 USD) - 2016/09/17 1:29:12 ET
Table 'Edda' 6-max Seat #1 is the button
Seat 1: Velbor107 ($266.29 in chips)
Seat 2: kaz2y5 ($139.76 in chips)
Velbor107: posts small blind $1
kaz2y5: posts big blind $3
*** HOLE CARDS ***
Velbor107: raises $3 to $6
kaz2y5: raises $3 to $9
Velbor107: calls $3
*** FLOP *** [Ts 7s 5s]
kaz2y5: bets $3
Velbor107: raises $3 to $6
kaz2y5: raises $3 to $9
Velbor107: calls $3
*** TURN *** [Ts 7s 5s] [2c]
kaz2y5: bets $6
Velbor107: raises $6 to $12
kaz2y5: calls $6
*** RIVER *** [Ts 7s 5s 2c] [Qc]
kaz2y5: bets $6
Velbor107: calls $6
*** SHOW DOWN ***
kaz2y5: shows [9h Jh] (high card Queen)
Velbor107: shows [7c 5d] (two pair, Sevens and Fives)
Velbor107 collected $71.50 from pot
*** SUMMARY ***
Total pot $72 | Rake $0.50
Board [Ts 7s 5s 2c Qc]
Seat 1: Velbor107 (button) (small blind) showed [7c 5d] and won ($71.50) with two pair, Sevens and Fives
Seat 2: kaz2y5 (big blind) showed [9h Jh] and lost with high card Queen


PokerStars Hand #158707724658:  Hold'em Limit ($3/$6 USD) - 2016/09/17 1:35:22 ET
Table 'Edda' 6-max Seat #4 is the button
Seat 2: kaz2y5 ($153.76 in chips)
Seat 4: yoyoma7777 ($99 in chips)
yoyoma7777: posts small blind $1
Agrotait: is sitting out
kaz2y5: posts big blind $3
*** HOLE CARDS ***
yoyoma7777: folds
Uncalled bet ($2) returned to kaz2y5
kaz2y5 collected $2 from pot
kaz2y5: doesn't show hand
*** SUMMARY ***
Total pot $2 | Rake $0
Seat 2: kaz2y5 (big blind) collected ($2)
Seat 4: yoyoma7777 (button) (small blind) folded before Flop


