PokerStars Hand #158393433922:  Hold'em Limit ($3/$6 USD) - 2016/09/09 18:48:23 ET
Table 'Edda' 6-max Seat #1 is the button
Seat 1: Zubasa07 ($500 in chips)
Seat 3: Ronsta52 ($49.38 in chips)
Zubasa07: posts small blind $1
Ronsta52: posts big blind $3
*** HOLE CARDS ***
Zubasa07: raises $3 to $6
Ronsta52: calls $3
*** FLOP *** [Ah 9d 9s]
Ronsta52: checks
Chessnok joins the table at seat #4
Zubasa07: bets $3
Ronsta52: folds
Uncalled bet ($3) returned to Zubasa07
Zubasa07 collected $11.76 from pot
Zubasa07: doesn't show hand
*** SUMMARY ***
Total pot $12 | Rake $0.24
Board [Ah 9d 9s]
Seat 1: Zubasa07 (button) (small blind) collected ($11.76)
Seat 3: Ronsta52 (big blind) folded on the Flop


PokerStars Hand #158393697865:  Hold'em Limit ($3/$6 USD) - 2016/09/09 18:55:03 ET
Table 'Edda' 6-max Seat #2 is the button
Seat 2: bev123poker ($89.71 in chips)
Seat 4: Chessnok ($88.01 in chips)
Zubasa07 leaves the table
bev123poker: posts small blind $1
Chessnok: posts big blind $3
*** HOLE CARDS ***
bev123poker: raises $3 to $6
Chessnok: folds
Uncalled bet ($3) returned to bev123poker
bev123poker collected $6 from pot
bev123poker: doesn't show hand
*** SUMMARY ***
Total pot $6 | Rake $0
Seat 2: bev123poker (button) (small blind) collected ($6)
Seat 4: Chessnok (big blind) folded before Flop


