PokerStars Hand #145185972874:  Hold'em Limit ($3/$6 USD) - 2015/12/11 14:13:04 ET
Table 'Edda III' 6-max Seat #6 is the button
Seat 1: BelSv ($78 in chips)
Seat 6: roxy1362 ($80.64 in chips)
roxy1362: posts small blind $1
BelSv: posts big blind $3
*** HOLE CARDS ***
roxy1362: folds
Uncalled bet ($2) returned to BelSv
BelSv collected $2 from pot
BelSv: doesn't show hand
*** SUMMARY ***
Total pot $2 | Rake $0
Seat 1: BelSv (big blind) collected ($2)
Seat 6: roxy1362 (button) (small blind) folded before Flop


PokerStars Hand #145185954842:  Hold'em Limit ($3/$6 USD) - 2015/12/11 14:12:43 ET
Table 'Edda III' 6-max Seat #1 is the button
Seat 1: BelSv ($78 in chips)
Seat 6: roxy1362 ($72 in chips)
AzureCaper joins the table at seat #2
PelonCabelao: is sitting out
PelonCabelao leaves the table
BelSv: posts small blind $1
roxy1362: posts big blind $3
*** HOLE CARDS ***
BelSv: raises $3 to $6
roxy1362: raises $3 to $9
BelSv: calls $3
*** FLOP *** [8s Kc 5h]
roxy1362: bets $3
BelSv: folds
Uncalled bet ($3) returned to roxy1362
roxy1362 collected $17.64 from pot
*** SUMMARY ***
Total pot $18 | Rake $0.36
Board [8s Kc 5h]
Seat 1: BelSv (button) (small blind) folded on the Flop
Seat 6: roxy1362 (big blind) collected ($17.64)


PokerStars Hand #145187178772:  Hold'em Limit ($3/$6 USD) - 2015/12/11 14:35:31 ET
Table 'Edda III' 6-max Seat #4 is the button
Seat 3: SashaYuvelir ($207.91 in chips)
Seat 4: Longstaaf ($28.02 in chips)
Longstaaf: posts small blind $1
bugsbubble: is sitting out
BelSv: is sitting out
AzureCaper: is sitting out
SashaYuvelir: posts big blind $3
*** HOLE CARDS ***
Longstaaf: raises $3 to $6
BelSv leaves the table
SashaYuvelir: raises $3 to $9
Longstaaf: calls $3
*** FLOP *** [7h Jh Ts]
AzureCaper leaves the table
bugsbubble leaves the table
SashaYuvelir: bets $3
Longstaaf: raises $3 to $6
SashaYuvelir: raises $3 to $9
Longstaaf: raises $3 to $12
Betting is capped
SashaYuvelir: calls $3
*** TURN *** [7h Jh Ts] [8d]
SashaYuvelir: bets $6
Longstaaf: raises $1.02 to $7.02 and is all-in
SashaYuvelir: calls $1.02
*** RIVER *** [7h Jh Ts 8d] [2h]
*** SHOW DOWN ***
SashaYuvelir: shows [4s 4c] (a pair of Fours)
Longstaaf: shows [Kd Qd] (high card King)
SashaYuvelir collected $55.54 from pot
*** SUMMARY ***
Total pot $56.04 | Rake $0.50
Board [7h Jh Ts 8d 2h]
Seat 3: SashaYuvelir (big blind) showed [4s 4c] and won ($55.54) with a pair of Fours
Seat 4: Longstaaf (button) (small blind) showed [Kd Qd] and lost with high card King


