PokerStars Hand #155627520898:  Hold'em Limit ($3/$6 USD) - 2016/07/06 6:28:15 ET
Table 'Edda' 6-max Seat #3 is the button
Seat 3: manly70 ($60 in chips)
Seat 4: SmellyToes4u ($56 in chips)
manly70: posts small blind $1
SmellyToes4u: posts big blind $3
*** HOLE CARDS ***
manly70: raises $3 to $6
SmellyToes4u: calls $3
*** FLOP *** [Qc As 9h]
ironmike385 joins the table at seat #2
SmellyToes4u: checks
manly70: bets $3
SmellyToes4u: calls $3
*** TURN *** [Qc As 9h] [9s]
SmellyToes4u: checks
manly70: checks
*** RIVER *** [Qc As 9h 9s] [Jd]
Ale4o joins the table at seat #5
SmellyToes4u: checks
manly70: checks
*** SHOW DOWN ***
SmellyToes4u: shows [Ks 2s] (a pair of Nines)
manly70: shows [Th Qh] (two pair, Queens and Nines)
manly70 collected $17.64 from pot
*** SUMMARY ***
Total pot $18 | Rake $0.36
Board [Qc As 9h 9s Jd]
Seat 3: manly70 (button) (small blind) showed [Th Qh] and won ($17.64) with two pair, Queens and Nines
Seat 4: SmellyToes4u (big blind) showed [Ks 2s] and lost with a pair of Nines


PokerStars Hand #155627518981:  Hold'em Limit ($3/$6 USD) - 2016/07/06 6:28:10 ET
Table 'Edda' 6-max Seat #4 is the button
Seat 3: manly70 ($59 in chips)
Seat 4: SmellyToes4u ($57 in chips)
SmellyToes4u: posts small blind $1
manly70: posts big blind $3
*** HOLE CARDS ***
SmellyToes4u: folds
Uncalled bet ($2) returned to manly70
manly70 collected $2 from pot
*** SUMMARY ***
Total pot $2 | Rake $0
Seat 3: manly70 (big blind) collected ($2)
Seat 4: SmellyToes4u (button) (small blind) folded before Flop


PokerStars Hand #155627515685:  Hold'em Limit ($3/$6 USD) - 2016/07/06 6:28:02 ET
Table 'Edda' 6-max Seat #3 is the button
Seat 3: manly70 ($60 in chips)
Seat 4: SmellyToes4u ($56 in chips)
manly70: posts small blind $1
SmellyToes4u: posts big blind $3
*** HOLE CARDS ***
manly70: folds
Uncalled bet ($2) returned to SmellyToes4u
SmellyToes4u collected $2 from pot
SmellyToes4u: doesn't show hand
*** SUMMARY ***
Total pot $2 | Rake $0
Seat 3: manly70 (button) (small blind) folded before Flop
Seat 4: SmellyToes4u (big blind) collected ($2)


PokerStars Hand #155627969080:  Hold'em Limit ($3/$6 USD) - 2016/07/06 6:47:18 ET
Table 'Edda' 6-max Seat #3 is the button
Seat 3: HOFF10N ($99.38 in chips)
Seat 6: ABATAPP ($109.91 in chips)
HOFF10N: posts small blind $1
Ale4o: is sitting out
ABATAPP: posts big blind $3
*** HOLE CARDS ***
Ale4o leaves the table
HAL9QQQ leaves the table
HOFF10N: raises $3 to $6
ABATAPP: calls $3
*** FLOP *** [Ad 9s 7h]
ABATAPP: checks
HOFF10N: bets $3
ABATAPP: calls $3
*** TURN *** [Ad 9s 7h] [5s]
ABATAPP: checks
HOFF10N: checks
*** RIVER *** [Ad 9s 7h 5s] [4c]
ABATAPP: bets $6
HOFF10N: folds
Uncalled bet ($6) returned to ABATAPP
ABATAPP collected $17.64 from pot
ABATAPP: doesn't show hand
*** SUMMARY ***
Total pot $18 | Rake $0.36
Board [Ad 9s 7h 5s 4c]
Seat 3: HOFF10N (button) (small blind) folded on the River
Seat 6: ABATAPP (big blind) collected ($17.64)


