PokerStars Hand #171409869015:  Hold'em Limit ($3/$6 USD) - 2017/06/06 4:58:44 ET
Table 'Edda' 6-max Seat #6 is the button
Seat 2: bAAchi ($290.09 in chips)
Seat 6: Scheubi88 ($119.75 in chips)
Scheubi88: posts small blind $1
bAAchi: posts big blind $3
*** HOLE CARDS ***
Scheubi88: raises $3 to $6
bAAchi: folds
Uncalled bet ($3) returned to Scheubi88
Scheubi88 collected $6 from pot
Scheubi88: doesn't show hand
*** SUMMARY ***
Total pot $6 | Rake $0
Seat 2: bAAchi (big blind) folded before Flop
Seat 6: Scheubi88 (button) (small blind) collected ($6)


PokerStars Hand #171409862395:  Hold'em Limit ($3/$6 USD) - 2017/06/06 4:58:22 ET
Table 'Edda' 6-max Seat #6 is the button
Seat 2: bAAchi ($287.33 in chips)
Seat 6: Scheubi88 ($122.75 in chips)
Scheubi88: posts small blind $1
bAAchi: posts big blind $3
*** HOLE CARDS ***
VolkovDmitri leaves the table
Scheubi88: raises $3 to $6
bAAchi: folds
Uncalled bet ($3) returned to Scheubi88
Scheubi88 collected $6 from pot
Scheubi88: doesn't show hand
*** SUMMARY ***
Total pot $6 | Rake $0
Seat 2: bAAchi (big blind) folded before Flop
Seat 6: Scheubi88 (button) (small blind) collected ($6)


PokerStars Hand #171409860048:  Hold'em Limit ($3/$6 USD) - 2017/06/06 4:58:14 ET
Table 'Edda' 6-max Seat #2 is the button
Seat 2: bAAchi ($284.33 in chips)
Seat 6: Scheubi88 ($125.75 in chips)
bAAchi: posts small blind $1
Scheubi88: posts big blind $3
*** HOLE CARDS ***
bAAchi: raises $3 to $6
Scheubi88: folds
Uncalled bet ($3) returned to bAAchi
bAAchi collected $6 from pot
bAAchi: doesn't show hand
*** SUMMARY ***
Total pot $6 | Rake $0
Seat 2: bAAchi (button) (small blind) collected ($6)
Seat 6: Scheubi88 (big blind) folded before Flop


PokerStars Hand #171409865347:  Hold'em Limit ($3/$6 USD) - 2017/06/06 4:58:32 ET
Table 'Edda' 6-max Seat #2 is the button
Seat 2: bAAchi ($284.33 in chips)
Seat 6: Scheubi88 ($125.75 in chips)
bAAchi: posts small blind $1
Scheubi88: posts big blind $3
*** HOLE CARDS ***
bAAchi: raises $3 to $6
Scheubi88: calls $3
*** FLOP *** [6s Th 3c]
Scheubi88: checks
bAAchi: bets $3
Scheubi88: folds
Uncalled bet ($3) returned to bAAchi
bAAchi collected $11.76 from pot
bAAchi: doesn't show hand
*** SUMMARY ***
Total pot $12 | Rake $0.24
Board [6s Th 3c]
Seat 2: bAAchi (button) (small blind) collected ($11.76)
Seat 6: Scheubi88 (big blind) folded on the Flop


PokerStars Hand #171409880137:  Hold'em Limit ($3/$6 USD) - 2017/06/06 4:59:21 ET
Table 'Edda' 6-max Seat #2 is the button
Seat 2: bAAchi ($260.09 in chips)
Seat 6: Scheubi88 ($148.89 in chips)
bAAchi: posts small blind $1
Scheubi88: posts big blind $3
*** HOLE CARDS ***
bAAchi: folds
Uncalled bet ($2) returned to Scheubi88
Scheubi88 collected $2 from pot
Scheubi88: doesn't show hand
*** SUMMARY ***
Total pot $2 | Rake $0
Seat 2: bAAchi (button) (small blind) folded before Flop
Seat 6: Scheubi88 (big blind) collected ($2)


PokerStars Hand #171409873836:  Hold'em Limit ($3/$6 USD) - 2017/06/06 4:59:00 ET
Table 'Edda' 6-max Seat #6 is the button
Seat 2: bAAchi ($278.09 in chips)
Seat 6: Scheubi88 ($131.39 in chips)
Scheubi88: posts small blind $1
bAAchi: posts big blind $3
*** HOLE CARDS ***
Scheubi88: raises $3 to $6
bAAchi: raises $3 to $9
Scheubi88: calls $3
*** FLOP *** [6h 2s 6d]
bAAchi: bets $3
Scheubi88: calls $3
*** TURN *** [6h 2s 6d] [Qc]
bAAchi: bets $6
Scheubi88: raises $6 to $12
bAAchi: folds
Uncalled bet ($6) returned to Scheubi88
Scheubi88 collected $35.50 from pot
Scheubi88: doesn't show hand
*** SUMMARY ***
Total pot $36 | Rake $0.50
Board [6h 2s 6d Qc]
Seat 2: bAAchi (big blind) folded on the Turn
Seat 6: Scheubi88 (button) (small blind) collected ($35.50)


