PokerStars Hand #147831024928:  Hold'em Limit ($3/$6 USD) - 2016/01/28 13:38:10 ET
Table 'Edisona' 2-max Seat #2 is the button
Seat 1: Ultrafranke ($102 in chips)
Seat 2: 7moneymaster ($317.28 in chips)
7moneymaster: posts small blind $1
Ultrafranke: posts big blind $3
*** HOLE CARDS ***
7moneymaster: raises $3 to $6
Ultrafranke: raises $3 to $9
7moneymaster: calls $3
*** FLOP *** [7h Ac 5d]
Ultrafranke: bets $3
7moneymaster: raises $3 to $6
Ultrafranke: calls $3
*** TURN *** [7h Ac 5d] [9s]
Ultrafranke: checks
7moneymaster: bets $6
Ultrafranke: calls $6
*** RIVER *** [7h Ac 5d 9s] [7c]
Ultrafranke: checks
7moneymaster: bets $6
Ultrafranke: calls $6
*** SHOW DOWN ***
7moneymaster: shows [Jd Ah] (two pair, Aces and Sevens)
Ultrafranke: mucks hand
7moneymaster collected $53.50 from pot
*** SUMMARY ***
Total pot $54 | Rake $0.50
Board [7h Ac 5d 9s 7c]
Seat 1: Ultrafranke (big blind) mucked
Seat 2: 7moneymaster (button) (small blind) showed [Jd Ah] and won ($53.50) with two pair, Aces and Sevens


PokerStars Hand #147831061491:  Hold'em Limit ($3/$6 USD) - 2016/01/28 13:38:46 ET
Table 'Edisona' 2-max Seat #1 is the button
Seat 1: Ultrafranke ($75 in chips)
Seat 2: 7moneymaster ($343.78 in chips)
Ultrafranke: posts small blind $1
7moneymaster: posts big blind $3
*** HOLE CARDS ***
Ultrafranke: raises $3 to $6
7moneymaster: calls $3
*** FLOP *** [4c Td 5d]
7moneymaster: checks
Ultrafranke: checks
*** TURN *** [4c Td 5d] [Jd]
7moneymaster: checks
Ultrafranke: bets $6
7moneymaster: calls $6
*** RIVER *** [4c Td 5d Jd] [Qs]
7moneymaster: checks
Ultrafranke: bets $6
7moneymaster: folds
Uncalled bet ($6) returned to Ultrafranke
Ultrafranke collected $23.52 from pot
*** SUMMARY ***
Total pot $24 | Rake $0.48
Board [4c Td 5d Jd Qs]
Seat 1: Ultrafranke (button) (small blind) collected ($23.52)
Seat 2: 7moneymaster (big blind) folded on the River


PokerStars Hand #147831088645:  Hold'em Limit ($3/$6 USD) - 2016/01/28 13:39:13 ET
Table 'Edisona' 2-max Seat #2 is the button
Seat 1: Ultrafranke ($86.52 in chips)
Seat 2: 7moneymaster ($331.78 in chips)
7moneymaster: posts small blind $1
Ultrafranke: posts big blind $3
*** HOLE CARDS ***
7moneymaster: raises $3 to $6
Ultrafranke: calls $3
*** FLOP *** [Qs 2s 4d]
Ultrafranke: checks
7moneymaster: bets $3
Ultrafranke: calls $3
*** TURN *** [Qs 2s 4d] [3c]
Ultrafranke: checks
7moneymaster: checks
*** RIVER *** [Qs 2s 4d 3c] [8c]
Ultrafranke: bets $6
7moneymaster: folds
Uncalled bet ($6) returned to Ultrafranke
Ultrafranke collected $17.64 from pot
*** SUMMARY ***
Total pot $18 | Rake $0.36
Board [Qs 2s 4d 3c 8c]
Seat 1: Ultrafranke (big blind) collected ($17.64)
Seat 2: 7moneymaster (button) (small blind) folded on the River


PokerStars Hand #147831113562:  Hold'em Limit ($3/$6 USD) - 2016/01/28 13:39:38 ET
Table 'Edisona' 2-max Seat #1 is the button
Seat 1: Ultrafranke ($95.16 in chips)
Seat 2: 7moneymaster ($322.78 in chips)
Ultrafranke: posts small blind $1
7moneymaster: posts big blind $3
*** HOLE CARDS ***
Ultrafranke: raises $3 to $6
7moneymaster: calls $3
*** FLOP *** [Th 7s 4s]
7moneymaster: checks
Ultrafranke: bets $3
7moneymaster: folds
Uncalled bet ($3) returned to Ultrafranke
Ultrafranke collected $11.76 from pot
*** SUMMARY ***
Total pot $12 | Rake $0.24
Board [Th 7s 4s]
Seat 1: Ultrafranke (button) (small blind) collected ($11.76)
Seat 2: 7moneymaster (big blind) folded on the Flop


PokerStars Hand #147831127394:  Hold'em Limit ($3/$6 USD) - 2016/01/28 13:39:52 ET
Table 'Edisona' 2-max Seat #2 is the button
Seat 1: Ultrafranke ($100.92 in chips)
Seat 2: 7moneymaster ($316.78 in chips)
7moneymaster: posts small blind $1
Ultrafranke: posts big blind $3
*** HOLE CARDS ***
7moneymaster: folds
Uncalled bet ($2) returned to Ultrafranke
Ultrafranke collected $2 from pot
*** SUMMARY ***
Total pot $2 | Rake $0
Seat 1: Ultrafranke (big blind) collected ($2)
Seat 2: 7moneymaster (button) (small blind) folded before Flop


PokerStars Hand #147831137851:  Hold'em Limit ($3/$6 USD) - 2016/01/28 13:40:02 ET
Table 'Edisona' 2-max Seat #2 is the button
Seat 1: Ultrafranke ($100.92 in chips)
Seat 2: 7moneymaster ($316.78 in chips)
7moneymaster: posts small blind $1
Ultrafranke: posts big blind $3
*** HOLE CARDS ***
7moneymaster: raises $3 to $6
Ultrafranke: calls $3
*** FLOP *** [Tc 8d Ac]
Ultrafranke: checks
7moneymaster: bets $3
Ultrafranke: folds
Uncalled bet ($3) returned to 7moneymaster
7moneymaster collected $11.76 from pot
7moneymaster: doesn't show hand
*** SUMMARY ***
Total pot $12 | Rake $0.24
Board [Tc 8d Ac]
Seat 1: Ultrafranke (big blind) folded on the Flop
Seat 2: 7moneymaster (button) (small blind) collected ($11.76)


PokerStars Hand #147831150587:  Hold'em Limit ($3/$6 USD) - 2016/01/28 13:40:15 ET
Table 'Edisona' 2-max Seat #1 is the button
Seat 1: Ultrafranke ($94.92 in chips)
Seat 2: 7moneymaster ($322.54 in chips)
Ultrafranke: posts small blind $1
7moneymaster: posts big blind $3
*** HOLE CARDS ***
Ultrafranke: raises $3 to $6
7moneymaster: calls $3
*** FLOP *** [4c 5h 7d]
7moneymaster: checks
Ultrafranke: bets $3
7moneymaster: calls $3
*** TURN *** [4c 5h 7d] [2c]
7moneymaster: checks
Ultrafranke: checks
*** RIVER *** [4c 5h 7d 2c] [Qh]
7moneymaster: bets $6
Ultrafranke: folds
Uncalled bet ($6) returned to 7moneymaster
7moneymaster collected $17.64 from pot
7moneymaster: doesn't show hand
*** SUMMARY ***
Total pot $18 | Rake $0.36
Board [4c 5h 7d 2c Qh]
Seat 1: Ultrafranke (button) (small blind) folded on the River
Seat 2: 7moneymaster (big blind) collected ($17.64)


PokerStars Hand #147831171829:  Hold'em Limit ($3/$6 USD) - 2016/01/28 13:40:36 ET
Table 'Edisona' 2-max Seat #2 is the button
Seat 1: Ultrafranke ($85.92 in chips)
Seat 2: 7moneymaster ($331.18 in chips)
7moneymaster: posts small blind $1
Ultrafranke: posts big blind $3
*** HOLE CARDS ***
7moneymaster: raises $3 to $6
Ultrafranke: calls $3
*** FLOP *** [6s 9d 3h]
Ultrafranke: checks
7moneymaster: bets $3
Ultrafranke: raises $3 to $6
7moneymaster: calls $3
*** TURN *** [6s 9d 3h] [Ts]
Ultrafranke: bets $6
7moneymaster: raises $6 to $12
Ultrafranke: calls $6
*** RIVER *** [6s 9d 3h Ts] [Qs]
Ultrafranke: checks
7moneymaster: bets $6
Ultrafranke: folds
Uncalled bet ($6) returned to 7moneymaster
7moneymaster collected $47.50 from pot
7moneymaster: doesn't show hand
*** SUMMARY ***
Total pot $48 | Rake $0.50
Board [6s 9d 3h Ts Qs]
Seat 1: Ultrafranke (big blind) folded on the River
Seat 2: 7moneymaster (button) (small blind) collected ($47.50)


PokerStars Hand #147831218654:  Hold'em Limit ($3/$6 USD) - 2016/01/28 13:41:23 ET
Table 'Edisona' 2-max Seat #2 is the button
Seat 1: Ultrafranke ($67.68 in chips)
Seat 2: 7moneymaster ($348.68 in chips)
7moneymaster: posts small blind $1
Ultrafranke: posts big blind $3
*** HOLE CARDS ***
7moneymaster: raises $3 to $6
Ultrafranke: raises $3 to $9
7moneymaster: raises $3 to $12
Betting is capped
Ultrafranke: calls $3
*** FLOP *** [Th Jc 9h]
Ultrafranke: checks
7moneymaster: bets $3
Ultrafranke: calls $3
*** TURN *** [Th Jc 9h] [Ac]
Ultrafranke: checks
7moneymaster: bets $6
Ultrafranke: calls $6
*** RIVER *** [Th Jc 9h Ac] [7h]
Ultrafranke: bets $6
7moneymaster: calls $6
*** SHOW DOWN ***
Ultrafranke: shows [8c Ah] (a straight, Seven to Jack)
7moneymaster: mucks hand
Ultrafranke collected $53.50 from pot
*** SUMMARY ***
Total pot $54 | Rake $0.50
Board [Th Jc 9h Ac 7h]
Seat 1: Ultrafranke (big blind) showed [8c Ah] and won ($53.50) with a straight, Seven to Jack
Seat 2: 7moneymaster (button) (small blind) mucked


PokerStars Hand #147831248911:  Hold'em Limit ($3/$6 USD) - 2016/01/28 13:41:52 ET
Table 'Edisona' 2-max Seat #2 is the button
Seat 1: Ultrafranke ($93.18 in chips)
Seat 2: 7moneymaster ($322.68 in chips)
7moneymaster: posts small blind $1
Ultrafranke: posts big blind $3
*** HOLE CARDS ***
7moneymaster: raises $3 to $6
Ultrafranke: calls $3
*** FLOP *** [Ks 9c 5s]
Ultrafranke: checks
7moneymaster: bets $3
Ultrafranke: folds
Uncalled bet ($3) returned to 7moneymaster
7moneymaster collected $11.76 from pot
7moneymaster: doesn't show hand
*** SUMMARY ***
Total pot $12 | Rake $0.24
Board [Ks 9c 5s]
Seat 1: Ultrafranke (big blind) folded on the Flop
Seat 2: 7moneymaster (button) (small blind) collected ($11.76)


PokerStars Hand #147831296306:  Hold'em Limit ($3/$6 USD) - 2016/01/28 13:42:38 ET
Table 'Edisona' 2-max Seat #1 is the button
Seat 1: Ultrafranke ($102.68 in chips)
Seat 2: 7moneymaster ($312.44 in chips)
Ultrafranke: posts small blind $1
7moneymaster: posts big blind $3
*** HOLE CARDS ***
Ultrafranke: folds
Uncalled bet ($2) returned to 7moneymaster
7moneymaster collected $2 from pot
7moneymaster: doesn't show hand
*** SUMMARY ***
Total pot $2 | Rake $0
Seat 1: Ultrafranke (button) (small blind) folded before Flop
Seat 2: 7moneymaster (big blind) collected ($2)


PokerStars Hand #147831289201:  Hold'em Limit ($3/$6 USD) - 2016/01/28 13:42:31 ET
Table 'Edisona' 2-max Seat #2 is the button
Seat 1: Ultrafranke ($101.68 in chips)
Seat 2: 7moneymaster ($313.44 in chips)
7moneymaster: posts small blind $1
Ultrafranke: posts big blind $3
*** HOLE CARDS ***
7moneymaster: folds
Uncalled bet ($2) returned to Ultrafranke
Ultrafranke collected $2 from pot
*** SUMMARY ***
Total pot $2 | Rake $0
Seat 1: Ultrafranke (big blind) collected ($2)
Seat 2: 7moneymaster (button) (small blind) folded before Flop


PokerStars Hand #147831258735:  Hold'em Limit ($3/$6 USD) - 2016/01/28 13:42:02 ET
Table 'Edisona' 2-max Seat #1 is the button
Seat 1: Ultrafranke ($87.18 in chips)
Seat 2: 7moneymaster ($328.44 in chips)
Ultrafranke: posts small blind $1
7moneymaster: posts big blind $3
*** HOLE CARDS ***
Ultrafranke: raises $3 to $6
7moneymaster: calls $3
*** FLOP *** [6d 2s Js]
7moneymaster: checks
Ultrafranke: bets $3
7moneymaster: calls $3
*** TURN *** [6d 2s Js] [6c]
7moneymaster: checks
Ultrafranke: bets $6
7moneymaster: calls $6
*** RIVER *** [6d 2s Js 6c] [5s]
7moneymaster: checks
Ultrafranke: bets $6
7moneymaster: folds
Uncalled bet ($6) returned to Ultrafranke
Ultrafranke collected $29.50 from pot
*** SUMMARY ***
Total pot $30 | Rake $0.50
Board [6d 2s Js 6c 5s]
Seat 1: Ultrafranke (button) (small blind) collected ($29.50)
Seat 2: 7moneymaster (big blind) folded on the River


PokerStars Hand #147831338136:  Hold'em Limit ($3/$6 USD) - 2016/01/28 13:43:18 ET
Table 'Edisona' 2-max Seat #1 is the button
Seat 1: Ultrafranke ($74.68 in chips)
Seat 2: 7moneymaster ($339.94 in chips)
Ultrafranke: posts small blind $1
7moneymaster: posts big blind $3
*** HOLE CARDS ***
Ultrafranke: folds
Uncalled bet ($2) returned to 7moneymaster
7moneymaster collected $2 from pot
7moneymaster: doesn't show hand
*** SUMMARY ***
Total pot $2 | Rake $0
Seat 1: Ultrafranke (button) (small blind) folded before Flop
Seat 2: 7moneymaster (big blind) collected ($2)


PokerStars Hand #147831300994:  Hold'em Limit ($3/$6 USD) - 2016/01/28 13:42:42 ET
Table 'Edisona' 2-max Seat #2 is the button
Seat 1: Ultrafranke ($101.68 in chips)
Seat 2: 7moneymaster ($313.44 in chips)
7moneymaster: posts small blind $1
Ultrafranke: posts big blind $3
*** HOLE CARDS ***
7moneymaster: raises $3 to $6
Ultrafranke: calls $3
*** FLOP *** [7h 3c 9d]
Ultrafranke: bets $3
7moneymaster: calls $3
*** TURN *** [7h 3c 9d] [5d]
Ultrafranke: bets $6
7moneymaster: raises $6 to $12
Ultrafranke: calls $6
*** RIVER *** [7h 3c 9d 5d] [4c]
Ultrafranke: checks
7moneymaster: bets $6
Ultrafranke: calls $6
*** SHOW DOWN ***
7moneymaster: shows [5c 5h] (three of a kind, Fives)
Ultrafranke: mucks hand
7moneymaster collected $53.50 from pot
*** SUMMARY ***
Total pot $54 | Rake $0.50
Board [7h 3c 9d 5d 4c]
Seat 1: Ultrafranke (big blind) mucked
Seat 2: 7moneymaster (button) (small blind) showed [5c 5h] and won ($53.50) with three of a kind, Fives


PokerStars Hand #147831342926:  Hold'em Limit ($3/$6 USD) - 2016/01/28 13:43:23 ET
Table 'Edisona' 2-max Seat #2 is the button
Seat 1: Ultrafranke ($73.68 in chips)
Seat 2: 7moneymaster ($340.94 in chips)
7moneymaster: posts small blind $1
Ultrafranke: posts big blind $3
*** HOLE CARDS ***
7moneymaster: raises $3 to $6
Ultrafranke: calls $3
*** FLOP *** [4c Js Ah]
Ultrafranke: checks
7moneymaster: bets $3
Ultrafranke: calls $3
*** TURN *** [4c Js Ah] [8d]
Ultrafranke: bets $6
7moneymaster: raises $6 to $12
Ultrafranke: calls $6
*** RIVER *** [4c Js Ah 8d] [6s]
Ultrafranke: bets $6
7moneymaster: calls $6
*** SHOW DOWN ***
Ultrafranke: shows [Ac 9h] (a pair of Aces)
7moneymaster: shows [Qh As] (a pair of Aces - Queen kicker)
7moneymaster collected $53.50 from pot
*** SUMMARY ***
Total pot $54 | Rake $0.50
Board [4c Js Ah 8d 6s]
Seat 1: Ultrafranke (big blind) showed [Ac 9h] and lost with a pair of Aces
Seat 2: 7moneymaster (button) (small blind) showed [Qh As] and won ($53.50) with a pair of Aces


PokerStars Hand #147831404477:  Hold'em Limit ($3/$6 USD) - 2016/01/28 13:44:22 ET
Table 'Edisona' 2-max Seat #1 is the button
Seat 1: Ultrafranke ($49.44 in chips)
Seat 2: 7moneymaster ($364.44 in chips)
Ultrafranke: posts small blind $1
7moneymaster: posts big blind $3
*** HOLE CARDS ***
Ultrafranke: raises $3 to $6
7moneymaster: calls $3
*** FLOP *** [Th Qd Jc]
7moneymaster: checks
Ultrafranke: checks
*** TURN *** [Th Qd Jc] [Kd]
7moneymaster: checks
Ultrafranke: bets $6
7moneymaster: calls $6
*** RIVER *** [Th Qd Jc Kd] [8c]
7moneymaster: checks
Ultrafranke: checks
*** SHOW DOWN ***
7moneymaster: shows [5c 9c] (a straight, Nine to King)
Ultrafranke: mucks hand
7moneymaster collected $23.52 from pot
*** SUMMARY ***
Total pot $24 | Rake $0.48
Board [Th Qd Jc Kd 8c]
Seat 1: Ultrafranke (button) (small blind) mucked
Seat 2: 7moneymaster (big blind) showed [5c 9c] and won ($23.52) with a straight, Nine to King


PokerStars Hand #147831399263:  Hold'em Limit ($3/$6 USD) - 2016/01/28 13:44:17 ET
Table 'Edisona' 2-max Seat #2 is the button
Seat 1: Ultrafranke ($52.44 in chips)
Seat 2: 7moneymaster ($361.44 in chips)
7moneymaster: posts small blind $1
Ultrafranke: posts big blind $3
*** HOLE CARDS ***
7moneymaster: raises $3 to $6
Ultrafranke: folds
Uncalled bet ($3) returned to 7moneymaster
7moneymaster collected $6 from pot
7moneymaster: doesn't show hand
*** SUMMARY ***
Total pot $6 | Rake $0
Seat 1: Ultrafranke (big blind) folded before Flop
Seat 2: 7moneymaster (button) (small blind) collected ($6)


PokerStars Hand #147831374308:  Hold'em Limit ($3/$6 USD) - 2016/01/28 13:43:53 ET
Table 'Edisona' 2-max Seat #1 is the button
Seat 1: Ultrafranke ($46.68 in chips)
Seat 2: 7moneymaster ($367.44 in chips)
Ultrafranke: posts small blind $1
7moneymaster: posts big blind $3
*** HOLE CARDS ***
Ultrafranke: raises $3 to $6
7moneymaster: calls $3
*** FLOP *** [3h Td 7d]
7moneymaster: checks
Ultrafranke: bets $3
7moneymaster: folds
Uncalled bet ($3) returned to Ultrafranke
Ultrafranke collected $11.76 from pot
*** SUMMARY ***
Total pot $12 | Rake $0.24
Board [3h Td 7d]
Seat 1: Ultrafranke (button) (small blind) collected ($11.76)
Seat 2: 7moneymaster (big blind) folded on the Flop


PokerStars Hand #147831456208:  Hold'em Limit ($3/$6 USD) - 2016/01/28 13:45:12 ET
Table 'Edisona' 2-max Seat #1 is the button
Seat 1: Ultrafranke ($46.08 in chips)
Seat 2: 7moneymaster ($366.96 in chips)
Ultrafranke: posts small blind $1
7moneymaster: posts big blind $3
*** HOLE CARDS ***
Ultrafranke: folds
Uncalled bet ($2) returned to 7moneymaster
7moneymaster collected $2 from pot
7moneymaster: doesn't show hand
*** SUMMARY ***
Total pot $2 | Rake $0
Seat 1: Ultrafranke (button) (small blind) folded before Flop
Seat 2: 7moneymaster (big blind) collected ($2)


PokerStars Hand #147831430229:  Hold'em Limit ($3/$6 USD) - 2016/01/28 13:44:47 ET
Table 'Edisona' 2-max Seat #2 is the button
Seat 1: Ultrafranke ($37.44 in chips)
Seat 2: 7moneymaster ($375.96 in chips)
7moneymaster: posts small blind $1
Ultrafranke: posts big blind $3
*** HOLE CARDS ***
7moneymaster: raises $3 to $6
Ultrafranke: calls $3
*** FLOP *** [3s 4c Jc]
Ultrafranke: checks
7moneymaster: bets $3
Ultrafranke: calls $3
*** TURN *** [3s 4c Jc] [5d]
Ultrafranke: checks
7moneymaster: checks
*** RIVER *** [3s 4c Jc 5d] [Kd]
Ultrafranke: bets $6
7moneymaster: folds
Uncalled bet ($6) returned to Ultrafranke
Ultrafranke collected $17.64 from pot
*** SUMMARY ***
Total pot $18 | Rake $0.36
Board [3s 4c Jc 5d Kd]
Seat 1: Ultrafranke (big blind) collected ($17.64)
Seat 2: 7moneymaster (button) (small blind) folded on the River


PokerStars Hand #147831461331:  Hold'em Limit ($3/$6 USD) - 2016/01/28 13:45:17 ET
Table 'Edisona' 2-max Seat #2 is the button
Seat 1: Ultrafranke ($45.08 in chips)
Seat 2: 7moneymaster ($367.96 in chips)
7moneymaster: posts small blind $1
Ultrafranke: posts big blind $3
*** HOLE CARDS ***
7moneymaster: folds
Uncalled bet ($2) returned to Ultrafranke
Ultrafranke collected $2 from pot
*** SUMMARY ***
Total pot $2 | Rake $0
Seat 1: Ultrafranke (big blind) collected ($2)
Seat 2: 7moneymaster (button) (small blind) folded before Flop


PokerStars Hand #147831468117:  Hold'em Limit ($3/$6 USD) - 2016/01/28 13:45:24 ET
Table 'Edisona' 2-max Seat #1 is the button
Seat 1: Ultrafranke ($46.08 in chips)
Seat 2: 7moneymaster ($366.96 in chips)
Ultrafranke: posts small blind $1
7moneymaster: posts big blind $3
*** HOLE CARDS ***
Ultrafranke: raises $3 to $6
7moneymaster: calls $3
*** FLOP *** [7h 9s 3s]
7moneymaster: checks
Ultrafranke: bets $3
7moneymaster: calls $3
*** TURN *** [7h 9s 3s] [9d]
7moneymaster: checks
Ultrafranke: bets $6
7moneymaster: folds
Uncalled bet ($6) returned to Ultrafranke
Ultrafranke collected $17.64 from pot
*** SUMMARY ***
Total pot $18 | Rake $0.36
Board [7h 9s 3s 9d]
Seat 1: Ultrafranke (button) (small blind) collected ($17.64)
Seat 2: 7moneymaster (big blind) folded on the Turn


PokerStars Hand #147831515252:  Hold'em Limit ($3/$6 USD) - 2016/01/28 13:46:09 ET
Table 'Edisona' 2-max Seat #1 is the button
Seat 1: Ultrafranke ($63.36 in chips)
Seat 2: 7moneymaster ($348.96 in chips)
Ultrafranke: posts small blind $1
7moneymaster: posts big blind $3
*** HOLE CARDS ***
Ultrafranke: folds
Uncalled bet ($2) returned to 7moneymaster
7moneymaster collected $2 from pot
7moneymaster: doesn't show hand
*** SUMMARY ***
Total pot $2 | Rake $0
Seat 1: Ultrafranke (button) (small blind) folded before Flop
Seat 2: 7moneymaster (big blind) collected ($2)


PokerStars Hand #147831482801:  Hold'em Limit ($3/$6 USD) - 2016/01/28 13:45:38 ET
Table 'Edisona' 2-max Seat #2 is the button
Seat 1: Ultrafranke ($54.72 in chips)
Seat 2: 7moneymaster ($357.96 in chips)
7moneymaster: posts small blind $1
Ultrafranke: posts big blind $3
*** HOLE CARDS ***
7moneymaster: raises $3 to $6
Ultrafranke: calls $3
*** FLOP *** [Ks Jh 6d]
Ultrafranke: checks
7moneymaster: bets $3
Ultrafranke: calls $3
*** TURN *** [Ks Jh 6d] [Jc]
Ultrafranke: checks
7moneymaster: checks
*** RIVER *** [Ks Jh 6d Jc] [2d]
Ultrafranke: bets $6
7moneymaster: folds
Uncalled bet ($6) returned to Ultrafranke
Ultrafranke collected $17.64 from pot
*** SUMMARY ***
Total pot $18 | Rake $0.36
Board [Ks Jh 6d Jc 2d]
Seat 1: Ultrafranke (big blind) collected ($17.64)
Seat 2: 7moneymaster (button) (small blind) folded on the River


PokerStars Hand #147831535580:  Hold'em Limit ($3/$6 USD) - 2016/01/28 13:46:28 ET
Table 'Edisona' 2-max Seat #1 is the button
Seat 1: Ultrafranke ($56.36 in chips)
Seat 2: 7moneymaster ($355.72 in chips)
Ultrafranke: posts small blind $1
7moneymaster: posts big blind $3
*** HOLE CARDS ***
Ultrafranke: raises $3 to $6
7moneymaster: calls $3
*** FLOP *** [2d Tc 2s]
7moneymaster: checks
Ultrafranke: bets $3
7moneymaster: folds
Uncalled bet ($3) returned to Ultrafranke
Ultrafranke collected $11.76 from pot
*** SUMMARY ***
Total pot $12 | Rake $0.24
Board [2d Tc 2s]
Seat 1: Ultrafranke (button) (small blind) collected ($11.76)
Seat 2: 7moneymaster (big blind) folded on the Flop


PokerStars Hand #147831519830:  Hold'em Limit ($3/$6 USD) - 2016/01/28 13:46:13 ET
Table 'Edisona' 2-max Seat #2 is the button
Seat 1: Ultrafranke ($62.36 in chips)
Seat 2: 7moneymaster ($349.96 in chips)
7moneymaster: posts small blind $1
Ultrafranke: posts big blind $3
*** HOLE CARDS ***
7moneymaster: raises $3 to $6
Ultrafranke: calls $3
*** FLOP *** [3d Kh 9d]
Ultrafranke: checks
7moneymaster: bets $3
Ultrafranke: folds
Uncalled bet ($3) returned to 7moneymaster
7moneymaster collected $11.76 from pot
7moneymaster: doesn't show hand
*** SUMMARY ***
Total pot $12 | Rake $0.24
Board [3d Kh 9d]
Seat 1: Ultrafranke (big blind) folded on the Flop
Seat 2: 7moneymaster (button) (small blind) collected ($11.76)


PokerStars Hand #147831548932:  Hold'em Limit ($3/$6 USD) - 2016/01/28 13:46:41 ET
Table 'Edisona' 2-max Seat #2 is the button
Seat 1: Ultrafranke ($62.12 in chips)
Seat 2: 7moneymaster ($349.72 in chips)
7moneymaster: posts small blind $1
Ultrafranke: posts big blind $3
*** HOLE CARDS ***
7moneymaster: raises $3 to $6
Ultrafranke: calls $3
*** FLOP *** [8h 8d 3d]
Ultrafranke: checks
7moneymaster: bets $3
Ultrafranke: calls $3
*** TURN *** [8h 8d 3d] [2h]
Ultrafranke: checks
7moneymaster: bets $6
Ultrafranke: folds
Uncalled bet ($6) returned to 7moneymaster
7moneymaster collected $17.64 from pot
7moneymaster: doesn't show hand
*** SUMMARY ***
Total pot $18 | Rake $0.36
Board [8h 8d 3d 2h]
Seat 1: Ultrafranke (big blind) folded on the Turn
Seat 2: 7moneymaster (button) (small blind) collected ($17.64)


PokerStars Hand #147831571976:  Hold'em Limit ($3/$6 USD) - 2016/01/28 13:47:03 ET
Table 'Edisona' 2-max Seat #1 is the button
Seat 1: Ultrafranke ($53.12 in chips)
Seat 2: 7moneymaster ($358.36 in chips)
Ultrafranke: posts small blind $1
7moneymaster: posts big blind $3
*** HOLE CARDS ***
Ultrafranke: raises $3 to $6
7moneymaster: folds
Uncalled bet ($3) returned to Ultrafranke
Ultrafranke collected $6 from pot
*** SUMMARY ***
Total pot $6 | Rake $0
Seat 1: Ultrafranke (button) (small blind) collected ($6)
Seat 2: 7moneymaster (big blind) folded before Flop


PokerStars Hand #147831585187:  Hold'em Limit ($3/$6 USD) - 2016/01/28 13:47:16 ET
Table 'Edisona' 2-max Seat #2 is the button
Seat 1: Ultrafranke ($56.12 in chips)
Seat 2: 7moneymaster ($355.36 in chips)
7moneymaster: posts small blind $1
Ultrafranke: posts big blind $3
*** HOLE CARDS ***
7moneymaster: raises $3 to $6
Ultrafranke: calls $3
*** FLOP *** [Ac Js 5s]
Ultrafranke: checks
7moneymaster: checks
*** TURN *** [Ac Js 5s] [2d]
Ultrafranke: bets $6
7moneymaster: calls $6
*** RIVER *** [Ac Js 5s 2d] [Qd]
Ultrafranke: bets $6
7moneymaster: raises $6 to $12
Ultrafranke: calls $6
*** SHOW DOWN ***
7moneymaster: shows [Qs Jd] (two pair, Queens and Jacks)
Ultrafranke: mucks hand
7moneymaster collected $47.50 from pot
*** SUMMARY ***
Total pot $48 | Rake $0.50
Board [Ac Js 5s 2d Qd]
Seat 1: Ultrafranke (big blind) mucked
Seat 2: 7moneymaster (button) (small blind) showed [Qs Jd] and won ($47.50) with two pair, Queens and Jacks


PokerStars Hand #147831750564:  Hold'em Limit ($3/$6 USD) - 2016/01/28 13:49:55 ET
Table 'Edisona' 2-max Seat #2 is the button
Seat 1: Ultrafranke ($45.90 in chips)
Seat 2: 7moneymaster ($362.88 in chips)
7moneymaster: posts small blind $1
Ultrafranke: posts big blind $3
*** HOLE CARDS ***
7moneymaster: raises $3 to $6
Ultrafranke: folds
Uncalled bet ($3) returned to 7moneymaster
7moneymaster collected $6 from pot
7moneymaster: doesn't show hand
*** SUMMARY ***
Total pot $6 | Rake $0
Seat 1: Ultrafranke (big blind) folded before Flop
Seat 2: 7moneymaster (button) (small blind) collected ($6)


PokerStars Hand #147831713730:  Hold'em Limit ($3/$6 USD) - 2016/01/28 13:49:20 ET
Table 'Edisona' 2-max Seat #2 is the button
Seat 1: Ultrafranke ($52.14 in chips)
Seat 2: 7moneymaster ($357.36 in chips)
7moneymaster: posts small blind $1
Ultrafranke: posts big blind $3
*** HOLE CARDS ***
7moneymaster: raises $3 to $6
Ultrafranke: calls $3
*** FLOP *** [3c Ad 2h]
Ultrafranke: bets $3
7moneymaster: folds
Uncalled bet ($3) returned to Ultrafranke
Ultrafranke collected $11.76 from pot
*** SUMMARY ***
Total pot $12 | Rake $0.24
Board [3c Ad 2h]
Seat 1: Ultrafranke (big blind) collected ($11.76)
Seat 2: 7moneymaster (button) (small blind) folded on the Flop


PokerStars Hand #147831756621:  Hold'em Limit ($3/$6 USD) - 2016/01/28 13:50:01 ET
Table 'Edisona' 2-max Seat #1 is the button
Seat 1: Ultrafranke ($42.90 in chips)
Seat 2: 7moneymaster ($365.88 in chips)
Ultrafranke: posts small blind $1
7moneymaster: posts big blind $3
*** HOLE CARDS ***
Ultrafranke: folds
Uncalled bet ($2) returned to 7moneymaster
7moneymaster collected $2 from pot
7moneymaster: doesn't show hand
*** SUMMARY ***
Total pot $2 | Rake $0
Seat 1: Ultrafranke (button) (small blind) folded before Flop
Seat 2: 7moneymaster (big blind) collected ($2)


PokerStars Hand #147831767633:  Hold'em Limit ($3/$6 USD) - 2016/01/28 13:50:12 ET
Table 'Edisona' 2-max Seat #1 is the button
Seat 1: Ultrafranke ($42.90 in chips)
Seat 2: 7moneymaster ($365.88 in chips)
Ultrafranke: posts small blind $1
7moneymaster: posts big blind $3
*** HOLE CARDS ***
Ultrafranke: folds
Uncalled bet ($2) returned to 7moneymaster
7moneymaster collected $2 from pot
7moneymaster: doesn't show hand
*** SUMMARY ***
Total pot $2 | Rake $0
Seat 1: Ultrafranke (button) (small blind) folded before Flop
Seat 2: 7moneymaster (big blind) collected ($2)


PokerStars Hand #147831629143:  Hold'em Limit ($3/$6 USD) - 2016/01/28 13:47:58 ET
Table 'Edisona' 2-max Seat #1 is the button
Seat 1: Ultrafranke ($32.12 in chips)
Seat 2: 7moneymaster ($378.86 in chips)
Ultrafranke: posts small blind $1
7moneymaster: posts big blind $3
*** HOLE CARDS ***
Ultrafranke: raises $3 to $6
7moneymaster: calls $3
*** FLOP *** [Kd 6d Qh]
7moneymaster: checks
Ultrafranke: checks
*** TURN *** [Kd 6d Qh] [5s]
7moneymaster: bets $6
Ultrafranke: raises $6 to $12
7moneymaster: folds
Uncalled bet ($6) returned to Ultrafranke
Ultrafranke collected $23.52 from pot
*** SUMMARY ***
Total pot $24 | Rake $0.48
Board [Kd 6d Qh 5s]
Seat 1: Ultrafranke (button) (small blind) collected ($23.52)
Seat 2: 7moneymaster (big blind) folded on the Turn


PokerStars Hand #147831664323:  Hold'em Limit ($3/$6 USD) - 2016/01/28 13:48:32 ET
Table 'Edisona' 2-max Seat #2 is the button
Seat 1: Ultrafranke ($43.64 in chips)
Seat 2: 7moneymaster ($366.86 in chips)
7moneymaster: posts small blind $1
Ultrafranke: posts big blind $3
*** HOLE CARDS ***
7moneymaster: raises $3 to $6
Ultrafranke: calls $3
*** FLOP *** [8c Qc 9s]
Ultrafranke: checks
7moneymaster: bets $3
Ultrafranke: calls $3
*** TURN *** [8c Qc 9s] [3d]
Ultrafranke: checks
7moneymaster: bets $6
Ultrafranke: calls $6
*** RIVER *** [8c Qc 9s 3d] [7c]
Ultrafranke: checks
7moneymaster: checks
*** SHOW DOWN ***
Ultrafranke: shows [Kc 6d] (high card King)
7moneymaster: shows [6h 7d] (a pair of Sevens)
7moneymaster collected $29.50 from pot
*** SUMMARY ***
Total pot $30 | Rake $0.50
Board [8c Qc 9s 3d 7c]
Seat 1: Ultrafranke (big blind) showed [Kc 6d] and lost with high card King
Seat 2: 7moneymaster (button) (small blind) showed [6h 7d] and won ($29.50) with a pair of Sevens


PokerStars Hand #147831832837:  Hold'em Limit ($3/$6 USD) - 2016/01/28 13:51:14 ET
Table 'Edisona' 2-max Seat #2 is the button
Seat 1: Ultrafranke ($71.80 in chips)
Seat 2: 7moneymaster ($335.88 in chips)
7moneymaster: posts small blind $1
Ultrafranke: posts big blind $3
*** HOLE CARDS ***
7moneymaster: raises $3 to $6
Ultrafranke: folds
Uncalled bet ($3) returned to 7moneymaster
7moneymaster collected $6 from pot
7moneymaster: doesn't show hand
*** SUMMARY ***
Total pot $6 | Rake $0
Seat 1: Ultrafranke (big blind) folded before Flop
Seat 2: 7moneymaster (button) (small blind) collected ($6)


PokerStars Hand #147831814848:  Hold'em Limit ($3/$6 USD) - 2016/01/28 13:50:57 ET
Table 'Edisona' 2-max Seat #1 is the button
Seat 1: Ultrafranke ($57.30 in chips)
Seat 2: 7moneymaster ($350.88 in chips)
Ultrafranke: posts small blind $1
7moneymaster: posts big blind $3
*** HOLE CARDS ***
Ultrafranke: raises $3 to $6
7moneymaster: calls $3
*** FLOP *** [7d 6d 7s]
7moneymaster: bets $3
Ultrafranke: calls $3
*** TURN *** [7d 6d 7s] [Ah]
7moneymaster: bets $6
Ultrafranke: calls $6
*** RIVER *** [7d 6d 7s Ah] [Ts]
7moneymaster: checks
Ultrafranke: bets $6
7moneymaster: folds
Uncalled bet ($6) returned to Ultrafranke
Ultrafranke collected $29.50 from pot
*** SUMMARY ***
Total pot $30 | Rake $0.50
Board [7d 6d 7s Ah Ts]
Seat 1: Ultrafranke (button) (small blind) collected ($29.50)
Seat 2: 7moneymaster (big blind) folded on the River


PokerStars Hand #147831795299:  Hold'em Limit ($3/$6 USD) - 2016/01/28 13:50:38 ET
Table 'Edisona' 2-max Seat #1 is the button
Seat 1: Ultrafranke ($50.54 in chips)
Seat 2: 7moneymaster ($357.88 in chips)
Ultrafranke: posts small blind $1
7moneymaster: posts big blind $3
*** HOLE CARDS ***
Ultrafranke: raises $3 to $6
7moneymaster: calls $3
*** FLOP *** [7h Js Ts]
7moneymaster: checks
Ultrafranke: bets $3
7moneymaster: folds
Uncalled bet ($3) returned to Ultrafranke
Ultrafranke collected $11.76 from pot
*** SUMMARY ***
Total pot $12 | Rake $0.24
Board [7h Js Ts]
Seat 1: Ultrafranke (button) (small blind) collected ($11.76)
Seat 2: 7moneymaster (big blind) folded on the Flop


PokerStars Hand #147831772207:  Hold'em Limit ($3/$6 USD) - 2016/01/28 13:50:16 ET
Table 'Edisona' 2-max Seat #2 is the button
Seat 1: Ultrafranke ($41.90 in chips)
Seat 2: 7moneymaster ($366.88 in chips)
7moneymaster: posts small blind $1
Ultrafranke: posts big blind $3
*** HOLE CARDS ***
7moneymaster: raises $3 to $6
Ultrafranke: calls $3
*** FLOP *** [7h 2d Js]
Ultrafranke: checks
7moneymaster: bets $3
Ultrafranke: raises $3 to $6
7moneymaster: folds
Uncalled bet ($3) returned to Ultrafranke
Ultrafranke collected $17.64 from pot
*** SUMMARY ***
Total pot $18 | Rake $0.36
Board [7h 2d Js]
Seat 1: Ultrafranke (big blind) collected ($17.64)
Seat 2: 7moneymaster (button) (small blind) folded on the Flop


PokerStars Hand #147831839032:  Hold'em Limit ($3/$6 USD) - 2016/01/28 13:51:20 ET
Table 'Edisona' 2-max Seat #1 is the button
Seat 1: Ultrafranke ($68.80 in chips)
Seat 2: 7moneymaster ($338.88 in chips)
Ultrafranke: posts small blind $1
7moneymaster: posts big blind $3
*** HOLE CARDS ***
Ultrafranke: folds
Uncalled bet ($2) returned to 7moneymaster
7moneymaster collected $2 from pot
7moneymaster: doesn't show hand
*** SUMMARY ***
Total pot $2 | Rake $0
Seat 1: Ultrafranke (button) (small blind) folded before Flop
Seat 2: 7moneymaster (big blind) collected ($2)


PokerStars Hand #147831884792:  Hold'em Limit ($3/$6 USD) - 2016/01/28 13:52:05 ET
Table 'Edisona' 2-max Seat #1 is the button
Seat 1: Ultrafranke ($50.80 in chips)
Seat 2: 7moneymaster ($356.16 in chips)
Ultrafranke: posts small blind $1
7moneymaster: posts big blind $3
*** HOLE CARDS ***
Ultrafranke: raises $3 to $6
7moneymaster: calls $3
*** FLOP *** [8h 4d Ah]
7moneymaster: checks
Ultrafranke: bets $3
7moneymaster: raises $3 to $6
Ultrafranke: calls $3
*** TURN *** [8h 4d Ah] [5h]
7moneymaster: bets $6
Ultrafranke: folds
Uncalled bet ($6) returned to 7moneymaster
7moneymaster collected $23.52 from pot
7moneymaster: doesn't show hand
*** SUMMARY ***
Total pot $24 | Rake $0.48
Board [8h 4d Ah 5h]
Seat 1: Ultrafranke (button) (small blind) folded on the Turn
Seat 2: 7moneymaster (big blind) collected ($23.52)


PokerStars Hand #147831870556:  Hold'em Limit ($3/$6 USD) - 2016/01/28 13:51:51 ET
Table 'Edisona' 2-max Seat #1 is the button
Seat 1: Ultrafranke ($58.80 in chips)
Seat 2: 7moneymaster ($348.52 in chips)
Ultrafranke: posts small blind $1
7moneymaster: posts big blind $3
*** HOLE CARDS ***
Ultrafranke: raises $3 to $6
7moneymaster: raises $3 to $9
Ultrafranke: calls $3
*** FLOP *** [Kc Jh 2s]
7moneymaster: bets $3
Ultrafranke: folds
Uncalled bet ($3) returned to 7moneymaster
7moneymaster collected $17.64 from pot
7moneymaster: doesn't show hand
*** SUMMARY ***
Total pot $18 | Rake $0.36
Board [Kc Jh 2s]
Seat 1: Ultrafranke (button) (small blind) folded on the Flop
Seat 2: 7moneymaster (big blind) collected ($17.64)


PokerStars Hand #147831865505:  Hold'em Limit ($3/$6 USD) - 2016/01/28 13:51:46 ET
Table 'Edisona' 2-max Seat #2 is the button
Seat 1: Ultrafranke ($57.80 in chips)
Seat 2: 7moneymaster ($349.52 in chips)
7moneymaster: posts small blind $1
Ultrafranke: posts big blind $3
*** HOLE CARDS ***
7moneymaster: folds
Uncalled bet ($2) returned to Ultrafranke
Ultrafranke collected $2 from pot
*** SUMMARY ***
Total pot $2 | Rake $0
Seat 1: Ultrafranke (big blind) collected ($2)
Seat 2: 7moneymaster (button) (small blind) folded before Flop


PokerStars Hand #147831859894:  Hold'em Limit ($3/$6 USD) - 2016/01/28 13:51:41 ET
Table 'Edisona' 2-max Seat #1 is the button
Seat 1: Ultrafranke ($58.80 in chips)
Seat 2: 7moneymaster ($348.52 in chips)
Ultrafranke: posts small blind $1
7moneymaster: posts big blind $3
*** HOLE CARDS ***
Ultrafranke: folds
Uncalled bet ($2) returned to 7moneymaster
7moneymaster collected $2 from pot
7moneymaster: doesn't show hand
*** SUMMARY ***
Total pot $2 | Rake $0
Seat 1: Ultrafranke (button) (small blind) folded before Flop
Seat 2: 7moneymaster (big blind) collected ($2)


PokerStars Hand #147831843612:  Hold'em Limit ($3/$6 USD) - 2016/01/28 13:51:25 ET
Table 'Edisona' 2-max Seat #2 is the button
Seat 1: Ultrafranke ($67.80 in chips)
Seat 2: 7moneymaster ($339.88 in chips)
7moneymaster: posts small blind $1
Ultrafranke: posts big blind $3
*** HOLE CARDS ***
7moneymaster: raises $3 to $6
Ultrafranke: calls $3
*** FLOP *** [7s 3s 6c]
Ultrafranke: checks
7moneymaster: bets $3
Ultrafranke: calls $3
*** TURN *** [7s 3s 6c] [Qc]
Ultrafranke: checks
7moneymaster: bets $6
Ultrafranke: folds
Uncalled bet ($6) returned to 7moneymaster
7moneymaster collected $17.64 from pot
7moneymaster: doesn't show hand
*** SUMMARY ***
Total pot $18 | Rake $0.36
Board [7s 3s 6c Qc]
Seat 1: Ultrafranke (big blind) folded on the Turn
Seat 2: 7moneymaster (button) (small blind) collected ($17.64)


PokerStars Hand #147831968394:  Hold'em Limit ($3/$6 USD) - 2016/01/28 13:53:27 ET
Table 'Edisona' 2-max Seat #1 is the button
Seat 1: Ultrafranke ($32.08 in chips)
Seat 2: 7moneymaster ($373.18 in chips)
Ultrafranke: posts small blind $1
7moneymaster: posts big blind $3
*** HOLE CARDS ***
Ultrafranke: folds
Uncalled bet ($2) returned to 7moneymaster
7moneymaster collected $2 from pot
7moneymaster: doesn't show hand
*** SUMMARY ***
Total pot $2 | Rake $0
Seat 1: Ultrafranke (button) (small blind) folded before Flop
Seat 2: 7moneymaster (big blind) collected ($2)


PokerStars Hand #147831950632:  Hold'em Limit ($3/$6 USD) - 2016/01/28 13:53:10 ET
Table 'Edisona' 2-max Seat #2 is the button
Seat 1: Ultrafranke ($23.44 in chips)
Seat 2: 7moneymaster ($382.18 in chips)
7moneymaster: posts small blind $1
Ultrafranke: posts big blind $3
*** HOLE CARDS ***
7moneymaster: raises $3 to $6
Ultrafranke: calls $3
*** FLOP *** [3c Ac Ks]
Ultrafranke: bets $3
7moneymaster: calls $3
*** TURN *** [3c Ac Ks] [Qs]
Ultrafranke: bets $6
7moneymaster: folds
Uncalled bet ($6) returned to Ultrafranke
Ultrafranke collected $17.64 from pot
*** SUMMARY ***
Total pot $18 | Rake $0.36
Board [3c Ac Ks Qs]
Seat 1: Ultrafranke (big blind) collected ($17.64)
Seat 2: 7moneymaster (button) (small blind) folded on the Turn


PokerStars Hand #147831932254:  Hold'em Limit ($3/$6 USD) - 2016/01/28 13:52:52 ET
Table 'Edisona' 2-max Seat #1 is the button
Seat 1: Ultrafranke ($47.44 in chips)
Seat 2: 7moneymaster ($358.68 in chips)
Ultrafranke: posts small blind $1
7moneymaster: posts big blind $3
*** HOLE CARDS ***
Ultrafranke: raises $3 to $6
7moneymaster: raises $3 to $9
Ultrafranke: calls $3
*** FLOP *** [Qh Js 3d]
7moneymaster: bets $3
Ultrafranke: calls $3
*** TURN *** [Qh Js 3d] [6s]
7moneymaster: bets $6
Ultrafranke: calls $6
*** RIVER *** [Qh Js 3d 6s] [Th]
7moneymaster: bets $6
Ultrafranke: calls $6
*** SHOW DOWN ***
7moneymaster: shows [Jd Jh] (three of a kind, Jacks)
Ultrafranke: mucks hand
7moneymaster collected $47.50 from pot
*** SUMMARY ***
Total pot $48 | Rake $0.50
Board [Qh Js 3d 6s Th]
Seat 1: Ultrafranke (button) (small blind) mucked
Seat 2: 7moneymaster (big blind) showed [Jd Jh] and won ($47.50) with three of a kind, Jacks


PokerStars Hand #147831927496:  Hold'em Limit ($3/$6 USD) - 2016/01/28 13:52:47 ET
Table 'Edisona' 2-max Seat #2 is the button
Seat 1: Ultrafranke ($46.44 in chips)
Seat 2: 7moneymaster ($359.68 in chips)
7moneymaster: posts small blind $1
Ultrafranke: posts big blind $3
*** HOLE CARDS ***
7moneymaster: folds
Uncalled bet ($2) returned to Ultrafranke
Ultrafranke collected $2 from pot
*** SUMMARY ***
Total pot $2 | Rake $0
Seat 1: Ultrafranke (big blind) collected ($2)
Seat 2: 7moneymaster (button) (small blind) folded before Flop


PokerStars Hand #147831920888:  Hold'em Limit ($3/$6 USD) - 2016/01/28 13:52:41 ET
Table 'Edisona' 2-max Seat #1 is the button
Seat 1: Ultrafranke ($47.44 in chips)
Seat 2: 7moneymaster ($358.68 in chips)
Ultrafranke: posts small blind $1
7moneymaster: posts big blind $3
*** HOLE CARDS ***
Ultrafranke: folds
Uncalled bet ($2) returned to 7moneymaster
7moneymaster collected $2 from pot
7moneymaster: doesn't show hand
*** SUMMARY ***
Total pot $2 | Rake $0
Seat 1: Ultrafranke (button) (small blind) folded before Flop
Seat 2: 7moneymaster (big blind) collected ($2)


PokerStars Hand #147832003795:  Hold'em Limit ($3/$6 USD) - 2016/01/28 13:54:02 ET
Table 'Edisona' 2-max Seat #1 is the button
Seat 1: Ultrafranke ($35.72 in chips)
Seat 2: 7moneymaster ($369.18 in chips)
Ultrafranke: posts small blind $1
7moneymaster: posts big blind $3
*** HOLE CARDS ***
Ultrafranke: raises $3 to $6
7moneymaster: calls $3
*** FLOP *** [7s 6c 9s]
7moneymaster: checks
Ultrafranke: bets $3
7moneymaster: folds
Uncalled bet ($3) returned to Ultrafranke
Ultrafranke collected $11.76 from pot
*** SUMMARY ***
Total pot $12 | Rake $0.24
Board [7s 6c 9s]
Seat 1: Ultrafranke (button) (small blind) collected ($11.76)
Seat 2: 7moneymaster (big blind) folded on the Flop


PokerStars Hand #147831998774:  Hold'em Limit ($3/$6 USD) - 2016/01/28 13:53:57 ET
Table 'Edisona' 2-max Seat #2 is the button
Seat 1: Ultrafranke ($38.72 in chips)
Seat 2: 7moneymaster ($366.18 in chips)
7moneymaster: posts small blind $1
Ultrafranke: posts big blind $3
*** HOLE CARDS ***
7moneymaster: raises $3 to $6
Ultrafranke: folds
Uncalled bet ($3) returned to 7moneymaster
7moneymaster collected $6 from pot
7moneymaster: doesn't show hand
*** SUMMARY ***
Total pot $6 | Rake $0
Seat 1: Ultrafranke (big blind) folded before Flop
Seat 2: 7moneymaster (button) (small blind) collected ($6)


PokerStars Hand #147831991931:  Hold'em Limit ($3/$6 USD) - 2016/01/28 13:53:50 ET
Table 'Edisona' 2-max Seat #1 is the button
Seat 1: Ultrafranke ($39.72 in chips)
Seat 2: 7moneymaster ($365.18 in chips)
Ultrafranke: posts small blind $1
7moneymaster: posts big blind $3
*** HOLE CARDS ***
Ultrafranke: folds
Uncalled bet ($2) returned to 7moneymaster
7moneymaster collected $2 from pot
7moneymaster: doesn't show hand
*** SUMMARY ***
Total pot $2 | Rake $0
Seat 1: Ultrafranke (button) (small blind) folded before Flop
Seat 2: 7moneymaster (big blind) collected ($2)


PokerStars Hand #147831972902:  Hold'em Limit ($3/$6 USD) - 2016/01/28 13:53:32 ET
Table 'Edisona' 2-max Seat #2 is the button
Seat 1: Ultrafranke ($31.08 in chips)
Seat 2: 7moneymaster ($374.18 in chips)
7moneymaster: posts small blind $1
Ultrafranke: posts big blind $3
*** HOLE CARDS ***
7moneymaster: raises $3 to $6
Ultrafranke: calls $3
*** FLOP *** [Qs Th Qh]
Ultrafranke: checks
7moneymaster: bets $3
Ultrafranke: calls $3
*** TURN *** [Qs Th Qh] [3s]
Ultrafranke: checks
7moneymaster: checks
*** RIVER *** [Qs Th Qh 3s] [6s]
Ultrafranke: bets $6
7moneymaster: folds
Uncalled bet ($6) returned to Ultrafranke
Ultrafranke collected $17.64 from pot
*** SUMMARY ***
Total pot $18 | Rake $0.36
Board [Qs Th Qh 3s 6s]
Seat 1: Ultrafranke (big blind) collected ($17.64)
Seat 2: 7moneymaster (button) (small blind) folded on the River


PokerStars Hand #147832016307:  Hold'em Limit ($3/$6 USD) - 2016/01/28 13:54:14 ET
Table 'Edisona' 2-max Seat #2 is the button
Seat 1: Ultrafranke ($41.48 in chips)
Seat 2: 7moneymaster ($363.18 in chips)
7moneymaster: posts small blind $1
Ultrafranke: posts big blind $3
*** HOLE CARDS ***
7moneymaster: raises $3 to $6
Ultrafranke: calls $3
*** FLOP *** [Jh 5c 6s]
Ultrafranke: bets $3
7moneymaster: raises $3 to $6
Ultrafranke: calls $3
*** TURN *** [Jh 5c 6s] [Ts]
Ultrafranke: checks
7moneymaster: bets $6
Ultrafranke: calls $6
*** RIVER *** [Jh 5c 6s Ts] [4s]
Ultrafranke: checks
7moneymaster: bets $6
Ultrafranke: folds
Uncalled bet ($6) returned to 7moneymaster
7moneymaster collected $35.50 from pot
7moneymaster: doesn't show hand
*** SUMMARY ***
Total pot $36 | Rake $0.50
Board [Jh 5c 6s Ts 4s]
Seat 1: Ultrafranke (big blind) folded on the River
Seat 2: 7moneymaster (button) (small blind) collected ($35.50)


PokerStars Hand #147832088342:  Hold'em Limit ($3/$6 USD) - 2016/01/28 13:55:28 ET
Table 'Edisona' 2-max Seat #1 is the button
Seat 1: Ultrafranke ($264.99 in chips)
Seat 2: 7moneymaster ($351.20 in chips)
Ultrafranke: posts small blind $1
7moneymaster: posts big blind $3
*** HOLE CARDS ***
Ultrafranke: folds
Uncalled bet ($2) returned to 7moneymaster
7moneymaster collected $2 from pot
7moneymaster: doesn't show hand
*** SUMMARY ***
Total pot $2 | Rake $0
Seat 1: Ultrafranke (button) (small blind) folded before Flop
Seat 2: 7moneymaster (big blind) collected ($2)


PokerStars Hand #147832077562:  Hold'em Limit ($3/$6 USD) - 2016/01/28 13:55:15 ET
Table 'Edisona' 2-max Seat #2 is the button
Seat 1: Ultrafranke ($259.23 in chips)
Seat 2: 7moneymaster ($357.20 in chips)
7moneymaster: posts small blind $1
Ultrafranke: posts big blind $3
*** HOLE CARDS ***
7moneymaster: raises $3 to $6
Ultrafranke: calls $3
*** FLOP *** [Td Ah Kd]
Ultrafranke: checks
7moneymaster: checks
*** TURN *** [Td Ah Kd] [4c]
Ultrafranke: bets $6
7moneymaster: folds
Uncalled bet ($6) returned to Ultrafranke
Ultrafranke collected $11.76 from pot
*** SUMMARY ***
Total pot $12 | Rake $0.24
Board [Td Ah Kd 4c]
Seat 1: Ultrafranke (big blind) collected ($11.76)
Seat 2: 7moneymaster (button) (small blind) folded on the Turn


PokerStars Hand #147832039963:  Hold'em Limit ($3/$6 USD) - 2016/01/28 13:54:37 ET
Table 'Edisona' 2-max Seat #1 is the button
Seat 1: Ultrafranke ($23.48 in chips)
Seat 2: 7moneymaster ($380.68 in chips)
Ultrafranke: posts small blind $1
7moneymaster: posts big blind $3
*** HOLE CARDS ***
Ultrafranke: raises $3 to $6
7moneymaster: raises $3 to $9
Ultrafranke: calls $3
*** FLOP *** [Js 8s Td]
7moneymaster: bets $3
Ultrafranke: calls $3
*** TURN *** [Js 8s Td] [Ts]
7moneymaster: checks
Ultrafranke: bets $6
7moneymaster: calls $6
*** RIVER *** [Js 8s Td Ts] [6h]
7moneymaster: checks
Ultrafranke: bets $5.48 and is all-in
7moneymaster: calls $5.48
*** SHOW DOWN ***
Ultrafranke: shows [Qd Ad] (a pair of Tens)
7moneymaster: shows [Ah 9h] (a pair of Tens - lower kicker)
Ultrafranke collected $46.46 from pot
*** SUMMARY ***
Total pot $46.96 | Rake $0.50
Board [Js 8s Td Ts 6h]
Seat 1: Ultrafranke (button) (small blind) showed [Qd Ad] and won ($46.46) with a pair of Tens
Seat 2: 7moneymaster (big blind) showed [Ah 9h] and lost with a pair of Tens


PokerStars Hand #147832097524:  Hold'em Limit ($3/$6 USD) - 2016/01/28 13:55:40 ET
Table 'Edisona' 2-max Seat #1 is the button
Seat 1: Ultrafranke ($264.99 in chips)
Seat 2: 7moneymaster ($351.20 in chips)
Ultrafranke: posts small blind $1
7moneymaster: posts big blind $3
*** HOLE CARDS ***
Ultrafranke: folds
Uncalled bet ($2) returned to 7moneymaster
7moneymaster collected $2 from pot
7moneymaster: doesn't show hand
*** SUMMARY ***
Total pot $2 | Rake $0
Seat 1: Ultrafranke (button) (small blind) folded before Flop
Seat 2: 7moneymaster (big blind) collected ($2)


PokerStars Hand #147832092945:  Hold'em Limit ($3/$6 USD) - 2016/01/28 13:55:34 ET
Table 'Edisona' 2-max Seat #2 is the button
Seat 1: Ultrafranke ($263.99 in chips)
Seat 2: 7moneymaster ($352.20 in chips)
7moneymaster: posts small blind $1
Ultrafranke: posts big blind $3
*** HOLE CARDS ***
7moneymaster: folds
Uncalled bet ($2) returned to Ultrafranke
Ultrafranke collected $2 from pot
*** SUMMARY ***
Total pot $2 | Rake $0
Seat 1: Ultrafranke (big blind) collected ($2)
Seat 2: 7moneymaster (button) (small blind) folded before Flop


PokerStars Hand #147832100826:  Hold'em Limit ($3/$6 USD) - 2016/01/28 13:55:44 ET
Table 'Edisona' 2-max Seat #2 is the button
Seat 1: Ultrafranke ($263.99 in chips)
Seat 2: 7moneymaster ($352.20 in chips)
7moneymaster: posts small blind $1
Ultrafranke: posts big blind $3
*** HOLE CARDS ***
7moneymaster: raises $3 to $6
Ultrafranke: raises $3 to $9
7moneymaster: calls $3
*** FLOP *** [6h Qc 7h]
Ultrafranke: bets $3
7moneymaster: calls $3
*** TURN *** [6h Qc 7h] [Qd]
Ultrafranke: bets $6
7moneymaster: calls $6
*** RIVER *** [6h Qc 7h Qd] [3s]
Ultrafranke: bets $6
7moneymaster: calls $6
*** SHOW DOWN ***
Ultrafranke: shows [8s 8h] (two pair, Queens and Eights)
7moneymaster: mucks hand
Ultrafranke collected $47.50 from pot
*** SUMMARY ***
Total pot $48 | Rake $0.50
Board [6h Qc 7h Qd 3s]
Seat 1: Ultrafranke (big blind) showed [8s 8h] and won ($47.50) with two pair, Queens and Eights
Seat 2: 7moneymaster (button) (small blind) mucked


PokerStars Hand #147832145682:  Hold'em Limit ($3/$6 USD) - 2016/01/28 13:56:41 ET
Table 'Edisona' 2-max Seat #2 is the button
Seat 1: Ultrafranke ($259.49 in chips)
Seat 2: 7moneymaster ($355.46 in chips)
7moneymaster: posts small blind $1
Ultrafranke: posts big blind $3
*** HOLE CARDS ***
7moneymaster: raises $3 to $6
Ultrafranke: raises $3 to $9
7moneymaster: calls $3
*** FLOP *** [7s 2d Qd]
Ultrafranke: bets $3
7moneymaster: calls $3
*** TURN *** [7s 2d Qd] [9c]
Ultrafranke: bets $6
7moneymaster: calls $6
*** RIVER *** [7s 2d Qd 9c] [Jc]
Ultrafranke: bets $6
7moneymaster: raises $6 to $12
Ultrafranke: folds
Uncalled bet ($6) returned to 7moneymaster
7moneymaster collected $47.50 from pot
7moneymaster: doesn't show hand
*** SUMMARY ***
Total pot $48 | Rake $0.50
Board [7s 2d Qd 9c Jc]
Seat 1: Ultrafranke (big blind) folded on the River
Seat 2: 7moneymaster (button) (small blind) collected ($47.50)


PokerStars Hand #147832141828:  Hold'em Limit ($3/$6 USD) - 2016/01/28 13:56:37 ET
Table 'Edisona' 2-max Seat #1 is the button
Seat 1: Ultrafranke ($260.49 in chips)
Seat 2: 7moneymaster ($354.46 in chips)
Ultrafranke: posts small blind $1
7moneymaster: posts big blind $3
*** HOLE CARDS ***
Ultrafranke: folds
Uncalled bet ($2) returned to 7moneymaster
7moneymaster collected $2 from pot
7moneymaster: doesn't show hand
*** SUMMARY ***
Total pot $2 | Rake $0
Seat 1: Ultrafranke (button) (small blind) folded before Flop
Seat 2: 7moneymaster (big blind) collected ($2)


PokerStars Hand #147832124699:  Hold'em Limit ($3/$6 USD) - 2016/01/28 13:56:15 ET
Table 'Edisona' 2-max Seat #2 is the button
Seat 1: Ultrafranke ($281.49 in chips)
Seat 2: 7moneymaster ($333.96 in chips)
7moneymaster: posts small blind $1
Ultrafranke: posts big blind $3
*** HOLE CARDS ***
7moneymaster: raises $3 to $6
Ultrafranke: calls $3
*** FLOP *** [7d Qs 6c]
Ultrafranke: checks
7moneymaster: bets $3
Ultrafranke: calls $3
*** TURN *** [7d Qs 6c] [Qh]
Ultrafranke: checks
7moneymaster: bets $6
Ultrafranke: calls $6
*** RIVER *** [7d Qs 6c Qh] [6h]
Ultrafranke: checks
7moneymaster: bets $6
Ultrafranke: calls $6
*** SHOW DOWN ***
7moneymaster: shows [Qc 3c] (a full house, Queens full of Sixes)
Ultrafranke: mucks hand
7moneymaster collected $41.50 from pot
*** SUMMARY ***
Total pot $42 | Rake $0.50
Board [7d Qs 6c Qh 6h]
Seat 1: Ultrafranke (big blind) mucked
Seat 2: 7moneymaster (button) (small blind) showed [Qc 3c] and won ($41.50) with a full house, Queens full of Sixes


PokerStars Hand #147832179020:  Hold'em Limit ($3/$6 USD) - 2016/01/28 13:57:23 ET
Table 'Edisona' 2-max Seat #1 is the button
Seat 1: Ultrafranke ($235.49 in chips)
Seat 2: 7moneymaster ($378.96 in chips)
Ultrafranke: posts small blind $1
7moneymaster: posts big blind $3
*** HOLE CARDS ***
Ultrafranke: raises $3 to $6
7moneymaster: folds
Uncalled bet ($3) returned to Ultrafranke
Ultrafranke collected $6 from pot
*** SUMMARY ***
Total pot $6 | Rake $0
Seat 1: Ultrafranke (button) (small blind) collected ($6)
Seat 2: 7moneymaster (big blind) folded before Flop


PokerStars Hand #147832187203:  Hold'em Limit ($3/$6 USD) - 2016/01/28 13:57:33 ET
Table 'Edisona' 2-max Seat #2 is the button
Seat 1: Ultrafranke ($238.49 in chips)
Seat 2: 7moneymaster ($375.96 in chips)
7moneymaster: posts small blind $1
Ultrafranke: posts big blind $3
*** HOLE CARDS ***
7moneymaster: folds
Uncalled bet ($2) returned to Ultrafranke
Ultrafranke collected $2 from pot
*** SUMMARY ***
Total pot $2 | Rake $0
Seat 1: Ultrafranke (big blind) collected ($2)
Seat 2: 7moneymaster (button) (small blind) folded before Flop


PokerStars Hand #147832209917:  Hold'em Limit ($3/$6 USD) - 2016/01/28 13:58:02 ET
Table 'Edisona' 2-max Seat #2 is the button
Seat 1: Ultrafranke ($251.01 in chips)
Seat 2: 7moneymaster ($362.96 in chips)
7moneymaster: posts small blind $1
Ultrafranke: posts big blind $3
*** HOLE CARDS ***
7moneymaster: folds
Uncalled bet ($2) returned to Ultrafranke
Ultrafranke collected $2 from pot
*** SUMMARY ***
Total pot $2 | Rake $0
Seat 1: Ultrafranke (big blind) collected ($2)
Seat 2: 7moneymaster (button) (small blind) folded before Flop


PokerStars Hand #147832194840:  Hold'em Limit ($3/$6 USD) - 2016/01/28 13:57:43 ET
Table 'Edisona' 2-max Seat #1 is the button
Seat 1: Ultrafranke ($239.49 in chips)
Seat 2: 7moneymaster ($374.96 in chips)
Ultrafranke: posts small blind $1
7moneymaster: posts big blind $3
*** HOLE CARDS ***
Ultrafranke: raises $3 to $6
7moneymaster: raises $3 to $9
Ultrafranke: calls $3
*** FLOP *** [Qd Ac 7h]
7moneymaster: bets $3
Ultrafranke: calls $3
*** TURN *** [Qd Ac 7h] [Ah]
7moneymaster: checks
Ultrafranke: bets $6
7moneymaster: folds
Uncalled bet ($6) returned to Ultrafranke
Ultrafranke collected $23.52 from pot
*** SUMMARY ***
Total pot $24 | Rake $0.48
Board [Qd Ac 7h Ah]
Seat 1: Ultrafranke (button) (small blind) collected ($23.52)
Seat 2: 7moneymaster (big blind) folded on the Turn


PokerStars Hand #147832267316:  Hold'em Limit ($3/$6 USD) - 2016/01/28 13:58:55 ET
Table 'Edisona' 2-max Seat #2 is the button
Seat 1: Ultrafranke ($266.29 in chips)
Seat 2: 7moneymaster ($346.96 in chips)
7moneymaster: posts small blind $1
Ultrafranke: posts big blind $3
*** HOLE CARDS ***
7moneymaster: raises $3 to $6
Ultrafranke: folds
Uncalled bet ($3) returned to 7moneymaster
7moneymaster collected $6 from pot
7moneymaster: doesn't show hand
*** SUMMARY ***
Total pot $6 | Rake $0
Seat 1: Ultrafranke (big blind) folded before Flop
Seat 2: 7moneymaster (button) (small blind) collected ($6)


PokerStars Hand #147832256217:  Hold'em Limit ($3/$6 USD) - 2016/01/28 13:58:43 ET
Table 'Edisona' 2-max Seat #1 is the button
Seat 1: Ultrafranke ($260.53 in chips)
Seat 2: 7moneymaster ($352.96 in chips)
Ultrafranke: posts small blind $1
7moneymaster: posts big blind $3
*** HOLE CARDS ***
Ultrafranke: raises $3 to $6
7moneymaster: calls $3
*** FLOP *** [4s Td 3s]
7moneymaster: checks
Ultrafranke: bets $3
7moneymaster: folds
Uncalled bet ($3) returned to Ultrafranke
Ultrafranke collected $11.76 from pot
*** SUMMARY ***
Total pot $12 | Rake $0.24
Board [4s Td 3s]
Seat 1: Ultrafranke (button) (small blind) collected ($11.76)
Seat 2: 7moneymaster (big blind) folded on the Flop


PokerStars Hand #147832246810:  Hold'em Limit ($3/$6 USD) - 2016/01/28 13:58:35 ET
Table 'Edisona' 2-max Seat #2 is the button
Seat 1: Ultrafranke ($263.53 in chips)
Seat 2: 7moneymaster ($349.96 in chips)
7moneymaster: posts small blind $1
Ultrafranke: posts big blind $3
*** HOLE CARDS ***
7moneymaster: raises $3 to $6
Ultrafranke: folds
Uncalled bet ($3) returned to 7moneymaster
7moneymaster collected $6 from pot
7moneymaster: doesn't show hand
*** SUMMARY ***
Total pot $6 | Rake $0
Seat 1: Ultrafranke (big blind) folded before Flop
Seat 2: 7moneymaster (button) (small blind) collected ($6)


PokerStars Hand #147832273483:  Hold'em Limit ($3/$6 USD) - 2016/01/28 13:59:02 ET
Table 'Edisona' 2-max Seat #1 is the button
Seat 1: Ultrafranke ($263.29 in chips)
Seat 2: 7moneymaster ($349.96 in chips)
Ultrafranke: posts small blind $1
7moneymaster: posts big blind $3
*** HOLE CARDS ***
Ultrafranke: raises $3 to $6
7moneymaster: calls $3
*** FLOP *** [Ah Qs 2c]
7moneymaster: checks
Ultrafranke: bets $3
7moneymaster: calls $3
*** TURN *** [Ah Qs 2c] [2d]
7moneymaster: checks
Ultrafranke: checks
*** RIVER *** [Ah Qs 2c 2d] [9c]
7moneymaster: checks
Ultrafranke: bets $6
7moneymaster: raises $6 to $12
Ultrafranke: folds
Uncalled bet ($6) returned to 7moneymaster
7moneymaster collected $29.50 from pot
7moneymaster: doesn't show hand
*** SUMMARY ***
Total pot $30 | Rake $0.50
Board [Ah Qs 2c 2d 9c]
Seat 1: Ultrafranke (button) (small blind) folded on the River
Seat 2: 7moneymaster (big blind) collected ($29.50)


PokerStars Hand #147832218896:  Hold'em Limit ($3/$6 USD) - 2016/01/28 13:58:08 ET
Table 'Edisona' 2-max Seat #1 is the button
Seat 1: Ultrafranke ($252.01 in chips)
Seat 2: 7moneymaster ($361.96 in chips)
Ultrafranke: posts small blind $1
7moneymaster: posts big blind $3
*** HOLE CARDS ***
Ultrafranke: raises $3 to $6
7moneymaster: calls $3
*** FLOP *** [Jd 4h 7c]
7moneymaster: checks
Ultrafranke: checks
*** TURN *** [Jd 4h 7c] [8h]
7moneymaster: bets $6
Ultrafranke: calls $6
*** RIVER *** [Jd 4h 7c 8h] [8d]
7moneymaster: checks
Ultrafranke: checks
*** SHOW DOWN ***
7moneymaster: shows [5h Kh] (a pair of Eights)
Ultrafranke: shows [Ah Qc] (a pair of Eights - Ace kicker)
Ultrafranke collected $23.52 from pot
*** SUMMARY ***
Total pot $24 | Rake $0.48
Board [Jd 4h 7c 8h 8d]
Seat 1: Ultrafranke (button) (small blind) showed [Ah Qc] and won ($23.52) with a pair of Eights
Seat 2: 7moneymaster (big blind) showed [5h Kh] and lost with a pair of Eights


PokerStars Hand #147832302743:  Hold'em Limit ($3/$6 USD) - 2016/01/28 13:59:37 ET
Table 'Edisona' 2-max Seat #2 is the button
Seat 1: Ultrafranke ($244.29 in chips)
Seat 2: 7moneymaster ($368.46 in chips)
7moneymaster: posts small blind $1
Ultrafranke: posts big blind $3
*** HOLE CARDS ***
7moneymaster: raises $3 to $6
Ultrafranke: calls $3
*** FLOP *** [7d 5s 6s]
Ultrafranke: bets $3
7moneymaster: calls $3
*** TURN *** [7d 5s 6s] [Qh]
Ultrafranke: bets $6
7moneymaster: folds
Uncalled bet ($6) returned to Ultrafranke
Ultrafranke collected $17.64 from pot
*** SUMMARY ***
Total pot $18 | Rake $0.36
Board [7d 5s 6s Qh]
Seat 1: Ultrafranke (big blind) collected ($17.64)
Seat 2: 7moneymaster (button) (small blind) folded on the Turn


PokerStars Hand #147832298678:  Hold'em Limit ($3/$6 USD) - 2016/01/28 13:59:32 ET
Table 'Edisona' 2-max Seat #1 is the button
Seat 1: Ultrafranke ($245.29 in chips)
Seat 2: 7moneymaster ($367.46 in chips)
Ultrafranke: posts small blind $1
7moneymaster: posts big blind $3
*** HOLE CARDS ***
Ultrafranke: folds
Uncalled bet ($2) returned to 7moneymaster
7moneymaster collected $2 from pot
7moneymaster: doesn't show hand
*** SUMMARY ***
Total pot $2 | Rake $0
Seat 1: Ultrafranke (button) (small blind) folded before Flop
Seat 2: 7moneymaster (big blind) collected ($2)


PokerStars Hand #147832292186:  Hold'em Limit ($3/$6 USD) - 2016/01/28 13:59:24 ET
Table 'Edisona' 2-max Seat #2 is the button
Seat 1: Ultrafranke ($248.29 in chips)
Seat 2: 7moneymaster ($364.46 in chips)
7moneymaster: posts small blind $1
Ultrafranke: posts big blind $3
*** HOLE CARDS ***
7moneymaster: raises $3 to $6
Ultrafranke: folds
Uncalled bet ($3) returned to 7moneymaster
7moneymaster collected $6 from pot
7moneymaster: doesn't show hand
*** SUMMARY ***
Total pot $6 | Rake $0
Seat 1: Ultrafranke (big blind) folded before Flop
Seat 2: 7moneymaster (button) (small blind) collected ($6)


PokerStars Hand #147832316802:  Hold'em Limit ($3/$6 USD) - 2016/01/28 13:59:54 ET
Table 'Edisona' 2-max Seat #1 is the button
Seat 1: Ultrafranke ($252.93 in chips)
Seat 2: 7moneymaster ($359.46 in chips)
Ultrafranke: posts small blind $1
7moneymaster: posts big blind $3
*** HOLE CARDS ***
Ultrafranke: raises $3 to $6
7moneymaster: raises $3 to $9
Ultrafranke: calls $3
*** FLOP *** [4s Jh Qd]
7moneymaster: bets $3
Ultrafranke: raises $3 to $6
7moneymaster: calls $3
*** TURN *** [4s Jh Qd] [Kc]
7moneymaster: checks
Ultrafranke: bets $6
7moneymaster: folds
Uncalled bet ($6) returned to Ultrafranke
Ultrafranke collected $29.50 from pot
*** SUMMARY ***
Total pot $30 | Rake $0.50
Board [4s Jh Qd Kc]
Seat 1: Ultrafranke (button) (small blind) collected ($29.50)
Seat 2: 7moneymaster (big blind) folded on the Turn


PokerStars Hand #147832373656:  Hold'em Limit ($3/$6 USD) - 2016/01/28 14:01:01 ET
Table 'Edisona' 2-max Seat #2 is the button
Seat 1: Ultrafranke ($286.93 in chips)
Seat 2: 7moneymaster ($324.46 in chips)
7moneymaster: posts small blind $1
Ultrafranke: posts big blind $3
*** HOLE CARDS ***
7moneymaster: folds
Uncalled bet ($2) returned to Ultrafranke
Ultrafranke collected $2 from pot
*** SUMMARY ***
Total pot $2 | Rake $0
Seat 1: Ultrafranke (big blind) collected ($2)
Seat 2: 7moneymaster (button) (small blind) folded before Flop


PokerStars Hand #147832369001:  Hold'em Limit ($3/$6 USD) - 2016/01/28 14:00:56 ET
Table 'Edisona' 2-max Seat #1 is the button
Seat 1: Ultrafranke ($287.93 in chips)
Seat 2: 7moneymaster ($323.46 in chips)
Ultrafranke: posts small blind $1
7moneymaster: posts big blind $3
*** HOLE CARDS ***
Ultrafranke: folds
Uncalled bet ($2) returned to 7moneymaster
7moneymaster collected $2 from pot
7moneymaster: doesn't show hand
*** SUMMARY ***
Total pot $2 | Rake $0
Seat 1: Ultrafranke (button) (small blind) folded before Flop
Seat 2: 7moneymaster (big blind) collected ($2)


PokerStars Hand #147832378901:  Hold'em Limit ($3/$6 USD) - 2016/01/28 14:01:06 ET
Table 'Edisona' 2-max Seat #1 is the button
Seat 1: Ultrafranke ($287.93 in chips)
Seat 2: 7moneymaster ($323.46 in chips)
Ultrafranke: posts small blind $1
7moneymaster: posts big blind $3
*** HOLE CARDS ***
Ultrafranke: folds
Uncalled bet ($2) returned to 7moneymaster
7moneymaster collected $2 from pot
7moneymaster: doesn't show hand
*** SUMMARY ***
Total pot $2 | Rake $0
Seat 1: Ultrafranke (button) (small blind) folded before Flop
Seat 2: 7moneymaster (big blind) collected ($2)


PokerStars Hand #147832383457:  Hold'em Limit ($3/$6 USD) - 2016/01/28 14:01:11 ET
Table 'Edisona' 2-max Seat #2 is the button
Seat 1: Ultrafranke ($286.93 in chips)
Seat 2: 7moneymaster ($324.46 in chips)
7moneymaster: posts small blind $1
Ultrafranke: posts big blind $3
*** HOLE CARDS ***
7moneymaster: raises $3 to $6
Ultrafranke: folds
Uncalled bet ($3) returned to 7moneymaster
7moneymaster collected $6 from pot
7moneymaster: doesn't show hand
*** SUMMARY ***
Total pot $6 | Rake $0
Seat 1: Ultrafranke (big blind) folded before Flop
Seat 2: 7moneymaster (button) (small blind) collected ($6)


PokerStars Hand #147832347648:  Hold'em Limit ($3/$6 USD) - 2016/01/28 14:00:31 ET
Table 'Edisona' 2-max Seat #2 is the button
Seat 1: Ultrafranke ($267.43 in chips)
Seat 2: 7moneymaster ($344.46 in chips)
7moneymaster: posts small blind $1
Ultrafranke: posts big blind $3
*** HOLE CARDS ***
7moneymaster: raises $3 to $6
Ultrafranke: calls $3
*** FLOP *** [6s Ah 5d]
Ultrafranke: checks
7moneymaster: bets $3
Ultrafranke: calls $3
*** TURN *** [6s Ah 5d] [Jc]
Ultrafranke: checks
7moneymaster: bets $6
Ultrafranke: calls $6
*** RIVER *** [6s Ah 5d Jc] [6h]
Ultrafranke: bets $6
7moneymaster: calls $6
*** SHOW DOWN ***
Ultrafranke: shows [Qc 6d] (three of a kind, Sixes)
7moneymaster: mucks hand
Ultrafranke collected $41.50 from pot
*** SUMMARY ***
Total pot $42 | Rake $0.50
Board [6s Ah 5d Jc 6h]
Seat 1: Ultrafranke (big blind) showed [Qc 6d] and won ($41.50) with three of a kind, Sixes
Seat 2: 7moneymaster (button) (small blind) mucked


PokerStars Hand #147832418671:  Hold'em Limit ($3/$6 USD) - 2016/01/28 14:01:48 ET
Table 'Edisona' 2-max Seat #2 is the button
Seat 1: Ultrafranke ($295.45 in chips)
Seat 2: 7moneymaster ($315.46 in chips)
7moneymaster: posts small blind $1
Ultrafranke: posts big blind $3
*** HOLE CARDS ***
7moneymaster: raises $3 to $6
Ultrafranke: calls $3
*** FLOP *** [6h 3c Kh]
Ultrafranke: checks
7moneymaster: bets $3
Ultrafranke: folds
Uncalled bet ($3) returned to 7moneymaster
7moneymaster collected $11.76 from pot
7moneymaster: doesn't show hand
*** SUMMARY ***
Total pot $12 | Rake $0.24
Board [6h 3c Kh]
Seat 1: Ultrafranke (big blind) folded on the Flop
Seat 2: 7moneymaster (button) (small blind) collected ($11.76)


PokerStars Hand #147832409920:  Hold'em Limit ($3/$6 USD) - 2016/01/28 14:01:39 ET
Table 'Edisona' 2-max Seat #2 is the button
Seat 1: Ultrafranke ($295.45 in chips)
Seat 2: 7moneymaster ($315.46 in chips)
7moneymaster: posts small blind $1
Ultrafranke: posts big blind $3
*** HOLE CARDS ***
7moneymaster: folds
Uncalled bet ($2) returned to Ultrafranke
Ultrafranke collected $2 from pot
*** SUMMARY ***
Total pot $2 | Rake $0
Seat 1: Ultrafranke (big blind) collected ($2)
Seat 2: 7moneymaster (button) (small blind) folded before Flop


PokerStars Hand #147832392335:  Hold'em Limit ($3/$6 USD) - 2016/01/28 14:01:21 ET
Table 'Edisona' 2-max Seat #1 is the button
Seat 1: Ultrafranke ($283.93 in chips)
Seat 2: 7moneymaster ($327.46 in chips)
Ultrafranke: posts small blind $1
7moneymaster: posts big blind $3
*** HOLE CARDS ***
Ultrafranke: raises $3 to $6
7moneymaster: raises $3 to $9
Ultrafranke: calls $3
*** FLOP *** [Qc Kh 4s]
7moneymaster: bets $3
Ultrafranke: calls $3
*** TURN *** [Qc Kh 4s] [Tc]
7moneymaster: checks
Ultrafranke: bets $6
7moneymaster: folds
Uncalled bet ($6) returned to Ultrafranke
Ultrafranke collected $23.52 from pot
*** SUMMARY ***
Total pot $24 | Rake $0.48
Board [Qc Kh 4s Tc]
Seat 1: Ultrafranke (button) (small blind) collected ($23.52)
Seat 2: 7moneymaster (big blind) folded on the Turn


PokerStars Hand #147832427057:  Hold'em Limit ($3/$6 USD) - 2016/01/28 14:01:57 ET
Table 'Edisona' 2-max Seat #1 is the button
Seat 1: Ultrafranke ($289.45 in chips)
Seat 2: 7moneymaster ($321.22 in chips)
Ultrafranke: posts small blind $1
7moneymaster: posts big blind $3
*** HOLE CARDS ***
Ultrafranke: raises $3 to $6
7moneymaster: calls $3
*** FLOP *** [Ts 3c 9c]
7moneymaster: checks
Ultrafranke: bets $3
7moneymaster: folds
Uncalled bet ($3) returned to Ultrafranke
Ultrafranke collected $11.76 from pot
*** SUMMARY ***
Total pot $12 | Rake $0.24
Board [Ts 3c 9c]
Seat 1: Ultrafranke (button) (small blind) collected ($11.76)
Seat 2: 7moneymaster (big blind) folded on the Flop


PokerStars Hand #147832471035:  Hold'em Limit ($3/$6 USD) - 2016/01/28 14:02:39 ET
Table 'Edisona' 2-max Seat #1 is the button
Seat 1: Ultrafranke ($315.71 in chips)
Seat 2: 7moneymaster ($294.22 in chips)
Ultrafranke: posts small blind $1
7moneymaster: posts big blind $3
*** HOLE CARDS ***
Ultrafranke: raises $3 to $6
7moneymaster: folds
Uncalled bet ($3) returned to Ultrafranke
Ultrafranke collected $6 from pot
*** SUMMARY ***
Total pot $6 | Rake $0
Seat 1: Ultrafranke (button) (small blind) collected ($6)
Seat 2: 7moneymaster (big blind) folded before Flop


PokerStars Hand #147832466077:  Hold'em Limit ($3/$6 USD) - 2016/01/28 14:02:34 ET
Table 'Edisona' 2-max Seat #2 is the button
Seat 1: Ultrafranke ($314.71 in chips)
Seat 2: 7moneymaster ($295.22 in chips)
7moneymaster: posts small blind $1
Ultrafranke: posts big blind $3
*** HOLE CARDS ***
7moneymaster: folds
Uncalled bet ($2) returned to Ultrafranke
Ultrafranke collected $2 from pot
*** SUMMARY ***
Total pot $2 | Rake $0
Seat 1: Ultrafranke (big blind) collected ($2)
Seat 2: 7moneymaster (button) (small blind) folded before Flop


PokerStars Hand #147832460125:  Hold'em Limit ($3/$6 USD) - 2016/01/28 14:02:29 ET
Table 'Edisona' 2-max Seat #1 is the button
Seat 1: Ultrafranke ($315.71 in chips)
Seat 2: 7moneymaster ($294.22 in chips)
Ultrafranke: posts small blind $1
7moneymaster: posts big blind $3
*** HOLE CARDS ***
Ultrafranke: folds
Uncalled bet ($2) returned to 7moneymaster
7moneymaster collected $2 from pot
7moneymaster: doesn't show hand
*** SUMMARY ***
Total pot $2 | Rake $0
Seat 1: Ultrafranke (button) (small blind) folded before Flop
Seat 2: 7moneymaster (big blind) collected ($2)


PokerStars Hand #147832440132:  Hold'em Limit ($3/$6 USD) - 2016/01/28 14:02:10 ET
Table 'Edisona' 2-max Seat #2 is the button
Seat 1: Ultrafranke ($295.21 in chips)
Seat 2: 7moneymaster ($315.22 in chips)
7moneymaster: posts small blind $1
Ultrafranke: posts big blind $3
*** HOLE CARDS ***
7moneymaster: raises $3 to $6
Ultrafranke: calls $3
*** FLOP *** [Qc 3h 2h]
Ultrafranke: checks
7moneymaster: bets $3
Ultrafranke: calls $3
*** TURN *** [Qc 3h 2h] [9d]
Ultrafranke: checks
7moneymaster: bets $6
Ultrafranke: calls $6
*** RIVER *** [Qc 3h 2h 9d] [Kd]
Ultrafranke: checks
7moneymaster: bets $6
Ultrafranke: calls $6
*** SHOW DOWN ***
7moneymaster: shows [9h 5h] (a pair of Nines)
Ultrafranke: shows [Jd Kh] (a pair of Kings)
Ultrafranke collected $41.50 from pot
*** SUMMARY ***
Total pot $42 | Rake $0.50
Board [Qc 3h 2h 9d Kd]
Seat 1: Ultrafranke (big blind) showed [Jd Kh] and won ($41.50) with a pair of Kings
Seat 2: 7moneymaster (button) (small blind) showed [9h 5h] and lost with a pair of Nines


