PokerStars Hand #149399711061:  Hold'em Limit ($3/$6 USD) - 2016/02/25 13:15:53 ET
Table 'Edisona' 6-max Seat #3 is the button
Seat 3: HBNB11 ($22.83 in chips)
Seat 4: AzureCaper ($103.78 in chips)
HBNB11: posts small blind $1
AzureCaper: posts big blind $3
*** HOLE CARDS ***
HBNB11: raises $3 to $6
AzureCaper: folds
Uncalled bet ($3) returned to HBNB11
HBNB11 collected $6 from pot
HBNB11: doesn't show hand
*** SUMMARY ***
Total pot $6 | Rake $0
Seat 3: HBNB11 (button) (small blind) collected ($6)
Seat 4: AzureCaper (big blind) folded before Flop


PokerStars Hand #149399703750:  Hold'em Limit ($3/$6 USD) - 2016/02/25 13:15:46 ET
Table 'Edisona' 6-max Seat #4 is the button
Seat 3: HBNB11 ($14.19 in chips)
Seat 4: AzureCaper ($112.78 in chips)
AzureCaper: posts small blind $1
HBNB11: posts big blind $3
*** HOLE CARDS ***
AzureCaper: raises $3 to $6
HBNB11: raises $3 to $9
AzureCaper: calls $3
*** FLOP *** [Kh Ah Jh]
HBNB11: bets $3
AzureCaper: folds
Uncalled bet ($3) returned to HBNB11
HBNB11 collected $17.64 from pot
HBNB11: doesn't show hand
*** SUMMARY ***
Total pot $18 | Rake $0.36
Board [Kh Ah Jh]
Seat 3: HBNB11 (big blind) collected ($17.64)
Seat 4: AzureCaper (button) (small blind) folded on the Flop


PokerStars Hand #149399760901:  Hold'em Limit ($3/$6 USD) - 2016/02/25 13:16:46 ET
Table 'Edisona' 6-max Seat #3 is the button
Seat 3: HBNB11 ($89.66 in chips)
Seat 4: AzureCaper ($75 in chips)
HBNB11: posts small blind $1
AzureCaper: posts big blind $3
*** HOLE CARDS ***
HBNB11: folds
Uncalled bet ($2) returned to AzureCaper
AzureCaper collected $2 from pot
AzureCaper: doesn't show hand
*** SUMMARY ***
Total pot $2 | Rake $0
Seat 3: HBNB11 (button) (small blind) folded before Flop
Seat 4: AzureCaper (big blind) collected ($2)


PokerStars Hand #149399756110:  Hold'em Limit ($3/$6 USD) - 2016/02/25 13:16:41 ET
Table 'Edisona' 6-max Seat #4 is the button
Seat 3: HBNB11 ($92.66 in chips)
Seat 4: AzureCaper ($72 in chips)
AzureCaper: posts small blind $1
HBNB11: posts big blind $3
*** HOLE CARDS ***
AzureCaper: raises $3 to $6
HBNB11: folds
Uncalled bet ($3) returned to AzureCaper
AzureCaper collected $6 from pot
AzureCaper: doesn't show hand
*** SUMMARY ***
Total pot $6 | Rake $0
Seat 3: HBNB11 (big blind) folded before Flop
Seat 4: AzureCaper (button) (small blind) collected ($6)


PokerStars Hand #149399739917:  Hold'em Limit ($3/$6 USD) - 2016/02/25 13:16:24 ET
Table 'Edisona' 6-max Seat #3 is the button
Seat 3: HBNB11 ($51.16 in chips)
Seat 4: AzureCaper ($74.95 in chips)
HBNB11: posts small blind $1
AzureCaper: posts big blind $3
*** HOLE CARDS ***
HBNB11: raises $3 to $6
AzureCaper: raises $3 to $9
HBNB11: calls $3
*** FLOP *** [Jh Ad 6s]
AzureCaper: bets $3
HBNB11: calls $3
*** TURN *** [Jh Ad 6s] [3d]
AzureCaper: bets $6
HBNB11: calls $6
*** RIVER *** [Jh Ad 6s 3d] [5s]
AzureCaper: bets $6
HBNB11: raises $6 to $12
AzureCaper: raises $6 to $18
HBNB11: raises $6 to $24
Betting is capped
AzureCaper: calls $6
*** SHOW DOWN ***
HBNB11: shows [5d 5h] (three of a kind, Fives)
AzureCaper: mucks hand
HBNB11 collected $83.50 from pot
*** SUMMARY ***
Total pot $84 | Rake $0.50
Board [Jh Ad 6s 3d 5s]
Seat 3: HBNB11 (button) (small blind) showed [5d 5h] and won ($83.50) with three of a kind, Fives
Seat 4: AzureCaper (big blind) mucked


PokerStars Hand #149399716767:  Hold'em Limit ($3/$6 USD) - 2016/02/25 13:15:59 ET
Table 'Edisona' 6-max Seat #4 is the button
Seat 3: HBNB11 ($25.83 in chips)
Seat 4: AzureCaper ($100.78 in chips)
AzureCaper: posts small blind $1
HBNB11: posts big blind $3
*** HOLE CARDS ***
AzureCaper: raises $3 to $6
HBNB11: calls $3
*** FLOP *** [6d 5d Ah]
HBNB11: checks
AzureCaper: bets $3
HBNB11: raises $3 to $6
AzureCaper: raises $3 to $9
HBNB11: raises $3 to $12
Betting is capped
AzureCaper: calls $3
*** TURN *** [6d 5d Ah] [2c]
HBNB11: bets $6
AzureCaper: raises $6 to $12
HBNB11: calls $1.83 and is all-in
Uncalled bet ($4.17) returned to AzureCaper
*** RIVER *** [6d 5d Ah 2c] [Jd]
*** SHOW DOWN ***
HBNB11: shows [7d 6s] (a pair of Sixes)
AzureCaper: shows [8d 7h] (high card Ace)
HBNB11 collected $51.16 from pot
*** SUMMARY ***
Total pot $51.66 | Rake $0.50
Board [6d 5d Ah 2c Jd]
Seat 3: HBNB11 (big blind) showed [7d 6s] and won ($51.16) with a pair of Sixes
Seat 4: AzureCaper (button) (small blind) showed [8d 7h] and lost with high card Ace


PokerStars Hand #149399815448:  Hold'em Limit ($3/$6 USD) - 2016/02/25 13:17:43 ET
Table 'Edisona' 6-max Seat #4 is the button
Seat 3: HBNB11 ($120.42 in chips)
Seat 4: AzureCaper ($72 in chips)
AzureCaper: posts small blind $1
HBNB11: posts big blind $3
*** HOLE CARDS ***
AzureCaper: folds
Uncalled bet ($2) returned to HBNB11
HBNB11 collected $2 from pot
HBNB11: doesn't show hand
*** SUMMARY ***
Total pot $2 | Rake $0
Seat 3: HBNB11 (big blind) collected ($2)
Seat 4: AzureCaper (button) (small blind) folded before Flop


PokerStars Hand #149399805408:  Hold'em Limit ($3/$6 USD) - 2016/02/25 13:17:32 ET
Table 'Edisona' 6-max Seat #3 is the button
Seat 3: HBNB11 ($114.66 in chips)
Seat 4: AzureCaper ($72 in chips)
HBNB11: posts small blind $1
AzureCaper: posts big blind $3
*** HOLE CARDS ***
HBNB11: raises $3 to $6
AzureCaper: calls $3
*** FLOP *** [7d Kd As]
AzureCaper: checks
HBNB11: bets $3
AzureCaper: folds
Uncalled bet ($3) returned to HBNB11
HBNB11 collected $11.76 from pot
HBNB11: doesn't show hand
*** SUMMARY ***
Total pot $12 | Rake $0.24
Board [7d Kd As]
Seat 3: HBNB11 (button) (small blind) collected ($11.76)
Seat 4: AzureCaper (big blind) folded on the Flop


PokerStars Hand #149399789207:  Hold'em Limit ($3/$6 USD) - 2016/02/25 13:17:16 ET
Table 'Edisona' 6-max Seat #4 is the button
Seat 3: HBNB11 ($100.16 in chips)
Seat 4: AzureCaper ($80.64 in chips)
AzureCaper: posts small blind $1
HBNB11: posts big blind $3
*** HOLE CARDS ***
AzureCaper: raises $3 to $6
HBNB11: calls $3
*** FLOP *** [As 9h Qh]
HBNB11: checks
AzureCaper: bets $3
HBNB11: calls $3
*** TURN *** [As 9h Qh] [2c]
HBNB11: checks
AzureCaper: bets $6
HBNB11: calls $6
*** RIVER *** [As 9h Qh 2c] [3d]
HBNB11: checks
AzureCaper: checks
*** SHOW DOWN ***
HBNB11: shows [Qc 6d] (a pair of Queens)
AzureCaper: mucks hand
HBNB11 collected $29.50 from pot
*** SUMMARY ***
Total pot $30 | Rake $0.50
Board [As 9h Qh 2c 3d]
Seat 3: HBNB11 (big blind) showed [Qc 6d] and won ($29.50) with a pair of Queens
Seat 4: AzureCaper (button) (small blind) mucked


PokerStars Hand #149399780473:  Hold'em Limit ($3/$6 USD) - 2016/02/25 13:17:06 ET
Table 'Edisona' 6-max Seat #3 is the button
Seat 3: HBNB11 ($109.16 in chips)
Seat 4: AzureCaper ($72 in chips)
HBNB11: posts small blind $1
AzureCaper: posts big blind $3
*** HOLE CARDS ***
HBNB11: raises $3 to $6
AzureCaper: raises $3 to $9
HBNB11: calls $3
*** FLOP *** [8d Qs 9h]
AzureCaper: bets $3
HBNB11: folds
Uncalled bet ($3) returned to AzureCaper
AzureCaper collected $17.64 from pot
AzureCaper: doesn't show hand
*** SUMMARY ***
Total pot $18 | Rake $0.36
Board [8d Qs 9h]
Seat 3: HBNB11 (button) (small blind) folded on the Flop
Seat 4: AzureCaper (big blind) collected ($17.64)


PokerStars Hand #149399765249:  Hold'em Limit ($3/$6 USD) - 2016/02/25 13:16:50 ET
Table 'Edisona' 6-max Seat #4 is the button
Seat 3: HBNB11 ($88.66 in chips)
Seat 4: AzureCaper ($76 in chips)
AzureCaper: posts small blind $1
HBNB11: posts big blind $3
*** HOLE CARDS ***
GoliafUa leaves the table
AzureCaper: raises $3 to $6
HBNB11: calls $3
*** FLOP *** [Kd Ad 2c]
HBNB11: checks
AzureCaper: bets $3
HBNB11: calls $3
*** TURN *** [Kd Ad 2c] [6h]
HBNB11: checks
AzureCaper: bets $6
HBNB11: calls $6
*** RIVER *** [Kd Ad 2c 6h] [7h]
HBNB11: checks
AzureCaper: bets $6
HBNB11: calls $6
*** SHOW DOWN ***
AzureCaper: shows [8s 5h] (high card Ace)
HBNB11: shows [7d 8d] (a pair of Sevens)
HBNB11 collected $41.50 from pot
*** SUMMARY ***
Total pot $42 | Rake $0.50
Board [Kd Ad 2c 6h 7h]
Seat 3: HBNB11 (big blind) showed [7d 8d] and won ($41.50) with a pair of Sevens
Seat 4: AzureCaper (button) (small blind) showed [8s 5h] and lost with high card Ace


PokerStars Hand #149399875253:  Hold'em Limit ($3/$6 USD) - 2016/02/25 13:18:46 ET
Table 'Edisona' 6-max Seat #3 is the button
Seat 3: HBNB11 ($114.92 in chips)
Seat 4: AzureCaper ($98.26 in chips)
HBNB11: posts small blind $1
AzureCaper: posts big blind $3
*** HOLE CARDS ***
HBNB11: raises $3 to $6
AzureCaper: calls $3
*** FLOP *** [2s 7d 6d]
AzureCaper: checks
HBNB11: checks
*** TURN *** [2s 7d 6d] [7c]
AzureCaper: checks
HBNB11: checks
*** RIVER *** [2s 7d 6d 7c] [Td]
AzureCaper: checks
HBNB11: bets $6
AzureCaper: folds
Uncalled bet ($6) returned to HBNB11
HBNB11 collected $11.76 from pot
HBNB11: doesn't show hand
*** SUMMARY ***
Total pot $12 | Rake $0.24
Board [2s 7d 6d 7c Td]
Seat 3: HBNB11 (button) (small blind) collected ($11.76)
Seat 4: AzureCaper (big blind) folded on the River


PokerStars Hand #149399870679:  Hold'em Limit ($3/$6 USD) - 2016/02/25 13:18:41 ET
Table 'Edisona' 6-max Seat #4 is the button
Seat 3: HBNB11 ($117.92 in chips)
Seat 4: AzureCaper ($95.26 in chips)
AzureCaper: posts small blind $1
HBNB11: posts big blind $3
*** HOLE CARDS ***
AzureCaper: raises $3 to $6
HBNB11: folds
Uncalled bet ($3) returned to AzureCaper
AzureCaper collected $6 from pot
AzureCaper: doesn't show hand
*** SUMMARY ***
Total pot $6 | Rake $0
Seat 3: HBNB11 (big blind) folded before Flop
Seat 4: AzureCaper (button) (small blind) collected ($6)


PokerStars Hand #149399856595:  Hold'em Limit ($3/$6 USD) - 2016/02/25 13:18:26 ET
Table 'Edisona' 6-max Seat #3 is the button
Seat 3: HBNB11 ($135.92 in chips)
Seat 4: AzureCaper ($77.76 in chips)
HBNB11: posts small blind $1
AzureCaper: posts big blind $3
*** HOLE CARDS ***
HBNB11: raises $3 to $6
AzureCaper: raises $3 to $9
HBNB11: calls $3
*** FLOP *** [7c Kh 7h]
AzureCaper: bets $3
HBNB11: calls $3
*** TURN *** [7c Kh 7h] [8s]
AzureCaper: bets $6
HBNB11: calls $6
*** RIVER *** [7c Kh 7h 8s] [Tc]
AzureCaper: checks
HBNB11: checks
*** SHOW DOWN ***
AzureCaper: shows [9s Kd] (two pair, Kings and Sevens)
HBNB11: mucks hand
AzureCaper collected $35.50 from pot
*** SUMMARY ***
Total pot $36 | Rake $0.50
Board [7c Kh 7h 8s Tc]
Seat 3: HBNB11 (button) (small blind) mucked
Seat 4: AzureCaper (big blind) showed [9s Kd] and won ($35.50) with two pair, Kings and Sevens


PokerStars Hand #149399848713:  Hold'em Limit ($3/$6 USD) - 2016/02/25 13:18:18 ET
Table 'Edisona' 6-max Seat #4 is the button
Seat 3: HBNB11 ($134.92 in chips)
Seat 4: AzureCaper ($78.76 in chips)
AzureCaper: posts small blind $1
HBNB11: posts big blind $3
*** HOLE CARDS ***
AzureCaper: folds
Uncalled bet ($2) returned to HBNB11
HBNB11 collected $2 from pot
HBNB11: doesn't show hand
*** SUMMARY ***
Total pot $2 | Rake $0
Seat 3: HBNB11 (big blind) collected ($2)
Seat 4: AzureCaper (button) (small blind) folded before Flop


PokerStars Hand #149399844396:  Hold'em Limit ($3/$6 USD) - 2016/02/25 13:18:14 ET
Table 'Edisona' 6-max Seat #3 is the button
Seat 3: HBNB11 ($135.92 in chips)
Seat 4: AzureCaper ($77.76 in chips)
HBNB11: posts small blind $1
AzureCaper: posts big blind $3
*** HOLE CARDS ***
HBNB11: folds
Uncalled bet ($2) returned to AzureCaper
AzureCaper collected $2 from pot
AzureCaper: doesn't show hand
*** SUMMARY ***
Total pot $2 | Rake $0
Seat 3: HBNB11 (button) (small blind) folded before Flop
Seat 4: AzureCaper (big blind) collected ($2)


PokerStars Hand #149399835860:  Hold'em Limit ($3/$6 USD) - 2016/02/25 13:18:05 ET
Table 'Edisona' 6-max Seat #4 is the button
Seat 3: HBNB11 ($141.92 in chips)
Seat 4: AzureCaper ($72 in chips)
AzureCaper: posts small blind $1
HBNB11: posts big blind $3
*** HOLE CARDS ***
AzureCaper: raises $3 to $6
HBNB11: calls $3
*** FLOP *** [8s 5s Ac]
HBNB11: checks
AzureCaper: bets $3
HBNB11: folds
Uncalled bet ($3) returned to AzureCaper
AzureCaper collected $11.76 from pot
AzureCaper: doesn't show hand
*** SUMMARY ***
Total pot $12 | Rake $0.24
Board [8s 5s Ac]
Seat 3: HBNB11 (big blind) folded on the Flop
Seat 4: AzureCaper (button) (small blind) collected ($11.76)


PokerStars Hand #149399819951:  Hold'em Limit ($3/$6 USD) - 2016/02/25 13:17:48 ET
Table 'Edisona' 6-max Seat #3 is the button
Seat 3: HBNB11 ($121.42 in chips)
Seat 4: AzureCaper ($72 in chips)
HBNB11: posts small blind $1
AzureCaper: posts big blind $3
*** HOLE CARDS ***
HBNB11: raises $3 to $6
AzureCaper: raises $3 to $9
HBNB11: calls $3
*** FLOP *** [Ac 6c Ks]
AzureCaper: bets $3
HBNB11: raises $3 to $6
AzureCaper: calls $3
*** TURN *** [Ac 6c Ks] [Qh]
AzureCaper: checks
HBNB11: bets $6
AzureCaper: calls $6
*** RIVER *** [Ac 6c Ks Qh] [Th]
AzureCaper: checks
HBNB11: checks
*** SHOW DOWN ***
AzureCaper: shows [5d 5c] (a pair of Fives)
HBNB11: shows [Qc Tc] (two pair, Queens and Tens)
HBNB11 collected $41.50 from pot
*** SUMMARY ***
Total pot $42 | Rake $0.50
Board [Ac 6c Ks Qh Th]
Seat 3: HBNB11 (button) (small blind) showed [Qc Tc] and won ($41.50) with two pair, Queens and Tens
Seat 4: AzureCaper (big blind) showed [5d 5c] and lost with a pair of Fives


PokerStars Hand #149399903179:  Hold'em Limit ($3/$6 USD) - 2016/02/25 13:19:15 ET
Table 'Edisona' 6-max Seat #3 is the button
Seat 3: HBNB11 ($147.18 in chips)
Seat 4: AzureCaper ($72 in chips)
HBNB11: posts small blind $1
AzureCaper: posts big blind $3
*** HOLE CARDS ***
HBNB11: folds
Uncalled bet ($2) returned to AzureCaper
AzureCaper collected $2 from pot
AzureCaper: doesn't show hand
*** SUMMARY ***
Total pot $2 | Rake $0
Seat 3: HBNB11 (button) (small blind) folded before Flop
Seat 4: AzureCaper (big blind) collected ($2)


PokerStars Hand #149399886803:  Hold'em Limit ($3/$6 USD) - 2016/02/25 13:18:58 ET
Table 'Edisona' 6-max Seat #4 is the button
Seat 3: HBNB11 ($120.68 in chips)
Seat 4: AzureCaper ($92.26 in chips)
AzureCaper: posts small blind $1
HBNB11: posts big blind $3
*** HOLE CARDS ***
AzureCaper: raises $3 to $6
HBNB11: calls $3
*** FLOP *** [Tc Qd 2d]
HBNB11: checks
AzureCaper: bets $3
HBNB11: calls $3
*** TURN *** [Tc Qd 2d] [4c]
HBNB11: checks
AzureCaper: bets $6
poooohpooh joins the table at seat #2
HBNB11: calls $6
*** RIVER *** [Tc Qd 2d 4c] [2c]
HBNB11: bets $6
AzureCaper: raises $6 to $12
HBNB11: calls $6
*** SHOW DOWN ***
AzureCaper: shows [3h 9h] (a pair of Deuces)
HBNB11: shows [2s 6s] (three of a kind, Deuces)
HBNB11 collected $53.50 from pot
*** SUMMARY ***
Total pot $54 | Rake $0.50
Board [Tc Qd 2d 4c 2c]
Seat 3: HBNB11 (big blind) showed [2s 6s] and won ($53.50) with three of a kind, Deuces
Seat 4: AzureCaper (button) (small blind) showed [3h 9h] and lost with a pair of Deuces


PokerStars Hand #149399995997:  Hold'em Limit ($3/$6 USD) - 2016/02/25 13:20:53 ET
Table 'Edisona' 6-max Seat #2 is the button
Seat 2: poooohpooh ($111.37 in chips)
Seat 4: AzureCaper ($94.44 in chips)
poooohpooh: posts small blind $1
HBNB11: is sitting out
AzureCaper: posts big blind $3
*** HOLE CARDS ***
vestimokrec leaves the table
poooohpooh: raises $3 to $6
AzureCaper: calls $3
*** FLOP *** [5h 2h 4s]
AzureCaper: checks
poooohpooh: checks
*** TURN *** [5h 2h 4s] [7h]
HBNB11 leaves the table
AzureCaper: bets $6
poooohpooh: folds
Uncalled bet ($6) returned to AzureCaper
AzureCaper collected $11.76 from pot
AzureCaper: doesn't show hand
*** SUMMARY ***
Total pot $12 | Rake $0.24
Board [5h 2h 4s 7h]
Seat 2: poooohpooh (button) (small blind) folded on the Turn
Seat 4: AzureCaper (big blind) collected ($11.76)


