PokerStars Hand #169166853283:  Hold'em Limit ($3/$6 USD) - 2017/04/17 10:03:38 ET
Table 'Edisona II' 6-max Seat #1 is the button
Seat 1: LifeisagameX ($84 in chips)
Seat 3: bell2013 ($55.86 in chips)
LifeisagameX: posts small blind $1
bell2013: posts big blind $3
*** HOLE CARDS ***
LifeisagameX: raises $3 to $6
bell2013: calls $3
*** FLOP *** [3h 8d 3c]
bell2013: bets $3
LifeisagameX: calls $3
*** TURN *** [3h 8d 3c] [2h]
bell2013: bets $6
LifeisagameX: folds
Uncalled bet ($6) returned to bell2013
bell2013 collected $17.64 from pot
*** SUMMARY ***
Total pot $18 | Rake $0.36
Board [3h 8d 3c 2h]
Seat 1: LifeisagameX (button) (small blind) folded on the Turn
Seat 3: bell2013 (big blind) collected ($17.64)


PokerStars Hand #169166885465:  Hold'em Limit ($3/$6 USD) - 2017/04/17 10:04:29 ET
Table 'Edisona II' 6-max Seat #3 is the button
Seat 1: LifeisagameX ($84 in chips)
Seat 3: bell2013 ($64.50 in chips)
bell2013: posts small blind $1
LifeisagameX: posts big blind $3
*** HOLE CARDS ***
bell2013: raises $3 to $6
LifeisagameX: raises $3 to $9
bell2013: calls $3
*** FLOP *** [2s 7d 3h]
LifeisagameX: bets $3
bell2013: calls $3
*** TURN *** [2s 7d 3h] [2h]
LifeisagameX: bets $6
bell2013: folds
Uncalled bet ($6) returned to LifeisagameX
LifeisagameX collected $23.52 from pot
LifeisagameX: doesn't show hand
*** SUMMARY ***
Total pot $24 | Rake $0.48
Board [2s 7d 3h 2h]
Seat 1: LifeisagameX (big blind) collected ($23.52)
Seat 3: bell2013 (button) (small blind) folded on the Turn


PokerStars Hand #169166928100:  Hold'em Limit ($3/$6 USD) - 2017/04/17 10:05:35 ET
Table 'Edisona II' 6-max Seat #1 is the button
Seat 1: LifeisagameX ($95.52 in chips)
Seat 3: bell2013 ($52.50 in chips)
LifeisagameX: posts small blind $1
bell2013: posts big blind $3
*** HOLE CARDS ***
LifeisagameX: raises $3 to $6
bell2013: calls $3
*** FLOP *** [4c 5d 8s]
bell2013: checks
LifeisagameX: bets $3
bell2013: raises $3 to $6
LifeisagameX: calls $3
*** TURN *** [4c 5d 8s] [4d]
bell2013: bets $6
LifeisagameX: calls $6
*** RIVER *** [4c 5d 8s 4d] [7s]
bell2013: bets $6
LifeisagameX: raises $6 to $12
bell2013: folds
Uncalled bet ($6) returned to LifeisagameX
LifeisagameX collected $47.50 from pot
*** SUMMARY ***
Total pot $48 | Rake $0.50
Board [4c 5d 8s 4d 7s]
Seat 1: LifeisagameX (button) (small blind) collected ($47.50)
Seat 3: bell2013 (big blind) folded on the River


PokerStars Hand #169166960858:  Hold'em Limit ($3/$6 USD) - 2017/04/17 10:06:25 ET
Table 'Edisona II' 6-max Seat #3 is the button
Seat 1: LifeisagameX ($119.02 in chips)
Seat 3: bell2013 ($28.50 in chips)
bell2013: posts small blind $1
LifeisagameX: posts big blind $3
*** HOLE CARDS ***
bell2013: raises $3 to $6
LifeisagameX: calls $3
*** FLOP *** [9c Qs 6h]
LifeisagameX: checks
bell2013: bets $3
LifeisagameX: calls $3
*** TURN *** [9c Qs 6h] [3h]
LifeisagameX: checks
bell2013: bets $6
LifeisagameX: calls $6
*** RIVER *** [9c Qs 6h 3h] [4d]
LifeisagameX: checks
bell2013: checks
*** SHOW DOWN ***
LifeisagameX: shows [7s Ah] (high card Ace)
bell2013: shows [9h Th] (a pair of Nines)
bell2013 collected $29.50 from pot
*** SUMMARY ***
Total pot $30 | Rake $0.50
Board [9c Qs 6h 3h 4d]
Seat 1: LifeisagameX (big blind) showed [7s Ah] and lost with high card Ace
Seat 3: bell2013 (button) (small blind) showed [9h Th] and won ($29.50) with a pair of Nines


PokerStars Hand #169166997628:  Hold'em Limit ($3/$6 USD) - 2017/04/17 10:07:22 ET
Table 'Edisona II' 6-max Seat #1 is the button
Seat 1: LifeisagameX ($104.02 in chips)
Seat 3: bell2013 ($43 in chips)
LifeisagameX: posts small blind $1
bell2013: posts big blind $3
*** HOLE CARDS ***
LifeisagameX: raises $3 to $6
bell2013: raises $3 to $9
LifeisagameX: calls $3
*** FLOP *** [8d Kh 7c]
bell2013: bets $3
LifeisagameX: calls $3
*** TURN *** [8d Kh 7c] [4s]
bell2013: bets $6
LifeisagameX: calls $6
*** RIVER *** [8d Kh 7c 4s] [Tc]
bell2013: bets $6
LifeisagameX: calls $6
*** SHOW DOWN ***
bell2013: shows [Ah Ac] (a pair of Aces)
LifeisagameX: mucks hand
bell2013 collected $47.50 from pot
*** SUMMARY ***
Total pot $48 | Rake $0.50
Board [8d Kh 7c 4s Tc]
Seat 1: LifeisagameX (button) (small blind) mucked
Seat 3: bell2013 (big blind) showed [Ah Ac] and won ($47.50) with a pair of Aces


PokerStars Hand #169167053439:  Hold'em Limit ($3/$6 USD) - 2017/04/17 10:08:48 ET
Table 'Edisona II' 6-max Seat #1 is the button
Seat 1: LifeisagameX ($84 in chips)
Seat 3: bell2013 ($81 in chips)
LifeisagameX: posts small blind $1
bell2013: posts big blind $3
*** HOLE CARDS ***
LifeisagameX: raises $3 to $6
bell2013: folds
Uncalled bet ($3) returned to LifeisagameX
LifeisagameX collected $6 from pot
LifeisagameX: doesn't show hand
*** SUMMARY ***
Total pot $6 | Rake $0
Seat 1: LifeisagameX (button) (small blind) collected ($6)
Seat 3: bell2013 (big blind) folded before Flop


PokerStars Hand #169167023447:  Hold'em Limit ($3/$6 USD) - 2017/04/17 10:08:02 ET
Table 'Edisona II' 6-max Seat #3 is the button
Seat 1: LifeisagameX ($84 in chips)
Seat 3: bell2013 ($66.50 in chips)
bell2013: posts small blind $1
LifeisagameX: posts big blind $3
*** HOLE CARDS ***
bell2013: calls $2
LifeisagameX: checks
*** FLOP *** [5c Jh 4s]
LifeisagameX: checks
bell2013: checks
*** TURN *** [5c Jh 4s] [9c]
LifeisagameX: checks
bell2013: bets $6
LifeisagameX: calls $6
*** RIVER *** [5c Jh 4s 9c] [8d]
LifeisagameX: checks
bell2013: bets $6
LifeisagameX: calls $6
*** SHOW DOWN ***
bell2013: shows [9d 7c] (a pair of Nines)
LifeisagameX: mucks hand
bell2013 collected $29.50 from pot
*** SUMMARY ***
Total pot $30 | Rake $0.50
Board [5c Jh 4s 9c 8d]
Seat 1: LifeisagameX (big blind) mucked
Seat 3: bell2013 (button) (small blind) showed [9d 7c] and won ($29.50) with a pair of Nines


PokerStars Hand #169167066821:  Hold'em Limit ($3/$6 USD) - 2017/04/17 10:09:09 ET
Table 'Edisona II' 6-max Seat #1 is the button
Seat 1: LifeisagameX ($88 in chips)
Seat 3: bell2013 ($77 in chips)
LifeisagameX: posts small blind $1
bell2013: posts big blind $3
*** HOLE CARDS ***
LifeisagameX: raises $3 to $6
bell2013: calls $3
*** FLOP *** [5d 7s 4h]
bell2013: checks
LifeisagameX: checks
*** TURN *** [5d 7s 4h] [6h]
bell2013: bets $6
LifeisagameX: raises $6 to $12
bell2013: calls $6
*** RIVER *** [5d 7s 4h 6h] [Th]
bell2013: checks
LifeisagameX: bets $6
bell2013: calls $6
*** SHOW DOWN ***
LifeisagameX: shows [9h Js] (high card Jack)
bell2013: shows [Qh 6s] (a pair of Sixes)
bell2013 collected $47.50 from pot
*** SUMMARY ***
Total pot $48 | Rake $0.50
Board [5d 7s 4h 6h Th]
Seat 1: LifeisagameX (button) (small blind) showed [9h Js] and lost with high card Jack
Seat 3: bell2013 (big blind) showed [Qh 6s] and won ($47.50) with a pair of Sixes


PokerStars Hand #169167148354:  Hold'em Limit ($3/$6 USD) - 2017/04/17 10:11:15 ET
Table 'Edisona II' 6-max Seat #3 is the button
Seat 3: bell2013 ($101.87 in chips)
Seat 4: pdsnr ($122.37 in chips)
bell2013: posts small blind $1
pdsnr: posts big blind $3
*** HOLE CARDS ***
bell2013: folds
Uncalled bet ($2) returned to pdsnr
pdsnr collected $2 from pot
*** SUMMARY ***
Total pot $2 | Rake $0
Seat 3: bell2013 (button) (small blind) folded before Flop
Seat 4: pdsnr (big blind) collected ($2)


PokerStars Hand #169167184093:  Hold'em Limit ($3/$6 USD) - 2017/04/17 10:12:09 ET
Table 'Edisona II' 6-max Seat #3 is the button
Seat 3: bell2013 ($119.37 in chips)
Seat 4: pdsnr ($104.37 in chips)
bell2013: posts small blind $1
pdsnr: posts big blind $3
*** HOLE CARDS ***
bell2013: raises $3 to $6
pdsnr: raises $3 to $9
bell2013: calls $3
*** FLOP *** [9c Jc Ad]
pdsnr: bets $3
bell2013: calls $3
*** TURN *** [9c Jc Ad] [8c]
pdsnr: bets $6
bell2013: folds
Uncalled bet ($6) returned to pdsnr
pdsnr collected $23.52 from pot
*** SUMMARY ***
Total pot $24 | Rake $0.48
Board [9c Jc Ad 8c]
Seat 3: bell2013 (button) (small blind) folded on the Turn
Seat 4: pdsnr (big blind) collected ($23.52)


PokerStars Hand #169167180362:  Hold'em Limit ($3/$6 USD) - 2017/04/17 10:12:04 ET
Table 'Edisona II' 6-max Seat #4 is the button
Seat 3: bell2013 ($118.37 in chips)
Seat 4: pdsnr ($105.37 in chips)
pdsnr: posts small blind $1
bell2013: posts big blind $3
*** HOLE CARDS ***
pdsnr: folds
Uncalled bet ($2) returned to bell2013
bell2013 collected $2 from pot
*** SUMMARY ***
Total pot $2 | Rake $0
Seat 3: bell2013 (big blind) collected ($2)
Seat 4: pdsnr (button) (small blind) folded before Flop


PokerStars Hand #169167176726:  Hold'em Limit ($3/$6 USD) - 2017/04/17 10:11:58 ET
Table 'Edisona II' 6-max Seat #3 is the button
Seat 3: bell2013 ($119.37 in chips)
Seat 4: pdsnr ($104.37 in chips)
bell2013: posts small blind $1
pdsnr: posts big blind $3
*** HOLE CARDS ***
bell2013: folds
Uncalled bet ($2) returned to pdsnr
pdsnr collected $2 from pot
*** SUMMARY ***
Total pot $2 | Rake $0
Seat 3: bell2013 (button) (small blind) folded before Flop
Seat 4: pdsnr (big blind) collected ($2)


PokerStars Hand #169167161435:  Hold'em Limit ($3/$6 USD) - 2017/04/17 10:11:35 ET
Table 'Edisona II' 6-max Seat #4 is the button
Seat 3: bell2013 ($104.87 in chips)
Seat 4: pdsnr ($119.37 in chips)
pdsnr: posts small blind $1
bell2013: posts big blind $3
*** HOLE CARDS ***
pdsnr: raises $3 to $6
bell2013: calls $3
*** FLOP *** [Qh 5d Tc]
LifeisagameX leaves the table
bell2013: checks
pdsnr: bets $3
bell2013: calls $3
*** TURN *** [Qh 5d Tc] [Th]
bell2013: checks
pdsnr: bets $6
bell2013: calls $6
*** RIVER *** [Qh 5d Tc Th] [Ah]
bell2013: checks
pdsnr: checks
*** SHOW DOWN ***
bell2013: shows [4h Qs] (two pair, Queens and Tens)
pdsnr: mucks hand
bell2013 collected $29.50 from pot
*** SUMMARY ***
Total pot $30 | Rake $0.50
Board [Qh 5d Tc Th Ah]
Seat 3: bell2013 (big blind) showed [4h Qs] and won ($29.50) with two pair, Queens and Tens
Seat 4: pdsnr (button) (small blind) mucked


PokerStars Hand #169167157385:  Hold'em Limit ($3/$6 USD) - 2017/04/17 10:11:28 ET
Table 'Edisona II' 6-max Seat #3 is the button
Seat 3: bell2013 ($101.87 in chips)
Seat 4: pdsnr ($122.37 in chips)
bell2013: posts small blind $1
pdsnr: posts big blind $3
*** HOLE CARDS ***
bell2013: raises $3 to $6
pdsnr: folds
Uncalled bet ($3) returned to bell2013
bell2013 collected $6 from pot
*** SUMMARY ***
Total pot $6 | Rake $0
Seat 3: bell2013 (button) (small blind) collected ($6)
Seat 4: pdsnr (big blind) folded before Flop


PokerStars Hand #169167152114:  Hold'em Limit ($3/$6 USD) - 2017/04/17 10:11:20 ET
Table 'Edisona II' 6-max Seat #4 is the button
Seat 3: bell2013 ($100.87 in chips)
Seat 4: pdsnr ($123.37 in chips)
pdsnr: posts small blind $1
bell2013: posts big blind $3
*** HOLE CARDS ***
pdsnr: folds
Uncalled bet ($2) returned to bell2013
bell2013 collected $2 from pot
*** SUMMARY ***
Total pot $2 | Rake $0
Seat 3: bell2013 (big blind) collected ($2)
Seat 4: pdsnr (button) (small blind) folded before Flop


PokerStars Hand #169167210121:  Hold'em Limit ($3/$6 USD) - 2017/04/17 10:12:49 ET
Table 'Edisona II' 6-max Seat #3 is the button
Seat 3: bell2013 ($112.01 in chips)
Seat 4: pdsnr ($110.89 in chips)
bell2013: posts small blind $1
pdsnr: posts big blind $3
*** HOLE CARDS ***
bell2013: raises $3 to $6
pdsnr: raises $3 to $9
bell2013: raises $3 to $12
Betting is capped
pdsnr: calls $3
*** FLOP *** [7s 2s 8d]
pdsnr: checks
bell2013: bets $3
pdsnr: calls $3
*** TURN *** [7s 2s 8d] [As]
pdsnr: checks
bell2013: bets $6
pdsnr: raises $6 to $12
bell2013: calls $6
*** RIVER *** [7s 2s 8d As] [Th]
pdsnr: bets $6
bell2013: calls $6
*** SHOW DOWN ***
pdsnr: shows [Qs Js] (a flush, Ace high)
bell2013: mucks hand
pdsnr collected $65.50 from pot
*** SUMMARY ***
Total pot $66 | Rake $0.50
Board [7s 2s 8d As Th]
Seat 3: bell2013 (button) (small blind) mucked
Seat 4: pdsnr (big blind) showed [Qs Js] and won ($65.50) with a flush, Ace high


PokerStars Hand #169167206317:  Hold'em Limit ($3/$6 USD) - 2017/04/17 10:12:44 ET
Table 'Edisona II' 6-max Seat #4 is the button
Seat 3: bell2013 ($115.01 in chips)
Seat 4: pdsnr ($107.89 in chips)
pdsnr: posts small blind $1
bell2013: posts big blind $3
*** HOLE CARDS ***
pdsnr: raises $3 to $6
bell2013: folds
Uncalled bet ($3) returned to pdsnr
pdsnr collected $6 from pot
*** SUMMARY ***
Total pot $6 | Rake $0
Seat 3: bell2013 (big blind) folded before Flop
Seat 4: pdsnr (button) (small blind) collected ($6)


PokerStars Hand #169167203206:  Hold'em Limit ($3/$6 USD) - 2017/04/17 10:12:39 ET
Table 'Edisona II' 6-max Seat #3 is the button
Seat 3: bell2013 ($116.01 in chips)
Seat 4: pdsnr ($106.89 in chips)
bell2013: posts small blind $1
pdsnr: posts big blind $3
*** HOLE CARDS ***
bell2013: folds
Uncalled bet ($2) returned to pdsnr
pdsnr collected $2 from pot
*** SUMMARY ***
Total pot $2 | Rake $0
Seat 3: bell2013 (button) (small blind) folded before Flop
Seat 4: pdsnr (big blind) collected ($2)


PokerStars Hand #169167195924:  Hold'em Limit ($3/$6 USD) - 2017/04/17 10:12:27 ET
Table 'Edisona II' 6-max Seat #4 is the button
Seat 3: bell2013 ($107.37 in chips)
Seat 4: pdsnr ($115.89 in chips)
pdsnr: posts small blind $1
bell2013: posts big blind $3
*** HOLE CARDS ***
pdsnr: raises $3 to $6
bell2013: raises $3 to $9
pdsnr: calls $3
*** FLOP *** [5c Kh Ah]
bell2013: bets $3
pdsnr: folds
Uncalled bet ($3) returned to bell2013
bell2013 collected $17.64 from pot
*** SUMMARY ***
Total pot $18 | Rake $0.36
Board [5c Kh Ah]
Seat 3: bell2013 (big blind) collected ($17.64)
Seat 4: pdsnr (button) (small blind) folded on the Flop


PokerStars Hand #169167225135:  Hold'em Limit ($3/$6 USD) - 2017/04/17 10:13:12 ET
Table 'Edisona II' 6-max Seat #4 is the button
Seat 3: bell2013 ($79.01 in chips)
Seat 4: pdsnr ($143.39 in chips)
pdsnr: posts small blind $1
bell2013: posts big blind $3
*** HOLE CARDS ***
pdsnr: raises $3 to $6
bell2013: calls $3
*** FLOP *** [6s 7c 2h]
bell2013: bets $3
Zooshark joins the table at seat #2
pdsnr: calls $3
*** TURN *** [6s 7c 2h] [6h]
bell2013: bets $6
pdsnr: calls $6
*** RIVER *** [6s 7c 2h 6h] [Ks]
bell2013: bets $6
pdsnr: calls $6
*** SHOW DOWN ***
bell2013: shows [3h 7h] (two pair, Sevens and Sixes)
pdsnr: mucks hand
bell2013 collected $41.50 from pot
*** SUMMARY ***
Total pot $42 | Rake $0.50
Board [6s 7c 2h 6h Ks]
Seat 3: bell2013 (big blind) showed [3h 7h] and won ($41.50) with two pair, Sevens and Sixes
Seat 4: pdsnr (button) (small blind) mucked


