PokerStars Hand #166106402558:  Hold'em Limit ($3/$6 USD) - 2017/02/12 13:51:35 ET
Table 'Edna II' 6-max Seat #3 is the button
Seat 3: Gjaido ($120 in chips)
Seat 4: Koraseg ($120 in chips)
Gjaido: posts small blind $1
Koraseg: posts big blind $3
*** HOLE CARDS ***
Gjaido: raises $3 to $6
Koraseg: calls $3
*** FLOP *** [6s 2c 7c]
Koraseg: checks
Gjaido: bets $3
vestimokrec joins the table at seat #5
Koraseg: calls $3
*** TURN *** [6s 2c 7c] [7s]
Koraseg: checks
Gjaido: bets $6
Koraseg: calls $6
*** RIVER *** [6s 2c 7c 7s] [5s]
Koraseg: checks
Gjaido: bets $6
Koraseg: raises $6 to $12
Gjaido: calls $6
*** SHOW DOWN ***
Koraseg: shows [Qs 8s] (a flush, Queen high)
Gjaido: mucks hand
Koraseg collected $53.50 from pot
*** SUMMARY ***
Total pot $54 | Rake $0.50
Board [6s 2c 7c 7s 5s]
Seat 3: Gjaido (button) (small blind) mucked
Seat 4: Koraseg (big blind) showed [Qs 8s] and won ($53.50) with a flush, Queen high


PokerStars Hand #166106559899:  Hold'em Limit ($3/$6 USD) - 2017/02/12 13:53:58 ET
Table 'Edna II' 6-max Seat #3 is the button
Seat 3: Gjaido ($46.47 in chips)
Seat 5: vestimokrec ($89 in chips)
Gjaido: posts small blind $1
Koraseg: is sitting out
vestimokrec: posts big blind $3
*** HOLE CARDS ***
Gjaido: raises $3 to $6
Koraseg leaves the table
vestimokrec: calls $3
*** FLOP *** [8d 4d Qc]
vestimokrec: checks
Gjaido: bets $3
vestimokrec: calls $3
*** TURN *** [8d 4d Qc] [4h]
vestimokrec: checks
Gjaido: bets $6
knas4 joins the table at seat #2
vestimokrec: calls $6
*** RIVER *** [8d 4d Qc 4h] [5s]
vestimokrec: checks
Gjaido: bets $6
vestimokrec: folds
Uncalled bet ($6) returned to Gjaido
Gjaido collected $29.50 from pot
Gjaido: doesn't show hand
*** SUMMARY ***
Total pot $30 | Rake $0.50
Board [8d 4d Qc 4h 5s]
Seat 3: Gjaido (button) (small blind) collected ($29.50)
Seat 5: vestimokrec (big blind) folded on the River


PokerStars Hand #166110982918:  Hold'em Limit ($3/$6 USD) - 2017/02/12 15:02:45 ET
Table 'Edna II' 6-max Seat #2 is the button
Seat 2: knas4 ($405.46 in chips)
Seat 5: Krazy90 ($136.23 in chips)
knas4: posts small blind $1
belik555: is sitting out
Krazy90: posts big blind $3
*** HOLE CARDS ***
belik555 leaves the table
knas4: folds
Uncalled bet ($2) returned to Krazy90
Krazy90 collected $2 from pot
Krazy90: doesn't show hand
*** SUMMARY ***
Total pot $2 | Rake $0
Seat 2: knas4 (button) (small blind) folded before Flop
Seat 5: Krazy90 (big blind) collected ($2)


