PokerStars Hand #172454575273:  Hold'em Limit ($3/$6 USD) - 2017/07/01 1:28:36 ET
Table 'Edna' 6-max Seat #1 is the button
Seat 1: Chessnok ($120 in chips)
Seat 3: aabeatenby23 ($195.83 in chips)
Chessnok: posts small blind $1
aabeatenby23: posts big blind $3
*** HOLE CARDS ***
Chessnok: raises $3 to $6
aabeatenby23: raises $3 to $9
Chessnok: calls $3
*** FLOP *** [8d 5s 6c]
aabeatenby23: bets $3
Chessnok: calls $3
*** TURN *** [8d 5s 6c] [Kc]
aabeatenby23: bets $6
Chessnok: raises $6 to $12
aabeatenby23: calls $6
*** RIVER *** [8d 5s 6c Kc] [9s]
aabeatenby23: bets $6
Chessnok: calls $6
*** SHOW DOWN ***
aabeatenby23: shows [7d Jd] (a straight, Five to Nine)
Chessnok: mucks hand
aabeatenby23 collected $59.50 from pot
*** SUMMARY ***
Total pot $60 | Rake $0.50
Board [8d 5s 6c Kc 9s]
Seat 1: Chessnok (button) (small blind) mucked
Seat 3: aabeatenby23 (big blind) showed [7d Jd] and won ($59.50) with a straight, Five to Nine


PokerStars Hand #172454605597:  Hold'em Limit ($3/$6 USD) - 2017/07/01 1:30:35 ET
Table 'Edna' 6-max Seat #1 is the button
Seat 1: Chessnok ($60 in chips)
Seat 3: aabeatenby23 ($257.58 in chips)
Chessnok: posts small blind $1
aabeatenby23: posts big blind $3
*** HOLE CARDS ***
Chessnok: raises $3 to $6
aabeatenby23: calls $3
*** FLOP *** [Tc 5d 2d]
aabeatenby23: checks
Chessnok: bets $3
aabeatenby23: folds
Uncalled bet ($3) returned to Chessnok
Chessnok collected $11.76 from pot
Chessnok: doesn't show hand
*** SUMMARY ***
Total pot $12 | Rake $0.24
Board [Tc 5d 2d]
Seat 1: Chessnok (button) (small blind) collected ($11.76)
Seat 3: aabeatenby23 (big blind) folded on the Flop


PokerStars Hand #172454596152:  Hold'em Limit ($3/$6 USD) - 2017/07/01 1:29:58 ET
Table 'Edna' 6-max Seat #1 is the button
Seat 1: Chessnok ($60 in chips)
Seat 3: aabeatenby23 ($254.83 in chips)
Chessnok: posts small blind $1
aabeatenby23: posts big blind $3
*** HOLE CARDS ***
Chessnok: raises $3 to $6
aabeatenby23: calls $3
*** FLOP *** [4s 6s 3d]
aabeatenby23: checks
Chessnok: checks
*** TURN *** [4s 6s 3d] [5c]
aabeatenby23: bets $6
Chessnok: raises $6 to $12
aabeatenby23: calls $6
*** RIVER *** [4s 6s 3d 5c] [7s]
aabeatenby23: checks
Chessnok: checks
*** SHOW DOWN ***
aabeatenby23: shows [2c Jd] (a straight, Three to Seven)
Chessnok: shows [Td 7h] (a straight, Three to Seven)
aabeatenby23 collected $17.75 from pot
Chessnok collected $17.75 from pot
*** SUMMARY ***
Total pot $36 | Rake $0.50
Board [4s 6s 3d 5c 7s]
Seat 1: Chessnok (button) (small blind) showed [Td 7h] and won ($17.75) with a straight, Three to Seven
Seat 3: aabeatenby23 (big blind) showed [2c Jd] and won ($17.75) with a straight, Three to Seven


PokerStars Hand #172454603321:  Hold'em Limit ($3/$6 USD) - 2017/07/01 1:30:26 ET
Table 'Edna' 6-max Seat #3 is the button
Seat 1: Chessnok ($60 in chips)
Seat 3: aabeatenby23 ($254.58 in chips)
aabeatenby23: posts small blind $1
Chessnok: posts big blind $3
*** HOLE CARDS ***
aabeatenby23: raises $3 to $6
Chessnok: folds
Uncalled bet ($3) returned to aabeatenby23
aabeatenby23 collected $6 from pot
aabeatenby23: doesn't show hand
*** SUMMARY ***
Total pot $6 | Rake $0
Seat 1: Chessnok (big blind) folded before Flop
Seat 3: aabeatenby23 (button) (small blind) collected ($6)


PokerStars Hand #172454618167:  Hold'em Limit ($3/$6 USD) - 2017/07/01 1:31:23 ET
Table 'Edna' 6-max Seat #3 is the button
Seat 1: Chessnok ($60 in chips)
Seat 3: aabeatenby23 ($274.08 in chips)
aabeatenby23: posts small blind $1
Chessnok: posts big blind $3
*** HOLE CARDS ***
aabeatenby23: raises $3 to $6
Chessnok: raises $3 to $9
aabeatenby23: calls $3
*** FLOP *** [8d 7h 5d]
Chessnok: bets $3
aabeatenby23: calls $3
*** TURN *** [8d 7h 5d] [Js]
Chessnok: bets $6
aabeatenby23: calls $6
*** RIVER *** [8d 7h 5d Js] [8h]
Chessnok: checks
aabeatenby23: checks
*** SHOW DOWN ***
Chessnok: shows [4h 3h] (a pair of Eights)
aabeatenby23: shows [6d Td] (a pair of Eights - Jack+Ten kicker)
aabeatenby23 collected $35.50 from pot
*** SUMMARY ***
Total pot $36 | Rake $0.50
Board [8d 7h 5d Js 8h]
Seat 1: Chessnok (big blind) showed [4h 3h] and lost with a pair of Eights
Seat 3: aabeatenby23 (button) (small blind) showed [6d Td] and won ($35.50) with a pair of Eights


PokerStars Hand #172454609872:  Hold'em Limit ($3/$6 USD) - 2017/07/01 1:30:51 ET
Table 'Edna' 6-max Seat #3 is the button
Seat 1: Chessnok ($65.76 in chips)
Seat 3: aabeatenby23 ($251.58 in chips)
aabeatenby23: posts small blind $1
Chessnok: posts big blind $3
*** HOLE CARDS ***
aabeatenby23: folds
Uncalled bet ($2) returned to Chessnok
Chessnok collected $2 from pot
Chessnok: doesn't show hand
*** SUMMARY ***
Total pot $2 | Rake $0
Seat 1: Chessnok (big blind) collected ($2)
Seat 3: aabeatenby23 (button) (small blind) folded before Flop


PokerStars Hand #172454629532:  Hold'em Limit ($3/$6 USD) - 2017/07/01 1:32:07 ET
Table 'Edna' 6-max Seat #3 is the button
Seat 1: Chessnok ($83.50 in chips)
Seat 3: aabeatenby23 ($267.58 in chips)
aabeatenby23: posts small blind $1
Chessnok: posts big blind $3
*** HOLE CARDS ***
aabeatenby23: folds
Uncalled bet ($2) returned to Chessnok
Chessnok collected $2 from pot
Chessnok: doesn't show hand
*** SUMMARY ***
Total pot $2 | Rake $0
Seat 1: Chessnok (big blind) collected ($2)
Seat 3: aabeatenby23 (button) (small blind) folded before Flop


PokerStars Hand #172454631013:  Hold'em Limit ($3/$6 USD) - 2017/07/01 1:32:13 ET
Table 'Edna' 6-max Seat #1 is the button
Seat 1: Chessnok ($84.50 in chips)
Seat 3: aabeatenby23 ($266.58 in chips)
Chessnok: posts small blind $1
aabeatenby23: posts big blind $3
*** HOLE CARDS ***
Chessnok: raises $3 to $6
aabeatenby23: raises $3 to $9
Chessnok: calls $3
*** FLOP *** [7h 2s 4s]
aabeatenby23: bets $3
Chessnok: calls $3
*** TURN *** [7h 2s 4s] [9h]
aabeatenby23: bets $6
Chessnok: calls $6
*** RIVER *** [7h 2s 4s 9h] [6d]
aabeatenby23: bets $6
Chessnok: calls $6
*** SHOW DOWN ***
aabeatenby23: shows [Qc Qh] (a pair of Queens)
Chessnok: mucks hand
aabeatenby23 collected $47.50 from pot
*** SUMMARY ***
Total pot $48 | Rake $0.50
Board [7h 2s 4s 9h 6d]
Seat 1: Chessnok (button) (small blind) mucked
Seat 3: aabeatenby23 (big blind) showed [Qc Qh] and won ($47.50) with a pair of Queens


PokerStars Hand #172454636660:  Hold'em Limit ($3/$6 USD) - 2017/07/01 1:32:35 ET
Table 'Edna' 6-max Seat #3 is the button
Seat 1: Chessnok ($60.50 in chips)
Seat 3: aabeatenby23 ($290.08 in chips)
aabeatenby23: posts small blind $1
Chessnok: posts big blind $3
*** HOLE CARDS ***
aabeatenby23: folds
Uncalled bet ($2) returned to Chessnok
Chessnok collected $2 from pot
Chessnok: doesn't show hand
*** SUMMARY ***
Total pot $2 | Rake $0
Seat 1: Chessnok (big blind) collected ($2)
Seat 3: aabeatenby23 (button) (small blind) folded before Flop


PokerStars Hand #172454637987:  Hold'em Limit ($3/$6 USD) - 2017/07/01 1:32:40 ET
Table 'Edna' 6-max Seat #1 is the button
Seat 1: Chessnok ($61.50 in chips)
Seat 3: aabeatenby23 ($289.08 in chips)
Chessnok: posts small blind $1
aabeatenby23: posts big blind $3
*** HOLE CARDS ***
Chessnok: raises $3 to $6
aabeatenby23: calls $3
*** FLOP *** [2d Kh As]
aabeatenby23: checks
Chessnok: bets $3
aabeatenby23: folds
Uncalled bet ($3) returned to Chessnok
Chessnok collected $11.76 from pot
Chessnok: doesn't show hand
*** SUMMARY ***
Total pot $12 | Rake $0.24
Board [2d Kh As]
Seat 1: Chessnok (button) (small blind) collected ($11.76)
Seat 3: aabeatenby23 (big blind) folded on the Flop


PokerStars Hand #172454623269:  Hold'em Limit ($3/$6 USD) - 2017/07/01 1:31:43 ET
Table 'Edna' 6-max Seat #1 is the button
Seat 1: Chessnok ($60 in chips)
Seat 3: aabeatenby23 ($291.58 in chips)
Chessnok: posts small blind $1
aabeatenby23: posts big blind $3
*** HOLE CARDS ***
Chessnok: raises $3 to $6
aabeatenby23: raises $3 to $9
Chessnok: calls $3
*** FLOP *** [5s 5h 7d]
aabeatenby23: checks
Chessnok: bets $3
aabeatenby23: calls $3
*** TURN *** [5s 5h 7d] [3s]
aabeatenby23: checks
Chessnok: bets $6
aabeatenby23: calls $6
*** RIVER *** [5s 5h 7d 3s] [2d]
aabeatenby23: checks
Chessnok: bets $6
aabeatenby23: calls $6
*** SHOW DOWN ***
Chessnok: shows [Ac 4s] (a straight, Ace to Five)
aabeatenby23: mucks hand
Chessnok collected $47.50 from pot
*** SUMMARY ***
Total pot $48 | Rake $0.50
Board [5s 5h 7d 3s 2d]
Seat 1: Chessnok (button) (small blind) showed [Ac 4s] and won ($47.50) with a straight, Ace to Five
Seat 3: aabeatenby23 (big blind) mucked


PokerStars Hand #172454642140:  Hold'em Limit ($3/$6 USD) - 2017/07/01 1:32:56 ET
Table 'Edna' 6-max Seat #3 is the button
Seat 1: Chessnok ($67.26 in chips)
Seat 3: aabeatenby23 ($283.08 in chips)
aabeatenby23: posts small blind $1
Chessnok: posts big blind $3
*** HOLE CARDS ***
aabeatenby23: raises $3 to $6
Chessnok: calls $3
*** FLOP *** [3d 8c 6d]
Chessnok: checks
aabeatenby23: checks
*** TURN *** [3d 8c 6d] [Kc]
Chessnok: bets $6
aabeatenby23: folds
Uncalled bet ($6) returned to Chessnok
Chessnok collected $11.76 from pot
Chessnok: doesn't show hand
*** SUMMARY ***
Total pot $12 | Rake $0.24
Board [3d 8c 6d Kc]
Seat 1: Chessnok (big blind) collected ($11.76)
Seat 3: aabeatenby23 (button) (small blind) folded on the Turn


PokerStars Hand #172454650548:  Hold'em Limit ($3/$6 USD) - 2017/07/01 1:33:29 ET
Table 'Edna' 6-max Seat #3 is the button
Seat 1: Chessnok ($78.78 in chips)
Seat 3: aabeatenby23 ($271.08 in chips)
aabeatenby23: posts small blind $1
Chessnok: posts big blind $3
*** HOLE CARDS ***
aabeatenby23: raises $3 to $6
Chessnok: calls $3
*** FLOP *** [As Qd 7s]
Chessnok: bets $3
aabeatenby23: folds
Uncalled bet ($3) returned to Chessnok
Chessnok collected $11.76 from pot
Chessnok: doesn't show hand
*** SUMMARY ***
Total pot $12 | Rake $0.24
Board [As Qd 7s]
Seat 1: Chessnok (big blind) collected ($11.76)
Seat 3: aabeatenby23 (button) (small blind) folded on the Flop


PokerStars Hand #172454646629:  Hold'em Limit ($3/$6 USD) - 2017/07/01 1:33:14 ET
Table 'Edna' 6-max Seat #1 is the button
Seat 1: Chessnok ($73.02 in chips)
Seat 3: aabeatenby23 ($277.08 in chips)
Chessnok: posts small blind $1
aabeatenby23: posts big blind $3
*** HOLE CARDS ***
Chessnok: raises $3 to $6
aabeatenby23: calls $3
*** FLOP *** [8s Jc 8h]
aabeatenby23: checks
Chessnok: bets $3
aabeatenby23: folds
Uncalled bet ($3) returned to Chessnok
Chessnok collected $11.76 from pot
Chessnok: doesn't show hand
*** SUMMARY ***
Total pot $12 | Rake $0.24
Board [8s Jc 8h]
Seat 1: Chessnok (button) (small blind) collected ($11.76)
Seat 3: aabeatenby23 (big blind) folded on the Flop


PokerStars Hand #172454672881:  Hold'em Limit ($3/$6 USD) - 2017/07/01 1:34:20 ET
Table 'Edna' 6-max Seat #3 is the button
Seat 1: Chessnok ($69.54 in chips)
Seat 3: aabeatenby23 ($279.58 in chips)
aabeatenby23: posts small blind $1
Chessnok: posts big blind $3
*** HOLE CARDS ***
aabeatenby23: folds
Uncalled bet ($2) returned to Chessnok
Chessnok collected $2 from pot
Chessnok: doesn't show hand
*** SUMMARY ***
Total pot $2 | Rake $0
Seat 1: Chessnok (big blind) collected ($2)
Seat 3: aabeatenby23 (button) (small blind) folded before Flop


PokerStars Hand #172454656325:  Hold'em Limit ($3/$6 USD) - 2017/07/01 1:33:51 ET
Table 'Edna' 6-max Seat #1 is the button
Seat 1: Chessnok ($84.54 in chips)
Seat 3: aabeatenby23 ($265.08 in chips)
Chessnok: posts small blind $1
aabeatenby23: posts big blind $3
*** HOLE CARDS ***
Chessnok: raises $3 to $6
aabeatenby23: calls $3
*** FLOP *** [Kh 7d 5d]
aabeatenby23: checks
Chessnok: bets $3
aabeatenby23: calls $3
*** TURN *** [Kh 7d 5d] [2d]
aabeatenby23: checks
Chessnok: checks
*** RIVER *** [Kh 7d 5d 2d] [9h]
aabeatenby23: bets $6
Chessnok: calls $6
*** SHOW DOWN ***
aabeatenby23: shows [3h Kd] (a pair of Kings)
Chessnok: mucks hand
aabeatenby23 collected $29.50 from pot
*** SUMMARY ***
Total pot $30 | Rake $0.50
Board [Kh 7d 5d 2d 9h]
Seat 1: Chessnok (button) (small blind) mucked
Seat 3: aabeatenby23 (big blind) showed [3h Kd] and won ($29.50) with a pair of Kings


PokerStars Hand #172454674349:  Hold'em Limit ($3/$6 USD) - 2017/07/01 1:34:25 ET
Table 'Edna' 6-max Seat #1 is the button
Seat 1: Chessnok ($70.54 in chips)
Seat 3: aabeatenby23 ($278.58 in chips)
Chessnok: posts small blind $1
aabeatenby23: posts big blind $3
*** HOLE CARDS ***
Chessnok: raises $3 to $6
aabeatenby23: calls $3
*** FLOP *** [3d 7h 9c]
aabeatenby23: bets $3
Chessnok: calls $3
*** TURN *** [3d 7h 9c] [5c]
aabeatenby23: bets $6
Chessnok: calls $6
*** RIVER *** [3d 7h 9c 5c] [7d]
aabeatenby23: bets $6
Chessnok: calls $6
*** SHOW DOWN ***
aabeatenby23: shows [9s Th] (two pair, Nines and Sevens)
Chessnok: mucks hand
aabeatenby23 collected $41.50 from pot
*** SUMMARY ***
Total pot $42 | Rake $0.50
Board [3d 7h 9c 5c 7d]
Seat 1: Chessnok (button) (small blind) mucked
Seat 3: aabeatenby23 (big blind) showed [9s Th] and won ($41.50) with two pair, Nines and Sevens


PokerStars Hand #172454683758:  Hold'em Limit ($3/$6 USD) - 2017/07/01 1:35:02 ET
Table 'Edna' 6-max Seat #3 is the button
Seat 1: Chessnok ($60 in chips)
Seat 3: aabeatenby23 ($299.08 in chips)
aabeatenby23: posts small blind $1
Chessnok: posts big blind $3
*** HOLE CARDS ***
aabeatenby23: raises $3 to $6
Chessnok: folds
Uncalled bet ($3) returned to aabeatenby23
aabeatenby23 collected $6 from pot
aabeatenby23: doesn't show hand
*** SUMMARY ***
Total pot $6 | Rake $0
Seat 1: Chessnok (big blind) folded before Flop
Seat 3: aabeatenby23 (button) (small blind) collected ($6)


PokerStars Hand #172454705663:  Hold'em Limit ($3/$6 USD) - 2017/07/01 1:36:26 ET
Table 'Edna' 6-max Seat #1 is the button
Seat 1: Chessnok ($74.50 in chips)
Seat 3: aabeatenby23 ($287.08 in chips)
Chessnok: posts small blind $1
aabeatenby23: posts big blind $3
*** HOLE CARDS ***
Chessnok: folds
Uncalled bet ($2) returned to aabeatenby23
aabeatenby23 collected $2 from pot
aabeatenby23: doesn't show hand
*** SUMMARY ***
Total pot $2 | Rake $0
Seat 1: Chessnok (button) (small blind) folded before Flop
Seat 3: aabeatenby23 (big blind) collected ($2)


PokerStars Hand #172454686617:  Hold'em Limit ($3/$6 USD) - 2017/07/01 1:35:13 ET
Table 'Edna' 6-max Seat #1 is the button
Seat 1: Chessnok ($60 in chips)
Seat 3: aabeatenby23 ($302.08 in chips)
Chessnok: posts small blind $1
aabeatenby23: posts big blind $3
*** HOLE CARDS ***
Chessnok: raises $3 to $6
aabeatenby23: raises $3 to $9
Chessnok: calls $3
*** FLOP *** [9h 3h 2s]
aabeatenby23: checks
Chessnok: bets $3
aabeatenby23: calls $3
*** TURN *** [9h 3h 2s] [9d]
aabeatenby23: checks
Chessnok: bets $6
aabeatenby23: calls $6
*** RIVER *** [9h 3h 2s 9d] [Kh]
aabeatenby23: checks
Chessnok: checks
*** SHOW DOWN ***
aabeatenby23: shows [Jd Qs] (a pair of Nines)
Chessnok: shows [3d Qh] (two pair, Nines and Threes)
Chessnok collected $35.50 from pot
*** SUMMARY ***
Total pot $36 | Rake $0.50
Board [9h 3h 2s 9d Kh]
Seat 1: Chessnok (button) (small blind) showed [3d Qh] and won ($35.50) with two pair, Nines and Threes
Seat 3: aabeatenby23 (big blind) showed [Jd Qs] and lost with a pair of Nines


PokerStars Hand #172454700633:  Hold'em Limit ($3/$6 USD) - 2017/07/01 1:36:07 ET
Table 'Edna' 6-max Seat #3 is the button
Seat 1: Chessnok ($77.50 in chips)
Seat 3: aabeatenby23 ($284.08 in chips)
aabeatenby23: posts small blind $1
Chessnok: posts big blind $3
*** HOLE CARDS ***
aabeatenby23: raises $3 to $6
Chessnok: folds
Uncalled bet ($3) returned to aabeatenby23
aabeatenby23 collected $6 from pot
aabeatenby23: doesn't show hand
*** SUMMARY ***
Total pot $6 | Rake $0
Seat 1: Chessnok (big blind) folded before Flop
Seat 3: aabeatenby23 (button) (small blind) collected ($6)


PokerStars Hand #172454703908:  Hold'em Limit ($3/$6 USD) - 2017/07/01 1:36:19 ET
Table 'Edna' 6-max Seat #3 is the button
Seat 1: Chessnok ($73.50 in chips)
Seat 3: aabeatenby23 ($288.08 in chips)
aabeatenby23: posts small blind $1
Chessnok: posts big blind $3
*** HOLE CARDS ***
aabeatenby23: folds
Uncalled bet ($2) returned to Chessnok
Chessnok collected $2 from pot
Chessnok: doesn't show hand
*** SUMMARY ***
Total pot $2 | Rake $0
Seat 1: Chessnok (big blind) collected ($2)
Seat 3: aabeatenby23 (button) (small blind) folded before Flop


PokerStars Hand #172454702718:  Hold'em Limit ($3/$6 USD) - 2017/07/01 1:36:15 ET
Table 'Edna' 6-max Seat #1 is the button
Seat 1: Chessnok ($74.50 in chips)
Seat 3: aabeatenby23 ($287.08 in chips)
Chessnok: posts small blind $1
aabeatenby23: posts big blind $3
*** HOLE CARDS ***
Chessnok: folds
Uncalled bet ($2) returned to aabeatenby23
aabeatenby23 collected $2 from pot
aabeatenby23: doesn't show hand
*** SUMMARY ***
Total pot $2 | Rake $0
Seat 1: Chessnok (button) (small blind) folded before Flop
Seat 3: aabeatenby23 (big blind) collected ($2)


PokerStars Hand #172454707207:  Hold'em Limit ($3/$6 USD) - 2017/07/01 1:36:32 ET
Table 'Edna' 6-max Seat #3 is the button
Seat 1: Chessnok ($73.50 in chips)
Seat 3: aabeatenby23 ($288.08 in chips)
aabeatenby23: posts small blind $1
Chessnok: posts big blind $3
*** HOLE CARDS ***
aabeatenby23: raises $3 to $6
Chessnok: raises $3 to $9
aabeatenby23: raises $3 to $12
Betting is capped
Chessnok: calls $3
*** FLOP *** [7c 7s 8d]
Chessnok: checks
aabeatenby23: bets $3
Chessnok: calls $3
*** TURN *** [7c 7s 8d] [9s]
Chessnok: checks
aabeatenby23: bets $6
Chessnok: calls $6
*** RIVER *** [7c 7s 8d 9s] [6d]
Chessnok: checks
aabeatenby23: bets $6
Chessnok: calls $6
*** SHOW DOWN ***
aabeatenby23: shows [Tc Ts] (a straight, Six to Ten)
Chessnok: mucks hand
aabeatenby23 collected $53.50 from pot
*** SUMMARY ***
Total pot $54 | Rake $0.50
Board [7c 7s 8d 9s 6d]
Seat 1: Chessnok (big blind) mucked
Seat 3: aabeatenby23 (button) (small blind) showed [Tc Ts] and won ($53.50) with a straight, Six to Ten


PokerStars Hand #172454717574:  Hold'em Limit ($3/$6 USD) - 2017/07/01 1:37:12 ET
Table 'Edna' 6-max Seat #1 is the button
Seat 1: Chessnok ($60 in chips)
Seat 3: aabeatenby23 ($314.58 in chips)
Chessnok: posts small blind $1
aabeatenby23: posts big blind $3
*** HOLE CARDS ***
Chessnok: raises $3 to $6
aabeatenby23: raises $3 to $9
Chessnok: calls $3
*** FLOP *** [7h 5c 6c]
aabeatenby23: checks
Chessnok: bets $3
aabeatenby23: calls $3
*** TURN *** [7h 5c 6c] [2s]
aabeatenby23: checks
Chessnok: checks
*** RIVER *** [7h 5c 6c 2s] [Th]
aabeatenby23: bets $6
Chessnok: folds
Uncalled bet ($6) returned to aabeatenby23
aabeatenby23 collected $23.52 from pot
aabeatenby23: doesn't show hand
*** SUMMARY ***
Total pot $24 | Rake $0.48
Board [7h 5c 6c 2s Th]
Seat 1: Chessnok (button) (small blind) folded on the River
Seat 3: aabeatenby23 (big blind) collected ($23.52)


PokerStars Hand #172454725972:  Hold'em Limit ($3/$6 USD) - 2017/07/01 1:37:45 ET
Table 'Edna' 6-max Seat #3 is the button
Seat 1: Chessnok ($60 in chips)
Seat 3: aabeatenby23 ($326.10 in chips)
aabeatenby23: posts small blind $1
Chessnok: posts big blind $3
*** HOLE CARDS ***
aabeatenby23: folds
Uncalled bet ($2) returned to Chessnok
Chessnok collected $2 from pot
Chessnok: doesn't show hand
*** SUMMARY ***
Total pot $2 | Rake $0
Seat 1: Chessnok (big blind) collected ($2)
Seat 3: aabeatenby23 (button) (small blind) folded before Flop


PokerStars Hand #172454734055:  Hold'em Limit ($3/$6 USD) - 2017/07/01 1:38:15 ET
Table 'Edna' 6-max Seat #1 is the button
Seat 1: Chessnok ($63.76 in chips)
Seat 3: aabeatenby23 ($322.10 in chips)
Chessnok: posts small blind $1
aabeatenby23: posts big blind $3
*** HOLE CARDS ***
Chessnok: folds
Uncalled bet ($2) returned to aabeatenby23
aabeatenby23 collected $2 from pot
aabeatenby23: doesn't show hand
*** SUMMARY ***
Total pot $2 | Rake $0
Seat 1: Chessnok (button) (small blind) folded before Flop
Seat 3: aabeatenby23 (big blind) collected ($2)


PokerStars Hand #172454727702:  Hold'em Limit ($3/$6 USD) - 2017/07/01 1:37:52 ET
Table 'Edna' 6-max Seat #1 is the button
Seat 1: Chessnok ($61 in chips)
Seat 3: aabeatenby23 ($325.10 in chips)
Chessnok: posts small blind $1
aabeatenby23: posts big blind $3
*** HOLE CARDS ***
Chessnok: raises $3 to $6
aabeatenby23: calls $3
*** FLOP *** [Kc 8d 5s]
aabeatenby23: checks
Chessnok: bets $3
aabeatenby23: folds
Uncalled bet ($3) returned to Chessnok
Chessnok collected $11.76 from pot
Chessnok: doesn't show hand
*** SUMMARY ***
Total pot $12 | Rake $0.24
Board [Kc 8d 5s]
Seat 1: Chessnok (button) (small blind) collected ($11.76)
Seat 3: aabeatenby23 (big blind) folded on the Flop


PokerStars Hand #172454732025:  Hold'em Limit ($3/$6 USD) - 2017/07/01 1:38:08 ET
Table 'Edna' 6-max Seat #3 is the button
Seat 1: Chessnok ($66.76 in chips)
Seat 3: aabeatenby23 ($319.10 in chips)
aabeatenby23: posts small blind $1
Chessnok: posts big blind $3
*** HOLE CARDS ***
aabeatenby23: raises $3 to $6
Chessnok: folds
Uncalled bet ($3) returned to aabeatenby23
aabeatenby23 collected $6 from pot
aabeatenby23: doesn't show hand
*** SUMMARY ***
Total pot $6 | Rake $0
Seat 1: Chessnok (big blind) folded before Flop
Seat 3: aabeatenby23 (button) (small blind) collected ($6)


PokerStars Hand #172454758936:  Hold'em Limit ($3/$6 USD) - 2017/07/01 1:39:51 ET
Table 'Edna' 6-max Seat #3 is the button
Seat 1: Chessnok ($68.64 in chips)
Seat 3: aabeatenby23 ($334.60 in chips)
aabeatenby23: posts small blind $1
Chessnok: posts big blind $3
*** HOLE CARDS ***
aabeatenby23: folds
Uncalled bet ($2) returned to Chessnok
Chessnok collected $2 from pot
Chessnok: doesn't show hand
*** SUMMARY ***
Total pot $2 | Rake $0
Seat 1: Chessnok (big blind) collected ($2)
Seat 3: aabeatenby23 (button) (small blind) folded before Flop


PokerStars Hand #172454756106:  Hold'em Limit ($3/$6 USD) - 2017/07/01 1:39:40 ET
Table 'Edna' 6-max Seat #1 is the button
Seat 1: Chessnok ($65.64 in chips)
Seat 3: aabeatenby23 ($337.60 in chips)
Chessnok: posts small blind $1
aabeatenby23: posts big blind $3
*** HOLE CARDS ***
Chessnok: raises $3 to $6
aabeatenby23: folds
Uncalled bet ($3) returned to Chessnok
Chessnok collected $6 from pot
Chessnok: doesn't show hand
*** SUMMARY ***
Total pot $6 | Rake $0
Seat 1: Chessnok (button) (small blind) collected ($6)
Seat 3: aabeatenby23 (big blind) folded before Flop


PokerStars Hand #172454754237:  Hold'em Limit ($3/$6 USD) - 2017/07/01 1:39:33 ET
Table 'Edna' 6-max Seat #3 is the button
Seat 1: Chessnok ($68.64 in chips)
Seat 3: aabeatenby23 ($334.60 in chips)
aabeatenby23: posts small blind $1
Chessnok: posts big blind $3
*** HOLE CARDS ***
aabeatenby23: raises $3 to $6
Chessnok: folds
Uncalled bet ($3) returned to aabeatenby23
aabeatenby23 collected $6 from pot
aabeatenby23: doesn't show hand
*** SUMMARY ***
Total pot $6 | Rake $0
Seat 1: Chessnok (big blind) folded before Flop
Seat 3: aabeatenby23 (button) (small blind) collected ($6)


PokerStars Hand #172454753032:  Hold'em Limit ($3/$6 USD) - 2017/07/01 1:39:28 ET
Table 'Edna' 6-max Seat #1 is the button
Seat 1: Chessnok ($69.64 in chips)
Seat 3: aabeatenby23 ($333.60 in chips)
Chessnok: posts small blind $1
aabeatenby23: posts big blind $3
*** HOLE CARDS ***
Chessnok: folds
Uncalled bet ($2) returned to aabeatenby23
aabeatenby23 collected $2 from pot
aabeatenby23: doesn't show hand
*** SUMMARY ***
Total pot $2 | Rake $0
Seat 1: Chessnok (button) (small blind) folded before Flop
Seat 3: aabeatenby23 (big blind) collected ($2)


PokerStars Hand #172454735393:  Hold'em Limit ($3/$6 USD) - 2017/07/01 1:38:20 ET
Table 'Edna' 6-max Seat #3 is the button
Seat 1: Chessnok ($62.76 in chips)
Seat 3: aabeatenby23 ($323.10 in chips)
aabeatenby23: posts small blind $1
Chessnok: posts big blind $3
*** HOLE CARDS ***
aabeatenby23: raises $3 to $6
Chessnok: calls $3
*** FLOP *** [4s 8d 5h]
Chessnok: checks
aabeatenby23: bets $3
Chessnok: calls $3
*** TURN *** [4s 8d 5h] [2s]
Chessnok: checks
aabeatenby23: bets $6
Chessnok: calls $6
*** RIVER *** [4s 8d 5h 2s] [2d]
Chessnok: checks
aabeatenby23: bets $6
Chessnok: calls $6
*** SHOW DOWN ***
aabeatenby23: shows [Ah 8h] (two pair, Eights and Deuces)
Chessnok: mucks hand
aabeatenby23 collected $41.50 from pot
*** SUMMARY ***
Total pot $42 | Rake $0.50
Board [4s 8d 5h 2s 2d]
Seat 1: Chessnok (big blind) mucked
Seat 3: aabeatenby23 (button) (small blind) showed [Ah 8h] and won ($41.50) with two pair, Eights and Deuces


PokerStars Hand #172454751537:  Hold'em Limit ($3/$6 USD) - 2017/07/01 1:39:22 ET
Table 'Edna' 6-max Seat #3 is the button
Seat 1: Chessnok ($68.64 in chips)
Seat 3: aabeatenby23 ($334.60 in chips)
aabeatenby23: posts small blind $1
Chessnok: posts big blind $3
*** HOLE CARDS ***
aabeatenby23: folds
Uncalled bet ($2) returned to Chessnok
Chessnok collected $2 from pot
Chessnok: doesn't show hand
*** SUMMARY ***
Total pot $2 | Rake $0
Seat 1: Chessnok (big blind) collected ($2)
Seat 3: aabeatenby23 (button) (small blind) folded before Flop


PokerStars Hand #172454745482:  Hold'em Limit ($3/$6 USD) - 2017/07/01 1:38:59 ET
Table 'Edna' 6-max Seat #1 is the button
Seat 1: Chessnok ($60 in chips)
Seat 3: aabeatenby23 ($343.60 in chips)
Chessnok: posts small blind $1
aabeatenby23: posts big blind $3
*** HOLE CARDS ***
Chessnok: raises $3 to $6
aabeatenby23: raises $3 to $9
Chessnok: calls $3
*** FLOP *** [7h 6c 4d]
aabeatenby23: checks
Chessnok: checks
*** TURN *** [7h 6c 4d] [Ad]
aabeatenby23: checks
Chessnok: checks
*** RIVER *** [7h 6c 4d Ad] [Kd]
aabeatenby23: checks
Chessnok: bets $6
aabeatenby23: folds
Uncalled bet ($6) returned to Chessnok
Chessnok collected $17.64 from pot
Chessnok: doesn't show hand
*** SUMMARY ***
Total pot $18 | Rake $0.36
Board [7h 6c 4d Ad Kd]
Seat 1: Chessnok (button) (small blind) collected ($17.64)
Seat 3: aabeatenby23 (big blind) folded on the River


PokerStars Hand #172454767287:  Hold'em Limit ($3/$6 USD) - 2017/07/01 1:40:23 ET
Table 'Edna' 6-max Seat #3 is the button
Seat 1: Chessnok ($60 in chips)
Seat 3: aabeatenby23 ($357.10 in chips)
aabeatenby23: posts small blind $1
Chessnok: posts big blind $3
*** HOLE CARDS ***
aabeatenby23: raises $3 to $6
Chessnok: calls $3
*** FLOP *** [3h 9c Td]
Chessnok: checks
aabeatenby23: bets $3
Chessnok: folds
Uncalled bet ($3) returned to aabeatenby23
aabeatenby23 collected $11.76 from pot
aabeatenby23: doesn't show hand
*** SUMMARY ***
Total pot $12 | Rake $0.24
Board [3h 9c Td]
Seat 1: Chessnok (big blind) folded on the Flop
Seat 3: aabeatenby23 (button) (small blind) collected ($11.76)


PokerStars Hand #172454760524:  Hold'em Limit ($3/$6 USD) - 2017/07/01 1:39:57 ET
Table 'Edna' 6-max Seat #1 is the button
Seat 1: Chessnok ($69.64 in chips)
Seat 3: aabeatenby23 ($333.60 in chips)
Chessnok: posts small blind $1
aabeatenby23: posts big blind $3
*** HOLE CARDS ***
Chessnok: raises $3 to $6
aabeatenby23: raises $3 to $9
Chessnok: calls $3
*** FLOP *** [Kh Ah 3d]
aabeatenby23: bets $3
Chessnok: calls $3
*** TURN *** [Kh Ah 3d] [Td]
aabeatenby23: bets $6
Chessnok: calls $6
*** RIVER *** [Kh Ah 3d Td] [3s]
aabeatenby23: bets $6
Chessnok: calls $6
*** SHOW DOWN ***
aabeatenby23: shows [Ad Qs] (two pair, Aces and Threes)
Chessnok: mucks hand
aabeatenby23 collected $47.50 from pot
*** SUMMARY ***
Total pot $48 | Rake $0.50
Board [Kh Ah 3d Td 3s]
Seat 1: Chessnok (button) (small blind) mucked
Seat 3: aabeatenby23 (big blind) showed [Ad Qs] and won ($47.50) with two pair, Aces and Threes


PokerStars Hand #172454777378:  Hold'em Limit ($3/$6 USD) - 2017/07/01 1:41:02 ET
Table 'Edna' 6-max Seat #3 is the button
Seat 1: Chessnok ($60 in chips)
Seat 3: aabeatenby23 ($371.50 in chips)
aabeatenby23: posts small blind $1
Chessnok: posts big blind $3
*** HOLE CARDS ***
aabeatenby23: raises $3 to $6
Chessnok: calls $3
*** FLOP *** [6h 6s 4c]
Chessnok: checks
aabeatenby23: bets $3
Chessnok: calls $3
*** TURN *** [6h 6s 4c] [3c]
Chessnok: checks
aabeatenby23: bets $6
Chessnok: raises $6 to $12
aabeatenby23: calls $6
*** RIVER *** [6h 6s 4c 3c] [9d]
Chessnok: bets $6
aabeatenby23: calls $6
*** SHOW DOWN ***
Chessnok: shows [9c Tc] (two pair, Nines and Sixes)
aabeatenby23: mucks hand
Chessnok collected $53.50 from pot
*** SUMMARY ***
Total pot $54 | Rake $0.50
Board [6h 6s 4c 3c 9d]
Seat 1: Chessnok (big blind) showed [9c Tc] and won ($53.50) with two pair, Nines and Sixes
Seat 3: aabeatenby23 (button) (small blind) mucked


PokerStars Hand #172454785394:  Hold'em Limit ($3/$6 USD) - 2017/07/01 1:41:34 ET
Table 'Edna' 6-max Seat #1 is the button
Seat 1: Chessnok ($86.50 in chips)
Seat 3: aabeatenby23 ($344.50 in chips)
Chessnok: posts small blind $1
aabeatenby23: posts big blind $3
*** HOLE CARDS ***
Chessnok: raises $3 to $6
aabeatenby23: calls $3
*** FLOP *** [Tc 4c Js]
aabeatenby23: checks
Chessnok: bets $3
aabeatenby23: calls $3
*** TURN *** [Tc 4c Js] [5h]
aabeatenby23: checks
Chessnok: bets $6
aabeatenby23: folds
Uncalled bet ($6) returned to Chessnok
Chessnok collected $17.64 from pot
Chessnok: doesn't show hand
*** SUMMARY ***
Total pot $18 | Rake $0.36
Board [Tc 4c Js 5h]
Seat 1: Chessnok (button) (small blind) collected ($17.64)
Seat 3: aabeatenby23 (big blind) folded on the Turn


PokerStars Hand #172454770361:  Hold'em Limit ($3/$6 USD) - 2017/07/01 1:40:35 ET
Table 'Edna' 6-max Seat #1 is the button
Seat 1: Chessnok ($60 in chips)
Seat 3: aabeatenby23 ($362.86 in chips)
Chessnok: posts small blind $1
aabeatenby23: posts big blind $3
*** HOLE CARDS ***
Chessnok: raises $3 to $6
aabeatenby23: raises $3 to $9
Chessnok: calls $3
*** FLOP *** [3s 4h Jc]
aabeatenby23: checks
Chessnok: checks
*** TURN *** [3s 4h Jc] [6d]
aabeatenby23: checks
Chessnok: checks
*** RIVER *** [3s 4h Jc 6d] [5d]
aabeatenby23: bets $6
Chessnok: folds
Uncalled bet ($6) returned to aabeatenby23
aabeatenby23 collected $17.64 from pot
aabeatenby23: doesn't show hand
*** SUMMARY ***
Total pot $18 | Rake $0.36
Board [3s 4h Jc 6d 5d]
Seat 1: Chessnok (button) (small blind) folded on the River
Seat 3: aabeatenby23 (big blind) collected ($17.64)


PokerStars Hand #172454800991:  Hold'em Limit ($3/$6 USD) - 2017/07/01 1:42:33 ET
Table 'Edna' 6-max Seat #3 is the button
Seat 1: Chessnok ($79.90 in chips)
Seat 3: aabeatenby23 ($350 in chips)
aabeatenby23: posts small blind $1
Chessnok: posts big blind $3
*** HOLE CARDS ***
aabeatenby23: folds
Uncalled bet ($2) returned to Chessnok
Chessnok collected $2 from pot
Chessnok: doesn't show hand
*** SUMMARY ***
Total pot $2 | Rake $0
Seat 1: Chessnok (big blind) collected ($2)
Seat 3: aabeatenby23 (button) (small blind) folded before Flop


PokerStars Hand #172454797994:  Hold'em Limit ($3/$6 USD) - 2017/07/01 1:42:22 ET
Table 'Edna' 6-max Seat #1 is the button
Seat 1: Chessnok ($74.14 in chips)
Seat 3: aabeatenby23 ($356 in chips)
Chessnok: posts small blind $1
aabeatenby23: posts big blind $3
*** HOLE CARDS ***
Chessnok: raises $3 to $6
aabeatenby23: calls $3
*** FLOP *** [Qd 7d Kc]
aabeatenby23: checks
Chessnok: bets $3
aabeatenby23: folds
Uncalled bet ($3) returned to Chessnok
Chessnok collected $11.76 from pot
Chessnok: doesn't show hand
*** SUMMARY ***
Total pot $12 | Rake $0.24
Board [Qd 7d Kc]
Seat 1: Chessnok (button) (small blind) collected ($11.76)
Seat 3: aabeatenby23 (big blind) folded on the Flop


PokerStars Hand #172454791745:  Hold'em Limit ($3/$6 USD) - 2017/07/01 1:41:58 ET
Table 'Edna' 6-max Seat #3 is the button
Seat 1: Chessnok ($95.14 in chips)
Seat 3: aabeatenby23 ($335.50 in chips)
aabeatenby23: posts small blind $1
Chessnok: posts big blind $3
*** HOLE CARDS ***
aabeatenby23: raises $3 to $6
Chessnok: calls $3
*** FLOP *** [3c 3s Kc]
Chessnok: checks
aabeatenby23: bets $3
Chessnok: calls $3
*** TURN *** [3c 3s Kc] [7d]
Chessnok: checks
aabeatenby23: bets $6
Chessnok: calls $6
*** RIVER *** [3c 3s Kc 7d] [Js]
Chessnok: checks
aabeatenby23: bets $6
Chessnok: calls $6
*** SHOW DOWN ***
aabeatenby23: shows [Kd 8c] (two pair, Kings and Threes)
Chessnok: mucks hand
aabeatenby23 collected $41.50 from pot
*** SUMMARY ***
Total pot $42 | Rake $0.50
Board [3c 3s Kc 7d Js]
Seat 1: Chessnok (big blind) mucked
Seat 3: aabeatenby23 (button) (small blind) showed [Kd 8c] and won ($41.50) with two pair, Kings and Threes


PokerStars Hand #172454802474:  Hold'em Limit ($3/$6 USD) - 2017/07/01 1:42:39 ET
Table 'Edna' 6-max Seat #1 is the button
Seat 1: Chessnok ($80.90 in chips)
Seat 3: aabeatenby23 ($349 in chips)
Chessnok: posts small blind $1
aabeatenby23: posts big blind $3
*** HOLE CARDS ***
Chessnok: raises $3 to $6
aabeatenby23: raises $3 to $9
Chessnok: calls $3
*** FLOP *** [Qh 6c Kh]
aabeatenby23: bets $3
Chessnok: calls $3
*** TURN *** [Qh 6c Kh] [6d]
aabeatenby23: bets $6
Chessnok: calls $6
*** RIVER *** [Qh 6c Kh 6d] [3c]
aabeatenby23: bets $6
Chessnok: calls $6
*** SHOW DOWN ***
aabeatenby23: shows [5d 5c] (two pair, Sixes and Fives)
Chessnok: mucks hand
aabeatenby23 collected $47.50 from pot
*** SUMMARY ***
Total pot $48 | Rake $0.50
Board [Qh 6c Kh 6d 3c]
Seat 1: Chessnok (button) (small blind) mucked
Seat 3: aabeatenby23 (big blind) showed [5d 5c] and won ($47.50) with two pair, Sixes and Fives


PokerStars Hand #172454819909:  Hold'em Limit ($3/$6 USD) - 2017/07/01 1:43:46 ET
Table 'Edna' 6-max Seat #3 is the button
Seat 1: Chessnok ($96.50 in chips)
Seat 3: aabeatenby23 ($349.90 in chips)
aabeatenby23: posts small blind $1
Chessnok: posts big blind $3
*** HOLE CARDS ***
aabeatenby23: raises $3 to $6
Chessnok: calls $3
*** FLOP *** [Ts 7s Kc]
Chessnok: checks
aabeatenby23: checks
*** TURN *** [Ts 7s Kc] [2c]
Chessnok: bets $6
aabeatenby23: folds
Uncalled bet ($6) returned to Chessnok
Chessnok collected $11.76 from pot
Chessnok: doesn't show hand
*** SUMMARY ***
Total pot $12 | Rake $0.24
Board [Ts 7s Kc 2c]
Seat 1: Chessnok (big blind) collected ($11.76)
Seat 3: aabeatenby23 (button) (small blind) folded on the Turn


PokerStars Hand #172454814756:  Hold'em Limit ($3/$6 USD) - 2017/07/01 1:43:26 ET
Table 'Edna' 6-max Seat #1 is the button
Seat 1: Chessnok ($61 in chips)
Seat 3: aabeatenby23 ($385.90 in chips)
Chessnok: posts small blind $1
aabeatenby23: posts big blind $3
*** HOLE CARDS ***
Chessnok: raises $3 to $6
aabeatenby23: raises $3 to $9
Chessnok: calls $3
*** FLOP *** [Th 7h 6s]
aabeatenby23: bets $3
Chessnok: raises $3 to $6
aabeatenby23: raises $3 to $9
Chessnok: calls $3
*** TURN *** [Th 7h 6s] [As]
aabeatenby23: bets $6
Chessnok: calls $6
*** RIVER *** [Th 7h 6s As] [7d]
aabeatenby23: bets $6
Chessnok: raises $6 to $12
aabeatenby23: calls $6
*** SHOW DOWN ***
Chessnok: shows [Jc 7s] (three of a kind, Sevens)
aabeatenby23: mucks hand
Chessnok collected $71.50 from pot
*** SUMMARY ***
Total pot $72 | Rake $0.50
Board [Th 7h 6s As 7d]
Seat 1: Chessnok (button) (small blind) showed [Jc 7s] and won ($71.50) with three of a kind, Sevens
Seat 3: aabeatenby23 (big blind) mucked


PokerStars Hand #172454813336:  Hold'em Limit ($3/$6 USD) - 2017/07/01 1:43:21 ET
Table 'Edna' 6-max Seat #3 is the button
Seat 1: Chessnok ($60 in chips)
Seat 3: aabeatenby23 ($386.90 in chips)
aabeatenby23: posts small blind $1
Chessnok: posts big blind $3
*** HOLE CARDS ***
aabeatenby23: folds
Uncalled bet ($2) returned to Chessnok
Chessnok collected $2 from pot
Chessnok: doesn't show hand
*** SUMMARY ***
Total pot $2 | Rake $0
Seat 1: Chessnok (big blind) collected ($2)
Seat 3: aabeatenby23 (button) (small blind) folded before Flop


PokerStars Hand #172454809655:  Hold'em Limit ($3/$6 USD) - 2017/07/01 1:43:07 ET
Table 'Edna' 6-max Seat #1 is the button
Seat 1: Chessnok ($60 in chips)
Seat 3: aabeatenby23 ($378.26 in chips)
Chessnok: posts small blind $1
aabeatenby23: posts big blind $3
*** HOLE CARDS ***
Chessnok: raises $3 to $6
aabeatenby23: raises $3 to $9
Chessnok: calls $3
*** FLOP *** [Kd 3d Jd]
aabeatenby23: bets $3
Chessnok: folds
Uncalled bet ($3) returned to aabeatenby23
aabeatenby23 collected $17.64 from pot
aabeatenby23: doesn't show hand
*** SUMMARY ***
Total pot $18 | Rake $0.36
Board [Kd 3d Jd]
Seat 1: Chessnok (button) (small blind) folded on the Flop
Seat 3: aabeatenby23 (big blind) collected ($17.64)


PokerStars Hand #172454806882:  Hold'em Limit ($3/$6 USD) - 2017/07/01 1:42:56 ET
Table 'Edna' 6-max Seat #3 is the button
Seat 1: Chessnok ($60 in chips)
Seat 3: aabeatenby23 ($372.50 in chips)
aabeatenby23: posts small blind $1
Chessnok: posts big blind $3
*** HOLE CARDS ***
aabeatenby23: raises $3 to $6
Chessnok: calls $3
*** FLOP *** [7d 9d 2c]
Chessnok: checks
aabeatenby23: bets $3
Chessnok: folds
Uncalled bet ($3) returned to aabeatenby23
aabeatenby23 collected $11.76 from pot
aabeatenby23: doesn't show hand
*** SUMMARY ***
Total pot $12 | Rake $0.24
Board [7d 9d 2c]
Seat 1: Chessnok (big blind) folded on the Flop
Seat 3: aabeatenby23 (button) (small blind) collected ($11.76)


PokerStars Hand #172454827343:  Hold'em Limit ($3/$6 USD) - 2017/07/01 1:44:15 ET
Table 'Edna' 6-max Seat #3 is the button
Seat 1: Chessnok ($93.26 in chips)
Seat 3: aabeatenby23 ($352.54 in chips)
aabeatenby23: posts small blind $1
Chessnok: posts big blind $3
*** HOLE CARDS ***
aabeatenby23: raises $3 to $6
Chessnok: raises $3 to $9
aabeatenby23: raises $3 to $12
Betting is capped
Chessnok: calls $3
*** FLOP *** [8h 4d Ah]
Chessnok: bets $3
aabeatenby23: calls $3
*** TURN *** [8h 4d Ah] [Jc]
Chessnok: checks
aabeatenby23: bets $6
Chessnok: calls $6
*** RIVER *** [8h 4d Ah Jc] [9h]
Chessnok: checks
aabeatenby23: bets $6
Chessnok: calls $6
*** SHOW DOWN ***
aabeatenby23: shows [Qc Qh] (a pair of Queens)
Chessnok: mucks hand
aabeatenby23 collected $53.50 from pot
*** SUMMARY ***
Total pot $54 | Rake $0.50
Board [8h 4d Ah Jc 9h]
Seat 1: Chessnok (big blind) mucked
Seat 3: aabeatenby23 (button) (small blind) showed [Qc Qh] and won ($53.50) with a pair of Queens


PokerStars Hand #172454823026:  Hold'em Limit ($3/$6 USD) - 2017/07/01 1:43:58 ET
Table 'Edna' 6-max Seat #1 is the button
Seat 1: Chessnok ($102.26 in chips)
Seat 3: aabeatenby23 ($343.90 in chips)
Chessnok: posts small blind $1
aabeatenby23: posts big blind $3
*** HOLE CARDS ***
Chessnok: raises $3 to $6
aabeatenby23: calls $3
*** FLOP *** [9d Ts As]
aabeatenby23: checks
Chessnok: bets $3
aabeatenby23: raises $3 to $6
Chessnok: folds
Uncalled bet ($3) returned to aabeatenby23
aabeatenby23 collected $17.64 from pot
aabeatenby23: doesn't show hand
*** SUMMARY ***
Total pot $18 | Rake $0.36
Board [9d Ts As]
Seat 1: Chessnok (button) (small blind) folded on the Flop
Seat 3: aabeatenby23 (big blind) collected ($17.64)


PokerStars Hand #172454834426:  Hold'em Limit ($3/$6 USD) - 2017/07/01 1:44:42 ET
Table 'Edna' 6-max Seat #1 is the button
Seat 1: Chessnok ($66.26 in chips)
Seat 3: aabeatenby23 ($379.04 in chips)
Chessnok: posts small blind $1
aabeatenby23: posts big blind $3
*** HOLE CARDS ***
Chessnok: raises $3 to $6
aabeatenby23: calls $3
*** FLOP *** [8d 9s 4s]
aabeatenby23: checks
Chessnok: bets $3
aabeatenby23: calls $3
*** TURN *** [8d 9s 4s] [Qh]
aabeatenby23: checks
Chessnok: checks
*** RIVER *** [8d 9s 4s Qh] [Jc]
aabeatenby23: bets $6
Chessnok: raises $6 to $12
aabeatenby23: calls $6
*** SHOW DOWN ***
Chessnok: shows [8s Td] (a straight, Eight to Queen)
aabeatenby23: mucks hand
Chessnok collected $41.50 from pot
*** SUMMARY ***
Total pot $42 | Rake $0.50
Board [8d 9s 4s Qh Jc]
Seat 1: Chessnok (button) (small blind) showed [8s Td] and won ($41.50) with a straight, Eight to Queen
Seat 3: aabeatenby23 (big blind) mucked


PokerStars Hand #172454841931:  Hold'em Limit ($3/$6 USD) - 2017/07/01 1:45:11 ET
Table 'Edna' 6-max Seat #3 is the button
Seat 1: Chessnok ($86.76 in chips)
Seat 3: aabeatenby23 ($358.04 in chips)
aabeatenby23: posts small blind $1
Chessnok: posts big blind $3
*** HOLE CARDS ***
aabeatenby23: raises $3 to $6
Chessnok: calls $3
*** FLOP *** [8c Kd Ad]
Chessnok: checks
aabeatenby23: bets $3
Chessnok: calls $3
*** TURN *** [8c Kd Ad] [2c]
Chessnok: checks
aabeatenby23: bets $6
Chessnok: calls $6
*** RIVER *** [8c Kd Ad 2c] [7c]
Chessnok: checks
aabeatenby23: bets $6
Chessnok: folds
Uncalled bet ($6) returned to aabeatenby23
aabeatenby23 collected $29.50 from pot
aabeatenby23: doesn't show hand
*** SUMMARY ***
Total pot $30 | Rake $0.50
Board [8c Kd Ad 2c 7c]
Seat 1: Chessnok (big blind) folded on the River
Seat 3: aabeatenby23 (button) (small blind) collected ($29.50)


PokerStars Hand #172454849344:  Hold'em Limit ($3/$6 USD) - 2017/07/01 1:45:39 ET
Table 'Edna' 6-max Seat #1 is the button
Seat 1: Chessnok ($71.76 in chips)
Seat 3: aabeatenby23 ($372.54 in chips)
Chessnok: posts small blind $1
aabeatenby23: posts big blind $3
*** HOLE CARDS ***
Chessnok: raises $3 to $6
aabeatenby23: calls $3
*** FLOP *** [Kh Jh Ts]
aabeatenby23: checks
Chessnok: bets $3
aabeatenby23: calls $3
*** TURN *** [Kh Jh Ts] [Ks]
aabeatenby23: checks
Chessnok: checks
*** RIVER *** [Kh Jh Ts Ks] [Ac]
aabeatenby23: checks
Chessnok: bets $6
aabeatenby23: calls $6
*** SHOW DOWN ***
Chessnok: shows [2s As] (two pair, Aces and Kings)
aabeatenby23: mucks hand
Chessnok collected $29.50 from pot
*** SUMMARY ***
Total pot $30 | Rake $0.50
Board [Kh Jh Ts Ks Ac]
Seat 1: Chessnok (button) (small blind) showed [2s As] and won ($29.50) with two pair, Aces and Kings
Seat 3: aabeatenby23 (big blind) mucked


PokerStars Hand #172454854727:  Hold'em Limit ($3/$6 USD) - 2017/07/01 1:46:00 ET
Table 'Edna' 6-max Seat #3 is the button
Seat 1: Chessnok ($86.26 in chips)
Seat 3: aabeatenby23 ($357.54 in chips)
aabeatenby23: posts small blind $1
Chessnok: posts big blind $3
*** HOLE CARDS ***
aabeatenby23: raises $3 to $6
Chessnok: calls $3
*** FLOP *** [9c Kc Td]
Chessnok: checks
aabeatenby23: bets $3
Chessnok: raises $3 to $6
aabeatenby23: calls $3
*** TURN *** [9c Kc Td] [Kd]
Chessnok: bets $6
aabeatenby23: calls $6
*** RIVER *** [9c Kc Td Kd] [Th]
Chessnok: bets $6
aabeatenby23: folds
Uncalled bet ($6) returned to Chessnok
Chessnok collected $35.50 from pot
Chessnok: doesn't show hand
*** SUMMARY ***
Total pot $36 | Rake $0.50
Board [9c Kc Td Kd Th]
Seat 1: Chessnok (big blind) collected ($35.50)
Seat 3: aabeatenby23 (button) (small blind) folded on the River


PokerStars Hand #172454894640:  Hold'em Limit ($3/$6 USD) - 2017/07/01 1:48:35 ET
Table 'Edna' 6-max Seat #1 is the button
Seat 1: Chessnok ($109.26 in chips)
Seat 4: hockeynutz99 ($77.67 in chips)
Chessnok: posts small blind $1
hockeynutz99: posts big blind $3
*** HOLE CARDS ***
Chessnok: folds
Uncalled bet ($2) returned to hockeynutz99
hockeynutz99 collected $2 from pot
hockeynutz99: doesn't show hand
*** SUMMARY ***
Total pot $2 | Rake $0
Seat 1: Chessnok (button) (small blind) folded before Flop
Seat 4: hockeynutz99 (big blind) collected ($2)


PokerStars Hand #172454896253:  Hold'em Limit ($3/$6 USD) - 2017/07/01 1:48:41 ET
Table 'Edna' 6-max Seat #4 is the button
Seat 1: Chessnok ($108.26 in chips)
Seat 4: hockeynutz99 ($78.67 in chips)
hockeynutz99: posts small blind $1
Chessnok: posts big blind $3
*** HOLE CARDS ***
hockeynutz99: raises $3 to $6
Chessnok: raises $3 to $9
hockeynutz99: calls $3
*** FLOP *** [Jh Ts 4d]
Chessnok: bets $3
hockeynutz99: calls $3
*** TURN *** [Jh Ts 4d] [Qc]
Chessnok: bets $6
hockeynutz99: calls $6
*** RIVER *** [Jh Ts 4d Qc] [Kh]
Chessnok: bets $6
hockeynutz99: raises $6 to $12
Moogles999 joins the table at seat #2
Chessnok: raises $6 to $18
hockeynutz99: raises $6 to $24
Betting is capped
Chessnok: calls $6
*** SHOW DOWN ***
hockeynutz99: shows [Ad 9d] (a straight, Ten to Ace)
Chessnok: shows [As Kc] (a straight, Ten to Ace)
Chessnok collected $41.75 from pot
hockeynutz99 collected $41.75 from pot
*** SUMMARY ***
Total pot $84 | Rake $0.50
Board [Jh Ts 4d Qc Kh]
Seat 1: Chessnok (big blind) showed [As Kc] and won ($41.75) with a straight, Ten to Ace
Seat 4: hockeynutz99 (button) (small blind) showed [Ad 9d] and won ($41.75) with a straight, Ten to Ace


PokerStars Hand #172454971002:  Hold'em Limit ($3/$6 USD) - 2017/07/01 1:53:31 ET
Table 'Edna' 6-max Seat #1 is the button
Seat 1: Chessnok ($134.33 in chips)
Seat 5: nicmct ($240 in chips)
Chessnok: posts small blind $1
nicmct: posts big blind $3
*** HOLE CARDS ***
Chessnok: raises $3 to $6
corrales.jor leaves the table
nicmct: calls $3
*** FLOP *** [9d 3d 9c]
nicmct: checks
Chessnok: bets $3
nicmct: folds
Uncalled bet ($3) returned to Chessnok
Chessnok collected $11.76 from pot
Chessnok: doesn't show hand
*** SUMMARY ***
Total pot $12 | Rake $0.24
Board [9d 3d 9c]
Seat 1: Chessnok (button) (small blind) collected ($11.76)
Seat 5: nicmct (big blind) folded on the Flop


PokerStars Hand #172455471104:  Hold'em Limit ($3/$6 USD) - 2017/07/01 2:25:49 ET
Table 'Edna' 6-max Seat #3 is the button
Seat 3: aabeatenby23 ($321.18 in chips)
Seat 4: Agrotait ($71.75 in chips)
aabeatenby23: posts small blind $1
Agrotait: posts big blind $3
*** HOLE CARDS ***
aabeatenby23: raises $3 to $6
Agrotait: folds
Uncalled bet ($3) returned to aabeatenby23
aabeatenby23 collected $6 from pot
aabeatenby23: doesn't show hand
*** SUMMARY ***
Total pot $6 | Rake $0
Seat 3: aabeatenby23 (button) (small blind) collected ($6)
Seat 4: Agrotait (big blind) folded before Flop


PokerStars Hand #172455456991:  Hold'em Limit ($3/$6 USD) - 2017/07/01 2:24:56 ET
Table 'Edna' 6-max Seat #4 is the button
Seat 3: aabeatenby23 ($321.43 in chips)
Seat 4: Agrotait ($72 in chips)
Agrotait: posts small blind $1
Chessnok: is sitting out
aabeatenby23: posts big blind $3
*** HOLE CARDS ***
Chessnok leaves the table
Agrotait: raises $3 to $6
aabeatenby23: raises $3 to $9
Agrotait: calls $3
*** FLOP *** [Kh Js 7s]
aabeatenby23: bets $3
Agrotait: calls $3
*** TURN *** [Kh Js 7s] [4h]
aabeatenby23: bets $6
Agrotait: calls $6
*** RIVER *** [Kh Js 7s 4h] [4c]
aabeatenby23: bets $6
Agrotait: calls $6
*** SHOW DOWN ***
aabeatenby23: shows [Jh 9h] (two pair, Jacks and Fours)
Agrotait: shows [Jd Ts] (two pair, Jacks and Fours)
aabeatenby23 collected $23.75 from pot
Agrotait collected $23.75 from pot
*** SUMMARY ***
Total pot $48 | Rake $0.50
Board [Kh Js 7s 4h 4c]
Seat 3: aabeatenby23 (big blind) showed [Jh 9h] and won ($23.75) with two pair, Jacks and Fours
Seat 4: Agrotait (button) (small blind) showed [Jd Ts] and won ($23.75) with two pair, Jacks and Fours


PokerStars Hand #172455466045:  Hold'em Limit ($3/$6 USD) - 2017/07/01 2:25:30 ET
Table 'Edna' 6-max Seat #3 is the button
Seat 3: aabeatenby23 ($321.18 in chips)
Seat 4: Agrotait ($71.75 in chips)
aabeatenby23: posts small blind $1
Agrotait: posts big blind $3
*** HOLE CARDS ***
aabeatenby23: folds
Uncalled bet ($2) returned to Agrotait
Agrotait collected $2 from pot
Agrotait: doesn't show hand
*** SUMMARY ***
Total pot $2 | Rake $0
Seat 3: aabeatenby23 (button) (small blind) folded before Flop
Seat 4: Agrotait (big blind) collected ($2)


PokerStars Hand #172455468615:  Hold'em Limit ($3/$6 USD) - 2017/07/01 2:25:39 ET
Table 'Edna' 6-max Seat #4 is the button
Seat 3: aabeatenby23 ($320.18 in chips)
Seat 4: Agrotait ($72.75 in chips)
Agrotait: posts small blind $1
aabeatenby23: posts big blind $3
*** HOLE CARDS ***
Agrotait: folds
Uncalled bet ($2) returned to aabeatenby23
aabeatenby23 collected $2 from pot
aabeatenby23: doesn't show hand
*** SUMMARY ***
Total pot $2 | Rake $0
Seat 3: aabeatenby23 (big blind) collected ($2)
Seat 4: Agrotait (button) (small blind) folded before Flop


PokerStars Hand #172455490830:  Hold'em Limit ($3/$6 USD) - 2017/07/01 2:27:03 ET
Table 'Edna' 6-max Seat #3 is the button
Seat 3: aabeatenby23 ($300.18 in chips)
Seat 4: Agrotait ($91.79 in chips)
aabeatenby23: posts small blind $1
Agrotait: posts big blind $3
*** HOLE CARDS ***
aabeatenby23: folds
Uncalled bet ($2) returned to Agrotait
Agrotait collected $2 from pot
Agrotait: doesn't show hand
*** SUMMARY ***
Total pot $2 | Rake $0
Seat 3: aabeatenby23 (button) (small blind) folded before Flop
Seat 4: Agrotait (big blind) collected ($2)


PokerStars Hand #172455483719:  Hold'em Limit ($3/$6 USD) - 2017/07/01 2:26:36 ET
Table 'Edna' 6-max Seat #4 is the button
Seat 3: aabeatenby23 ($309.18 in chips)
Seat 4: Agrotait ($83.15 in chips)
Agrotait: posts small blind $1
aabeatenby23: posts big blind $3
*** HOLE CARDS ***
Agrotait: raises $3 to $6
aabeatenby23: raises $3 to $9
Agrotait: calls $3
*** FLOP *** [9c Qd 8s]
aabeatenby23: checks
Agrotait: bets $3
aabeatenby23: folds
Uncalled bet ($3) returned to Agrotait
Agrotait collected $17.64 from pot
Agrotait: doesn't show hand
*** SUMMARY ***
Total pot $18 | Rake $0.36
Board [9c Qd 8s]
Seat 3: aabeatenby23 (big blind) folded on the Flop
Seat 4: Agrotait (button) (small blind) collected ($17.64)


PokerStars Hand #172455477074:  Hold'em Limit ($3/$6 USD) - 2017/07/01 2:26:11 ET
Table 'Edna' 6-max Seat #3 is the button
Seat 3: aabeatenby23 ($318.18 in chips)
Seat 4: Agrotait ($74.51 in chips)
aabeatenby23: posts small blind $1
Agrotait: posts big blind $3
*** HOLE CARDS ***
aabeatenby23: raises $3 to $6
Agrotait: calls $3
*** FLOP *** [8d 9d Jh]
Agrotait: checks
aabeatenby23: bets $3
Agrotait: calls $3
*** TURN *** [8d 9d Jh] [4h]
Agrotait: checks
aabeatenby23: checks
*** RIVER *** [8d 9d Jh 4h] [2h]
Agrotait: bets $6
aabeatenby23: folds
Uncalled bet ($6) returned to Agrotait
Agrotait collected $17.64 from pot
Agrotait: doesn't show hand
*** SUMMARY ***
Total pot $18 | Rake $0.36
Board [8d 9d Jh 4h 2h]
Seat 3: aabeatenby23 (button) (small blind) folded on the River
Seat 4: Agrotait (big blind) collected ($17.64)


PokerStars Hand #172455473894:  Hold'em Limit ($3/$6 USD) - 2017/07/01 2:25:59 ET
Table 'Edna' 6-max Seat #4 is the button
Seat 3: aabeatenby23 ($324.18 in chips)
Seat 4: Agrotait ($68.75 in chips)
Agrotait: posts small blind $1
aabeatenby23: posts big blind $3
*** HOLE CARDS ***
Agrotait: raises $3 to $6
aabeatenby23: calls $3
*** FLOP *** [2d 4d Th]
aabeatenby23: checks
Agrotait: bets $3
aabeatenby23: folds
Uncalled bet ($3) returned to Agrotait
Agrotait collected $11.76 from pot
Agrotait: doesn't show hand
*** SUMMARY ***
Total pot $12 | Rake $0.24
Board [2d 4d Th]
Seat 3: aabeatenby23 (big blind) folded on the Flop
Seat 4: Agrotait (button) (small blind) collected ($11.76)


PokerStars Hand #172455501873:  Hold'em Limit ($3/$6 USD) - 2017/07/01 2:27:45 ET
Table 'Edna' 6-max Seat #3 is the button
Seat 3: aabeatenby23 ($313.68 in chips)
Seat 4: Agrotait ($77.79 in chips)
aabeatenby23: posts small blind $1
Agrotait: posts big blind $3
*** HOLE CARDS ***
aabeatenby23: folds
Uncalled bet ($2) returned to Agrotait
Agrotait collected $2 from pot
Agrotait: doesn't show hand
*** SUMMARY ***
Total pot $2 | Rake $0
Seat 3: aabeatenby23 (button) (small blind) folded before Flop
Seat 4: Agrotait (big blind) collected ($2)


PokerStars Hand #172455492184:  Hold'em Limit ($3/$6 USD) - 2017/07/01 2:27:08 ET
Table 'Edna' 6-max Seat #4 is the button
Seat 3: aabeatenby23 ($299.18 in chips)
Seat 4: Agrotait ($92.79 in chips)
Agrotait: posts small blind $1
aabeatenby23: posts big blind $3
*** HOLE CARDS ***
Agrotait: raises $3 to $6
aabeatenby23: calls $3
*** FLOP *** [4c 6h Kh]
aabeatenby23: checks
Agrotait: bets $3
aabeatenby23: calls $3
*** TURN *** [4c 6h Kh] [Ac]
aabeatenby23: checks
Agrotait: bets $6
aabeatenby23: raises $6 to $12
Agrotait: folds
Uncalled bet ($6) returned to aabeatenby23
aabeatenby23 collected $29.50 from pot
aabeatenby23: doesn't show hand
*** SUMMARY ***
Total pot $30 | Rake $0.50
Board [4c 6h Kh Ac]
Seat 3: aabeatenby23 (big blind) collected ($29.50)
Seat 4: Agrotait (button) (small blind) folded on the Turn


PokerStars Hand #172455503418:  Hold'em Limit ($3/$6 USD) - 2017/07/01 2:27:51 ET
Table 'Edna' 6-max Seat #4 is the button
Seat 3: aabeatenby23 ($312.68 in chips)
Seat 4: Agrotait ($78.79 in chips)
Agrotait: posts small blind $1
aabeatenby23: posts big blind $3
*** HOLE CARDS ***
Agrotait: raises $3 to $6
aabeatenby23: raises $3 to $9
Agrotait: calls $3
*** FLOP *** [3c 2h 5c]
aabeatenby23: bets $3
Agrotait: raises $3 to $6
aabeatenby23: calls $3
*** TURN *** [3c 2h 5c] [2d]
aabeatenby23: checks
Agrotait: bets $6
aabeatenby23: calls $6
*** RIVER *** [3c 2h 5c 2d] [7h]
aabeatenby23: checks
Agrotait: bets $6
aabeatenby23: folds
Uncalled bet ($6) returned to Agrotait
Agrotait collected $41.50 from pot
Agrotait: doesn't show hand
*** SUMMARY ***
Total pot $42 | Rake $0.50
Board [3c 2h 5c 2d 7h]
Seat 3: aabeatenby23 (big blind) folded on the River
Seat 4: Agrotait (button) (small blind) collected ($41.50)


PokerStars Hand #172455511175:  Hold'em Limit ($3/$6 USD) - 2017/07/01 2:28:20 ET
Table 'Edna' 6-max Seat #3 is the button
Seat 3: aabeatenby23 ($291.68 in chips)
Seat 4: Agrotait ($99.29 in chips)
aabeatenby23: posts small blind $1
Agrotait: posts big blind $3
*** HOLE CARDS ***
aabeatenby23: raises $3 to $6
Agrotait: calls $3
*** FLOP *** [6s 5c 6h]
Agrotait: checks
aabeatenby23: bets $3
Agrotait: calls $3
*** TURN *** [6s 5c 6h] [Kc]
Agrotait: checks
aabeatenby23: bets $6
Agrotait: calls $6
*** RIVER *** [6s 5c 6h Kc] [9d]
Agrotait: checks
aabeatenby23: checks
*** SHOW DOWN ***
Agrotait: shows [4c Kh] (two pair, Kings and Sixes)
aabeatenby23: mucks hand
Agrotait collected $29.50 from pot
*** SUMMARY ***
Total pot $30 | Rake $0.50
Board [6s 5c 6h Kc 9d]
Seat 3: aabeatenby23 (button) (small blind) mucked
Seat 4: Agrotait (big blind) showed [4c Kh] and won ($29.50) with two pair, Kings and Sixes


PokerStars Hand #172455525465:  Hold'em Limit ($3/$6 USD) - 2017/07/01 2:29:14 ET
Table 'Edna' 6-max Seat #3 is the button
Seat 3: aabeatenby23 ($277.68 in chips)
Seat 4: Agrotait ($112.79 in chips)
aabeatenby23: posts small blind $1
Agrotait: posts big blind $3
*** HOLE CARDS ***
aabeatenby23: raises $3 to $6
Agrotait: raises $3 to $9
aabeatenby23: calls $3
*** FLOP *** [2h Kc 6d]
Agrotait: bets $3
aabeatenby23: calls $3
*** TURN *** [2h Kc 6d] [Qh]
Agrotait: checks
aabeatenby23: bets $6
Agrotait: folds
Uncalled bet ($6) returned to aabeatenby23
aabeatenby23 collected $23.52 from pot
aabeatenby23: doesn't show hand
*** SUMMARY ***
Total pot $24 | Rake $0.48
Board [2h Kc 6d Qh]
Seat 3: aabeatenby23 (button) (small blind) collected ($23.52)
Seat 4: Agrotait (big blind) folded on the Turn


PokerStars Hand #172455538512:  Hold'em Limit ($3/$6 USD) - 2017/07/01 2:30:04 ET
Table 'Edna' 6-max Seat #3 is the button
Seat 3: aabeatenby23 ($283.20 in chips)
Seat 4: Agrotait ($106.55 in chips)
aabeatenby23: posts small blind $1
Agrotait: posts big blind $3
*** HOLE CARDS ***
aabeatenby23: folds
Uncalled bet ($2) returned to Agrotait
Agrotait collected $2 from pot
Agrotait: doesn't show hand
*** SUMMARY ***
Total pot $2 | Rake $0
Seat 3: aabeatenby23 (button) (small blind) folded before Flop
Seat 4: Agrotait (big blind) collected ($2)


PokerStars Hand #172455533841:  Hold'em Limit ($3/$6 USD) - 2017/07/01 2:29:46 ET
Table 'Edna' 6-max Seat #4 is the button
Seat 3: aabeatenby23 ($289.20 in chips)
Seat 4: Agrotait ($100.79 in chips)
Agrotait: posts small blind $1
aabeatenby23: posts big blind $3
*** HOLE CARDS ***
Agrotait: raises $3 to $6
aabeatenby23: calls $3
*** FLOP *** [Ah Tc 9h]
aabeatenby23: checks
Agrotait: bets $3
aabeatenby23: folds
Uncalled bet ($3) returned to Agrotait
Agrotait collected $11.76 from pot
Agrotait: doesn't show hand
*** SUMMARY ***
Total pot $12 | Rake $0.24
Board [Ah Tc 9h]
Seat 3: aabeatenby23 (big blind) folded on the Flop
Seat 4: Agrotait (button) (small blind) collected ($11.76)


PokerStars Hand #172455524096:  Hold'em Limit ($3/$6 USD) - 2017/07/01 2:29:09 ET
Table 'Edna' 6-max Seat #4 is the button
Seat 3: aabeatenby23 ($276.68 in chips)
Seat 4: Agrotait ($113.79 in chips)
Agrotait: posts small blind $1
aabeatenby23: posts big blind $3
*** HOLE CARDS ***
Agrotait: folds
Uncalled bet ($2) returned to aabeatenby23
aabeatenby23 collected $2 from pot
aabeatenby23: doesn't show hand
*** SUMMARY ***
Total pot $2 | Rake $0
Seat 3: aabeatenby23 (big blind) collected ($2)
Seat 4: Agrotait (button) (small blind) folded before Flop


PokerStars Hand #172455542192:  Hold'em Limit ($3/$6 USD) - 2017/07/01 2:30:18 ET
Table 'Edna' 6-max Seat #3 is the button
Seat 3: aabeatenby23 ($283.20 in chips)
Seat 4: Agrotait ($106.55 in chips)
aabeatenby23: posts small blind $1
Agrotait: posts big blind $3
*** HOLE CARDS ***
aabeatenby23: folds
Uncalled bet ($2) returned to Agrotait
Agrotait collected $2 from pot
Agrotait: doesn't show hand
*** SUMMARY ***
Total pot $2 | Rake $0
Seat 3: aabeatenby23 (button) (small blind) folded before Flop
Seat 4: Agrotait (big blind) collected ($2)


PokerStars Hand #172455550584:  Hold'em Limit ($3/$6 USD) - 2017/07/01 2:30:50 ET
Table 'Edna' 6-max Seat #4 is the button
Seat 3: aabeatenby23 ($275.20 in chips)
Seat 4: Agrotait ($114.31 in chips)
Agrotait: posts small blind $1
aabeatenby23: posts big blind $3
*** HOLE CARDS ***
Agrotait: folds
Uncalled bet ($2) returned to aabeatenby23
aabeatenby23 collected $2 from pot
aabeatenby23: doesn't show hand
*** SUMMARY ***
Total pot $2 | Rake $0
Seat 3: aabeatenby23 (big blind) collected ($2)
Seat 4: Agrotait (button) (small blind) folded before Flop


PokerStars Hand #172455552526:  Hold'em Limit ($3/$6 USD) - 2017/07/01 2:30:57 ET
Table 'Edna' 6-max Seat #3 is the button
Seat 3: aabeatenby23 ($276.20 in chips)
Seat 4: Agrotait ($113.31 in chips)
aabeatenby23: posts small blind $1
Agrotait: posts big blind $3
*** HOLE CARDS ***
aabeatenby23: folds
Uncalled bet ($2) returned to Agrotait
Agrotait collected $2 from pot
Agrotait: doesn't show hand
*** SUMMARY ***
Total pot $2 | Rake $0
Seat 3: aabeatenby23 (button) (small blind) folded before Flop
Seat 4: Agrotait (big blind) collected ($2)


PokerStars Hand #172455548850:  Hold'em Limit ($3/$6 USD) - 2017/07/01 2:30:43 ET
Table 'Edna' 6-max Seat #3 is the button
Seat 3: aabeatenby23 ($276.20 in chips)
Seat 4: Agrotait ($113.31 in chips)
aabeatenby23: posts small blind $1
Agrotait: posts big blind $3
*** HOLE CARDS ***
aabeatenby23: folds
Uncalled bet ($2) returned to Agrotait
Agrotait collected $2 from pot
Agrotait: doesn't show hand
*** SUMMARY ***
Total pot $2 | Rake $0
Seat 3: aabeatenby23 (button) (small blind) folded before Flop
Seat 4: Agrotait (big blind) collected ($2)


PokerStars Hand #172455543738:  Hold'em Limit ($3/$6 USD) - 2017/07/01 2:30:24 ET
Table 'Edna' 6-max Seat #4 is the button
Seat 3: aabeatenby23 ($282.20 in chips)
Seat 4: Agrotait ($107.55 in chips)
Agrotait: posts small blind $1
aabeatenby23: posts big blind $3
*** HOLE CARDS ***
Agrotait: raises $3 to $6
aabeatenby23: calls $3
*** FLOP *** [6d Qs 3d]
aabeatenby23: checks
Agrotait: bets $3
aabeatenby23: folds
Uncalled bet ($3) returned to Agrotait
Agrotait collected $11.76 from pot
Agrotait: doesn't show hand
*** SUMMARY ***
Total pot $12 | Rake $0.24
Board [6d Qs 3d]
Seat 3: aabeatenby23 (big blind) folded on the Flop
Seat 4: Agrotait (button) (small blind) collected ($11.76)


PokerStars Hand #172455540154:  Hold'em Limit ($3/$6 USD) - 2017/07/01 2:30:11 ET
Table 'Edna' 6-max Seat #4 is the button
Seat 3: aabeatenby23 ($282.20 in chips)
Seat 4: Agrotait ($107.55 in chips)
Agrotait: posts small blind $1
aabeatenby23: posts big blind $3
*** HOLE CARDS ***
Agrotait: folds
Uncalled bet ($2) returned to aabeatenby23
aabeatenby23 collected $2 from pot
aabeatenby23: doesn't show hand
*** SUMMARY ***
Total pot $2 | Rake $0
Seat 3: aabeatenby23 (big blind) collected ($2)
Seat 4: Agrotait (button) (small blind) folded before Flop


PokerStars Hand #172455560850:  Hold'em Limit ($3/$6 USD) - 2017/07/01 2:31:28 ET
Table 'Edna' 6-max Seat #3 is the button
Seat 3: aabeatenby23 ($283.84 in chips)
Seat 4: Agrotait ($105.31 in chips)
aabeatenby23: posts small blind $1
Agrotait: posts big blind $3
*** HOLE CARDS ***
aabeatenby23: folds
Uncalled bet ($2) returned to Agrotait
Agrotait collected $2 from pot
Agrotait: doesn't show hand
*** SUMMARY ***
Total pot $2 | Rake $0
Seat 3: aabeatenby23 (button) (small blind) folded before Flop
Seat 4: Agrotait (big blind) collected ($2)


PokerStars Hand #172455562340:  Hold'em Limit ($3/$6 USD) - 2017/07/01 2:31:34 ET
Table 'Edna' 6-max Seat #4 is the button
Seat 3: aabeatenby23 ($282.84 in chips)
Seat 4: Agrotait ($106.31 in chips)
Agrotait: posts small blind $1
aabeatenby23: posts big blind $3
*** HOLE CARDS ***
Agrotait: raises $3 to $6
aabeatenby23: calls $3
*** FLOP *** [2h 9s 6d]
aabeatenby23: checks
Agrotait: bets $3
aabeatenby23: calls $3
*** TURN *** [2h 9s 6d] [Ad]
aabeatenby23: checks
Agrotait: bets $6
aabeatenby23: folds
Uncalled bet ($6) returned to Agrotait
Agrotait collected $17.64 from pot
Agrotait: doesn't show hand
*** SUMMARY ***
Total pot $18 | Rake $0.36
Board [2h 9s 6d Ad]
Seat 3: aabeatenby23 (big blind) folded on the Turn
Seat 4: Agrotait (button) (small blind) collected ($17.64)


PokerStars Hand #172455554761:  Hold'em Limit ($3/$6 USD) - 2017/07/01 2:31:05 ET
Table 'Edna' 6-max Seat #4 is the button
Seat 3: aabeatenby23 ($275.20 in chips)
Seat 4: Agrotait ($114.31 in chips)
Agrotait: posts small blind $1
aabeatenby23: posts big blind $3
*** HOLE CARDS ***
Agrotait: raises $3 to $6
aabeatenby23: raises $3 to $9
Agrotait: calls $3
*** FLOP *** [Ad 7d Th]
aabeatenby23: bets $3
Agrotait: folds
Uncalled bet ($3) returned to aabeatenby23
aabeatenby23 collected $17.64 from pot
aabeatenby23: doesn't show hand
*** SUMMARY ***
Total pot $18 | Rake $0.36
Board [Ad 7d Th]
Seat 3: aabeatenby23 (big blind) collected ($17.64)
Seat 4: Agrotait (button) (small blind) folded on the Flop


PokerStars Hand #172455569143:  Hold'em Limit ($3/$6 USD) - 2017/07/01 2:31:59 ET
Table 'Edna' 6-max Seat #3 is the button
Seat 3: aabeatenby23 ($273.84 in chips)
Seat 4: Agrotait ($114.95 in chips)
aabeatenby23: posts small blind $1
Agrotait: posts big blind $3
*** HOLE CARDS ***
aabeatenby23: folds
Uncalled bet ($2) returned to Agrotait
Agrotait collected $2 from pot
Agrotait: doesn't show hand
*** SUMMARY ***
Total pot $2 | Rake $0
Seat 3: aabeatenby23 (button) (small blind) folded before Flop
Seat 4: Agrotait (big blind) collected ($2)


PokerStars Hand #172455575904:  Hold'em Limit ($3/$6 USD) - 2017/07/01 2:32:24 ET
Table 'Edna' 6-max Seat #3 is the button
Seat 3: aabeatenby23 ($296.34 in chips)
Seat 4: Agrotait ($91.95 in chips)
aabeatenby23: posts small blind $1
Agrotait: posts big blind $3
*** HOLE CARDS ***
aabeatenby23: folds
Uncalled bet ($2) returned to Agrotait
Agrotait collected $2 from pot
Agrotait: doesn't show hand
*** SUMMARY ***
Total pot $2 | Rake $0
Seat 3: aabeatenby23 (button) (small blind) folded before Flop
Seat 4: Agrotait (big blind) collected ($2)


PokerStars Hand #172455570894:  Hold'em Limit ($3/$6 USD) - 2017/07/01 2:32:05 ET
Table 'Edna' 6-max Seat #4 is the button
Seat 3: aabeatenby23 ($272.84 in chips)
Seat 4: Agrotait ($115.95 in chips)
Agrotait: posts small blind $1
aabeatenby23: posts big blind $3
*** HOLE CARDS ***
Agrotait: raises $3 to $6
aabeatenby23: raises $3 to $9
Agrotait: calls $3
*** FLOP *** [Jc Kd 9s]
aabeatenby23: bets $3
Agrotait: calls $3
*** TURN *** [Jc Kd 9s] [5c]
aabeatenby23: bets $6
Agrotait: calls $6
*** RIVER *** [Jc Kd 9s 5c] [Tc]
aabeatenby23: bets $6
Agrotait: calls $6
*** SHOW DOWN ***
aabeatenby23: shows [As Qc] (a straight, Ten to Ace)
Agrotait: mucks hand
aabeatenby23 collected $47.50 from pot
*** SUMMARY ***
Total pot $48 | Rake $0.50
Board [Jc Kd 9s 5c Tc]
Seat 3: aabeatenby23 (big blind) showed [As Qc] and won ($47.50) with a straight, Ten to Ace
Seat 4: Agrotait (button) (small blind) mucked


PokerStars Hand #172455577343:  Hold'em Limit ($3/$6 USD) - 2017/07/01 2:32:30 ET
Table 'Edna' 6-max Seat #4 is the button
Seat 3: aabeatenby23 ($295.34 in chips)
Seat 4: Agrotait ($92.95 in chips)
Agrotait: posts small blind $1
aabeatenby23: posts big blind $3
*** HOLE CARDS ***
Agrotait: raises $3 to $6
aabeatenby23: calls $3
*** FLOP *** [6c 9c 8d]
aabeatenby23: checks
Agrotait: bets $3
aabeatenby23: folds
Uncalled bet ($3) returned to Agrotait
Agrotait collected $11.76 from pot
Agrotait: doesn't show hand
*** SUMMARY ***
Total pot $12 | Rake $0.24
Board [6c 9c 8d]
Seat 3: aabeatenby23 (big blind) folded on the Flop
Seat 4: Agrotait (button) (small blind) collected ($11.76)


PokerStars Hand #172455588962:  Hold'em Limit ($3/$6 USD) - 2017/07/01 2:33:13 ET
Table 'Edna' 6-max Seat #3 is the button
Seat 3: aabeatenby23 ($289.10 in chips)
Seat 4: Agrotait ($98.47 in chips)
aabeatenby23: posts small blind $1
Agrotait: posts big blind $3
*** HOLE CARDS ***
aabeatenby23: folds
Uncalled bet ($2) returned to Agrotait
Agrotait collected $2 from pot
Agrotait: doesn't show hand
*** SUMMARY ***
Total pot $2 | Rake $0
Seat 3: aabeatenby23 (button) (small blind) folded before Flop
Seat 4: Agrotait (big blind) collected ($2)


PokerStars Hand #172455585545:  Hold'em Limit ($3/$6 USD) - 2017/07/01 2:33:00 ET
Table 'Edna' 6-max Seat #4 is the button
Seat 3: aabeatenby23 ($295.10 in chips)
Seat 4: Agrotait ($92.71 in chips)
Agrotait: posts small blind $1
aabeatenby23: posts big blind $3
*** HOLE CARDS ***
Agrotait: raises $3 to $6
aabeatenby23: calls $3
*** FLOP *** [Ks 8s Qd]
aabeatenby23: checks
Agrotait: bets $3
aabeatenby23: folds
Uncalled bet ($3) returned to Agrotait
Agrotait collected $11.76 from pot
Agrotait: doesn't show hand
*** SUMMARY ***
Total pot $12 | Rake $0.24
Board [Ks 8s Qd]
Seat 3: aabeatenby23 (big blind) folded on the Flop
Seat 4: Agrotait (button) (small blind) collected ($11.76)


PokerStars Hand #172455594581:  Hold'em Limit ($3/$6 USD) - 2017/07/01 2:33:34 ET
Table 'Edna' 6-max Seat #4 is the button
Seat 3: aabeatenby23 ($288.10 in chips)
Seat 4: Agrotait ($99.47 in chips)
Agrotait: posts small blind $1
aabeatenby23: posts big blind $3
*** HOLE CARDS ***
Agrotait: raises $3 to $6
aabeatenby23: raises $3 to $9
Agrotait: calls $3
*** FLOP *** [6h Ad As]
aabeatenby23: bets $3
Agrotait: folds
Uncalled bet ($3) returned to aabeatenby23
aabeatenby23 collected $17.64 from pot
aabeatenby23: doesn't show hand
*** SUMMARY ***
Total pot $18 | Rake $0.36
Board [6h Ad As]
Seat 3: aabeatenby23 (big blind) collected ($17.64)
Seat 4: Agrotait (button) (small blind) folded on the Flop


PokerStars Hand #172455592928:  Hold'em Limit ($3/$6 USD) - 2017/07/01 2:33:27 ET
Table 'Edna' 6-max Seat #3 is the button
Seat 3: aabeatenby23 ($289.10 in chips)
Seat 4: Agrotait ($98.47 in chips)
aabeatenby23: posts small blind $1
Agrotait: posts big blind $3
*** HOLE CARDS ***
aabeatenby23: folds
Uncalled bet ($2) returned to Agrotait
Agrotait collected $2 from pot
Agrotait: doesn't show hand
*** SUMMARY ***
Total pot $2 | Rake $0
Seat 3: aabeatenby23 (button) (small blind) folded before Flop
Seat 4: Agrotait (big blind) collected ($2)


PokerStars Hand #172455590414:  Hold'em Limit ($3/$6 USD) - 2017/07/01 2:33:18 ET
Table 'Edna' 6-max Seat #4 is the button
Seat 3: aabeatenby23 ($288.10 in chips)
Seat 4: Agrotait ($99.47 in chips)
Agrotait: posts small blind $1
aabeatenby23: posts big blind $3
*** HOLE CARDS ***
Agrotait: folds
Uncalled bet ($2) returned to aabeatenby23
aabeatenby23 collected $2 from pot
aabeatenby23: doesn't show hand
*** SUMMARY ***
Total pot $2 | Rake $0
Seat 3: aabeatenby23 (big blind) collected ($2)
Seat 4: Agrotait (button) (small blind) folded before Flop


PokerStars Hand #172455600568:  Hold'em Limit ($3/$6 USD) - 2017/07/01 2:33:56 ET
Table 'Edna' 6-max Seat #3 is the button
Seat 3: aabeatenby23 ($296.74 in chips)
Seat 4: Agrotait ($90.47 in chips)
aabeatenby23: posts small blind $1
Agrotait: posts big blind $3
*** HOLE CARDS ***
aabeatenby23: raises $3 to $6
Agrotait: raises $3 to $9
aabeatenby23: calls $3
*** FLOP *** [Th Jc 9h]
Agrotait: bets $3
aabeatenby23: calls $3
*** TURN *** [Th Jc 9h] [5s]
Agrotait: checks
aabeatenby23: checks
*** RIVER *** [Th Jc 9h 5s] [Ad]
Agrotait: bets $6
aabeatenby23: calls $6
*** SHOW DOWN ***
Agrotait: shows [As Qh] (a pair of Aces)
aabeatenby23: mucks hand
Agrotait collected $35.50 from pot
*** SUMMARY ***
Total pot $36 | Rake $0.50
Board [Th Jc 9h 5s Ad]
Seat 3: aabeatenby23 (button) (small blind) mucked
Seat 4: Agrotait (big blind) showed [As Qh] and won ($35.50) with a pair of Aces


PokerStars Hand #172455605318:  Hold'em Limit ($3/$6 USD) - 2017/07/01 2:34:14 ET
Table 'Edna' 6-max Seat #4 is the button
Seat 3: aabeatenby23 ($278.74 in chips)
Seat 4: Agrotait ($107.97 in chips)
Agrotait: posts small blind $1
aabeatenby23: posts big blind $3
*** HOLE CARDS ***
Agrotait: raises $3 to $6
aabeatenby23: raises $3 to $9
Agrotait: calls $3
*** FLOP *** [Qh Jh Th]
aabeatenby23: bets $3
Agrotait: calls $3
*** TURN *** [Qh Jh Th] [3s]
aabeatenby23: bets $6
Agrotait: calls $6
*** RIVER *** [Qh Jh Th 3s] [6h]
aabeatenby23: checks
Agrotait: checks
*** SHOW DOWN ***
aabeatenby23: shows [Ts Jc] (two pair, Jacks and Tens)
Agrotait: mucks hand
aabeatenby23 collected $35.50 from pot
*** SUMMARY ***
Total pot $36 | Rake $0.50
Board [Qh Jh Th 3s 6h]
Seat 3: aabeatenby23 (big blind) showed [Ts Jc] and won ($35.50) with two pair, Jacks and Tens
Seat 4: Agrotait (button) (small blind) mucked


PokerStars Hand #172455610119:  Hold'em Limit ($3/$6 USD) - 2017/07/01 2:34:32 ET
Table 'Edna' 6-max Seat #3 is the button
Seat 3: aabeatenby23 ($296.24 in chips)
Seat 4: Agrotait ($89.97 in chips)
aabeatenby23: posts small blind $1
Agrotait: posts big blind $3
*** HOLE CARDS ***
aabeatenby23: raises $3 to $6
Agrotait: calls $3
*** FLOP *** [Ah 8s Kc]
Agrotait: checks
aabeatenby23: bets $3
Agrotait: raises $3 to $6
aabeatenby23: calls $3
*** TURN *** [Ah 8s Kc] [9s]
Agrotait: bets $6
aabeatenby23: calls $6
*** RIVER *** [Ah 8s Kc 9s] [3s]
Agrotait: bets $6
aabeatenby23: folds
Uncalled bet ($6) returned to Agrotait
Agrotait collected $35.50 from pot
Agrotait: doesn't show hand
*** SUMMARY ***
Total pot $36 | Rake $0.50
Board [Ah 8s Kc 9s 3s]
Seat 3: aabeatenby23 (button) (small blind) folded on the River
Seat 4: Agrotait (big blind) collected ($35.50)


PokerStars Hand #172455615643:  Hold'em Limit ($3/$6 USD) - 2017/07/01 2:34:53 ET
Table 'Edna' 6-max Seat #4 is the button
Seat 3: aabeatenby23 ($278.24 in chips)
Seat 4: Agrotait ($107.47 in chips)
Agrotait: posts small blind $1
aabeatenby23: posts big blind $3
*** HOLE CARDS ***
Agrotait: raises $3 to $6
aabeatenby23: calls $3
*** FLOP *** [5h Ts 6h]
aabeatenby23: checks
Agrotait: bets $3
aabeatenby23: calls $3
*** TURN *** [5h Ts 6h] [3d]
aabeatenby23: checks
Agrotait: bets $6
aabeatenby23: calls $6
*** RIVER *** [5h Ts 6h 3d] [Ad]
aabeatenby23: checks
Agrotait: bets $6
aabeatenby23: calls $6
*** SHOW DOWN ***
Agrotait: shows [As Ac] (three of a kind, Aces)
aabeatenby23: mucks hand
Agrotait collected $41.50 from pot
*** SUMMARY ***
Total pot $42 | Rake $0.50
Board [5h Ts 6h 3d Ad]
Seat 3: aabeatenby23 (big blind) mucked
Seat 4: Agrotait (button) (small blind) showed [As Ac] and won ($41.50) with three of a kind, Aces


