PokerStars Hand #152001635604:  Hold'em Limit ($3/$6 USD) - 2016/04/16 12:31:20 ET
Table 'Edna II' 10-max Seat #6 is the button
Seat 5: ct-650 ($135 in chips)
Seat 6: Scheubi88 ($134.50 in chips)
Scheubi88: posts small blind $1
ct-650: posts big blind $3
*** HOLE CARDS ***
Scheubi88: raises $3 to $6
ct-650: folds
Uncalled bet ($3) returned to Scheubi88
Scheubi88 collected $6 from pot
*** SUMMARY ***
Total pot $6 | Rake $0
Seat 5: ct-650 (big blind) folded before Flop
Seat 6: Scheubi88 (button) (small blind) collected ($6)


PokerStars Hand #152001617862:  Hold'em Limit ($3/$6 USD) - 2016/04/16 12:30:56 ET
Table 'Edna II' 10-max Seat #5 is the button
Seat 5: ct-650 ($150 in chips)
Seat 6: Scheubi88 ($120 in chips)
ct-650: posts small blind $1
Scheubi88: posts big blind $3
*** HOLE CARDS ***
ct-650: raises $3 to $6
Scheubi88: calls $3
*** FLOP *** [Kd 5c 3c]
Scheubi88: checks
ct-650: bets $3
Scheubi88: calls $3
*** TURN *** [Kd 5c 3c] [5d]
Scheubi88: checks
ct-650: bets $6
Scheubi88: calls $6
*** RIVER *** [Kd 5c 3c 5d] [Qd]
Scheubi88: checks
ct-650: checks
*** SHOW DOWN ***
Scheubi88: shows [3s Js] (two pair, Fives and Threes)
ct-650: mucks hand
Scheubi88 collected $29.50 from pot
*** SUMMARY ***
Total pot $30 | Rake $0.50
Board [Kd 5c 3c 5d Qd]
Seat 5: ct-650 (button) (small blind) mucked
Seat 6: Scheubi88 (big blind) showed [3s Js] and won ($29.50) with two pair, Fives and Threes


PokerStars Hand #152001639880:  Hold'em Limit ($3/$6 USD) - 2016/04/16 12:31:26 ET
Table 'Edna II' 10-max Seat #5 is the button
Seat 5: ct-650 ($132 in chips)
Seat 6: Scheubi88 ($137.50 in chips)
ct-650: posts small blind $1
Scheubi88: posts big blind $3
*** HOLE CARDS ***
ct-650: raises $3 to $6
Scheubi88: raises $3 to $9
ct-650: calls $3
*** FLOP *** [Kc Ts 6d]
Scheubi88: bets $3
ct-650: calls $3
*** TURN *** [Kc Ts 6d] [Ac]
Scheubi88: bets $6
ct-650: folds
Uncalled bet ($6) returned to Scheubi88
Scheubi88 collected $23.52 from pot
*** SUMMARY ***
Total pot $24 | Rake $0.48
Board [Kc Ts 6d Ac]
Seat 5: ct-650 (button) (small blind) folded on the Turn
Seat 6: Scheubi88 (big blind) collected ($23.52)


PokerStars Hand #152001648092:  Hold'em Limit ($3/$6 USD) - 2016/04/16 12:31:37 ET
Table 'Edna II' 10-max Seat #6 is the button
Seat 5: ct-650 ($120 in chips)
Seat 6: Scheubi88 ($149.02 in chips)
Scheubi88: posts small blind $1
ct-650: posts big blind $3
*** HOLE CARDS ***
Scheubi88: raises $3 to $6
ct-650: calls $3
*** FLOP *** [8c 9h Qs]
ct-650: checks
Scheubi88: bets $3
ct-650: calls $3
*** TURN *** [8c 9h Qs] [7s]
ct-650: checks
Scheubi88: bets $6
ct-650: folds
Uncalled bet ($6) returned to Scheubi88
Scheubi88 collected $17.64 from pot
*** SUMMARY ***
Total pot $18 | Rake $0.36
Board [8c 9h Qs 7s]
Seat 5: ct-650 (big blind) folded on the Turn
Seat 6: Scheubi88 (button) (small blind) collected ($17.64)


PokerStars Hand #152001656320:  Hold'em Limit ($3/$6 USD) - 2016/04/16 12:31:48 ET
Table 'Edna II' 10-max Seat #5 is the button
Seat 5: ct-650 ($111 in chips)
Seat 6: Scheubi88 ($157.66 in chips)
ct-650: posts small blind $1
Scheubi88: posts big blind $3
*** HOLE CARDS ***
ct-650: raises $3 to $6
Scheubi88: calls $3
*** FLOP *** [2c 2s Jd]
Scheubi88: checks
ct-650: bets $3
Scheubi88: folds
Uncalled bet ($3) returned to ct-650
ct-650 collected $11.76 from pot
*** SUMMARY ***
Total pot $12 | Rake $0.24
Board [2c 2s Jd]
Seat 5: ct-650 (button) (small blind) collected ($11.76)
Seat 6: Scheubi88 (big blind) folded on the Flop


PokerStars Hand #152001662326:  Hold'em Limit ($3/$6 USD) - 2016/04/16 12:31:57 ET
Table 'Edna II' 10-max Seat #6 is the button
Seat 5: ct-650 ($116.76 in chips)
Seat 6: Scheubi88 ($151.66 in chips)
Scheubi88: posts small blind $1
ct-650: posts big blind $3
*** HOLE CARDS ***
Scheubi88: raises $3 to $6
ct-650: calls $3
*** FLOP *** [7h Tc 8c]
ct-650: checks
Scheubi88: bets $3
ct-650: calls $3
*** TURN *** [7h Tc 8c] [8s]
ct-650: checks
Scheubi88: checks
*** RIVER *** [7h Tc 8c 8s] [As]
ct-650: bets $6
Scheubi88: calls $6
*** SHOW DOWN ***
ct-650: shows [Ad 6s] (two pair, Aces and Eights)
Scheubi88: mucks hand
ct-650 collected $29.50 from pot
*** SUMMARY ***
Total pot $30 | Rake $0.50
Board [7h Tc 8c 8s As]
Seat 5: ct-650 (big blind) showed [Ad 6s] and won ($29.50) with two pair, Aces and Eights
Seat 6: Scheubi88 (button) (small blind) mucked


PokerStars Hand #152001670883:  Hold'em Limit ($3/$6 USD) - 2016/04/16 12:32:08 ET
Table 'Edna II' 10-max Seat #5 is the button
Seat 5: ct-650 ($131.26 in chips)
Seat 6: Scheubi88 ($136.66 in chips)
ct-650: posts small blind $1
Scheubi88: posts big blind $3
*** HOLE CARDS ***
ct-650: raises $3 to $6
Scheubi88: calls $3
*** FLOP *** [7d Qh 3h]
Scheubi88: checks
ct-650: bets $3
Scheubi88: calls $3
*** TURN *** [7d Qh 3h] [5s]
Scheubi88: checks
ct-650: checks
*** RIVER *** [7d Qh 3h 5s] [2c]
Scheubi88: checks
ct-650: checks
*** SHOW DOWN ***
Scheubi88: shows [Kd 2h] (a pair of Deuces)
ct-650: mucks hand
Scheubi88 collected $17.64 from pot
*** SUMMARY ***
Total pot $18 | Rake $0.36
Board [7d Qh 3h 5s 2c]
Seat 5: ct-650 (button) (small blind) mucked
Seat 6: Scheubi88 (big blind) showed [Kd 2h] and won ($17.64) with a pair of Deuces


PokerStars Hand #152001690021:  Hold'em Limit ($3/$6 USD) - 2016/04/16 12:32:34 ET
Table 'Edna II' 10-max Seat #5 is the button
Seat 5: ct-650 ($145.76 in chips)
Seat 6: Scheubi88 ($121.30 in chips)
ct-650: posts small blind $1
Scheubi88: posts big blind $3
*** HOLE CARDS ***
ct-650: folds
Uncalled bet ($2) returned to Scheubi88
Scheubi88 collected $2 from pot
*** SUMMARY ***
Total pot $2 | Rake $0
Seat 5: ct-650 (button) (small blind) folded before Flop
Seat 6: Scheubi88 (big blind) collected ($2)


PokerStars Hand #152001681945:  Hold'em Limit ($3/$6 USD) - 2016/04/16 12:32:23 ET
Table 'Edna II' 10-max Seat #6 is the button
Seat 5: ct-650 ($122.26 in chips)
Seat 6: Scheubi88 ($145.30 in chips)
Scheubi88: posts small blind $1
ct-650: posts big blind $3
*** HOLE CARDS ***
Scheubi88: raises $3 to $6
ct-650: raises $3 to $9
Scheubi88: calls $3
*** FLOP *** [2s 4c Kh]
ct-650: bets $3
Scheubi88: calls $3
*** TURN *** [2s 4c Kh] [3h]
ct-650: bets $6
Scheubi88: calls $6
*** RIVER *** [2s 4c Kh 3h] [Tc]
ct-650: bets $6
Scheubi88: calls $6
*** SHOW DOWN ***
ct-650: shows [Th Kd] (two pair, Kings and Tens)
Scheubi88: mucks hand
ct-650 collected $47.50 from pot
*** SUMMARY ***
Total pot $48 | Rake $0.50
Board [2s 4c Kh 3h Tc]
Seat 5: ct-650 (big blind) showed [Th Kd] and won ($47.50) with two pair, Kings and Tens
Seat 6: Scheubi88 (button) (small blind) mucked


PokerStars Hand #152001693475:  Hold'em Limit ($3/$6 USD) - 2016/04/16 12:32:39 ET
Table 'Edna II' 10-max Seat #6 is the button
Seat 5: ct-650 ($144.76 in chips)
Seat 6: Scheubi88 ($122.30 in chips)
Scheubi88: posts small blind $1
ct-650: posts big blind $3
*** HOLE CARDS ***
Scheubi88: raises $3 to $6
ct-650: folds
Uncalled bet ($3) returned to Scheubi88
Scheubi88 collected $6 from pot
*** SUMMARY ***
Total pot $6 | Rake $0
Seat 5: ct-650 (big blind) folded before Flop
Seat 6: Scheubi88 (button) (small blind) collected ($6)


PokerStars Hand #152001697482:  Hold'em Limit ($3/$6 USD) - 2016/04/16 12:32:44 ET
Table 'Edna II' 10-max Seat #5 is the button
Seat 5: ct-650 ($141.76 in chips)
Seat 6: Scheubi88 ($125.30 in chips)
ct-650: posts small blind $1
Scheubi88: posts big blind $3
*** HOLE CARDS ***
ct-650: raises $3 to $6
Scheubi88: calls $3
*** FLOP *** [4h Kd 9d]
Scheubi88: checks
ct-650: bets $3
Scheubi88: calls $3
*** TURN *** [4h Kd 9d] [5s]
Scheubi88: checks
ct-650: bets $6
Scheubi88: folds
Uncalled bet ($6) returned to ct-650
ct-650 collected $17.64 from pot
*** SUMMARY ***
Total pot $18 | Rake $0.36
Board [4h Kd 9d 5s]
Seat 5: ct-650 (button) (small blind) collected ($17.64)
Seat 6: Scheubi88 (big blind) folded on the Turn


PokerStars Hand #152001709889:  Hold'em Limit ($3/$6 USD) - 2016/04/16 12:33:01 ET
Table 'Edna II' 10-max Seat #5 is the button
Seat 5: ct-650 ($151.40 in chips)
Seat 6: Scheubi88 ($115.30 in chips)
ct-650: posts small blind $1
Scheubi88: posts big blind $3
*** HOLE CARDS ***
ct-650: raises $3 to $6
Scheubi88: calls $3
*** FLOP *** [4c Jd Tc]
Scheubi88: checks
ct-650: bets $3
Scheubi88: folds
Uncalled bet ($3) returned to ct-650
ct-650 collected $11.76 from pot
*** SUMMARY ***
Total pot $12 | Rake $0.24
Board [4c Jd Tc]
Seat 5: ct-650 (button) (small blind) collected ($11.76)
Seat 6: Scheubi88 (big blind) folded on the Flop


PokerStars Hand #152001706208:  Hold'em Limit ($3/$6 USD) - 2016/04/16 12:32:56 ET
Table 'Edna II' 10-max Seat #6 is the button
Seat 5: ct-650 ($150.40 in chips)
Seat 6: Scheubi88 ($116.30 in chips)
Scheubi88: posts small blind $1
ct-650: posts big blind $3
*** HOLE CARDS ***
Scheubi88: folds
Uncalled bet ($2) returned to ct-650
ct-650 collected $2 from pot
*** SUMMARY ***
Total pot $2 | Rake $0
Seat 5: ct-650 (big blind) collected ($2)
Seat 6: Scheubi88 (button) (small blind) folded before Flop


PokerStars Hand #152001724081:  Hold'em Limit ($3/$6 USD) - 2016/04/16 12:33:20 ET
Table 'Edna II' 10-max Seat #5 is the button
Seat 5: ct-650 ($180.66 in chips)
Seat 6: Scheubi88 ($85.30 in chips)
ct-650: posts small blind $1
Scheubi88: posts big blind $3
*** HOLE CARDS ***
ct-650: folds
Uncalled bet ($2) returned to Scheubi88
Scheubi88 collected $2 from pot
*** SUMMARY ***
Total pot $2 | Rake $0
Seat 5: ct-650 (button) (small blind) folded before Flop
Seat 6: Scheubi88 (big blind) collected ($2)


PokerStars Hand #152001715105:  Hold'em Limit ($3/$6 USD) - 2016/04/16 12:33:08 ET
Table 'Edna II' 10-max Seat #6 is the button
Seat 5: ct-650 ($157.16 in chips)
Seat 6: Scheubi88 ($109.30 in chips)
Scheubi88: posts small blind $1
ct-650: posts big blind $3
*** HOLE CARDS ***
Scheubi88: raises $3 to $6
ct-650: raises $3 to $9
Scheubi88: calls $3
*** FLOP *** [9s Qs 2s]
ct-650: bets $3
Scheubi88: calls $3
*** TURN *** [9s Qs 2s] [Qh]
ct-650: bets $6
Scheubi88: calls $6
*** RIVER *** [9s Qs 2s Qh] [3d]
ct-650: bets $6
Scheubi88: calls $6
*** SHOW DOWN ***
ct-650: shows [Js Jd] (two pair, Queens and Jacks)
Scheubi88: mucks hand
ct-650 collected $47.50 from pot
*** SUMMARY ***
Total pot $48 | Rake $0.50
Board [9s Qs 2s Qh 3d]
Seat 5: ct-650 (big blind) showed [Js Jd] and won ($47.50) with two pair, Queens and Jacks
Seat 6: Scheubi88 (button) (small blind) mucked


PokerStars Hand #152001728346:  Hold'em Limit ($3/$6 USD) - 2016/04/16 12:33:26 ET
Table 'Edna II' 10-max Seat #6 is the button
Seat 5: ct-650 ($179.66 in chips)
Seat 6: Scheubi88 ($86.30 in chips)
Scheubi88: posts small blind $1
ct-650: posts big blind $3
*** HOLE CARDS ***
Scheubi88: raises $3 to $6
ct-650: calls $3
*** FLOP *** [Qd 7d 4h]
ct-650: checks
Scheubi88: bets $3
ct-650: calls $3
*** TURN *** [Qd 7d 4h] [2d]
ct-650: checks
Scheubi88: checks
*** RIVER *** [Qd 7d 4h 2d] [Ks]
ct-650: checks
Scheubi88: checks
*** SHOW DOWN ***
ct-650: shows [6d As] (high card Ace)
Scheubi88: mucks hand
ct-650 collected $17.64 from pot
*** SUMMARY ***
Total pot $18 | Rake $0.36
Board [Qd 7d 4h 2d Ks]
Seat 5: ct-650 (big blind) showed [6d As] and won ($17.64) with high card Ace
Seat 6: Scheubi88 (button) (small blind) mucked


PokerStars Hand #152001736510:  Hold'em Limit ($3/$6 USD) - 2016/04/16 12:33:37 ET
Table 'Edna II' 10-max Seat #5 is the button
Seat 5: ct-650 ($188.30 in chips)
Seat 6: Scheubi88 ($77.30 in chips)
ct-650: posts small blind $1
Scheubi88: posts big blind $3
*** HOLE CARDS ***
ct-650: folds
Uncalled bet ($2) returned to Scheubi88
Scheubi88 collected $2 from pot
*** SUMMARY ***
Total pot $2 | Rake $0
Seat 5: ct-650 (button) (small blind) folded before Flop
Seat 6: Scheubi88 (big blind) collected ($2)


PokerStars Hand #152001740080:  Hold'em Limit ($3/$6 USD) - 2016/04/16 12:33:41 ET
Table 'Edna II' 10-max Seat #6 is the button
Seat 5: ct-650 ($187.30 in chips)
Seat 6: Scheubi88 ($78.30 in chips)
Scheubi88: posts small blind $1
ct-650: posts big blind $3
*** HOLE CARDS ***
Scheubi88: raises $3 to $6
ct-650: calls $3
*** FLOP *** [Jc 2h 9d]
ct-650: checks
Scheubi88: bets $3
ct-650: calls $3
*** TURN *** [Jc 2h 9d] [7s]
ct-650: checks
Scheubi88: checks
*** RIVER *** [Jc 2h 9d 7s] [Tc]
ct-650: checks
Scheubi88: checks
*** SHOW DOWN ***
ct-650: shows [4h Ks] (high card King)
Scheubi88: shows [3c 7h] (a pair of Sevens)
Scheubi88 collected $17.64 from pot
*** SUMMARY ***
Total pot $18 | Rake $0.36
Board [Jc 2h 9d 7s Tc]
Seat 5: ct-650 (big blind) showed [4h Ks] and lost with high card King
Seat 6: Scheubi88 (button) (small blind) showed [3c 7h] and won ($17.64) with a pair of Sevens


PokerStars Hand #152001748552:  Hold'em Limit ($3/$6 USD) - 2016/04/16 12:33:53 ET
Table 'Edna II' 10-max Seat #5 is the button
Seat 5: ct-650 ($178.30 in chips)
Seat 6: Scheubi88 ($86.94 in chips)
ct-650: posts small blind $1
Scheubi88: posts big blind $3
*** HOLE CARDS ***
ct-650: raises $3 to $6
Scheubi88: raises $3 to $9
ct-650: calls $3
*** FLOP *** [8s 9d Qc]
Scheubi88: bets $3
ct-650: calls $3
*** TURN *** [8s 9d Qc] [Jc]
Scheubi88: checks
ct-650: checks
*** RIVER *** [8s 9d Qc Jc] [Jh]
Scheubi88: checks
ct-650: bets $6
Scheubi88: calls $6
*** SHOW DOWN ***
ct-650: shows [Kc Ah] (a pair of Jacks)
Scheubi88: shows [6h 6c] (two pair, Jacks and Sixes)
Scheubi88 collected $35.50 from pot
*** SUMMARY ***
Total pot $36 | Rake $0.50
Board [8s 9d Qc Jc Jh]
Seat 5: ct-650 (button) (small blind) showed [Kc Ah] and lost with a pair of Jacks
Seat 6: Scheubi88 (big blind) showed [6h 6c] and won ($35.50) with two pair, Jacks and Sixes


PokerStars Hand #152001767199:  Hold'em Limit ($3/$6 USD) - 2016/04/16 12:34:18 ET
Table 'Edna II' 10-max Seat #6 is the button
Seat 5: ct-650 ($160.30 in chips)
Seat 6: Scheubi88 ($104.44 in chips)
Scheubi88: posts small blind $1
ct-650: posts big blind $3
*** HOLE CARDS ***
Scheubi88: folds
Uncalled bet ($2) returned to ct-650
ct-650 collected $2 from pot
*** SUMMARY ***
Total pot $2 | Rake $0
Seat 5: ct-650 (big blind) collected ($2)
Seat 6: Scheubi88 (button) (small blind) folded before Flop


PokerStars Hand #152001779545:  Hold'em Limit ($3/$6 USD) - 2016/04/16 12:34:35 ET
Table 'Edna II' 10-max Seat #6 is the button
Seat 5: ct-650 ($167.06 in chips)
Seat 6: Scheubi88 ($97.44 in chips)
Scheubi88: posts small blind $1
ct-650: posts big blind $3
*** HOLE CARDS ***
Scheubi88: folds
Uncalled bet ($2) returned to ct-650
ct-650 collected $2 from pot
*** SUMMARY ***
Total pot $2 | Rake $0
Seat 5: ct-650 (big blind) collected ($2)
Seat 6: Scheubi88 (button) (small blind) folded before Flop


PokerStars Hand #152001770552:  Hold'em Limit ($3/$6 USD) - 2016/04/16 12:34:23 ET
Table 'Edna II' 10-max Seat #5 is the button
Seat 5: ct-650 ($161.30 in chips)
Seat 6: Scheubi88 ($103.44 in chips)
ct-650: posts small blind $1
Scheubi88: posts big blind $3
*** HOLE CARDS ***
ct-650: raises $3 to $6
Scheubi88: calls $3
*** FLOP *** [Ks Jd 9s]
Scheubi88: checks
ct-650: bets $3
Scheubi88: folds
Uncalled bet ($3) returned to ct-650
ct-650 collected $11.76 from pot
*** SUMMARY ***
Total pot $12 | Rake $0.24
Board [Ks Jd 9s]
Seat 5: ct-650 (button) (small blind) collected ($11.76)
Seat 6: Scheubi88 (big blind) folded on the Flop


PokerStars Hand #152001792904:  Hold'em Limit ($3/$6 USD) - 2016/04/16 12:34:53 ET
Table 'Edna II' 10-max Seat #6 is the button
Seat 5: ct-650 ($188.56 in chips)
Seat 6: Scheubi88 ($75.44 in chips)
Scheubi88: posts small blind $1
ct-650: posts big blind $3
*** HOLE CARDS ***
Scheubi88: raises $3 to $6
ct-650: folds
Uncalled bet ($3) returned to Scheubi88
Scheubi88 collected $6 from pot
*** SUMMARY ***
Total pot $6 | Rake $0
Seat 5: ct-650 (big blind) folded before Flop
Seat 6: Scheubi88 (button) (small blind) collected ($6)


PokerStars Hand #152001782908:  Hold'em Limit ($3/$6 USD) - 2016/04/16 12:34:39 ET
Table 'Edna II' 10-max Seat #5 is the button
Seat 5: ct-650 ($168.06 in chips)
Seat 6: Scheubi88 ($96.44 in chips)
ct-650: posts small blind $1
Scheubi88: posts big blind $3
*** HOLE CARDS ***
ct-650: raises $3 to $6
Scheubi88: calls $3
*** FLOP *** [Ah 8s 9s]
Scheubi88: checks
ct-650: bets $3
Scheubi88: calls $3
*** TURN *** [Ah 8s 9s] [8d]
Scheubi88: checks
ct-650: bets $6
Scheubi88: calls $6
*** RIVER *** [Ah 8s 9s 8d] [Kc]
Scheubi88: checks
ct-650: bets $6
Scheubi88: calls $6
*** SHOW DOWN ***
ct-650: shows [As Jd] (two pair, Aces and Eights)
Scheubi88: mucks hand
ct-650 collected $41.50 from pot
*** SUMMARY ***
Total pot $42 | Rake $0.50
Board [Ah 8s 9s 8d Kc]
Seat 5: ct-650 (button) (small blind) showed [As Jd] and won ($41.50) with two pair, Aces and Eights
Seat 6: Scheubi88 (big blind) mucked


PokerStars Hand #152001796513:  Hold'em Limit ($3/$6 USD) - 2016/04/16 12:34:58 ET
Table 'Edna II' 10-max Seat #5 is the button
Seat 5: ct-650 ($185.56 in chips)
Seat 6: Scheubi88 ($78.44 in chips)
ct-650: posts small blind $1
Scheubi88: posts big blind $3
*** HOLE CARDS ***
ct-650: raises $3 to $6
Scheubi88: calls $3
*** FLOP *** [Kd 3c 9h]
Scheubi88: checks
ct-650: checks
*** TURN *** [Kd 3c 9h] [5c]
Scheubi88: bets $6
ct-650: raises $6 to $12
Scheubi88: calls $6
*** RIVER *** [Kd 3c 9h 5c] [7d]
Scheubi88: checks
ct-650: bets $6
Scheubi88: calls $6
*** SHOW DOWN ***
ct-650: shows [6s Kh] (a pair of Kings)
Scheubi88: mucks hand
ct-650 collected $47.50 from pot
*** SUMMARY ***
Total pot $48 | Rake $0.50
Board [Kd 3c 9h 5c 7d]
Seat 5: ct-650 (button) (small blind) showed [6s Kh] and won ($47.50) with a pair of Kings
Seat 6: Scheubi88 (big blind) mucked


PokerStars Hand #152001805897:  Hold'em Limit ($3/$6 USD) - 2016/04/16 12:35:10 ET
Table 'Edna II' 10-max Seat #6 is the button
Seat 5: ct-650 ($209.06 in chips)
Seat 6: Scheubi88 ($54.44 in chips)
Scheubi88: posts small blind $1
ct-650: posts big blind $3
*** HOLE CARDS ***
Scheubi88: raises $3 to $6
ct-650: calls $3
*** FLOP *** [Ad 3c Qd]
ct-650: checks
Scheubi88: checks
*** TURN *** [Ad 3c Qd] [3s]
ct-650: checks
Scheubi88: bets $6
ct-650: calls $6
*** RIVER *** [Ad 3c Qd 3s] [Td]
ct-650: checks
Scheubi88: bets $6
ct-650: folds
Uncalled bet ($6) returned to Scheubi88
Scheubi88 collected $23.52 from pot
*** SUMMARY ***
Total pot $24 | Rake $0.48
Board [Ad 3c Qd 3s Td]
Seat 5: ct-650 (big blind) folded on the River
Seat 6: Scheubi88 (button) (small blind) collected ($23.52)


PokerStars Hand #152001817598:  Hold'em Limit ($3/$6 USD) - 2016/04/16 12:35:26 ET
Table 'Edna II' 10-max Seat #5 is the button
Seat 5: ct-650 ($197.06 in chips)
Seat 6: Scheubi88 ($65.96 in chips)
ct-650: posts small blind $1
Scheubi88: posts big blind $3
*** HOLE CARDS ***
ct-650: raises $3 to $6
Scheubi88: raises $3 to $9
ct-650: calls $3
*** FLOP *** [Jh 5h Th]
Scheubi88: bets $3
ct-650: folds
Uncalled bet ($3) returned to Scheubi88
Scheubi88 collected $17.64 from pot
*** SUMMARY ***
Total pot $18 | Rake $0.36
Board [Jh 5h Th]
Seat 5: ct-650 (button) (small blind) folded on the Flop
Seat 6: Scheubi88 (big blind) collected ($17.64)


PokerStars Hand #152001823469:  Hold'em Limit ($3/$6 USD) - 2016/04/16 12:35:34 ET
Table 'Edna II' 10-max Seat #6 is the button
Seat 5: ct-650 ($188.06 in chips)
Seat 6: Scheubi88 ($74.60 in chips)
Scheubi88: posts small blind $1
ct-650: posts big blind $3
*** HOLE CARDS ***
Scheubi88: raises $3 to $6
ct-650: calls $3
*** FLOP *** [Td 3s 7h]
ct-650: checks
Scheubi88: bets $3
ct-650: raises $3 to $6
Scheubi88: calls $3
*** TURN *** [Td 3s 7h] [4c]
ct-650: bets $6
Scheubi88: calls $6
*** RIVER *** [Td 3s 7h 4c] [9s]
ct-650: bets $6
Scheubi88: calls $6
*** SHOW DOWN ***
ct-650: shows [9c 6d] (a pair of Nines)
Scheubi88: mucks hand
ct-650 collected $47.50 from pot
*** SUMMARY ***
Total pot $48 | Rake $0.50
Board [Td 3s 7h 4c 9s]
Seat 5: ct-650 (big blind) showed [9c 6d] and won ($47.50) with a pair of Nines
Seat 6: Scheubi88 (button) (small blind) mucked


PokerStars Hand #152001833080:  Hold'em Limit ($3/$6 USD) - 2016/04/16 12:35:47 ET
Table 'Edna II' 10-max Seat #5 is the button
Seat 5: ct-650 ($211.56 in chips)
Seat 6: Scheubi88 ($50.60 in chips)
ct-650: posts small blind $1
Scheubi88: posts big blind $3
*** HOLE CARDS ***
ct-650: raises $3 to $6
Scheubi88: raises $3 to $9
ct-650: calls $3
*** FLOP *** [As Kh 5d]
Scheubi88: bets $3
ct-650: calls $3
*** TURN *** [As Kh 5d] [2h]
Scheubi88: bets $6
ct-650: folds
Uncalled bet ($6) returned to Scheubi88
Scheubi88 collected $23.52 from pot
*** SUMMARY ***
Total pot $24 | Rake $0.48
Board [As Kh 5d 2h]
Seat 5: ct-650 (button) (small blind) folded on the Turn
Seat 6: Scheubi88 (big blind) collected ($23.52)


PokerStars Hand #152001840283:  Hold'em Limit ($3/$6 USD) - 2016/04/16 12:35:56 ET
Table 'Edna II' 10-max Seat #6 is the button
Seat 5: ct-650 ($199.56 in chips)
Seat 6: Scheubi88 ($62.12 in chips)
Scheubi88: posts small blind $1
ct-650: posts big blind $3
*** HOLE CARDS ***
Scheubi88: raises $3 to $6
ct-650: raises $3 to $9
Scheubi88: calls $3
*** FLOP *** [5c 5s 8h]
ct-650: bets $3
Scheubi88: calls $3
*** TURN *** [5c 5s 8h] [Ac]
ct-650: bets $6
Scheubi88: raises $6 to $12
ct-650: folds
Uncalled bet ($6) returned to Scheubi88
Scheubi88 collected $35.50 from pot
*** SUMMARY ***
Total pot $36 | Rake $0.50
Board [5c 5s 8h Ac]
Seat 5: ct-650 (big blind) folded on the Turn
Seat 6: Scheubi88 (button) (small blind) collected ($35.50)


PokerStars Hand #152001849418:  Hold'em Limit ($3/$6 USD) - 2016/04/16 12:36:09 ET
Table 'Edna II' 10-max Seat #5 is the button
Seat 5: ct-650 ($181.56 in chips)
Seat 6: Scheubi88 ($79.62 in chips)
ct-650: posts small blind $1
Scheubi88: posts big blind $3
*** HOLE CARDS ***
ct-650: raises $3 to $6
Scheubi88: calls $3
*** FLOP *** [8h 5c 4h]
Scheubi88: checks
ct-650: checks
*** TURN *** [8h 5c 4h] [3h]
Scheubi88: checks
ct-650: bets $6
Scheubi88: folds
Uncalled bet ($6) returned to ct-650
ct-650 collected $11.76 from pot
*** SUMMARY ***
Total pot $12 | Rake $0.24
Board [8h 5c 4h 3h]
Seat 5: ct-650 (button) (small blind) collected ($11.76)
Seat 6: Scheubi88 (big blind) folded on the Turn


PokerStars Hand #152001857702:  Hold'em Limit ($3/$6 USD) - 2016/04/16 12:36:20 ET
Table 'Edna II' 10-max Seat #6 is the button
Seat 5: ct-650 ($187.32 in chips)
Seat 6: Scheubi88 ($73.62 in chips)
Scheubi88: posts small blind $1
ct-650: posts big blind $3
*** HOLE CARDS ***
Scheubi88: raises $3 to $6
ct-650: raises $3 to $9
Scheubi88: calls $3
*** FLOP *** [Jh 7d 4s]
ct-650: bets $3
Scheubi88: calls $3
*** TURN *** [Jh 7d 4s] [Qc]
ct-650: checks
Scheubi88: checks
*** RIVER *** [Jh 7d 4s Qc] [4d]
ct-650: bets $6
Scheubi88: calls $6
*** SHOW DOWN ***
ct-650: shows [As Th] (a pair of Fours)
Scheubi88: shows [9d Ad] (a pair of Fours)
ct-650 collected $17.75 from pot
Scheubi88 collected $17.75 from pot
*** SUMMARY ***
Total pot $36 | Rake $0.50
Board [Jh 7d 4s Qc 4d]
Seat 5: ct-650 (big blind) showed [As Th] and won ($17.75) with a pair of Fours
Seat 6: Scheubi88 (button) (small blind) showed [9d Ad] and won ($17.75) with a pair of Fours


PokerStars Hand #152001883408:  Hold'em Limit ($3/$6 USD) - 2016/04/16 12:36:55 ET
Table 'Edna II' 10-max Seat #6 is the button
Seat 5: ct-650 ($178.07 in chips)
Seat 6: Scheubi88 ($82.01 in chips)
Scheubi88: posts small blind $1
ct-650: posts big blind $3
*** HOLE CARDS ***
Scheubi88: raises $3 to $6
ct-650: folds
Uncalled bet ($3) returned to Scheubi88
Scheubi88 collected $6 from pot
*** SUMMARY ***
Total pot $6 | Rake $0
Seat 5: ct-650 (big blind) folded before Flop
Seat 6: Scheubi88 (button) (small blind) collected ($6)


PokerStars Hand #152001872863:  Hold'em Limit ($3/$6 USD) - 2016/04/16 12:36:41 ET
Table 'Edna II' 10-max Seat #5 is the button
Seat 5: ct-650 ($187.07 in chips)
Seat 6: Scheubi88 ($73.37 in chips)
ct-650: posts small blind $1
Scheubi88: posts big blind $3
*** HOLE CARDS ***
ct-650: raises $3 to $6
Scheubi88: calls $3
*** FLOP *** [3s 4s Kh]
Scheubi88: checks
ct-650: bets $3
Scheubi88: calls $3
*** TURN *** [3s 4s Kh] [4h]
Scheubi88: checks
ct-650: checks
*** RIVER *** [3s 4s Kh 4h] [7s]
Scheubi88: checks
ct-650: checks
*** SHOW DOWN ***
Scheubi88: shows [Th Qd] (a pair of Fours)
ct-650: mucks hand
Scheubi88 collected $17.64 from pot
*** SUMMARY ***
Total pot $18 | Rake $0.36
Board [3s 4s Kh 4h 7s]
Seat 5: ct-650 (button) (small blind) mucked
Seat 6: Scheubi88 (big blind) showed [Th Qd] and won ($17.64) with a pair of Fours


PokerStars Hand #152001887238:  Hold'em Limit ($3/$6 USD) - 2016/04/16 12:37:00 ET
Table 'Edna II' 10-max Seat #5 is the button
Seat 5: ct-650 ($175.07 in chips)
Seat 6: Scheubi88 ($85.01 in chips)
ct-650: posts small blind $1
Scheubi88: posts big blind $3
*** HOLE CARDS ***
ct-650: raises $3 to $6
Scheubi88: calls $3
*** FLOP *** [8d 7s Td]
Scheubi88: checks
ct-650: bets $3
Scheubi88: raises $3 to $6
ct-650: calls $3
*** TURN *** [8d 7s Td] [9c]
Scheubi88: checks
ct-650: bets $6
Scheubi88: calls $6
*** RIVER *** [8d 7s Td 9c] [Kc]
Scheubi88: checks
ct-650: bets $6
Scheubi88: calls $6
*** SHOW DOWN ***
ct-650: shows [Th 7c] (two pair, Tens and Sevens)
Scheubi88: mucks hand
ct-650 collected $47.50 from pot
*** SUMMARY ***
Total pot $48 | Rake $0.50
Board [8d 7s Td 9c Kc]
Seat 5: ct-650 (button) (small blind) showed [Th 7c] and won ($47.50) with two pair, Tens and Sevens
Seat 6: Scheubi88 (big blind) mucked


PokerStars Hand #152001898636:  Hold'em Limit ($3/$6 USD) - 2016/04/16 12:37:15 ET
Table 'Edna II' 10-max Seat #6 is the button
Seat 5: ct-650 ($198.57 in chips)
Seat 6: Scheubi88 ($61.01 in chips)
Scheubi88: posts small blind $1
ct-650: posts big blind $3
*** HOLE CARDS ***
Scheubi88: raises $3 to $6
ct-650: raises $3 to $9
Scheubi88: calls $3
*** FLOP *** [5h 2h 4c]
ct-650: bets $3
Scheubi88: calls $3
*** TURN *** [5h 2h 4c] [Qc]
ct-650: bets $6
Scheubi88: calls $6
*** RIVER *** [5h 2h 4c Qc] [6s]
ct-650: bets $6
Scheubi88: folds
Uncalled bet ($6) returned to ct-650
ct-650 collected $35.50 from pot
*** SUMMARY ***
Total pot $36 | Rake $0.50
Board [5h 2h 4c Qc 6s]
Seat 5: ct-650 (big blind) collected ($35.50)
Seat 6: Scheubi88 (button) (small blind) folded on the River


PokerStars Hand #152001906958:  Hold'em Limit ($3/$6 USD) - 2016/04/16 12:37:27 ET
Table 'Edna II' 10-max Seat #5 is the button
Seat 5: ct-650 ($216.07 in chips)
Seat 6: Scheubi88 ($43.01 in chips)
ct-650: posts small blind $1
Scheubi88: posts big blind $3
*** HOLE CARDS ***
ct-650: raises $3 to $6
Scheubi88: raises $3 to $9
ct-650: calls $3
*** FLOP *** [9c Qs 8s]
Scheubi88: bets $3
ct-650: calls $3
*** TURN *** [9c Qs 8s] [Jc]
Scheubi88: bets $6
ct-650: calls $6
*** RIVER *** [9c Qs 8s Jc] [5h]
Scheubi88: checks
ct-650: checks
*** SHOW DOWN ***
Scheubi88: shows [Ks As] (high card Ace)
ct-650: mucks hand
Scheubi88 collected $35.50 from pot
*** SUMMARY ***
Total pot $36 | Rake $0.50
Board [9c Qs 8s Jc 5h]
Seat 5: ct-650 (button) (small blind) mucked
Seat 6: Scheubi88 (big blind) showed [Ks As] and won ($35.50) with high card Ace


PokerStars Hand #152001925766:  Hold'em Limit ($3/$6 USD) - 2016/04/16 12:37:52 ET
Table 'Edna II' 10-max Seat #5 is the button
Seat 5: ct-650 ($192.07 in chips)
Seat 6: Scheubi88 ($66.27 in chips)
ct-650: posts small blind $1
Scheubi88: posts big blind $3
*** HOLE CARDS ***
ct-650: folds
Uncalled bet ($2) returned to Scheubi88
Scheubi88 collected $2 from pot
*** SUMMARY ***
Total pot $2 | Rake $0
Seat 5: ct-650 (button) (small blind) folded before Flop
Seat 6: Scheubi88 (big blind) collected ($2)


PokerStars Hand #152001917151:  Hold'em Limit ($3/$6 USD) - 2016/04/16 12:37:40 ET
Table 'Edna II' 10-max Seat #6 is the button
Seat 5: ct-650 ($198.07 in chips)
Seat 6: Scheubi88 ($60.51 in chips)
Scheubi88: posts small blind $1
ct-650: posts big blind $3
*** HOLE CARDS ***
Scheubi88: raises $3 to $6
ct-650: calls $3
*** FLOP *** [6s 8d Td]
ct-650: checks
Scheubi88: checks
*** TURN *** [6s 8d Td] [6d]
ct-650: checks
JoeBlack1982 joins the table at seat #10
Scheubi88: checks
*** RIVER *** [6s 8d Td 6d] [2h]
ct-650: checks
Scheubi88: bets $6
ct-650: folds
Uncalled bet ($6) returned to Scheubi88
Scheubi88 collected $11.76 from pot
*** SUMMARY ***
Total pot $12 | Rake $0.24
Board [6s 8d Td 6d 2h]
Seat 5: ct-650 (big blind) folded on the River
Seat 6: Scheubi88 (button) (small blind) collected ($11.76)


PokerStars Hand #152001961792:  Hold'em Limit ($3/$6 USD) - 2016/04/16 12:38:41 ET
Table 'Edna II' 10-max Seat #6 is the button
Seat 6: Scheubi88 ($75.10 in chips)
Seat 10: JoeBlack1982 ($128.52 in chips)
Scheubi88: posts small blind $1
JoeBlack1982: posts big blind $3
*** HOLE CARDS ***
Scheubi88: raises $3 to $6
JoeBlack1982: calls $3
*** FLOP *** [8s Td 4s]
JoeBlack1982: checks
Scheubi88: bets $3
JoeBlack1982: calls $3
*** TURN *** [8s Td 4s] [Kd]
JoeBlack1982: checks
Scheubi88: bets $6
JoeBlack1982: raises $6 to $12
Scheubi88: calls $6
*** RIVER *** [8s Td 4s Kd] [4h]
JoeBlack1982: bets $6
Scheubi88: calls $6
*** SHOW DOWN ***
JoeBlack1982: shows [8h Tc] (two pair, Tens and Eights)
Scheubi88: mucks hand
JoeBlack1982 collected $53.50 from pot
*** SUMMARY ***
Total pot $54 | Rake $0.50
Board [8s Td 4s Kd 4h]
Seat 6: Scheubi88 (button) (small blind) mucked
Seat 10: JoeBlack1982 (big blind) showed [8h Tc] and won ($53.50) with two pair, Tens and Eights


PokerStars Hand #152001978332:  Hold'em Limit ($3/$6 USD) - 2016/04/16 12:39:03 ET
Table 'Edna II' 10-max Seat #10 is the button
Seat 6: Scheubi88 ($48.10 in chips)
Seat 10: JoeBlack1982 ($155.02 in chips)
JoeBlack1982: posts small blind $1
Scheubi88: posts big blind $3
*** HOLE CARDS ***
JoeBlack1982: raises $3 to $6
Scheubi88: raises $3 to $9
JoeBlack1982: calls $3
*** FLOP *** [7c 5s Kc]
Scheubi88: bets $3
JoeBlack1982: calls $3
*** TURN *** [7c 5s Kc] [Ts]
Scheubi88: checks
JoeBlack1982: bets $6
Scheubi88: calls $6
*** RIVER *** [7c 5s Kc Ts] [9h]
Scheubi88: checks
JoeBlack1982: checks
*** SHOW DOWN ***
Scheubi88: shows [Qh Ah] (high card Ace)
JoeBlack1982: shows [Jd 7d] (a pair of Sevens)
JoeBlack1982 collected $35.50 from pot
*** SUMMARY ***
Total pot $36 | Rake $0.50
Board [7c 5s Kc Ts 9h]
Seat 6: Scheubi88 (big blind) showed [Qh Ah] and lost with high card Ace
Seat 10: JoeBlack1982 (button) (small blind) showed [Jd 7d] and won ($35.50) with a pair of Sevens


PokerStars Hand #152001939662:  Hold'em Limit ($3/$6 USD) - 2016/04/16 12:38:11 ET
Table 'Edna II' 10-max Seat #10 is the button
Seat 6: Scheubi88 ($87.10 in chips)
Seat 10: JoeBlack1982 ($117 in chips)
JoeBlack1982: posts small blind $1
ct-650: is sitting out
Scheubi88: posts big blind $3
*** HOLE CARDS ***
JoeBlack1982: raises $3 to $6
Scheubi88: calls $3
*** FLOP *** [Jh 8h Tc]
Scheubi88: checks
JoeBlack1982: bets $3
Scheubi88: raises $3 to $6
JoeBlack1982: calls $3
*** TURN *** [Jh 8h Tc] [6s]
Scheubi88: checks
JoeBlack1982: checks
*** RIVER *** [Jh 8h Tc 6s] [7c]
Scheubi88: checks
JoeBlack1982: bets $6
Scheubi88: folds
Uncalled bet ($6) returned to JoeBlack1982
JoeBlack1982 collected $23.52 from pot
JoeBlack1982: doesn't show hand
*** SUMMARY ***
Total pot $24 | Rake $0.48
Board [Jh 8h Tc 6s 7c]
Seat 6: Scheubi88 (big blind) folded on the River
Seat 10: JoeBlack1982 (button) (small blind) collected ($23.52)


PokerStars Hand #152001991449:  Hold'em Limit ($3/$6 USD) - 2016/04/16 12:39:21 ET
Table 'Edna II' 10-max Seat #6 is the button
Seat 6: Scheubi88 ($30.10 in chips)
Seat 10: JoeBlack1982 ($172.52 in chips)
Scheubi88: posts small blind $1
JoeBlack1982: posts big blind $3
*** HOLE CARDS ***
RockKillerTY joins the table at seat #1
Scheubi88: raises $3 to $6
JoeBlack1982: raises $3 to $9
derdex joins the table at seat #2
Scheubi88: calls $3
*** FLOP *** [8h 3s Ts]
JoeBlack1982: bets $3
Scheubi88: calls $3
*** TURN *** [8h 3s Ts] [8s]
JoeBlack1982: bets $6
Scheubi88: raises $6 to $12
JoeBlack1982: raises $6 to $18
Scheubi88: calls $6
*** RIVER *** [8h 3s Ts 8s] [9d]
JoeBlack1982: bets $6
Scheubi88: calls $0.10 and is all-in
Uncalled bet ($5.90) returned to JoeBlack1982
*** SHOW DOWN ***
JoeBlack1982: shows [Kh Kd] (two pair, Kings and Eights)
Scheubi88: shows [Tc Kc] (two pair, Tens and Eights)
JoeBlack1982 collected $59.70 from pot
*** SUMMARY ***
Total pot $60.20 | Rake $0.50
Board [8h 3s Ts 8s 9d]
Seat 6: Scheubi88 (button) (small blind) showed [Tc Kc] and lost with two pair, Tens and Eights
Seat 10: JoeBlack1982 (big blind) showed [Kh Kd] and won ($59.70) with two pair, Kings and Eights


