PokerStars Hand #174193779302:  Hold'em Limit ($3/$6 USD) - 2017/08/11 8:25:01 ET
Table 'Eduarda' 6-max Seat #2 is the button
Seat 2: s4ntaa ($50 in chips)
Seat 3: zimin10 ($72 in chips)
s4ntaa: posts small blind $1
zimin10: posts big blind $3
*** HOLE CARDS ***
GoliafUa leaves the table
s4ntaa: raises $3 to $6
zimin10: folds
Uncalled bet ($3) returned to s4ntaa
s4ntaa collected $6 from pot
s4ntaa: doesn't show hand
*** SUMMARY ***
Total pot $6 | Rake $0
Seat 2: s4ntaa (button) (small blind) collected ($6)
Seat 3: zimin10 (big blind) folded before Flop


PokerStars Hand #174193783769:  Hold'em Limit ($3/$6 USD) - 2017/08/11 8:25:10 ET
Table 'Eduarda' 6-max Seat #3 is the button
Seat 2: s4ntaa ($53 in chips)
Seat 3: zimin10 ($72 in chips)
zimin10: posts small blind $1
s4ntaa: posts big blind $3
*** HOLE CARDS ***
zimin10: raises $3 to $6
s4ntaa: calls $3
*** FLOP *** [Tc Jh 3c]
s4ntaa: checks
zimin10: bets $3
s4ntaa: raises $3 to $6
zimin10: calls $3
*** TURN *** [Tc Jh 3c] [Ks]
s4ntaa: checks
zimin10: bets $6
s4ntaa: calls $6
*** RIVER *** [Tc Jh 3c Ks] [Kc]
s4ntaa: bets $6
zimin10: calls $6
*** SHOW DOWN ***
s4ntaa: shows [6h 3h] (two pair, Kings and Threes)
zimin10: shows [8d Td] (two pair, Kings and Tens)
zimin10 collected $47.50 from pot
*** SUMMARY ***
Total pot $48 | Rake $0.50
Board [Tc Jh 3c Ks Kc]
Seat 2: s4ntaa (big blind) showed [6h 3h] and lost with two pair, Kings and Threes
Seat 3: zimin10 (button) (small blind) showed [8d Td] and won ($47.50) with two pair, Kings and Tens


PokerStars Hand #174193802473:  Hold'em Limit ($3/$6 USD) - 2017/08/11 8:25:51 ET
Table 'Eduarda' 6-max Seat #2 is the button
Seat 2: s4ntaa ($29 in chips)
Seat 3: zimin10 ($95.50 in chips)
s4ntaa: posts small blind $1
zimin10: posts big blind $3
*** HOLE CARDS ***
s4ntaa: raises $3 to $6
zimin10: calls $3
*** FLOP *** [Qd Td Js]
zimin10: checks
s4ntaa: checks
*** TURN *** [Qd Td Js] [Ah]
Fetish73 joins the table at seat #4
zimin10: checks
s4ntaa: checks
*** RIVER *** [Qd Td Js Ah] [2h]
zimin10: checks
s4ntaa: bets $6
zimin10: calls $6
*** SHOW DOWN ***
s4ntaa: shows [7d 8h] (high card Ace)
zimin10: shows [9s Qc] (a pair of Queens)
zimin10 collected $23.52 from pot
*** SUMMARY ***
Total pot $24 | Rake $0.48
Board [Qd Td Js Ah 2h]
Seat 2: s4ntaa (button) (small blind) showed [7d 8h] and lost with high card Ace
Seat 3: zimin10 (big blind) showed [9s Qc] and won ($23.52) with a pair of Queens


PokerStars Hand #174193924761:  Hold'em Limit ($3/$6 USD) - 2017/08/11 8:30:16 ET
Table 'Eduarda' 6-max Seat #4 is the button
Seat 3: zimin10 ($106.38 in chips)
Seat 4: Fetish73 ($156.92 in chips)
Fetish73: posts small blind $1
s4ntaa: is sitting out
zimin10: posts big blind $3
*** HOLE CARDS ***
Fetish73: raises $3 to $6
s4ntaa leaves the table
zimin10: calls $3
*** FLOP *** [4c Jd Tc]
Psynto leaves the table
zimin10: checks
Fetish73: bets $3
s4ntaa joins the table at seat #5
zimin10: raises $3 to $6
Fetish73: calls $3
*** TURN *** [4c Jd Tc] [Qs]
zimin10: bets $6
Fetish73: folds
Uncalled bet ($6) returned to zimin10
zimin10 collected $23.52 from pot
*** SUMMARY ***
Total pot $24 | Rake $0.48
Board [4c Jd Tc Qs]
Seat 3: zimin10 (big blind) collected ($23.52)
Seat 4: Fetish73 (button) (small blind) folded on the Turn


PokerStars Hand #174194120190:  Hold'em Limit ($3/$6 USD) - 2017/08/11 8:37:15 ET
Table 'Eduarda' 6-max Seat #3 is the button
Seat 3: zimin10 ($139.78 in chips)
Seat 4: Fetish73 ($184.41 in chips)
zimin10: posts small blind $1
Fetish73: posts big blind $3
*** HOLE CARDS ***
zimin10: raises $3 to $6
Fetish73: folds
Uncalled bet ($3) returned to zimin10
zimin10 collected $6 from pot
*** SUMMARY ***
Total pot $6 | Rake $0
Seat 3: zimin10 (button) (small blind) collected ($6)
Seat 4: Fetish73 (big blind) folded before Flop


PokerStars Hand #174195195259:  Hold'em Limit ($3/$6 USD) - 2017/08/11 9:14:44 ET
Table 'Eduarda' 6-max Seat #3 is the button
Seat 1: xxPSRxx ($94.19 in chips)
Seat 3: zimin10 ($98.30 in chips)
zimin10: posts small blind $1
Psynto: is sitting out
xxPSRxx: posts big blind $3
*** HOLE CARDS ***
Psynto leaves the table
zimin10: raises $3 to $6
xxPSRxx: calls $3
*** FLOP *** [9s Ad 8h]
xxPSRxx: checks
zimin10: bets $3
xxPSRxx: folds
Uncalled bet ($3) returned to zimin10
zimin10 collected $11.76 from pot
xxPSRxx leaves the table
*** SUMMARY ***
Total pot $12 | Rake $0.24
Board [9s Ad 8h]
Seat 1: xxPSRxx (big blind) folded on the Flop
Seat 3: zimin10 (button) (small blind) collected ($11.76)


