PokerStars Hand #148943934769:  Hold'em Limit ($3/$6 USD) - 2016/02/17 4:41:21 ET
Table 'Efremiana' 10-max Seat #1 is the button
Seat 1: VolkovDmitri ($120 in chips)
Seat 2: mishkamoya ($120 in chips)
VolkovDmitri: posts small blind $1
mishkamoya: posts big blind $3
*** HOLE CARDS ***
VolkovDmitri: raises $3 to $6
mishkamoya: folds
Uncalled bet ($3) returned to VolkovDmitri
VolkovDmitri collected $6 from pot
VolkovDmitri: doesn't show hand
*** SUMMARY ***
Total pot $6 | Rake $0
Seat 1: VolkovDmitri (button) (small blind) collected ($6)
Seat 2: mishkamoya (big blind) folded before Flop


PokerStars Hand #148943945434:  Hold'em Limit ($3/$6 USD) - 2016/02/17 4:41:45 ET
Table 'Efremiana' 10-max Seat #1 is the button
Seat 1: VolkovDmitri ($124 in chips)
Seat 2: mishkamoya ($116 in chips)
VolkovDmitri: posts small blind $1
mishkamoya: posts big blind $3
*** HOLE CARDS ***
kolaz03 joins the table at seat #3
VolkovDmitri: raises $3 to $6
mishkamoya: calls $3
*** FLOP *** [6d Kc 2c]
mishkamoya: checks
VolkovDmitri: bets $3
mishkamoya: folds
Uncalled bet ($3) returned to VolkovDmitri
VolkovDmitri collected $11.76 from pot
VolkovDmitri: doesn't show hand
*** SUMMARY ***
Total pot $12 | Rake $0.24
Board [6d Kc 2c]
Seat 1: VolkovDmitri (button) (small blind) collected ($11.76)
Seat 2: mishkamoya (big blind) folded on the Flop


PokerStars Hand #148943943082:  Hold'em Limit ($3/$6 USD) - 2016/02/17 4:41:40 ET
Table 'Efremiana' 10-max Seat #2 is the button
Seat 1: VolkovDmitri ($123 in chips)
Seat 2: mishkamoya ($117 in chips)
mishkamoya: posts small blind $1
VolkovDmitri: posts big blind $3
*** HOLE CARDS ***
mishkamoya: folds
Uncalled bet ($2) returned to VolkovDmitri
VolkovDmitri collected $2 from pot
VolkovDmitri: doesn't show hand
*** SUMMARY ***
Total pot $2 | Rake $0
Seat 1: VolkovDmitri (big blind) collected ($2)
Seat 2: mishkamoya (button) (small blind) folded before Flop


PokerStars Hand #148944290024:  Hold'em Limit ($3/$6 USD) - 2016/02/17 4:54:29 ET
Table 'Efremiana' 10-max Seat #3 is the button
Seat 2: mishkamoya ($142.48 in chips)
Seat 3: kolaz03 ($163.54 in chips)
kolaz03: posts small blind $1
VolkovDmitri: is sitting out
mishkamoya: posts big blind $3
*** HOLE CARDS ***
kolaz03: raises $3 to $6
mishkamoya: calls $3
*** FLOP *** [Ad Qc 4d]
mishkamoya: checks
kolaz03: bets $3
mishkamoya: folds
Uncalled bet ($3) returned to kolaz03
kolaz03 collected $11.76 from pot
kolaz03: doesn't show hand
*** SUMMARY ***
Total pot $12 | Rake $0.24
Board [Ad Qc 4d]
Seat 2: mishkamoya (big blind) folded on the Flop
Seat 3: kolaz03 (button) (small blind) collected ($11.76)


PokerStars Hand #148944296339:  Hold'em Limit ($3/$6 USD) - 2016/02/17 4:54:43 ET
Table 'Efremiana' 10-max Seat #2 is the button
Seat 2: mishkamoya ($136.48 in chips)
Seat 3: kolaz03 ($169.30 in chips)
mishkamoya: posts small blind $1
kolaz03: posts big blind $3
*** HOLE CARDS ***
mishkamoya: raises $3 to $6
kolaz03: calls $3
*** FLOP *** [9s Ac 4d]
kolaz03: checks
mishkamoya: checks
*** TURN *** [9s Ac 4d] [2h]
kolaz03: checks
mishkamoya: bets $6
kolaz03: folds
Uncalled bet ($6) returned to mishkamoya
mishkamoya collected $11.76 from pot
mishkamoya: doesn't show hand
*** SUMMARY ***
Total pot $12 | Rake $0.24
Board [9s Ac 4d 2h]
Seat 2: mishkamoya (button) (small blind) collected ($11.76)
Seat 3: kolaz03 (big blind) folded on the Turn


PokerStars Hand #148944303959:  Hold'em Limit ($3/$6 USD) - 2016/02/17 4:54:59 ET
Table 'Efremiana' 10-max Seat #3 is the button
Seat 2: mishkamoya ($142.24 in chips)
Seat 3: kolaz03 ($163.30 in chips)
kolaz03: posts small blind $1
mishkamoya: posts big blind $3
*** HOLE CARDS ***
kolaz03: raises $3 to $6
mishkamoya: folds
Uncalled bet ($3) returned to kolaz03
kolaz03 collected $6 from pot
kolaz03: doesn't show hand
*** SUMMARY ***
Total pot $6 | Rake $0
Seat 2: mishkamoya (big blind) folded before Flop
Seat 3: kolaz03 (button) (small blind) collected ($6)


PokerStars Hand #148944307738:  Hold'em Limit ($3/$6 USD) - 2016/02/17 4:55:07 ET
Table 'Efremiana' 10-max Seat #2 is the button
Seat 2: mishkamoya ($139.24 in chips)
Seat 3: kolaz03 ($166.30 in chips)
mishkamoya: posts small blind $1
kolaz03: posts big blind $3
*** HOLE CARDS ***
mishkamoya: raises $3 to $6
kolaz03: calls $3
*** FLOP *** [Ks 6s 5h]
kolaz03: checks
mishkamoya: checks
*** TURN *** [Ks 6s 5h] [Qh]
kolaz03: checks
mishkamoya: bets $6
kolaz03: folds
Uncalled bet ($6) returned to mishkamoya
mishkamoya collected $11.76 from pot
mishkamoya: doesn't show hand
*** SUMMARY ***
Total pot $12 | Rake $0.24
Board [Ks 6s 5h Qh]
Seat 2: mishkamoya (button) (small blind) collected ($11.76)
Seat 3: kolaz03 (big blind) folded on the Turn


PokerStars Hand #148944314263:  Hold'em Limit ($3/$6 USD) - 2016/02/17 4:55:22 ET
Table 'Efremiana' 10-max Seat #3 is the button
Seat 2: mishkamoya ($145 in chips)
Seat 3: kolaz03 ($160.30 in chips)
kolaz03: posts small blind $1
mishkamoya: posts big blind $3
*** HOLE CARDS ***
kolaz03: raises $3 to $6
mishkamoya: folds
Uncalled bet ($3) returned to kolaz03
kolaz03 collected $6 from pot
kolaz03: doesn't show hand
*** SUMMARY ***
Total pot $6 | Rake $0
Seat 2: mishkamoya (big blind) folded before Flop
Seat 3: kolaz03 (button) (small blind) collected ($6)


PokerStars Hand #148944336635:  Hold'em Limit ($3/$6 USD) - 2016/02/17 4:56:16 ET
Table 'Efremiana' 10-max Seat #3 is the button
Seat 2: mishkamoya ($133 in chips)
Seat 3: kolaz03 ($171.94 in chips)
kolaz03: posts small blind $1
mishkamoya: posts big blind $3
*** HOLE CARDS ***
kolaz03: raises $3 to $6
mishkamoya: raises $3 to $9
kolaz03: calls $3
*** FLOP *** [4s Jc Kd]
mishkamoya: bets $3
kolaz03: folds
Uncalled bet ($3) returned to mishkamoya
mishkamoya collected $17.64 from pot
mishkamoya: doesn't show hand
*** SUMMARY ***
Total pot $18 | Rake $0.36
Board [4s Jc Kd]
Seat 2: mishkamoya (big blind) collected ($17.64)
Seat 3: kolaz03 (button) (small blind) folded on the Flop


PokerStars Hand #148944331004:  Hold'em Limit ($3/$6 USD) - 2016/02/17 4:56:03 ET
Table 'Efremiana' 10-max Seat #3 is the button
Seat 2: mishkamoya ($133 in chips)
Seat 3: kolaz03 ($171.94 in chips)
kolaz03: posts small blind $1
mishkamoya: posts big blind $3
*** HOLE CARDS ***
kolaz03: folds
Uncalled bet ($2) returned to mishkamoya
mishkamoya collected $2 from pot
mishkamoya: doesn't show hand
*** SUMMARY ***
Total pot $2 | Rake $0
Seat 2: mishkamoya (big blind) collected ($2)
Seat 3: kolaz03 (button) (small blind) folded before Flop


PokerStars Hand #148944318218:  Hold'em Limit ($3/$6 USD) - 2016/02/17 4:55:32 ET
Table 'Efremiana' 10-max Seat #2 is the button
Seat 2: mishkamoya ($142 in chips)
Seat 3: kolaz03 ($163.30 in chips)
mishkamoya: posts small blind $1
kolaz03: posts big blind $3
*** HOLE CARDS ***
mishkamoya: raises $3 to $6
kolaz03: calls $3
*** FLOP *** [Kd 6h 2h]
kolaz03: checks
mishkamoya: bets $3
kolaz03: calls $3
*** TURN *** [Kd 6h 2h] [3c]
kolaz03: bets $6
mishkamoya: folds
Uncalled bet ($6) returned to kolaz03
kolaz03 collected $17.64 from pot
kolaz03: doesn't show hand
*** SUMMARY ***
Total pot $18 | Rake $0.36
Board [Kd 6h 2h 3c]
Seat 2: mishkamoya (button) (small blind) folded on the Turn
Seat 3: kolaz03 (big blind) collected ($17.64)


PokerStars Hand #148944334766:  Hold'em Limit ($3/$6 USD) - 2016/02/17 4:56:12 ET
Table 'Efremiana' 10-max Seat #2 is the button
Seat 2: mishkamoya ($134 in chips)
Seat 3: kolaz03 ($170.94 in chips)
mishkamoya: posts small blind $1
kolaz03: posts big blind $3
*** HOLE CARDS ***
mishkamoya: folds
Uncalled bet ($2) returned to kolaz03
kolaz03 collected $2 from pot
kolaz03: doesn't show hand
*** SUMMARY ***
Total pot $2 | Rake $0
Seat 2: mishkamoya (button) (small blind) folded before Flop
Seat 3: kolaz03 (big blind) collected ($2)


PokerStars Hand #148944345082:  Hold'em Limit ($3/$6 USD) - 2016/02/17 4:56:37 ET
Table 'Efremiana' 10-max Seat #2 is the button
Seat 2: mishkamoya ($141.64 in chips)
Seat 3: kolaz03 ($162.94 in chips)
mishkamoya: posts small blind $1
kolaz03: posts big blind $3
*** HOLE CARDS ***
mishkamoya: raises $3 to $6
kolaz03: raises $3 to $9
mishkamoya: calls $3
*** FLOP *** [Ts 2h Ad]
kolaz03: bets $3
mishkamoya: folds
Uncalled bet ($3) returned to kolaz03
kolaz03 collected $17.64 from pot
kolaz03: doesn't show hand
*** SUMMARY ***
Total pot $18 | Rake $0.36
Board [Ts 2h Ad]
Seat 2: mishkamoya (button) (small blind) folded on the Flop
Seat 3: kolaz03 (big blind) collected ($17.64)


PokerStars Hand #148944351753:  Hold'em Limit ($3/$6 USD) - 2016/02/17 4:56:53 ET
Table 'Efremiana' 10-max Seat #3 is the button
Seat 2: mishkamoya ($132.64 in chips)
Seat 3: kolaz03 ($171.58 in chips)
kolaz03: posts small blind $1
mishkamoya: posts big blind $3
*** HOLE CARDS ***
kolaz03: raises $3 to $6
mishkamoya: calls $3
*** FLOP *** [6h 9s 2h]
mishkamoya: checks
kolaz03: bets $3
mishkamoya: calls $3
*** TURN *** [6h 9s 2h] [Td]
mishkamoya: checks
kolaz03: bets $6
mishkamoya: raises $6 to $12
kolaz03: folds
Uncalled bet ($6) returned to mishkamoya
mishkamoya collected $29.50 from pot
mishkamoya: doesn't show hand
*** SUMMARY ***
Total pot $30 | Rake $0.50
Board [6h 9s 2h Td]
Seat 2: mishkamoya (big blind) collected ($29.50)
Seat 3: kolaz03 (button) (small blind) folded on the Turn


PokerStars Hand #148944358108:  Hold'em Limit ($3/$6 USD) - 2016/02/17 4:57:08 ET
Table 'Efremiana' 10-max Seat #2 is the button
Seat 2: mishkamoya ($147.14 in chips)
Seat 3: kolaz03 ($156.58 in chips)
mishkamoya: posts small blind $1
kolaz03: posts big blind $3
*** HOLE CARDS ***
mishkamoya: raises $3 to $6
kolaz03: folds
Uncalled bet ($3) returned to mishkamoya
mishkamoya collected $6 from pot
mishkamoya: doesn't show hand
*** SUMMARY ***
Total pot $6 | Rake $0
Seat 2: mishkamoya (button) (small blind) collected ($6)
Seat 3: kolaz03 (big blind) folded before Flop


PokerStars Hand #148944362928:  Hold'em Limit ($3/$6 USD) - 2016/02/17 4:57:20 ET
Table 'Efremiana' 10-max Seat #3 is the button
Seat 2: mishkamoya ($150.14 in chips)
Seat 3: kolaz03 ($153.58 in chips)
kolaz03: posts small blind $1
mishkamoya: posts big blind $3
*** HOLE CARDS ***
kolaz03: folds
Uncalled bet ($2) returned to mishkamoya
mishkamoya collected $2 from pot
mishkamoya: doesn't show hand
*** SUMMARY ***
Total pot $2 | Rake $0
Seat 2: mishkamoya (big blind) collected ($2)
Seat 3: kolaz03 (button) (small blind) folded before Flop


PokerStars Hand #148944366121:  Hold'em Limit ($3/$6 USD) - 2016/02/17 4:57:27 ET
Table 'Efremiana' 10-max Seat #2 is the button
Seat 2: mishkamoya ($151.14 in chips)
Seat 3: kolaz03 ($152.58 in chips)
mishkamoya: posts small blind $1
kolaz03: posts big blind $3
*** HOLE CARDS ***
mishkamoya: raises $3 to $6
kolaz03: calls $3
*** FLOP *** [2d Jh 5c]
kolaz03: checks
mishkamoya: checks
*** TURN *** [2d Jh 5c] [6c]
kolaz03: checks
mishkamoya: bets $6
kolaz03: folds
Uncalled bet ($6) returned to mishkamoya
mishkamoya collected $11.76 from pot
mishkamoya: doesn't show hand
*** SUMMARY ***
Total pot $12 | Rake $0.24
Board [2d Jh 5c 6c]
Seat 2: mishkamoya (button) (small blind) collected ($11.76)
Seat 3: kolaz03 (big blind) folded on the Turn


PokerStars Hand #148944374737:  Hold'em Limit ($3/$6 USD) - 2016/02/17 4:57:48 ET
Table 'Efremiana' 10-max Seat #3 is the button
Seat 2: mishkamoya ($156.90 in chips)
Seat 3: kolaz03 ($146.58 in chips)
kolaz03: posts small blind $1
mishkamoya: posts big blind $3
*** HOLE CARDS ***
kolaz03: raises $3 to $6
mishkamoya: raises $3 to $9
kolaz03: calls $3
*** FLOP *** [2c Jd 8h]
mishkamoya: bets $3
kolaz03: calls $3
*** TURN *** [2c Jd 8h] [Kd]
mishkamoya: bets $6
kolaz03: calls $6
*** RIVER *** [2c Jd 8h Kd] [6h]
mishkamoya: bets $6
kolaz03: folds
Uncalled bet ($6) returned to mishkamoya
mishkamoya collected $35.50 from pot
mishkamoya: doesn't show hand
*** SUMMARY ***
Total pot $36 | Rake $0.50
Board [2c Jd 8h Kd 6h]
Seat 2: mishkamoya (big blind) collected ($35.50)
Seat 3: kolaz03 (button) (small blind) folded on the River


PokerStars Hand #148944386178:  Hold'em Limit ($3/$6 USD) - 2016/02/17 4:58:06 ET
Table 'Efremiana' 10-max Seat #2 is the button
Seat 2: mishkamoya ($174.40 in chips)
Seat 3: kolaz03 ($128.58 in chips)
mishkamoya: posts small blind $1
kolaz03: posts big blind $3
*** HOLE CARDS ***
mishkamoya: raises $3 to $6
kolaz03: calls $3
*** FLOP *** [Kh 3s 3d]
kolaz03: checks
mishkamoya: bets $3
kolaz03: folds
Uncalled bet ($3) returned to mishkamoya
mishkamoya collected $11.76 from pot
mishkamoya: doesn't show hand
*** SUMMARY ***
Total pot $12 | Rake $0.24
Board [Kh 3s 3d]
Seat 2: mishkamoya (button) (small blind) collected ($11.76)
Seat 3: kolaz03 (big blind) folded on the Flop


PokerStars Hand #148944393674:  Hold'em Limit ($3/$6 USD) - 2016/02/17 4:58:16 ET
Table 'Efremiana' 10-max Seat #3 is the button
Seat 2: mishkamoya ($180.16 in chips)
Seat 3: kolaz03 ($122.58 in chips)
kolaz03: posts small blind $1
mishkamoya: posts big blind $3
*** HOLE CARDS ***
kolaz03: raises $3 to $6
mishkamoya: raises $3 to $9
kolaz03: calls $3
*** FLOP *** [Tc Jh Kh]
mishkamoya: checks
kolaz03: bets $3
mishkamoya: calls $3
*** TURN *** [Tc Jh Kh] [4c]
mishkamoya: checks
kolaz03: bets $6
mishkamoya: calls $6
*** RIVER *** [Tc Jh Kh 4c] [2c]
mishkamoya: checks
kolaz03: bets $6
mishkamoya: folds
Uncalled bet ($6) returned to kolaz03
kolaz03 collected $35.50 from pot
kolaz03: doesn't show hand
*** SUMMARY ***
Total pot $36 | Rake $0.50
Board [Tc Jh Kh 4c 2c]
Seat 2: mishkamoya (big blind) folded on the River
Seat 3: kolaz03 (button) (small blind) collected ($35.50)


PokerStars Hand #148944417196:  Hold'em Limit ($3/$6 USD) - 2016/02/17 4:59:03 ET
Table 'Efremiana' 10-max Seat #3 is the button
Seat 2: mishkamoya ($156.16 in chips)
Seat 3: kolaz03 ($145.84 in chips)
kolaz03: posts small blind $1
mishkamoya: posts big blind $3
*** HOLE CARDS ***
kolaz03: raises $3 to $6
mishkamoya: folds
Uncalled bet ($3) returned to kolaz03
kolaz03 collected $6 from pot
kolaz03: doesn't show hand
*** SUMMARY ***
Total pot $6 | Rake $0
Seat 2: mishkamoya (big blind) folded before Flop
Seat 3: kolaz03 (button) (small blind) collected ($6)


PokerStars Hand #148944410123:  Hold'em Limit ($3/$6 USD) - 2016/02/17 4:58:46 ET
Table 'Efremiana' 10-max Seat #2 is the button
Seat 2: mishkamoya ($162.16 in chips)
Seat 3: kolaz03 ($140.08 in chips)
mishkamoya: posts small blind $1
kolaz03: posts big blind $3
*** HOLE CARDS ***
mishkamoya: raises $3 to $6
kolaz03: calls $3
*** FLOP *** [Qs 9h 7c]
kolaz03: checks
mishkamoya: checks
*** TURN *** [Qs 9h 7c] [3h]
kolaz03: checks
mishkamoya: checks
*** RIVER *** [Qs 9h 7c 3h] [8s]
kolaz03: checks
mishkamoya: checks
*** SHOW DOWN ***
kolaz03: shows [7h Qd] (two pair, Queens and Sevens)
mishkamoya: mucks hand
kolaz03 collected $11.76 from pot
*** SUMMARY ***
Total pot $12 | Rake $0.24
Board [Qs 9h 7c 3h 8s]
Seat 2: mishkamoya (button) (small blind) mucked
Seat 3: kolaz03 (big blind) showed [7h Qd] and won ($11.76) with two pair, Queens and Sevens


PokerStars Hand #148944428064:  Hold'em Limit ($3/$6 USD) - 2016/02/17 4:59:28 ET
Table 'Efremiana' 10-max Seat #3 is the button
Seat 2: mishkamoya ($158.92 in chips)
Seat 3: kolaz03 ($142.84 in chips)
kolaz03: posts small blind $1
mishkamoya: posts big blind $3
*** HOLE CARDS ***
kolaz03: raises $3 to $6
mishkamoya: folds
Uncalled bet ($3) returned to kolaz03
kolaz03 collected $6 from pot
kolaz03: doesn't show hand
*** SUMMARY ***
Total pot $6 | Rake $0
Seat 2: mishkamoya (big blind) folded before Flop
Seat 3: kolaz03 (button) (small blind) collected ($6)


PokerStars Hand #148944419831:  Hold'em Limit ($3/$6 USD) - 2016/02/17 4:59:08 ET
Table 'Efremiana' 10-max Seat #2 is the button
Seat 2: mishkamoya ($153.16 in chips)
Seat 3: kolaz03 ($148.84 in chips)
mishkamoya: posts small blind $1
kolaz03: posts big blind $3
*** HOLE CARDS ***
mishkamoya: raises $3 to $6
kolaz03: calls $3
*** FLOP *** [3c Qs Kd]
kolaz03: checks
mishkamoya: checks
*** TURN *** [3c Qs Kd] [Jd]
kolaz03: checks
mishkamoya: checks
*** RIVER *** [3c Qs Kd Jd] [Ac]
kolaz03: checks
mishkamoya: bets $6
kolaz03: folds
Uncalled bet ($6) returned to mishkamoya
mishkamoya collected $11.76 from pot
mishkamoya: doesn't show hand
*** SUMMARY ***
Total pot $12 | Rake $0.24
Board [3c Qs Kd Jd Ac]
Seat 2: mishkamoya (button) (small blind) collected ($11.76)
Seat 3: kolaz03 (big blind) folded on the River


PokerStars Hand #148944443638:  Hold'em Limit ($3/$6 USD) - 2016/02/17 5:00:04 ET
Table 'Efremiana' 10-max Seat #2 is the button
Seat 2: mishkamoya ($167.42 in chips)
Seat 3: kolaz03 ($133.60 in chips)
mishkamoya: posts small blind $1
kolaz03: posts big blind $3
*** HOLE CARDS ***
mishkamoya: folds
Uncalled bet ($2) returned to kolaz03
kolaz03 collected $2 from pot
kolaz03: doesn't show hand
*** SUMMARY ***
Total pot $2 | Rake $0
Seat 2: mishkamoya (button) (small blind) folded before Flop
Seat 3: kolaz03 (big blind) collected ($2)


PokerStars Hand #148944438789:  Hold'em Limit ($3/$6 USD) - 2016/02/17 4:59:53 ET
Table 'Efremiana' 10-max Seat #3 is the button
Seat 2: mishkamoya ($173.42 in chips)
Seat 3: kolaz03 ($127.84 in chips)
kolaz03: posts small blind $1
mishkamoya: posts big blind $3
*** HOLE CARDS ***
kolaz03: raises $3 to $6
mishkamoya: calls $3
*** FLOP *** [9s 7s Qc]
mishkamoya: checks
kolaz03: bets $3
mishkamoya: folds
Uncalled bet ($3) returned to kolaz03
kolaz03 collected $11.76 from pot
kolaz03: doesn't show hand
*** SUMMARY ***
Total pot $12 | Rake $0.24
Board [9s 7s Qc]
Seat 2: mishkamoya (big blind) folded on the Flop
Seat 3: kolaz03 (button) (small blind) collected ($11.76)


PokerStars Hand #148944431806:  Hold'em Limit ($3/$6 USD) - 2016/02/17 4:59:37 ET
Table 'Efremiana' 10-max Seat #2 is the button
Seat 2: mishkamoya ($155.92 in chips)
Seat 3: kolaz03 ($145.84 in chips)
mishkamoya: posts small blind $1
kolaz03: posts big blind $3
*** HOLE CARDS ***
mishkamoya: raises $3 to $6
kolaz03: raises $3 to $9
mishkamoya: calls $3
*** FLOP *** [3s 2d 8h]
kolaz03: bets $3
mishkamoya: calls $3
*** TURN *** [3s 2d 8h] [6d]
kolaz03: bets $6
mishkamoya: calls $6
*** RIVER *** [3s 2d 8h 6d] [7h]
kolaz03: checks
mishkamoya: checks
*** SHOW DOWN ***
kolaz03: shows [Ac 2h] (a pair of Deuces)
mishkamoya: shows [3c Kd] (a pair of Threes)
mishkamoya collected $35.50 from pot
*** SUMMARY ***
Total pot $36 | Rake $0.50
Board [3s 2d 8h 6d 7h]
Seat 2: mishkamoya (button) (small blind) showed [3c Kd] and won ($35.50) with a pair of Threes
Seat 3: kolaz03 (big blind) showed [Ac 2h] and lost with a pair of Deuces


PokerStars Hand #148944460563:  Hold'em Limit ($3/$6 USD) - 2016/02/17 5:00:44 ET
Table 'Efremiana' 10-max Seat #2 is the button
Seat 2: mishkamoya ($148.42 in chips)
Seat 3: kolaz03 ($152.10 in chips)
mishkamoya: posts small blind $1
kolaz03: posts big blind $3
*** HOLE CARDS ***
mishkamoya: raises $3 to $6
kolaz03: raises $3 to $9
mishkamoya: calls $3
*** FLOP *** [7c 8s 3c]
kolaz03: bets $3
mishkamoya: calls $3
*** TURN *** [7c 8s 3c] [Ac]
kolaz03: bets $6
mishkamoya: calls $6
*** RIVER *** [7c 8s 3c Ac] [2c]
kolaz03: checks
mishkamoya: checks
*** SHOW DOWN ***
kolaz03: shows [Th Td] (a pair of Tens)
mishkamoya: mucks hand
kolaz03 collected $35.50 from pot
*** SUMMARY ***
Total pot $36 | Rake $0.50
Board [7c 8s 3c Ac 2c]
Seat 2: mishkamoya (button) (small blind) mucked
Seat 3: kolaz03 (big blind) showed [Th Td] and won ($35.50) with a pair of Tens


PokerStars Hand #148944445502:  Hold'em Limit ($3/$6 USD) - 2016/02/17 5:00:09 ET
Table 'Efremiana' 10-max Seat #3 is the button
Seat 2: mishkamoya ($166.42 in chips)
Seat 3: kolaz03 ($134.60 in chips)
kolaz03: posts small blind $1
mishkamoya: posts big blind $3
*** HOLE CARDS ***
kolaz03: raises $3 to $6
mishkamoya: raises $3 to $9
kolaz03: calls $3
*** FLOP *** [2d Ks Qd]
mishkamoya: bets $3
kolaz03: calls $3
*** TURN *** [2d Ks Qd] [9s]
mishkamoya: checks
kolaz03: bets $6
mishkamoya: calls $6
*** RIVER *** [2d Ks Qd 9s] [6s]
mishkamoya: checks
kolaz03: bets $6
mishkamoya: folds
Uncalled bet ($6) returned to kolaz03
kolaz03 collected $35.50 from pot
kolaz03: doesn't show hand
*** SUMMARY ***
Total pot $36 | Rake $0.50
Board [2d Ks Qd 9s 6s]
Seat 2: mishkamoya (big blind) folded on the River
Seat 3: kolaz03 (button) (small blind) collected ($35.50)


PokerStars Hand #148944861235:  Hold'em Limit ($3/$6 USD) - 2016/02/17 5:14:37 ET
Table 'Efremiana' 10-max Seat #3 is the button
Seat 2: mishkamoya ($119.64 in chips)
Seat 3: kolaz03 ($107.49 in chips)
kolaz03: posts small blind $1
VolkovDmitri: is sitting out
BelSv: is sitting out
mishkamoya: posts big blind $3
*** HOLE CARDS ***
kolaz03: raises $3 to $6
mishkamoya: folds
Uncalled bet ($3) returned to kolaz03
kolaz03 collected $6 from pot
kolaz03: doesn't show hand
*** SUMMARY ***
Total pot $6 | Rake $0
Seat 2: mishkamoya (big blind) folded before Flop
Seat 3: kolaz03 (button) (small blind) collected ($6)


PokerStars Hand #148944865247:  Hold'em Limit ($3/$6 USD) - 2016/02/17 5:14:44 ET
Table 'Efremiana' 10-max Seat #2 is the button
Seat 2: mishkamoya ($116.64 in chips)
Seat 3: kolaz03 ($110.49 in chips)
mishkamoya: posts small blind $1
kolaz03: posts big blind $3
*** HOLE CARDS ***
mishkamoya: raises $3 to $6
kolaz03: raises $3 to $9
mishkamoya: calls $3
*** FLOP *** [Jc 9c Qd]
kolaz03: bets $3
mishkamoya: calls $3
*** TURN *** [Jc 9c Qd] [7s]
kolaz03: bets $6
mishkamoya: raises $6 to $12
kolaz03: calls $6
*** RIVER *** [Jc 9c Qd 7s] [Jh]
kolaz03: checks
mishkamoya: bets $6
kolaz03: calls $6
*** SHOW DOWN ***
mishkamoya: shows [Th 8c] (a straight, Eight to Queen)
kolaz03: mucks hand
BelSv leaves the table
mishkamoya collected $59.50 from pot
*** SUMMARY ***
Total pot $60 | Rake $0.50
Board [Jc 9c Qd 7s Jh]
Seat 2: mishkamoya (button) (small blind) showed [Th 8c] and won ($59.50) with a straight, Eight to Queen
Seat 3: kolaz03 (big blind) mucked


