PokerStars Hand #170503371060:  Hold'em Limit ($3/$6 USD) - 2017/05/16 14:25:35 ET
Table 'Egeria' 6-max Seat #4 is the button
Seat 4: Agrotait ($64 in chips)
Seat 5: diRon1980 ($107.64 in chips)
Agrotait: posts small blind $1
diRon1980: posts big blind $3
*** HOLE CARDS ***
Agrotait: raises $3 to $6
diRon1980: folds
Uncalled bet ($3) returned to Agrotait
Agrotait collected $6 from pot
Agrotait: doesn't show hand
*** SUMMARY ***
Total pot $6 | Rake $0
Seat 4: Agrotait (button) (small blind) collected ($6)
Seat 5: diRon1980 (big blind) folded before Flop


PokerStars Hand #170503653330:  Hold'em Limit ($3/$6 USD) - 2017/05/16 14:31:02 ET
Table 'Egeria' 6-max Seat #2 is the button
Seat 2: Actionni13 ($201.22 in chips)
Seat 3: belik555 ($90 in chips)
Actionni13: posts small blind $1
belik555: posts big blind $3
*** HOLE CARDS ***
Actionni13: folds
Uncalled bet ($2) returned to belik555
belik555 collected $2 from pot
belik555: doesn't show hand
*** SUMMARY ***
Total pot $2 | Rake $0
Seat 2: Actionni13 (button) (small blind) folded before Flop
Seat 3: belik555 (big blind) collected ($2)


PokerStars Hand #170503627509:  Hold'em Limit ($3/$6 USD) - 2017/05/16 14:30:32 ET
Table 'Egeria' 6-max Seat #3 is the button
Seat 2: Actionni13 ($183.72 in chips)
Seat 3: belik555 ($90 in chips)
belik555: posts small blind $1
Actionni13: posts big blind $3
*** HOLE CARDS ***
belik555: raises $3 to $6
Actionni13: raises $3 to $9
belik555: calls $3
*** FLOP *** [Jh Jc 9d]
Actionni13: bets $3
belik555: calls $3
*** TURN *** [Jh Jc 9d] [6s]
Actionni13: bets $6
belik555: calls $6
*** RIVER *** [Jh Jc 9d 6s] [Ac]
Actionni13: bets $6
belik555: folds
Uncalled bet ($6) returned to Actionni13
Actionni13 collected $35.50 from pot
Actionni13: doesn't show hand
*** SUMMARY ***
Total pot $36 | Rake $0.50
Board [Jh Jc 9d 6s Ac]
Seat 2: Actionni13 (big blind) collected ($35.50)
Seat 3: belik555 (button) (small blind) folded on the River


PokerStars Hand #170504310885:  Hold'em Limit ($3/$6 USD) - 2017/05/16 14:43:44 ET
Table 'Egeria' 6-max Seat #2 is the button
Seat 1: SALZHERZ ($149.69 in chips)
Seat 2: Actionni13 ($150 in chips)
Actionni13: posts small blind $1
belik555: is sitting out
vestimokrec: is sitting out
SALZHERZ: posts big blind $3
*** HOLE CARDS ***
vestimokrec leaves the table
Actionni13: raises $3 to $6
SALZHERZ: calls $3
*** FLOP *** [8h Ks 4s]
belik555 leaves the table
SALZHERZ: bets $3
Actionni13: folds
Uncalled bet ($3) returned to SALZHERZ
SALZHERZ collected $11.76 from pot
SALZHERZ: doesn't show hand
*** SUMMARY ***
Total pot $12 | Rake $0.24
Board [8h Ks 4s]
Seat 1: SALZHERZ (big blind) collected ($11.76)
Seat 2: Actionni13 (button) (small blind) folded on the Flop


PokerStars Hand #170504353633:  Hold'em Limit ($3/$6 USD) - 2017/05/16 14:44:34 ET
Table 'Egeria' 6-max Seat #2 is the button
Seat 1: SALZHERZ ($158.45 in chips)
Seat 2: Actionni13 ($150 in chips)
Actionni13: posts small blind $1
SALZHERZ: posts big blind $3
*** HOLE CARDS ***
Actionni13: folds
Uncalled bet ($2) returned to SALZHERZ
SALZHERZ collected $2 from pot
SALZHERZ: doesn't show hand
*** SUMMARY ***
Total pot $2 | Rake $0
Seat 1: SALZHERZ (big blind) collected ($2)
Seat 2: Actionni13 (button) (small blind) folded before Flop


PokerStars Hand #170504348869:  Hold'em Limit ($3/$6 USD) - 2017/05/16 14:44:28 ET
Table 'Egeria' 6-max Seat #1 is the button
Seat 1: SALZHERZ ($155.45 in chips)
Seat 2: Actionni13 ($150 in chips)
SALZHERZ: posts small blind $1
Actionni13: posts big blind $3
*** HOLE CARDS ***
SALZHERZ: raises $3 to $6
Actionni13: folds
Uncalled bet ($3) returned to SALZHERZ
SALZHERZ collected $6 from pot
SALZHERZ: doesn't show hand
*** SUMMARY ***
Total pot $6 | Rake $0
Seat 1: SALZHERZ (button) (small blind) collected ($6)
Seat 2: Actionni13 (big blind) folded before Flop


PokerStars Hand #170504358383:  Hold'em Limit ($3/$6 USD) - 2017/05/16 14:44:39 ET
Table 'Egeria' 6-max Seat #1 is the button
Seat 1: SALZHERZ ($159.45 in chips)
Seat 2: Actionni13 ($150 in chips)
SALZHERZ: posts small blind $1
Actionni13: posts big blind $3
*** HOLE CARDS ***
SALZHERZ: raises $3 to $6
Actionni13: raises $3 to $9
SALZHERZ: calls $3
*** FLOP *** [9d 2d 7d]
Actionni13: bets $3
SALZHERZ: calls $3
*** TURN *** [9d 2d 7d] [Qh]
Actionni13: bets $6
SALZHERZ: calls $6
*** RIVER *** [9d 2d 7d Qh] [7s]
Actionni13: checks
SALZHERZ: bets $6
Actionni13: folds
Uncalled bet ($6) returned to SALZHERZ
SALZHERZ collected $35.50 from pot
SALZHERZ: doesn't show hand
*** SUMMARY ***
Total pot $36 | Rake $0.50
Board [9d 2d 7d Qh 7s]
Seat 1: SALZHERZ (button) (small blind) collected ($35.50)
Seat 2: Actionni13 (big blind) folded on the River


PokerStars Hand #170504389493:  Hold'em Limit ($3/$6 USD) - 2017/05/16 14:45:15 ET
Table 'Egeria' 6-max Seat #1 is the button
Seat 1: SALZHERZ ($185.59 in chips)
Seat 2: Actionni13 ($150 in chips)
SALZHERZ: posts small blind $1
Actionni13: posts big blind $3
*** HOLE CARDS ***
SALZHERZ: raises $3 to $6
Actionni13: folds
Uncalled bet ($3) returned to SALZHERZ
SALZHERZ collected $6 from pot
SALZHERZ: doesn't show hand
*** SUMMARY ***
Total pot $6 | Rake $0
Seat 1: SALZHERZ (button) (small blind) collected ($6)
Seat 2: Actionni13 (big blind) folded before Flop


PokerStars Hand #170504376882:  Hold'em Limit ($3/$6 USD) - 2017/05/16 14:45:01 ET
Table 'Egeria' 6-max Seat #2 is the button
Seat 1: SALZHERZ ($176.95 in chips)
Seat 2: Actionni13 ($150 in chips)
Actionni13: posts small blind $1
SALZHERZ: posts big blind $3
*** HOLE CARDS ***
Actionni13: raises $3 to $6
SALZHERZ: calls $3
*** FLOP *** [3d Ks 5h]
SALZHERZ: checks
Actionni13: bets $3
SALZHERZ: calls $3
*** TURN *** [3d Ks 5h] [9d]
SALZHERZ: checks
Actionni13: checks
*** RIVER *** [3d Ks 5h 9d] [3s]
SALZHERZ: bets $6
Actionni13: folds
Uncalled bet ($6) returned to SALZHERZ
SALZHERZ collected $17.64 from pot
SALZHERZ: doesn't show hand
*** SUMMARY ***
Total pot $18 | Rake $0.36
Board [3d Ks 5h 9d 3s]
Seat 1: SALZHERZ (big blind) collected ($17.64)
Seat 2: Actionni13 (button) (small blind) folded on the River


PokerStars Hand #170504395467:  Hold'em Limit ($3/$6 USD) - 2017/05/16 14:45:23 ET
Table 'Egeria' 6-max Seat #2 is the button
Seat 1: SALZHERZ ($188.59 in chips)
Seat 2: Actionni13 ($150 in chips)
Actionni13: posts small blind $1
SALZHERZ: posts big blind $3
*** HOLE CARDS ***
Actionni13: raises $3 to $6
SALZHERZ: calls $3
*** FLOP *** [Tc 3h Ks]
SALZHERZ: bets $3
Actionni13: calls $3
*** TURN *** [Tc 3h Ks] [4c]
SALZHERZ: bets $6
Actionni13: folds
Uncalled bet ($6) returned to SALZHERZ
SALZHERZ collected $17.64 from pot
SALZHERZ: doesn't show hand
*** SUMMARY ***
Total pot $18 | Rake $0.36
Board [Tc 3h Ks 4c]
Seat 1: SALZHERZ (big blind) collected ($17.64)
Seat 2: Actionni13 (button) (small blind) folded on the Turn


PokerStars Hand #170504423088:  Hold'em Limit ($3/$6 USD) - 2017/05/16 14:45:55 ET
Table 'Egeria' 6-max Seat #2 is the button
Seat 1: SALZHERZ ($196.23 in chips)
Seat 2: Actionni13 ($151 in chips)
Actionni13: posts small blind $1
SALZHERZ: posts big blind $3
*** HOLE CARDS ***
Actionni13: folds
Uncalled bet ($2) returned to SALZHERZ
SALZHERZ collected $2 from pot
SALZHERZ: doesn't show hand
*** SUMMARY ***
Total pot $2 | Rake $0
Seat 1: SALZHERZ (big blind) collected ($2)
Seat 2: Actionni13 (button) (small blind) folded before Flop


PokerStars Hand #170504418806:  Hold'em Limit ($3/$6 USD) - 2017/05/16 14:45:50 ET
Table 'Egeria' 6-max Seat #1 is the button
Seat 1: SALZHERZ ($197.23 in chips)
Seat 2: Actionni13 ($150 in chips)
SALZHERZ: posts small blind $1
Actionni13: posts big blind $3
*** HOLE CARDS ***
SALZHERZ: folds
Uncalled bet ($2) returned to Actionni13
Actionni13 collected $2 from pot
Actionni13: doesn't show hand
*** SUMMARY ***
Total pot $2 | Rake $0
Seat 1: SALZHERZ (button) (small blind) folded before Flop
Seat 2: Actionni13 (big blind) collected ($2)


PokerStars Hand #170504427157:  Hold'em Limit ($3/$6 USD) - 2017/05/16 14:46:00 ET
Table 'Egeria' 6-max Seat #1 is the button
Seat 1: SALZHERZ ($197.23 in chips)
Seat 2: Actionni13 ($150 in chips)
SALZHERZ: posts small blind $1
Actionni13: posts big blind $3
*** HOLE CARDS ***
SALZHERZ: raises $3 to $6
Actionni13: folds
Uncalled bet ($3) returned to SALZHERZ
SALZHERZ collected $6 from pot
SALZHERZ: doesn't show hand
*** SUMMARY ***
Total pot $6 | Rake $0
Seat 1: SALZHERZ (button) (small blind) collected ($6)
Seat 2: Actionni13 (big blind) folded before Flop


PokerStars Hand #170504449717:  Hold'em Limit ($3/$6 USD) - 2017/05/16 14:46:26 ET
Table 'Egeria' 6-max Seat #1 is the button
Seat 1: SALZHERZ ($173.23 in chips)
Seat 2: Actionni13 ($176.50 in chips)
SALZHERZ: posts small blind $1
Actionni13: posts big blind $3
*** HOLE CARDS ***
SALZHERZ: raises $3 to $6
Actionni13: calls $3
*** FLOP *** [2s Kh 4h]
Actionni13: checks
SALZHERZ: bets $3
Actionni13: calls $3
*** TURN *** [2s Kh 4h] [4s]
Actionni13: checks
SALZHERZ: checks
*** RIVER *** [2s Kh 4h 4s] [Ac]
Actionni13: checks
SALZHERZ: checks
*** SHOW DOWN ***
Actionni13: shows [5s Jh] (a pair of Fours)
SALZHERZ: shows [8h Kd] (two pair, Kings and Fours)
SALZHERZ collected $17.64 from pot
*** SUMMARY ***
Total pot $18 | Rake $0.36
Board [2s Kh 4h 4s Ac]
Seat 1: SALZHERZ (button) (small blind) showed [8h Kd] and won ($17.64) with two pair, Kings and Fours
Seat 2: Actionni13 (big blind) showed [5s Jh] and lost with a pair of Fours


PokerStars Hand #170504433240:  Hold'em Limit ($3/$6 USD) - 2017/05/16 14:46:07 ET
Table 'Egeria' 6-max Seat #2 is the button
Seat 1: SALZHERZ ($200.23 in chips)
Seat 2: Actionni13 ($150 in chips)
Actionni13: posts small blind $1
SALZHERZ: posts big blind $3
*** HOLE CARDS ***
Actionni13: raises $3 to $6
SALZHERZ: calls $3
*** FLOP *** [5d 9h 6d]
SALZHERZ: bets $3
Actionni13: calls $3
*** TURN *** [5d 9h 6d] [Jc]
SALZHERZ: bets $6
Actionni13: raises $6 to $12
SALZHERZ: calls $6
*** RIVER *** [5d 9h 6d Jc] [2h]
SALZHERZ: checks
Actionni13: bets $6
SALZHERZ: calls $6
*** SHOW DOWN ***
Actionni13: shows [7h 8s] (a straight, Five to Nine)
SALZHERZ: mucks hand
Actionni13 collected $53.50 from pot
*** SUMMARY ***
Total pot $54 | Rake $0.50
Board [5d 9h 6d Jc 2h]
Seat 1: SALZHERZ (big blind) mucked
Seat 2: Actionni13 (button) (small blind) showed [7h 8s] and won ($53.50) with a straight, Five to Nine


