PokerStars Hand #145399454510:  Hold'em Limit ($3/$6 USD) - 2015/12/15 16:00:17 ET
Table 'Egeria II' 6-max Seat #6 is the button
Seat 1: BuzovaPro ($193.16 in chips)
Seat 6: theflushmen1 ($46.77 in chips)
theflushmen1: posts small blind $1
BuzovaPro: posts big blind $3
*** HOLE CARDS ***
theflushmen1: raises $3 to $6
BuzovaPro: calls $3
*** FLOP *** [8d 9c 4h]
theflushmen1 said, "SICK RIGGED FUC,KING CANCER HOOKER SITE"
BuzovaPro: checks
theflushmen1: bets $3
BuzovaPro: calls $3
*** TURN *** [8d 9c 4h] [9d]
BuzovaPro: checks
theflushmen1: bets $6
BuzovaPro: calls $6
*** RIVER *** [8d 9c 4h 9d] [6d]
BuzovaPro: checks
theflushmen1: bets $6
BuzovaPro: calls $6
*** SHOW DOWN ***
theflushmen1: shows [8h Ad] (two pair, Nines and Eights)
BuzovaPro: mucks hand
theflushmen1 collected $41.50 from pot
*** SUMMARY ***
Total pot $42 | Rake $0.50
Board [8d 9c 4h 9d 6d]
Seat 1: BuzovaPro (big blind) mucked
Seat 6: theflushmen1 (button) (small blind) showed [8h Ad] and won ($41.50) with two pair, Nines and Eights


PokerStars Hand #145399438213:  Hold'em Limit ($3/$6 USD) - 2015/12/15 15:59:59 ET
Table 'Egeria II' 6-max Seat #1 is the button
Seat 1: BuzovaPro ($194.16 in chips)
Seat 6: theflushmen1 ($45.77 in chips)
theflushmen1 said, "E"
theflushmen1 said, "F"
BuzovaPro: posts small blind $1
theflushmen1 said, "FEW"
ValeryRon: is sitting out
theflushmen1 said, "WE"
AzureCaper: is sitting out
theflushmen1 said, "EVW"
theflushmen1: posts big blind $3
*** HOLE CARDS ***
theflushmen1 said, "VRW"
theflushmen1 said, "V"
theflushmen1 said, "VW"
theflushmen1 said, "V"
theflushmen1 said, "VR"
theflushmen1 said, "RV"
theflushmen1 said, "RW"
theflushmen1 said, "RV"
theflushmen1 said, "RV"
theflushmen1 said, "RV"
theflushmen1 said, "BERRWR"
AzureCaper leaves the table
theflushmen1 said, "BRE"
theflushmen1 said, "QBER"
theflushmen1 said, "BQER"
theflushmen1 said, "BER"
theflushmen1 said, "BEQ"
theflushmen1 said, "RT"
ValeryRon leaves the table
BuzovaPro: folds
Uncalled bet ($2) returned to theflushmen1
theflushmen1 collected $2 from pot
*** SUMMARY ***
Total pot $2 | Rake $0
Seat 1: BuzovaPro (button) (small blind) folded before Flop
Seat 6: theflushmen1 (big blind) collected ($2)


PokerStars Hand #145399450351:  Hold'em Limit ($3/$6 USD) - 2015/12/15 16:00:12 ET
Table 'Egeria II' 6-max Seat #1 is the button
Seat 1: BuzovaPro ($194.16 in chips)
Seat 6: theflushmen1 ($45.77 in chips)
BuzovaPro: posts small blind $1
theflushmen1: posts big blind $3
*** HOLE CARDS ***
BuzovaPro: folds
Uncalled bet ($2) returned to theflushmen1
theflushmen1 collected $2 from pot
*** SUMMARY ***
Total pot $2 | Rake $0
Seat 1: BuzovaPro (button) (small blind) folded before Flop
Seat 6: theflushmen1 (big blind) collected ($2)


PokerStars Hand #145399444629:  Hold'em Limit ($3/$6 USD) - 2015/12/15 16:00:06 ET
Table 'Egeria II' 6-max Seat #6 is the button
Seat 1: BuzovaPro ($193.16 in chips)
Seat 6: theflushmen1 ($46.77 in chips)
theflushmen1: posts small blind $1
BuzovaPro: posts big blind $3
*** HOLE CARDS ***
theflushmen1: folds
Uncalled bet ($2) returned to BuzovaPro
BuzovaPro collected $2 from pot
BuzovaPro: doesn't show hand
*** SUMMARY ***
Total pot $2 | Rake $0
Seat 1: BuzovaPro (big blind) collected ($2)
Seat 6: theflushmen1 (button) (small blind) folded before Flop


PokerStars Hand #145399478111:  Hold'em Limit ($3/$6 USD) - 2015/12/15 16:00:45 ET
Table 'Egeria II' 6-max Seat #1 is the button
Seat 1: BuzovaPro ($172.16 in chips)
Seat 6: theflushmen1 ($67.27 in chips)
BuzovaPro: posts small blind $1
theflushmen1: posts big blind $3
*** HOLE CARDS ***
BuzovaPro: raises $3 to $6
theflushmen1: raises $3 to $9
BuzovaPro: calls $3
*** FLOP *** [7h 6h Ad]
theflushmen1: bets $3
BuzovaPro: calls $3
*** TURN *** [7h 6h Ad] [2d]
theflushmen1: bets $6
BuzovaPro: folds
Uncalled bet ($6) returned to theflushmen1
theflushmen1 collected $23.52 from pot
*** SUMMARY ***
Total pot $24 | Rake $0.48
Board [7h 6h Ad 2d]
Seat 1: BuzovaPro (button) (small blind) folded on the Turn
Seat 6: theflushmen1 (big blind) collected ($23.52)


PokerStars Hand #145399503192:  Hold'em Limit ($3/$6 USD) - 2015/12/15 16:01:14 ET
Table 'Egeria II' 6-max Seat #6 is the button
Seat 1: BuzovaPro ($160.16 in chips)
Seat 6: theflushmen1 ($78.79 in chips)
theflushmen1: posts small blind $1
BuzovaPro: posts big blind $3
*** HOLE CARDS ***
theflushmen1: raises $3 to $6
BuzovaPro: raises $3 to $9
theflushmen1: raises $3 to $12
Betting is capped
BuzovaPro: calls $3
*** FLOP *** [6h Kh Td]
BuzovaPro: checks
theflushmen1: bets $3
BuzovaPro: calls $3
*** TURN *** [6h Kh Td] [3s]
BuzovaPro: checks
theflushmen1: checks
*** RIVER *** [6h Kh Td 3s] [9d]
BuzovaPro: bets $6
theflushmen1: calls $6
*** SHOW DOWN ***
BuzovaPro: shows [Jc Js] (a pair of Jacks)
theflushmen1: mucks hand
BuzovaPro collected $41.50 from pot
*** SUMMARY ***
Total pot $42 | Rake $0.50
Board [6h Kh Td 3s 9d]
Seat 1: BuzovaPro (big blind) showed [Jc Js] and won ($41.50) with a pair of Jacks
Seat 6: theflushmen1 (button) (small blind) mucked


PokerStars Hand #145399575060:  Hold'em Limit ($3/$6 USD) - 2015/12/15 16:02:28 ET
Table 'Egeria II' 6-max Seat #6 is the button
Seat 1: BuzovaPro ($225.66 in chips)
Seat 6: theflushmen1 ($511.79 in chips)
theflushmen1: posts small blind $1
theflushmen1 said, "w"
theflushmen1 said, "vw"
theflushmen1 said, "vw"
BuzovaPro: posts big blind $3
*** HOLE CARDS ***
theflushmen1 said, "vw"
theflushmen1 said, "vw"
theflushmen1 said, "vw"
theflushmen1 said, "wv"
theflushmen1 said, "wvd"
theflushmen1 said, "wv"
theflushmen1 said, "vw"
theflushmen1 said, "vwq"
theflushmen1 said, "wvev"
theflushmen1 said, "wqdvw"
theflushmen1 said, "v"
theflushmen1 said, "weq"
theflushmen1 said, "vewq"
theflushmen1 said, "wev"
theflushmen1 said, "vweevw"
theflushmen1 said, "evw"
theflushmen1 said, "evw"
theflushmen1 said, "evw"
theflushmen1 said, "evw"
theflushmen1 said, "vew"
theflushmen1 said, "evw"
theflushmen1 said, "v"
theflushmen1 said, "weevw"
theflushmen1 said, "vweevw"
theflushmen1 said, "evw"
theflushmen1 said, "\w"
theflushmen1 said, "ev"
theflushmen1 said, "vewv"
theflushmen1 said, "ew"
theflushmen1: folds
Uncalled bet ($2) returned to BuzovaPro
BuzovaPro collected $2 from pot
BuzovaPro: doesn't show hand
*** SUMMARY ***
Total pot $2 | Rake $0
Seat 1: BuzovaPro (big blind) collected ($2)
Seat 6: theflushmen1 (button) (small blind) folded before Flop


PokerStars Hand #145399557867:  Hold'em Limit ($3/$6 USD) - 2015/12/15 16:02:10 ET
Table 'Egeria II' 6-max Seat #1 is the button
Seat 1: BuzovaPro ($202.16 in chips)
Seat 6: theflushmen1 ($35.79 in chips)
BuzovaPro: posts small blind $1
theflushmen1: posts big blind $3
*** HOLE CARDS ***
BuzovaPro: raises $3 to $6
theflushmen1: raises $3 to $9
BuzovaPro: calls $3
*** FLOP *** [As 8h 5d]
theflushmen1: bets $3
BuzovaPro: calls $3
*** TURN *** [As 8h 5d] [Qh]
theflushmen1: bets $6
BuzovaPro: calls $6
*** RIVER *** [As 8h 5d Qh] [6c]
theflushmen1: bets $6
BuzovaPro: calls $6
*** SHOW DOWN ***
theflushmen1: shows [5s Kh] (a pair of Fives)
BuzovaPro: shows [Qs Jc] (a pair of Queens)
BuzovaPro collected $47.50 from pot
theflushmen1 said, "vdqw"
theflushmen1 said, "ce"
theflushmen1 said, "evw"
theflushmen1 said, "efvw"
theflushmen1 said, "evw"
*** SUMMARY ***
Total pot $48 | Rake $0.50
Board [As 8h 5d Qh 6c]
Seat 1: BuzovaPro (button) (small blind) showed [Qs Jc] and won ($47.50) with a pair of Queens
Seat 6: theflushmen1 (big blind) showed [5s Kh] and lost with a pair of Fives


PokerStars Hand #145399524089:  Hold'em Limit ($3/$6 USD) - 2015/12/15 16:01:36 ET
Table 'Egeria II' 6-max Seat #1 is the button
Seat 1: BuzovaPro ($180.66 in chips)
Seat 6: theflushmen1 ($57.79 in chips)
BuzovaPro: posts small blind $1
theflushmen1: posts big blind $3
*** HOLE CARDS ***
BuzovaPro: raises $3 to $6
theflushmen1 said, "HORRIBLE CANCER JDUEN SITE"
theflushmen1: calls $3
*** FLOP *** [Td 4s 9d]
theflushmen1: bets $3
BuzovaPro: calls $3
*** TURN *** [Td 4s 9d] [Ah]
theflushmen1: bets $6
BuzovaPro: raises $6 to $12
theflushmen1: calls $6
*** RIVER *** [Td 4s 9d Ah] [Qh]
theflushmen1: checks
BuzovaPro: bets $6
theflushmen1 said, "eqf"
theflushmen1 said, "ev"
theflushmen1 said, "ev"
theflushmen1 said, "evw"
theflushmen1 said, "vw"
theflushmen1 said, "bvwdrw"
theflushmen1 said, "vw"
theflushmen1 said, "vw"
theflushmen1 said, "dvw"
theflushmen1 said, "vdqw"
theflushmen1: folds
Uncalled bet ($6) returned to BuzovaPro
BuzovaPro collected $41.50 from pot
BuzovaPro: doesn't show hand
*** SUMMARY ***
Total pot $42 | Rake $0.50
Board [Td 4s 9d Ah Qh]
Seat 1: BuzovaPro (button) (small blind) collected ($41.50)
Seat 6: theflushmen1 (big blind) folded on the River


PokerStars Hand #145399552814:  Hold'em Limit ($3/$6 USD) - 2015/12/15 16:02:06 ET
Table 'Egeria II' 6-max Seat #6 is the button
Seat 1: BuzovaPro ($201.16 in chips)
Seat 6: theflushmen1 ($36.79 in chips)
theflushmen1: posts small blind $1
BuzovaPro: posts big blind $3
*** HOLE CARDS ***
theflushmen1: folds
Uncalled bet ($2) returned to BuzovaPro
BuzovaPro collected $2 from pot
BuzovaPro: doesn't show hand
*** SUMMARY ***
Total pot $2 | Rake $0
Seat 1: BuzovaPro (big blind) collected ($2)
Seat 6: theflushmen1 (button) (small blind) folded before Flop


PokerStars Hand #145399583480:  Hold'em Limit ($3/$6 USD) - 2015/12/15 16:02:36 ET
Table 'Egeria II' 6-max Seat #1 is the button
Seat 1: BuzovaPro ($226.66 in chips)
Seat 6: theflushmen1 ($510.79 in chips)
BuzovaPro: posts small blind $1
theflushmen1: posts big blind $3
*** HOLE CARDS ***
BuzovaPro: folds
Uncalled bet ($2) returned to theflushmen1
theflushmen1 collected $2 from pot
*** SUMMARY ***
Total pot $2 | Rake $0
Seat 1: BuzovaPro (button) (small blind) folded before Flop
Seat 6: theflushmen1 (big blind) collected ($2)


PokerStars Hand #145399588394:  Hold'em Limit ($3/$6 USD) - 2015/12/15 16:02:41 ET
Table 'Egeria II' 6-max Seat #6 is the button
Seat 1: BuzovaPro ($225.66 in chips)
Seat 6: theflushmen1 ($511.79 in chips)
theflushmen1: posts small blind $1
BuzovaPro: posts big blind $3
*** HOLE CARDS ***
theflushmen1: raises $3 to $6
BuzovaPro: calls $3
*** FLOP *** [8h 9c Qs]
BuzovaPro: checks
theflushmen1 said, "russian gaylord mother fuc,ker!!!!!"
theflushmen1: bets $3
BuzovaPro: folds
Uncalled bet ($3) returned to theflushmen1
theflushmen1 collected $11.76 from pot
*** SUMMARY ***
Total pot $12 | Rake $0.24
Board [8h 9c Qs]
Seat 1: BuzovaPro (big blind) folded on the Flop
Seat 6: theflushmen1 (button) (small blind) collected ($11.76)


PokerStars Hand #145399610136:  Hold'em Limit ($3/$6 USD) - 2015/12/15 16:03:03 ET
Table 'Egeria II' 6-max Seat #1 is the button
Seat 1: BuzovaPro ($219.66 in chips)
Seat 6: theflushmen1 ($517.55 in chips)
BuzovaPro: posts small blind $1
theflushmen1: posts big blind $3
*** HOLE CARDS ***
BuzovaPro: raises $3 to $6
theflushmen1: raises $3 to $9
BuzovaPro: calls $3
*** FLOP *** [3s 5s As]
theflushmen1: bets $3
BuzovaPro: calls $3
*** TURN *** [3s 5s As] [Ah]
theflushmen1: bets $6
BuzovaPro: calls $6
*** RIVER *** [3s 5s As Ah] [3d]
theflushmen1: bets $6
BuzovaPro: raises $6 to $12
theflushmen1: calls $6
*** SHOW DOWN ***
BuzovaPro: shows [Jh Ts] (two pair, Aces and Threes)
theflushmen1: shows [Qs Qc] (two pair, Aces and Queens)
theflushmen1 collected $59.50 from pot
*** SUMMARY ***
Total pot $60 | Rake $0.50
Board [3s 5s As Ah 3d]
Seat 1: BuzovaPro (button) (small blind) showed [Jh Ts] and lost with two pair, Aces and Threes
Seat 6: theflushmen1 (big blind) showed [Qs Qc] and won ($59.50) with two pair, Aces and Queens


