PokerStars Hand #164933117906:  Hold'em Limit ($3/$6 USD) - 2017/01/21 10:14:09 ET
Table 'Egeria II' 6-max Seat #4 is the button
Seat 4: Rus29APX ($120 in chips)
Seat 5: belik555 ($90 in chips)
Rus29APX: posts small blind $1
belik555: posts big blind $3
*** HOLE CARDS ***
Rus29APX: raises $3 to $6
belik555: raises $3 to $9
Rus29APX: calls $3
*** FLOP *** [3c Qc 4h]
belik555: bets $3
Rus29APX: calls $3
*** TURN *** [3c Qc 4h] [Tc]
belik555: bets $6
Rus29APX: calls $6
*** RIVER *** [3c Qc 4h Tc] [Ks]
belik555: bets $6
Rus29APX: raises $6 to $12
belik555: folds
Uncalled bet ($6) returned to Rus29APX
Rus29APX collected $47.50 from pot
Rus29APX: doesn't show hand
*** SUMMARY ***
Total pot $48 | Rake $0.50
Board [3c Qc 4h Tc Ks]
Seat 4: Rus29APX (button) (small blind) collected ($47.50)
Seat 5: belik555 (big blind) folded on the River


PokerStars Hand #164933208608:  Hold'em Limit ($3/$6 USD) - 2017/01/21 10:16:07 ET
Table 'Egeria II' 6-max Seat #2 is the button
Seat 2: ragz2riche5 ($320.46 in chips)
Seat 5: belik555 ($109 in chips)
ragz2riche5: posts small blind $1
Rus29APX: is sitting out
belik555: posts big blind $3
*** HOLE CARDS ***
Rus29APX leaves the table
Rus29APX joins the table at seat #6
ragz2riche5: calls $2
belik555: raises $3 to $6
ragz2riche5: calls $3
*** FLOP *** [4h 5d 4c]
belik555: bets $3
ragz2riche5: calls $3
*** TURN *** [4h 5d 4c] [3s]
belik555: bets $6
ragz2riche5: calls $6
*** RIVER *** [4h 5d 4c 3s] [Qs]
belik555: bets $6
ragz2riche5: folds
Uncalled bet ($6) returned to belik555
belik555 collected $29.50 from pot
belik555: doesn't show hand
*** SUMMARY ***
Total pot $30 | Rake $0.50
Board [4h 5d 4c 3s Qs]
Seat 2: ragz2riche5 (button) (small blind) folded on the River
Seat 5: belik555 (big blind) collected ($29.50)


PokerStars Hand #164933346049:  Hold'em Limit ($3/$6 USD) - 2017/01/21 10:19:08 ET
Table 'Egeria II' 6-max Seat #2 is the button
Seat 2: ragz2riche5 ($302.35 in chips)
Seat 6: Rus29APX ($106.28 in chips)
ragz2riche5: posts small blind $1
belik555: is sitting out
Rus29APX: posts big blind $3
*** HOLE CARDS ***
belik555 leaves the table
ragz2riche5: calls $2
Rus29APX: checks
*** FLOP *** [6c 3d 4d]
Rus29APX: checks
ragz2riche5: checks
*** TURN *** [6c 3d 4d] [Ac]
Rus29APX: checks
ragz2riche5: bets $6
Rus29APX: folds
Uncalled bet ($6) returned to ragz2riche5
ragz2riche5 collected $5.88 from pot
ragz2riche5: doesn't show hand
*** SUMMARY ***
Total pot $6 | Rake $0.12
Board [6c 3d 4d Ac]
Seat 2: ragz2riche5 (button) (small blind) collected ($5.88)
Seat 6: Rus29APX (big blind) folded on the Turn


