PokerStars Hand #171265308264:  Hold'em Limit ($3/$6 USD) - 2017/06/02 19:28:35 ET
Table 'Egeria' 6-max Seat #3 is the button
Seat 3: gpc2187 ($29.76 in chips)
Seat 5: GoliafUa ($119.76 in chips)
gpc2187: posts small blind $1
GoliafUa: posts big blind $3
*** HOLE CARDS ***
gpc2187: raises $3 to $6
GoliafUa: calls $3
*** FLOP *** [Tc 5d 9s]
GoliafUa: checks
gpc2187: bets $3
GoliafUa: calls $3
*** TURN *** [Tc 5d 9s] [8s]
GoliafUa: checks
gpc2187: bets $6
GoliafUa: calls $6
*** RIVER *** [Tc 5d 9s 8s] [Js]
GoliafUa: checks
gpc2187: bets $6
GoliafUa: folds
Uncalled bet ($6) returned to gpc2187
gpc2187 collected $29.50 from pot
gpc2187: doesn't show hand
*** SUMMARY ***
Total pot $30 | Rake $0.50
Board [Tc 5d 9s 8s Js]
Seat 3: gpc2187 (button) (small blind) collected ($29.50)
Seat 5: GoliafUa (big blind) folded on the River


PokerStars Hand #171265279763:  Hold'em Limit ($3/$6 USD) - 2017/06/02 19:27:46 ET
Table 'Egeria' 6-max Seat #3 is the button
Seat 3: gpc2187 ($30 in chips)
Seat 5: GoliafUa ($120 in chips)
gpc2187: posts small blind $1
GoliafUa: posts big blind $3
*** HOLE CARDS ***
gpc2187: raises $3 to $6
GoliafUa: calls $3
*** FLOP *** [Js As 3h]
GoliafUa: checks
gpc2187: bets $3
GoliafUa: folds
Uncalled bet ($3) returned to gpc2187
gpc2187 collected $11.76 from pot
gpc2187: doesn't show hand
*** SUMMARY ***
Total pot $12 | Rake $0.24
Board [Js As 3h]
Seat 3: gpc2187 (button) (small blind) collected ($11.76)
Seat 5: GoliafUa (big blind) folded on the Flop


PokerStars Hand #171265292898:  Hold'em Limit ($3/$6 USD) - 2017/06/02 19:28:08 ET
Table 'Egeria' 6-max Seat #5 is the button
Seat 3: gpc2187 ($35.76 in chips)
Seat 5: GoliafUa ($114 in chips)
GoliafUa: posts small blind $1
gpc2187: posts big blind $3
*** HOLE CARDS ***
GoliafUa: raises $3 to $6
gpc2187: calls $3
*** FLOP *** [As 6d 5d]
gpc2187: checks
GoliafUa: bets $3
gpc2187: folds
Uncalled bet ($3) returned to GoliafUa
GoliafUa collected $11.76 from pot
GoliafUa: doesn't show hand
*** SUMMARY ***
Total pot $12 | Rake $0.24
Board [As 6d 5d]
Seat 3: gpc2187 (big blind) folded on the Flop
Seat 5: GoliafUa (button) (small blind) collected ($11.76)


PokerStars Hand #171265341972:  Hold'em Limit ($3/$6 USD) - 2017/06/02 19:29:32 ET
Table 'Egeria' 6-max Seat #3 is the button
Seat 3: gpc2187 ($29.26 in chips)
Seat 5: GoliafUa ($119.26 in chips)
gpc2187: posts small blind $1
GoliafUa: posts big blind $3
*** HOLE CARDS ***
gpc2187: raises $3 to $6
GoliafUa: folds
Uncalled bet ($3) returned to gpc2187
gpc2187 collected $6 from pot
*** SUMMARY ***
Total pot $6 | Rake $0
Seat 3: gpc2187 (button) (small blind) collected ($6)
Seat 5: GoliafUa (big blind) folded before Flop


PokerStars Hand #171265324983:  Hold'em Limit ($3/$6 USD) - 2017/06/02 19:29:03 ET
Table 'Egeria' 6-max Seat #5 is the button
Seat 3: gpc2187 ($44.26 in chips)
Seat 5: GoliafUa ($104.76 in chips)
GoliafUa: posts small blind $1
gpc2187: posts big blind $3
*** HOLE CARDS ***
GoliafUa: raises $3 to $6
gpc2187: calls $3
*** FLOP *** [Qc 8h Jh]
gpc2187: checks
GoliafUa: bets $3
gpc2187: calls $3
*** TURN *** [Qc 8h Jh] [5c]
gpc2187: checks
GoliafUa: bets $6
gpc2187: calls $6
*** RIVER *** [Qc 8h Jh 5c] [Js]
gpc2187: checks
GoliafUa: bets $6
gpc2187: folds
Uncalled bet ($6) returned to GoliafUa
GoliafUa collected $29.50 from pot
GoliafUa: doesn't show hand
*** SUMMARY ***
Total pot $30 | Rake $0.50
Board [Qc 8h Jh 5c Js]
Seat 3: gpc2187 (big blind) folded on the River
Seat 5: GoliafUa (button) (small blind) collected ($29.50)


PokerStars Hand #171265390127:  Hold'em Limit ($3/$6 USD) - 2017/06/02 19:30:54 ET
Table 'Egeria' 6-max Seat #5 is the button
Seat 3: gpc2187 ($37.90 in chips)
Seat 5: GoliafUa ($110.26 in chips)
GoliafUa: posts small blind $1
gpc2187: posts big blind $3
*** HOLE CARDS ***
Samace10 joins the table at seat #6
GoliafUa: folds
Uncalled bet ($2) returned to gpc2187
gpc2187 collected $2 from pot
*** SUMMARY ***
Total pot $2 | Rake $0
Seat 3: gpc2187 (big blind) collected ($2)
Seat 5: GoliafUa (button) (small blind) folded before Flop


PokerStars Hand #171265375920:  Hold'em Limit ($3/$6 USD) - 2017/06/02 19:30:30 ET
Table 'Egeria' 6-max Seat #3 is the button
Seat 3: gpc2187 ($29.26 in chips)
Seat 5: GoliafUa ($119.26 in chips)
gpc2187: posts small blind $1
GoliafUa: posts big blind $3
*** HOLE CARDS ***
gpc2187: raises $3 to $6
GoliafUa: calls $3
*** FLOP *** [4s 3c 7d]
GoliafUa: checks
gpc2187: bets $3
GoliafUa: calls $3
*** TURN *** [4s 3c 7d] [2c]
GoliafUa: checks
gpc2187: checks
*** RIVER *** [4s 3c 7d 2c] [Ac]
GoliafUa: checks
gpc2187: checks
*** SHOW DOWN ***
GoliafUa: shows [9h Ts] (high card Ace)
gpc2187: shows [3d Kc] (a pair of Threes)
gpc2187 collected $17.64 from pot
*** SUMMARY ***
Total pot $18 | Rake $0.36
Board [4s 3c 7d 2c Ac]
Seat 3: gpc2187 (button) (small blind) showed [3d Kc] and won ($17.64) with a pair of Threes
Seat 5: GoliafUa (big blind) showed [9h Ts] and lost with high card Ace


PokerStars Hand #171265354056:  Hold'em Limit ($3/$6 USD) - 2017/06/02 19:29:53 ET
Table 'Egeria' 6-max Seat #3 is the button
Seat 3: gpc2187 ($29.26 in chips)
Seat 5: GoliafUa ($119.26 in chips)
gpc2187: posts small blind $1
GoliafUa: posts big blind $3
*** HOLE CARDS ***
gpc2187: raises $3 to $6
GoliafUa: folds
Uncalled bet ($3) returned to gpc2187
gpc2187 collected $6 from pot
gpc2187: doesn't show hand
*** SUMMARY ***
Total pot $6 | Rake $0
Seat 3: gpc2187 (button) (small blind) collected ($6)
Seat 5: GoliafUa (big blind) folded before Flop


PokerStars Hand #171265366645:  Hold'em Limit ($3/$6 USD) - 2017/06/02 19:30:14 ET
Table 'Egeria' 6-max Seat #5 is the button
Seat 3: gpc2187 ($32.26 in chips)
Seat 5: GoliafUa ($116.26 in chips)
GoliafUa: posts small blind $1
gpc2187: posts big blind $3
*** HOLE CARDS ***
GoliafUa: raises $3 to $6
gpc2187: folds
Uncalled bet ($3) returned to GoliafUa
GoliafUa collected $6 from pot
GoliafUa: doesn't show hand
*** SUMMARY ***
Total pot $6 | Rake $0
Seat 3: gpc2187 (big blind) folded before Flop
Seat 5: GoliafUa (button) (small blind) collected ($6)


PokerStars Hand #171265394359:  Hold'em Limit ($3/$6 USD) - 2017/06/02 19:31:01 ET
Table 'Egeria' 6-max Seat #3 is the button
Seat 3: gpc2187 ($38.90 in chips)
Seat 5: GoliafUa ($109.26 in chips)
gpc2187: posts small blind $1
GoliafUa: posts big blind $3
*** HOLE CARDS ***
gpc2187: folds
Uncalled bet ($2) returned to GoliafUa
GoliafUa collected $2 from pot
GoliafUa: doesn't show hand
*** SUMMARY ***
Total pot $2 | Rake $0
Seat 3: gpc2187 (button) (small blind) folded before Flop
Seat 5: GoliafUa (big blind) collected ($2)


