PokerStars Hand #147747208091:  Hold'em Limit ($3/$6 USD) - 2016/01/27 0:04:13 ET
Table 'Egeria' 10-max Seat #6 is the button
Seat 1: Masqb ($144.50 in chips)
Seat 6: ivy100 ($34.98 in chips)
ivy100: posts small blind $1
Masqb: posts big blind $3
*** HOLE CARDS ***
ivy100: folds
Uncalled bet ($2) returned to Masqb
Masqb collected $2 from pot
Masqb: doesn't show hand
*** SUMMARY ***
Total pot $2 | Rake $0
Seat 1: Masqb (big blind) collected ($2)
Seat 6: ivy100 (button) (small blind) folded before Flop


PokerStars Hand #147747205788:  Hold'em Limit ($3/$6 USD) - 2016/01/27 0:04:05 ET
Table 'Egeria' 10-max Seat #1 is the button
Seat 1: Masqb ($141.50 in chips)
Seat 6: ivy100 ($37.98 in chips)
Masqb: posts small blind $1
ivy100: posts big blind $3
*** HOLE CARDS ***
Masqb: raises $3 to $6
ivy100: folds
Uncalled bet ($3) returned to Masqb
Masqb collected $6 from pot
Masqb: doesn't show hand
*** SUMMARY ***
Total pot $6 | Rake $0
Seat 1: Masqb (button) (small blind) collected ($6)
Seat 6: ivy100 (big blind) folded before Flop


PokerStars Hand #147747204461:  Hold'em Limit ($3/$6 USD) - 2016/01/27 0:04:01 ET
Table 'Egeria' 10-max Seat #6 is the button
Seat 1: Masqb ($140.50 in chips)
Seat 6: ivy100 ($38.98 in chips)
ivy100: posts small blind $1
Masqb: posts big blind $3
*** HOLE CARDS ***
ivy100: folds
Uncalled bet ($2) returned to Masqb
Masqb collected $2 from pot
Masqb: doesn't show hand
*** SUMMARY ***
Total pot $2 | Rake $0
Seat 1: Masqb (big blind) collected ($2)
Seat 6: ivy100 (button) (small blind) folded before Flop


PokerStars Hand #147747192345:  Hold'em Limit ($3/$6 USD) - 2016/01/27 0:03:19 ET
Table 'Egeria' 10-max Seat #1 is the button
Seat 1: Masqb ($126 in chips)
Seat 6: ivy100 ($53.98 in chips)
Masqb: posts small blind $1
ivy100: posts big blind $3
*** HOLE CARDS ***
Masqb: raises $3 to $6
ivy100: calls $3
*** FLOP *** [Jh Th 5d]
ivy100: checks
Masqb: bets $3
ivy100: calls $3
*** TURN *** [Jh Th 5d] [5c]
ivy100: checks
Masqb: bets $6
ivy100: calls $6
*** RIVER *** [Jh Th 5d 5c] [7d]
ivy100: checks
Masqb: bets $6
ivy100: folds
Uncalled bet ($6) returned to Masqb
Masqb collected $29.50 from pot
Masqb: doesn't show hand
*** SUMMARY ***
Total pot $30 | Rake $0.50
Board [Jh Th 5d 5c 7d]
Seat 1: Masqb (button) (small blind) collected ($29.50)
Seat 6: ivy100 (big blind) folded on the River


PokerStars Hand #147747221602:  Hold'em Limit ($3/$6 USD) - 2016/01/27 0:04:59 ET
Table 'Egeria' 10-max Seat #1 is the button
Seat 1: Masqb ($156.26 in chips)
Seat 6: ivy100 ($22.98 in chips)
Masqb: posts small blind $1
ivy100: posts big blind $3
*** HOLE CARDS ***
Masqb: raises $3 to $6
ivy100: raises $3 to $9
Masqb: calls $3
*** FLOP *** [2s 2d 4d]
ivy100: bets $3
Masqb: calls $3
*** TURN *** [2s 2d 4d] [6h]
ivy100: bets $6
Masqb: raises $6 to $12
ivy100: calls $4.98 and is all-in
Uncalled bet ($1.02) returned to Masqb
*** RIVER *** [2s 2d 4d 6h] [9c]
*** SHOW DOWN ***
ivy100: shows [Ad 7d] (a pair of Deuces)
Masqb: mucks hand
ivy100 collected $45.46 from pot
*** SUMMARY ***
Total pot $45.96 | Rake $0.50
Board [2s 2d 4d 6h 9c]
Seat 1: Masqb (button) (small blind) mucked
Seat 6: ivy100 (big blind) showed [Ad 7d] and won ($45.46) with a pair of Deuces


PokerStars Hand #147747209460:  Hold'em Limit ($3/$6 USD) - 2016/01/27 0:04:18 ET
Table 'Egeria' 10-max Seat #1 is the button
Seat 1: Masqb ($145.50 in chips)
Seat 6: ivy100 ($33.98 in chips)
Masqb: posts small blind $1
ivy100: posts big blind $3
*** HOLE CARDS ***
Masqb: raises $3 to $6
ivy100: calls $3
*** FLOP *** [Ad 4h Kd]
ivy100: checks
Masqb: bets $3
ivy100: folds
Uncalled bet ($3) returned to Masqb
Masqb collected $11.76 from pot
Masqb: doesn't show hand
*** SUMMARY ***
Total pot $12 | Rake $0.24
Board [Ad 4h Kd]
Seat 1: Masqb (button) (small blind) collected ($11.76)
Seat 6: ivy100 (big blind) folded on the Flop


PokerStars Hand #147747216764:  Hold'em Limit ($3/$6 USD) - 2016/01/27 0:04:42 ET
Table 'Egeria' 10-max Seat #6 is the button
Seat 1: Masqb ($151.26 in chips)
Seat 6: ivy100 ($27.98 in chips)
ivy100: posts small blind $1
Masqb: posts big blind $3
*** HOLE CARDS ***
ivy100: folds
Uncalled bet ($2) returned to Masqb
Masqb collected $2 from pot
Masqb: doesn't show hand
*** SUMMARY ***
Total pot $2 | Rake $0
Seat 1: Masqb (big blind) collected ($2)
Seat 6: ivy100 (button) (small blind) folded before Flop


PokerStars Hand #147747220399:  Hold'em Limit ($3/$6 USD) - 2016/01/27 0:04:55 ET
Table 'Egeria' 10-max Seat #6 is the button
Seat 1: Masqb ($155.26 in chips)
Seat 6: ivy100 ($23.98 in chips)
ivy100: posts small blind $1
Masqb: posts big blind $3
*** HOLE CARDS ***
ivy100: folds
Uncalled bet ($2) returned to Masqb
Masqb collected $2 from pot
Masqb: doesn't show hand
*** SUMMARY ***
Total pot $2 | Rake $0
Seat 1: Masqb (big blind) collected ($2)
Seat 6: ivy100 (button) (small blind) folded before Flop


PokerStars Hand #147747218097:  Hold'em Limit ($3/$6 USD) - 2016/01/27 0:04:47 ET
Table 'Egeria' 10-max Seat #1 is the button
Seat 1: Masqb ($152.26 in chips)
Seat 6: ivy100 ($26.98 in chips)
Masqb: posts small blind $1
ivy100: posts big blind $3
*** HOLE CARDS ***
Masqb: raises $3 to $6
ivy100: folds
Uncalled bet ($3) returned to Masqb
Masqb collected $6 from pot
Masqb: doesn't show hand
*** SUMMARY ***
Total pot $6 | Rake $0
Seat 1: Masqb (button) (small blind) collected ($6)
Seat 6: ivy100 (big blind) folded before Flop


PokerStars Hand #147747231450:  Hold'em Limit ($3/$6 USD) - 2016/01/27 0:05:33 ET
Table 'Egeria' 10-max Seat #6 is the button
Seat 1: Masqb ($133.28 in chips)
Seat 6: ivy100 ($45.46 in chips)
ivy100: posts small blind $1
Masqb: posts big blind $3
*** HOLE CARDS ***
ivy100: calls $2
Masqb: checks
*** FLOP *** [7d Jh 5s]
Masqb: bets $3
ivy100: calls $3
*** TURN *** [7d Jh 5s] [7s]
Masqb: bets $6
ivy100: folds
Uncalled bet ($6) returned to Masqb
Masqb collected $11.76 from pot
Masqb: doesn't show hand
*** SUMMARY ***
Total pot $12 | Rake $0.24
Board [7d Jh 5s 7s]
Seat 1: Masqb (big blind) collected ($11.76)
Seat 6: ivy100 (button) (small blind) folded on the Turn


PokerStars Hand #147747250268:  Hold'em Limit ($3/$6 USD) - 2016/01/27 0:06:36 ET
Table 'Egeria' 10-max Seat #6 is the button
Seat 1: Masqb ($165.54 in chips)
Seat 6: ivy100 ($12.46 in chips)
ivy100: posts small blind $1
Masqb: posts big blind $3
*** HOLE CARDS ***
ivy100: folds
Uncalled bet ($2) returned to Masqb
Masqb collected $2 from pot
Masqb: doesn't show hand
*** SUMMARY ***
Total pot $2 | Rake $0
Seat 1: Masqb (big blind) collected ($2)
Seat 6: ivy100 (button) (small blind) folded before Flop


PokerStars Hand #147747241526:  Hold'em Limit ($3/$6 USD) - 2016/01/27 0:06:06 ET
Table 'Egeria' 10-max Seat #1 is the button
Seat 1: Masqb ($139.04 in chips)
Seat 6: ivy100 ($39.46 in chips)
Masqb: posts small blind $1
ivy100: posts big blind $3
*** HOLE CARDS ***
Masqb: raises $3 to $6
ivy100: calls $3
*** FLOP *** [9s 9c 8d]
ivy100: bets $3
Masqb: calls $3
*** TURN *** [9s 9c 8d] [6s]
ivy100: bets $6
Masqb: raises $6 to $12
ivy100: calls $6
*** RIVER *** [9s 9c 8d 6s] [Ad]
ivy100: checks
Masqb: bets $6
ivy100: calls $6
*** SHOW DOWN ***
Masqb: shows [Tc 7d] (a straight, Six to Ten)
ivy100: mucks hand
Masqb collected $53.50 from pot
*** SUMMARY ***
Total pot $54 | Rake $0.50
Board [9s 9c 8d 6s Ad]
Seat 1: Masqb (button) (small blind) showed [Tc 7d] and won ($53.50) with a straight, Six to Ten
Seat 6: ivy100 (big blind) mucked


PokerStars Hand #147747252302:  Hold'em Limit ($3/$6 USD) - 2016/01/27 0:06:43 ET
Table 'Egeria' 10-max Seat #1 is the button
Seat 1: Masqb ($166.54 in chips)
Seat 6: ivy100 ($11.46 in chips)
Masqb: posts small blind $1
ivy100: posts big blind $3
*** HOLE CARDS ***
Masqb: folds
Uncalled bet ($2) returned to ivy100
ivy100 collected $2 from pot
ivy100: doesn't show hand
*** SUMMARY ***
Total pot $2 | Rake $0
Seat 1: Masqb (button) (small blind) folded before Flop
Seat 6: ivy100 (big blind) collected ($2)


PokerStars Hand #147747256009:  Hold'em Limit ($3/$6 USD) - 2016/01/27 0:06:56 ET
Table 'Egeria' 10-max Seat #1 is the button
Seat 1: Masqb ($166.54 in chips)
Seat 6: ivy100 ($11.46 in chips)
Masqb: posts small blind $1
ivy100: posts big blind $3
*** HOLE CARDS ***
Masqb: folds
Uncalled bet ($2) returned to ivy100
ivy100 collected $2 from pot
ivy100: doesn't show hand
*** SUMMARY ***
Total pot $2 | Rake $0
Seat 1: Masqb (button) (small blind) folded before Flop
Seat 6: ivy100 (big blind) collected ($2)


PokerStars Hand #147747254394:  Hold'em Limit ($3/$6 USD) - 2016/01/27 0:06:50 ET
Table 'Egeria' 10-max Seat #6 is the button
Seat 1: Masqb ($165.54 in chips)
Seat 6: ivy100 ($12.46 in chips)
ivy100: posts small blind $1
Masqb: posts big blind $3
*** HOLE CARDS ***
ivy100: folds
Uncalled bet ($2) returned to Masqb
Masqb collected $2 from pot
Masqb: doesn't show hand
*** SUMMARY ***
Total pot $2 | Rake $0
Seat 1: Masqb (big blind) collected ($2)
Seat 6: ivy100 (button) (small blind) folded before Flop


PokerStars Hand #147747257678:  Hold'em Limit ($3/$6 USD) - 2016/01/27 0:07:01 ET
Table 'Egeria' 10-max Seat #6 is the button
Seat 1: Masqb ($165.54 in chips)
Seat 6: ivy100 ($12.46 in chips)
ivy100: posts small blind $1
Masqb: posts big blind $3
*** HOLE CARDS ***
ivy100: calls $2
Masqb: checks
*** FLOP *** [Kc Ks 8d]
Masqb: checks
ivy100: checks
*** TURN *** [Kc Ks 8d] [As]
Masqb: checks
ivy100: checks
*** RIVER *** [Kc Ks 8d As] [Td]
Masqb: checks
ivy100: bets $6
Masqb: calls $6
*** SHOW DOWN ***
ivy100: shows [Th Qd] (two pair, Kings and Tens)
Masqb: shows [Ts 2d] (two pair, Kings and Tens)
Masqb collected $8.82 from pot
ivy100 collected $8.82 from pot
*** SUMMARY ***
Total pot $18 | Rake $0.36
Board [Kc Ks 8d As Td]
Seat 1: Masqb (big blind) showed [Ts 2d] and won ($8.82) with two pair, Kings and Tens
Seat 6: ivy100 (button) (small blind) showed [Th Qd] and won ($8.82) with two pair, Kings and Tens


PokerStars Hand #147747267675:  Hold'em Limit ($3/$6 USD) - 2016/01/27 0:07:36 ET
Table 'Egeria' 10-max Seat #1 is the button
Seat 1: Masqb ($165.36 in chips)
Seat 6: ivy100 ($12.28 in chips)
Masqb: posts small blind $1
ivy100: posts big blind $3
*** HOLE CARDS ***
Masqb: raises $3 to $6
ivy100: folds
Uncalled bet ($3) returned to Masqb
Masqb collected $6 from pot
Masqb: doesn't show hand
*** SUMMARY ***
Total pot $6 | Rake $0
Seat 1: Masqb (button) (small blind) collected ($6)
Seat 6: ivy100 (big blind) folded before Flop


PokerStars Hand #147747274467:  Hold'em Limit ($3/$6 USD) - 2016/01/27 0:07:59 ET
Table 'Egeria' 10-max Seat #6 is the button
Seat 1: Masqb ($168.36 in chips)
Seat 6: ivy100 ($9.28 in chips)
ivy100: posts small blind $1
Masqb: posts big blind $3
*** HOLE CARDS ***
ivy100: raises $3 to $6
Masqb: calls $3
*** FLOP *** [4d Ad Th]
Masqb: checks
ivy100: bets $3
Masqb: raises $3 to $6
ivy100: calls $0.28 and is all-in
Uncalled bet ($2.72) returned to Masqb
*** TURN *** [4d Ad Th] [Jd]
*** RIVER *** [4d Ad Th Jd] [2d]
*** SHOW DOWN ***
Masqb: shows [Qd Ks] (a flush, Ace high)
ivy100: mucks hand
Masqb collected $18.19 from pot
*** SUMMARY ***
Total pot $18.56 | Rake $0.37
Board [4d Ad Th Jd 2d]
Seat 1: Masqb (big blind) showed [Qd Ks] and won ($18.19) with a flush, Ace high
Seat 6: ivy100 (button) (small blind) mucked


PokerStars Hand #147753196263:  Hold'em Limit ($3/$6 USD) - 2016/01/27 5:03:20 ET
Table 'Egeria' 10-max Seat #5 is the button
Seat 5: Shara.Vi ($30 in chips)
Seat 6: Agrotait ($72 in chips)
Shara.Vi: posts small blind $1
Agrotait: posts big blind $3
*** HOLE CARDS ***
Shara.Vi: calls $2
Agrotait: raises $3 to $6
Shara.Vi: calls $3
*** FLOP *** [Td 8h Ah]
Agrotait: bets $3
Shara.Vi: calls $3
*** TURN *** [Td 8h Ah] [Qd]
Agrotait: checks
Shara.Vi: bets $6
Agrotait: calls $6
*** RIVER *** [Td 8h Ah Qd] [Qs]
Agrotait: checks
Shara.Vi: checks
*** SHOW DOWN ***
Agrotait: shows [Kh Kc] (two pair, Kings and Queens)
Shara.Vi: mucks hand
Agrotait collected $29.50 from pot
*** SUMMARY ***
Total pot $30 | Rake $0.50
Board [Td 8h Ah Qd Qs]
Seat 5: Shara.Vi (button) (small blind) mucked
Seat 6: Agrotait (big blind) showed [Kh Kc] and won ($29.50) with two pair, Kings and Queens


PokerStars Hand #147753214361:  Hold'em Limit ($3/$6 USD) - 2016/01/27 5:03:59 ET
Table 'Egeria' 10-max Seat #6 is the button
Seat 5: Shara.Vi ($15 in chips)
Seat 6: Agrotait ($86.50 in chips)
Agrotait: posts small blind $1
Shara.Vi: posts big blind $3
*** HOLE CARDS ***
Agrotait: raises $3 to $6
Shara.Vi: raises $3 to $9
Agrotait: calls $3
*** FLOP *** [5d Th Kd]
Shara.Vi: bets $3
Agrotait: calls $3
*** TURN *** [5d Th Kd] [Kh]
Shara.Vi: bets $3 and is all-in
Agrotait: calls $3
*** RIVER *** [5d Th Kd Kh] [4c]
*** SHOW DOWN ***
Shara.Vi: shows [As 5c] (two pair, Kings and Fives)
Agrotait: shows [Ts 9h] (two pair, Kings and Tens)
Agrotait collected $29.50 from pot
*** SUMMARY ***
Total pot $30 | Rake $0.50
Board [5d Th Kd Kh 4c]
Seat 5: Shara.Vi (big blind) showed [As 5c] and lost with two pair, Kings and Fives
Seat 6: Agrotait (button) (small blind) showed [Ts 9h] and won ($29.50) with two pair, Kings and Tens


PokerStars Hand #147790008106:  Hold'em Limit ($3/$6 USD) - 2016/01/27 17:30:00 ET
Table 'Egeria' 10-max Seat #1 is the button
Seat 1: SmellyToes4u ($102.36 in chips)
Seat 6: Ottensen 82` ($120 in chips)
SmellyToes4u: posts small blind $1
Ottensen 82`: posts big blind $3
*** HOLE CARDS ***
SmellyToes4u: raises $3 to $6
Ottensen 82`: calls $3
*** FLOP *** [Kd Ks 8h]
Ottensen 82`: checks
SmellyToes4u: bets $3
belik555 joins the table at seat #7
Ottensen 82`: calls $3
*** TURN *** [Kd Ks 8h] [Js]
Ottensen 82`: checks
SmellyToes4u: checks
*** RIVER *** [Kd Ks 8h Js] [Tc]
Ottensen 82`: bets $6
SmellyToes4u: raises $6 to $12
Ottensen 82`: calls $6
*** SHOW DOWN ***
SmellyToes4u: shows [9h Qc] (a straight, Nine to King)
Ottensen 82`: mucks hand
SmellyToes4u collected $41.50 from pot
*** SUMMARY ***
Total pot $42 | Rake $0.50
Board [Kd Ks 8h Js Tc]
Seat 1: SmellyToes4u (button) (small blind) showed [9h Qc] and won ($41.50) with a straight, Nine to King
Seat 6: Ottensen 82` (big blind) mucked


PokerStars Hand #147790257131:  Hold'em Limit ($3/$6 USD) - 2016/01/27 17:34:00 ET
Table 'Egeria' 10-max Seat #1 is the button
Seat 1: SmellyToes4u ($111.93 in chips)
Seat 7: belik555 ($77.64 in chips)
SmellyToes4u: posts small blind $1
belik555: posts big blind $3
*** HOLE CARDS ***
SmellyToes4u: raises $3 to $6
belik555: calls $3
*** FLOP *** [3h 9h Kh]
belik555: checks
SmellyToes4u: bets $3
belik555: raises $3 to $6
SmellyToes4u: raises $3 to $9
belik555: calls $3
*** TURN *** [3h 9h Kh] [3d]
belik555: checks
SmellyToes4u: bets $6
belik555: raises $6 to $12
SmellyToes4u: calls $6
*** RIVER *** [3h 9h Kh 3d] [5h]
belik555: bets $6
SmellyToes4u: raises $6 to $12
belik555: calls $6
*** SHOW DOWN ***
SmellyToes4u: shows [Qh Ks] (a flush, King high)
belik555: mucks hand
SmellyToes4u collected $77.50 from pot
*** SUMMARY ***
Total pot $78 | Rake $0.50
Board [3h 9h Kh 3d 5h]
Seat 1: SmellyToes4u (button) (small blind) showed [Qh Ks] and won ($77.50) with a flush, King high
Seat 7: belik555 (big blind) mucked


PokerStars Hand #147790400273:  Hold'em Limit ($3/$6 USD) - 2016/01/27 17:36:26 ET
Table 'Egeria' 10-max Seat #7 is the button
Seat 7: belik555 ($72 in chips)
Seat 9: MARIBORO8 ($66 in chips)
belik555: posts small blind $1
MARIBORO8: posts big blind $3
*** HOLE CARDS ***
belik555: raises $3 to $6
MARIBORO8: folds
Uncalled bet ($3) returned to belik555
belik555 collected $6 from pot
belik555: doesn't show hand
*** SUMMARY ***
Total pot $6 | Rake $0
Seat 7: belik555 (button) (small blind) collected ($6)
Seat 9: MARIBORO8 (big blind) folded before Flop


PokerStars Hand #147790441990:  Hold'em Limit ($3/$6 USD) - 2016/01/27 17:37:10 ET
Table 'Egeria' 10-max Seat #7 is the button
Seat 7: belik555 ($98.50 in chips)
Seat 9: MARIBORO8 ($39 in chips)
belik555: posts small blind $1
MARIBORO8: posts big blind $3
*** HOLE CARDS ***
belik555: raises $3 to $6
MARIBORO8: calls $3
*** FLOP *** [5s 8c Kh]
MARIBORO8: checks
belik555: bets $3
MARIBORO8: calls $3
*** TURN *** [5s 8c Kh] [Js]
MARIBORO8: checks
belik555: checks
*** RIVER *** [5s 8c Kh Js] [Ad]
MARIBORO8: checks
belik555: checks
*** SHOW DOWN ***
MARIBORO8: shows [2d 8h] (a pair of Eights)
belik555: shows [8d 4c] (a pair of Eights)
MARIBORO8 collected $8.82 from pot
belik555 collected $8.82 from pot
*** SUMMARY ***
Total pot $18 | Rake $0.36
Board [5s 8c Kh Js Ad]
Seat 7: belik555 (button) (small blind) showed [8d 4c] and won ($8.82) with a pair of Eights
Seat 9: MARIBORO8 (big blind) showed [2d 8h] and won ($8.82) with a pair of Eights


PokerStars Hand #147790475469:  Hold'em Limit ($3/$6 USD) - 2016/01/27 17:37:44 ET
Table 'Egeria' 10-max Seat #9 is the button
Seat 7: belik555 ($98.32 in chips)
Seat 9: MARIBORO8 ($38.82 in chips)
MARIBORO8: posts small blind $1
belik555: posts big blind $3
*** HOLE CARDS ***
MARIBORO8: raises $3 to $6
belik555: calls $3
*** FLOP *** [Kc Ks Ad]
belik555: checks
MARIBORO8: bets $3
belik555: folds
Uncalled bet ($3) returned to MARIBORO8
MARIBORO8 collected $11.76 from pot
MARIBORO8: doesn't show hand
*** SUMMARY ***
Total pot $12 | Rake $0.24
Board [Kc Ks Ad]
Seat 7: belik555 (big blind) folded on the Flop
Seat 9: MARIBORO8 (button) (small blind) collected ($11.76)


PokerStars Hand #147790567803:  Hold'em Limit ($3/$6 USD) - 2016/01/27 17:39:21 ET
Table 'Egeria' 10-max Seat #7 is the button
Seat 7: belik555 ($72 in chips)
Seat 9: MARIBORO8 ($79.72 in chips)
belik555: posts small blind $1
MARIBORO8: posts big blind $3
*** HOLE CARDS ***
belik555: folds
Uncalled bet ($2) returned to MARIBORO8
MARIBORO8 collected $2 from pot
MARIBORO8: doesn't show hand
*** SUMMARY ***
Total pot $2 | Rake $0
Seat 7: belik555 (button) (small blind) folded before Flop
Seat 9: MARIBORO8 (big blind) collected ($2)


PokerStars Hand #147790532924:  Hold'em Limit ($3/$6 USD) - 2016/01/27 17:38:44 ET
Table 'Egeria' 10-max Seat #9 is the button
Seat 7: belik555 ($83.32 in chips)
Seat 9: MARIBORO8 ($53.22 in chips)
MARIBORO8: posts small blind $1
belik555: posts big blind $3
*** HOLE CARDS ***
MARIBORO8: raises $3 to $6
belik555: calls $3
*** FLOP *** [6s 8c Tc]
belik555: checks
MARIBORO8: bets $3
belik555: raises $3 to $6
MARIBORO8: raises $3 to $9
belik555: calls $3
*** TURN *** [6s 8c Tc] [Qs]
belik555: checks
MARIBORO8: bets $6
belik555: calls $6
*** RIVER *** [6s 8c Tc Qs] [4h]
belik555: checks
MARIBORO8: bets $6
belik555: calls $6
*** SHOW DOWN ***
MARIBORO8: shows [Ts Th] (three of a kind, Tens)
belik555: mucks hand
MARIBORO8 collected $53.50 from pot
*** SUMMARY ***
Total pot $54 | Rake $0.50
Board [6s 8c Tc Qs 4h]
Seat 7: belik555 (big blind) mucked
Seat 9: MARIBORO8 (button) (small blind) showed [Ts Th] and won ($53.50) with three of a kind, Tens


PokerStars Hand #147790504905:  Hold'em Limit ($3/$6 USD) - 2016/01/27 17:38:15 ET
Table 'Egeria' 10-max Seat #7 is the button
Seat 7: belik555 ($92.32 in chips)
Seat 9: MARIBORO8 ($44.58 in chips)
belik555: posts small blind $1
MARIBORO8: posts big blind $3
*** HOLE CARDS ***
belik555: raises $3 to $6
MARIBORO8: raises $3 to $9
belik555: calls $3
*** FLOP *** [Ks Jh Js]
MARIBORO8: bets $3
belik555: folds
Uncalled bet ($3) returned to MARIBORO8
MARIBORO8 collected $17.64 from pot
MARIBORO8: doesn't show hand
*** SUMMARY ***
Total pot $18 | Rake $0.36
Board [Ks Jh Js]
Seat 7: belik555 (button) (small blind) folded on the Flop
Seat 9: MARIBORO8 (big blind) collected ($17.64)


PokerStars Hand #147790608211:  Hold'em Limit ($3/$6 USD) - 2016/01/27 17:40:04 ET
Table 'Egeria' 10-max Seat #7 is the button
Seat 7: belik555 ($95.50 in chips)
Seat 9: MARIBORO8 ($56.72 in chips)
belik555: posts small blind $1
MARIBORO8: posts big blind $3
*** HOLE CARDS ***
belik555: raises $3 to $6
MARIBORO8: folds
Uncalled bet ($3) returned to belik555
belik555 collected $6 from pot
belik555: doesn't show hand
*** SUMMARY ***
Total pot $6 | Rake $0
Seat 7: belik555 (button) (small blind) collected ($6)
Seat 9: MARIBORO8 (big blind) folded before Flop


PokerStars Hand #147790573317:  Hold'em Limit ($3/$6 USD) - 2016/01/27 17:39:27 ET
Table 'Egeria' 10-max Seat #9 is the button
Seat 7: belik555 ($72 in chips)
Seat 9: MARIBORO8 ($80.72 in chips)
MARIBORO8: posts small blind $1
belik555: posts big blind $3
*** HOLE CARDS ***
MARIBORO8: raises $3 to $6
belik555: calls $3
*** FLOP *** [6d Kc Qh]
belik555: checks
MARIBORO8: bets $3
belik555: raises $3 to $6
MARIBORO8: calls $3
*** TURN *** [6d Kc Qh] [2s]
belik555: bets $6
MARIBORO8: calls $6
*** RIVER *** [6d Kc Qh 2s] [5s]
belik555: bets $6
MARIBORO8: calls $6
*** SHOW DOWN ***
belik555: shows [Qd Th] (a pair of Queens)
MARIBORO8: mucks hand
belik555 collected $47.50 from pot
*** SUMMARY ***
Total pot $48 | Rake $0.50
Board [6d Kc Qh 2s 5s]
Seat 7: belik555 (big blind) showed [Qd Th] and won ($47.50) with a pair of Queens
Seat 9: MARIBORO8 (button) (small blind) mucked


PokerStars Hand #147790618292:  Hold'em Limit ($3/$6 USD) - 2016/01/27 17:40:15 ET
Table 'Egeria' 10-max Seat #9 is the button
Seat 7: belik555 ($98.50 in chips)
Seat 9: MARIBORO8 ($53.72 in chips)
MARIBORO8: posts small blind $1
belik555: posts big blind $3
*** HOLE CARDS ***
MARIBORO8: raises $3 to $6
belik555: calls $3
*** FLOP *** [Jd 7s 5c]
belik555: checks
MARIBORO8: checks
*** TURN *** [Jd 7s 5c] [2c]
belik555: bets $6
MARIBORO8: raises $6 to $12
belik555: calls $6
*** RIVER *** [Jd 7s 5c 2c] [7c]
belik555: checks
MARIBORO8: bets $6
belik555: folds
Uncalled bet ($6) returned to MARIBORO8
MARIBORO8 collected $35.50 from pot
MARIBORO8: doesn't show hand
*** SUMMARY ***
Total pot $36 | Rake $0.50
Board [Jd 7s 5c 2c 7c]
Seat 7: belik555 (big blind) folded on the River
Seat 9: MARIBORO8 (button) (small blind) collected ($35.50)


PokerStars Hand #147790695785:  Hold'em Limit ($3/$6 USD) - 2016/01/27 17:41:38 ET
Table 'Egeria' 10-max Seat #9 is the button
Seat 7: belik555 ($72 in chips)
Seat 9: MARIBORO8 ($79.86 in chips)
MARIBORO8: posts small blind $1
belik555: posts big blind $3
*** HOLE CARDS ***
MARIBORO8: raises $3 to $6
belik555: calls $3
*** FLOP *** [3d As 7h]
belik555: checks
MARIBORO8: bets $3
belik555: raises $3 to $6
MARIBORO8: calls $3
*** TURN *** [3d As 7h] [8s]
belik555: bets $6
MARIBORO8: raises $6 to $12
belik555: calls $6
*** RIVER *** [3d As 7h 8s] [8h]
belik555: checks
MARIBORO8: bets $6
belik555: calls $6
*** SHOW DOWN ***
MARIBORO8: shows [Ad Qh] (two pair, Aces and Eights)
belik555: mucks hand
MARIBORO8 collected $59.50 from pot
*** SUMMARY ***
Total pot $60 | Rake $0.50
Board [3d As 7h 8s 8h]
Seat 7: belik555 (big blind) mucked
Seat 9: MARIBORO8 (button) (small blind) showed [Ad Qh] and won ($59.50) with two pair, Aces and Eights


PokerStars Hand #147790664704:  Hold'em Limit ($3/$6 USD) - 2016/01/27 17:41:04 ET
Table 'Egeria' 10-max Seat #7 is the button
Seat 7: belik555 ($80.50 in chips)
Seat 9: MARIBORO8 ($71.22 in chips)
belik555: posts small blind $1
MARIBORO8: posts big blind $3
*** HOLE CARDS ***
belik555: raises $3 to $6
MARIBORO8: calls $3
*** FLOP *** [8d Qd As]
MARIBORO8: checks
belik555: bets $3
MARIBORO8: raises $3 to $6
belik555: folds
Uncalled bet ($3) returned to MARIBORO8
MARIBORO8 collected $17.64 from pot
MARIBORO8: doesn't show hand
*** SUMMARY ***
Total pot $18 | Rake $0.36
Board [8d Qd As]
Seat 7: belik555 (button) (small blind) folded on the Flop
Seat 9: MARIBORO8 (big blind) collected ($17.64)


PokerStars Hand #147790729976:  Hold'em Limit ($3/$6 USD) - 2016/01/27 17:42:14 ET
Table 'Egeria' 10-max Seat #7 is the button
Seat 7: belik555 ($72 in chips)
Seat 9: MARIBORO8 ($109.36 in chips)
belik555: posts small blind $1
MARIBORO8: posts big blind $3
*** HOLE CARDS ***
belik555: raises $3 to $6
MARIBORO8: calls $3
*** FLOP *** [2d 4s Qh]
MARIBORO8: checks
belik555: bets $3
MARIBORO8: calls $3
*** TURN *** [2d 4s Qh] [6h]
MARIBORO8: checks
belik555: bets $6
MARIBORO8: calls $6
*** RIVER *** [2d 4s Qh 6h] [As]
MARIBORO8: checks
belik555: bets $6
MARIBORO8: raises $6 to $12
belik555: calls $6
*** SHOW DOWN ***
MARIBORO8: shows [8h Ac] (a pair of Aces)
belik555: mucks hand
MARIBORO8 collected $53.50 from pot
*** SUMMARY ***
Total pot $54 | Rake $0.50
Board [2d 4s Qh 6h As]
Seat 7: belik555 (button) (small blind) mucked
Seat 9: MARIBORO8 (big blind) showed [8h Ac] and won ($53.50) with a pair of Aces


PokerStars Hand #147790820639:  Hold'em Limit ($3/$6 USD) - 2016/01/27 17:43:51 ET
Table 'Egeria' 10-max Seat #7 is the button
Seat 7: belik555 ($95.50 in chips)
Seat 9: MARIBORO8 ($111.86 in chips)
belik555: posts small blind $1
MARIBORO8: posts big blind $3
*** HOLE CARDS ***
belik555: raises $3 to $6
MARIBORO8: calls $3
*** FLOP *** [5s 4s 3h]
MARIBORO8: checks
belik555: bets $3
MARIBORO8: raises $3 to $6
belik555: calls $3
*** TURN *** [5s 4s 3h] [2c]
MARIBORO8: checks
belik555: checks
*** RIVER *** [5s 4s 3h 2c] [2d]
MARIBORO8: bets $6
belik555: folds
Uncalled bet ($6) returned to MARIBORO8
MARIBORO8 collected $23.52 from pot
MARIBORO8: doesn't show hand
*** SUMMARY ***
Total pot $24 | Rake $0.48
Board [5s 4s 3h 2c 2d]
Seat 7: belik555 (button) (small blind) folded on the River
Seat 9: MARIBORO8 (big blind) collected ($23.52)


PokerStars Hand #147790766454:  Hold'em Limit ($3/$6 USD) - 2016/01/27 17:42:53 ET
Table 'Egeria' 10-max Seat #9 is the button
Seat 7: belik555 ($72 in chips)
Seat 9: MARIBORO8 ($135.86 in chips)
MARIBORO8: posts small blind $1
belik555: posts big blind $3
*** HOLE CARDS ***
MARIBORO8: raises $3 to $6
belik555: calls $3
*** FLOP *** [9s 3d 5h]
belik555: checks
Ottensen 82` joins the table at seat #10
MARIBORO8: checks
*** TURN *** [9s 3d 5h] [8h]
belik555: bets $6
MARIBORO8: raises $6 to $12
belik555: raises $6 to $18
MARIBORO8: calls $6
*** RIVER *** [9s 3d 5h 8h] [As]
belik555: bets $6
MARIBORO8: folds
Uncalled bet ($6) returned to belik555
belik555 collected $47.50 from pot
belik555: doesn't show hand
*** SUMMARY ***
Total pot $48 | Rake $0.50
Board [9s 3d 5h 8h As]
Seat 7: belik555 (big blind) collected ($47.50)
Seat 9: MARIBORO8 (button) (small blind) folded on the River


PokerStars Hand #147790974844:  Hold'em Limit ($3/$6 USD) - 2016/01/27 17:46:36 ET
Table 'Egeria' 10-max Seat #7 is the button
Seat 1: SmellyToes4u ($130.43 in chips)
Seat 7: belik555 ($103.24 in chips)
belik555: posts small blind $1
Ottensen 82`: is sitting out
SmellyToes4u: posts big blind $3
*** HOLE CARDS ***
belik555: raises $3 to $6
SmellyToes4u: folds
Uncalled bet ($3) returned to belik555
belik555 collected $6 from pot
belik555: doesn't show hand
*** SUMMARY ***
Total pot $6 | Rake $0
Seat 1: SmellyToes4u (big blind) folded before Flop
Seat 7: belik555 (button) (small blind) collected ($6)


