PokerStars Hand #147799468222:  Hold'em Limit ($3/$6 USD) - 2016/01/27 21:23:22 ET
Table 'Egeria' 10-max Seat #2 is the button
Seat 2: LifeisagameX ($60 in chips)
Seat 3: MarkedCard18 ($69.37 in chips)
LifeisagameX: posts small blind $1
MarkedCard18: posts big blind $3
*** HOLE CARDS ***
LifeisagameX: raises $3 to $6
MarkedCard18: raises $3 to $9
LifeisagameX: calls $3
*** FLOP *** [9c 4h 7s]
MarkedCard18: bets $3
LifeisagameX: calls $3
*** TURN *** [9c 4h 7s] [3d]
MarkedCard18: bets $6
LifeisagameX: folds
Uncalled bet ($6) returned to MarkedCard18
MarkedCard18 collected $23.52 from pot
*** SUMMARY ***
Total pot $24 | Rake $0.48
Board [9c 4h 7s 3d]
Seat 2: LifeisagameX (button) (small blind) folded on the Turn
Seat 3: MarkedCard18 (big blind) collected ($23.52)


PokerStars Hand #147799481216:  Hold'em Limit ($3/$6 USD) - 2016/01/27 21:23:51 ET
Table 'Egeria' 10-max Seat #3 is the button
Seat 2: LifeisagameX ($48 in chips)
Seat 3: MarkedCard18 ($80.89 in chips)
MarkedCard18: posts small blind $1
LifeisagameX: posts big blind $3
*** HOLE CARDS ***
MarkedCard18: folds
Uncalled bet ($2) returned to LifeisagameX
LifeisagameX collected $2 from pot
LifeisagameX: doesn't show hand
*** SUMMARY ***
Total pot $2 | Rake $0
Seat 2: LifeisagameX (big blind) collected ($2)
Seat 3: MarkedCard18 (button) (small blind) folded before Flop


PokerStars Hand #147799484797:  Hold'em Limit ($3/$6 USD) - 2016/01/27 21:23:59 ET
Table 'Egeria' 10-max Seat #2 is the button
Seat 2: LifeisagameX ($49 in chips)
Seat 3: MarkedCard18 ($79.89 in chips)
LifeisagameX: posts small blind $1
MarkedCard18: posts big blind $3
*** HOLE CARDS ***
LifeisagameX: raises $3 to $6
MarkedCard18: calls $3
*** FLOP *** [Jc 6d 3c]
MarkedCard18: checks
LifeisagameX: bets $3
MarkedCard18: calls $3
*** TURN *** [Jc 6d 3c] [6s]
MarkedCard18: checks
LifeisagameX: checks
*** RIVER *** [Jc 6d 3c 6s] [Ac]
MarkedCard18: checks
LifeisagameX: bets $6
MarkedCard18: raises $6 to $12
LifeisagameX: calls $6
*** SHOW DOWN ***
MarkedCard18: shows [2d 4s] (a pair of Sixes)
LifeisagameX: shows [Ad Kd] (two pair, Aces and Sixes)
LifeisagameX collected $41.50 from pot
*** SUMMARY ***
Total pot $42 | Rake $0.50
Board [Jc 6d 3c 6s Ac]
Seat 2: LifeisagameX (button) (small blind) showed [Ad Kd] and won ($41.50) with two pair, Aces and Sixes
Seat 3: MarkedCard18 (big blind) showed [2d 4s] and lost with a pair of Sixes


PokerStars Hand #147799510472:  Hold'em Limit ($3/$6 USD) - 2016/01/27 21:24:56 ET
Table 'Egeria' 10-max Seat #2 is the button
Seat 2: LifeisagameX ($54.50 in chips)
Seat 3: MarkedCard18 ($73.39 in chips)
LifeisagameX: posts small blind $1
MarkedCard18: posts big blind $3
*** HOLE CARDS ***
LifeisagameX: raises $3 to $6
MarkedCard18: calls $3
*** FLOP *** [6s 8s 3s]
MarkedCard18: checks
LifeisagameX: checks
*** TURN *** [6s 8s 3s] [Kd]
MarkedCard18: checks
LifeisagameX: bets $6
MarkedCard18: folds
Uncalled bet ($6) returned to LifeisagameX
LifeisagameX collected $11.76 from pot
LifeisagameX: doesn't show hand
*** SUMMARY ***
Total pot $12 | Rake $0.24
Board [6s 8s 3s Kd]
Seat 2: LifeisagameX (button) (small blind) collected ($11.76)
Seat 3: MarkedCard18 (big blind) folded on the Turn


PokerStars Hand #147799525974:  Hold'em Limit ($3/$6 USD) - 2016/01/27 21:25:31 ET
Table 'Egeria' 10-max Seat #3 is the button
Seat 3: MarkedCard18 ($67.39 in chips)
Seat 4: AzureCaper ($72 in chips)
MarkedCard18: posts small blind $1
AzureCaper: posts big blind $3
*** HOLE CARDS ***
MarkedCard18: raises $3 to $6
AzureCaper: calls $3
*** FLOP *** [Kd Ks As]
LifeisagameX leaves the table
AzureCaper: checks
MarkedCard18: bets $3
AzureCaper: raises $3 to $6
MarkedCard18: raises $3 to $9
AzureCaper: raises $3 to $12
Betting is capped
MarkedCard18: calls $3
*** TURN *** [Kd Ks As] [Qs]
AzureCaper: bets $6
MarkedCard18: calls $6
*** RIVER *** [Kd Ks As Qs] [2c]
AzureCaper: bets $6
MarkedCard18: calls $6
*** SHOW DOWN ***
AzureCaper: shows [9d Kh] (three of a kind, Kings)
MarkedCard18: mucks hand
AzureCaper collected $59.50 from pot
*** SUMMARY ***
Total pot $60 | Rake $0.50
Board [Kd Ks As Qs 2c]
Seat 3: MarkedCard18 (button) (small blind) mucked
Seat 4: AzureCaper (big blind) showed [9d Kh] and won ($59.50) with three of a kind, Kings


PokerStars Hand #147799538548:  Hold'em Limit ($3/$6 USD) - 2016/01/27 21:25:59 ET
Table 'Egeria' 10-max Seat #3 is the button
Seat 3: MarkedCard18 ($19.39 in chips)
Seat 4: AzureCaper ($119 in chips)
MarkedCard18: posts small blind $1
AzureCaper: posts big blind $3
*** HOLE CARDS ***
MarkedCard18: folds
Uncalled bet ($2) returned to AzureCaper
AzureCaper collected $2 from pot
AzureCaper: doesn't show hand
*** SUMMARY ***
Total pot $2 | Rake $0
Seat 3: MarkedCard18 (button) (small blind) folded before Flop
Seat 4: AzureCaper (big blind) collected ($2)


PokerStars Hand #147799532687:  Hold'em Limit ($3/$6 USD) - 2016/01/27 21:25:45 ET
Table 'Egeria' 10-max Seat #4 is the button
Seat 3: MarkedCard18 ($37.39 in chips)
Seat 4: AzureCaper ($101.50 in chips)
AzureCaper: posts small blind $1
MarkedCard18: posts big blind $3
*** HOLE CARDS ***
AzureCaper: raises $3 to $6
MarkedCard18: calls $3
*** FLOP *** [2h Jd Qd]
MarkedCard18: checks
AzureCaper: bets $3
MarkedCard18: raises $3 to $6
AzureCaper: calls $3
*** TURN *** [2h Jd Qd] [7s]
MarkedCard18: bets $6
AzureCaper: calls $6
*** RIVER *** [2h Jd Qd 7s] [7h]
MarkedCard18: checks
AzureCaper: checks
*** SHOW DOWN ***
MarkedCard18: shows [2d 6s] (two pair, Sevens and Deuces)
AzureCaper: shows [As 2c] (two pair, Sevens and Deuces - Ace kicker)
AzureCaper collected $35.50 from pot
*** SUMMARY ***
Total pot $36 | Rake $0.50
Board [2h Jd Qd 7s 7h]
Seat 3: MarkedCard18 (big blind) showed [2d 6s] and lost with two pair, Sevens and Deuces
Seat 4: AzureCaper (button) (small blind) showed [As 2c] and won ($35.50) with two pair, Sevens and Deuces


PokerStars Hand #147799540411:  Hold'em Limit ($3/$6 USD) - 2016/01/27 21:26:03 ET
Table 'Egeria' 10-max Seat #4 is the button
Seat 3: MarkedCard18 ($18.39 in chips)
Seat 4: AzureCaper ($120 in chips)
AzureCaper: posts small blind $1
MarkedCard18: posts big blind $3
*** HOLE CARDS ***
AzureCaper: raises $3 to $6
MarkedCard18: raises $3 to $9
AzureCaper: calls $3
*** FLOP *** [Ad 4c 2c]
MarkedCard18: bets $3
AzureCaper: calls $3
*** TURN *** [Ad 4c 2c] [2d]
MarkedCard18: bets $6
AzureCaper: folds
Uncalled bet ($6) returned to MarkedCard18
MarkedCard18 collected $23.52 from pot
*** SUMMARY ***
Total pot $24 | Rake $0.48
Board [Ad 4c 2c 2d]
Seat 3: MarkedCard18 (big blind) collected ($23.52)
Seat 4: AzureCaper (button) (small blind) folded on the Turn


PokerStars Hand #147799545881:  Hold'em Limit ($3/$6 USD) - 2016/01/27 21:26:15 ET
Table 'Egeria' 10-max Seat #3 is the button
Seat 3: MarkedCard18 ($29.91 in chips)
Seat 4: AzureCaper ($108 in chips)
MarkedCard18: posts small blind $1
AzureCaper: posts big blind $3
*** HOLE CARDS ***
MarkedCard18: raises $3 to $6
AzureCaper: calls $3
*** FLOP *** [2s 7c 9h]
AzureCaper: checks
MarkedCard18: bets $3
AzureCaper: calls $3
*** TURN *** [2s 7c 9h] [Ac]
AzureCaper: checks
MarkedCard18: bets $6
AzureCaper: folds
Uncalled bet ($6) returned to MarkedCard18
MarkedCard18 collected $17.64 from pot
*** SUMMARY ***
Total pot $18 | Rake $0.36
Board [2s 7c 9h Ac]
Seat 3: MarkedCard18 (button) (small blind) collected ($17.64)
Seat 4: AzureCaper (big blind) folded on the Turn


PokerStars Hand #147799557202:  Hold'em Limit ($3/$6 USD) - 2016/01/27 21:26:41 ET
Table 'Egeria' 10-max Seat #3 is the button
Seat 3: MarkedCard18 ($32.55 in chips)
Seat 4: AzureCaper ($104.76 in chips)
MarkedCard18: posts small blind $1
AzureCaper: posts big blind $3
*** HOLE CARDS ***
MarkedCard18: raises $3 to $6
AzureCaper: raises $3 to $9
MarkedCard18: calls $3
*** FLOP *** [2s 6h 7h]
AzureCaper: bets $3
MarkedCard18: raises $3 to $6
AzureCaper: raises $3 to $9
MarkedCard18: calls $3
*** TURN *** [2s 6h 7h] [Kc]
AzureCaper: bets $6
MarkedCard18: calls $6
*** RIVER *** [2s 6h 7h Kc] [6s]
AzureCaper: bets $6
MarkedCard18: folds
Uncalled bet ($6) returned to AzureCaper
AzureCaper collected $47.50 from pot
AzureCaper: doesn't show hand
*** SUMMARY ***
Total pot $48 | Rake $0.50
Board [2s 6h 7h Kc 6s]
Seat 3: MarkedCard18 (button) (small blind) folded on the River
Seat 4: AzureCaper (big blind) collected ($47.50)


