PokerStars Hand #165405653723:  Hold'em Limit ($3/$6 USD) - 2017/01/30 10:39:16 ET
Table 'Ehrdni' 6-max Seat #2 is the button
Seat 2: tamnt10549 ($77 in chips)
Seat 6: vestimokrec ($132.43 in chips)
tamnt10549: posts small blind $1
vestimokrec: posts big blind $3
*** HOLE CARDS ***
tamnt10549: calls $2
vestimokrec: checks
*** FLOP *** [4h 8s 5s]
vestimokrec: checks
tamnt10549: checks
*** TURN *** [4h 8s 5s] [6s]
vestimokrec: bets $6
tamnt10549: folds
Uncalled bet ($6) returned to vestimokrec
vestimokrec collected $5.88 from pot
vestimokrec: doesn't show hand
*** SUMMARY ***
Total pot $6 | Rake $0.12
Board [4h 8s 5s 6s]
Seat 2: tamnt10549 (button) (small blind) folded on the Turn
Seat 6: vestimokrec (big blind) collected ($5.88)


PokerStars Hand #165405710709:  Hold'em Limit ($3/$6 USD) - 2017/01/30 10:40:33 ET
Table 'Ehrdni' 6-max Seat #6 is the button
Seat 4: aremom4e ($79.83 in chips)
Seat 6: vestimokrec ($135.31 in chips)
vestimokrec: posts small blind $1
aremom4e: posts big blind $3
*** HOLE CARDS ***
vestimokrec: raises $3 to $6
aremom4e: calls $3
*** FLOP *** [Ad 4c Ks]
aremom4e: checks
vestimokrec: bets $3
aremom4e: folds
Uncalled bet ($3) returned to vestimokrec
vestimokrec collected $11.76 from pot
vestimokrec: doesn't show hand
*** SUMMARY ***
Total pot $12 | Rake $0.24
Board [Ad 4c Ks]
Seat 4: aremom4e (big blind) folded on the Flop
Seat 6: vestimokrec (button) (small blind) collected ($11.76)


PokerStars Hand #165405722365:  Hold'em Limit ($3/$6 USD) - 2017/01/30 10:40:49 ET
Table 'Ehrdni' 6-max Seat #4 is the button
Seat 4: aremom4e ($73.83 in chips)
Seat 6: vestimokrec ($141.07 in chips)
aremom4e: posts small blind $1
vestimokrec: posts big blind $3
*** HOLE CARDS ***
aremom4e: folds
Uncalled bet ($2) returned to vestimokrec
vestimokrec collected $2 from pot
vestimokrec: doesn't show hand
*** SUMMARY ***
Total pot $2 | Rake $0
Seat 4: aremom4e (button) (small blind) folded before Flop
Seat 6: vestimokrec (big blind) collected ($2)


PokerStars Hand #165405737178:  Hold'em Limit ($3/$6 USD) - 2017/01/30 10:41:09 ET
Table 'Ehrdni' 6-max Seat #4 is the button
Seat 4: aremom4e ($81.47 in chips)
Seat 6: vestimokrec ($133.07 in chips)
aremom4e: posts small blind $1
vestimokrec: posts big blind $3
*** HOLE CARDS ***
aremom4e: raises $3 to $6
zarazzzza joins the table at seat #2
vestimokrec: calls $3
*** FLOP *** [7d 8s 3h]
vestimokrec: checks
aremom4e: bets $3
234599330 joins the table at seat #5
vestimokrec: folds
Uncalled bet ($3) returned to aremom4e
aremom4e collected $11.76 from pot
aremom4e: doesn't show hand
*** SUMMARY ***
Total pot $12 | Rake $0.24
Board [7d 8s 3h]
Seat 4: aremom4e (button) (small blind) collected ($11.76)
Seat 6: vestimokrec (big blind) folded on the Flop


PokerStars Hand #165405725666:  Hold'em Limit ($3/$6 USD) - 2017/01/30 10:40:53 ET
Table 'Ehrdni' 6-max Seat #6 is the button
Seat 4: aremom4e ($72.83 in chips)
Seat 6: vestimokrec ($142.07 in chips)
vestimokrec: posts small blind $1
aremom4e: posts big blind $3
*** HOLE CARDS ***
vestimokrec: raises $3 to $6
aremom4e: calls $3
*** FLOP *** [9d 2d Ks]
aremom4e: checks
vestimokrec: bets $3
aremom4e: raises $3 to $6
vestimokrec: folds
Uncalled bet ($3) returned to aremom4e
aremom4e collected $17.64 from pot
aremom4e: doesn't show hand
*** SUMMARY ***
Total pot $18 | Rake $0.36
Board [9d 2d Ks]
Seat 4: aremom4e (big blind) collected ($17.64)
Seat 6: vestimokrec (button) (small blind) folded on the Flop


PokerStars Hand #165405838008:  Hold'em Limit ($3/$6 USD) - 2017/01/30 10:43:25 ET
Table 'Ehrdni' 6-max Seat #2 is the button
Seat 2: zarazzzza ($33.26 in chips)
Seat 5: 234599330 ($86.76 in chips)
zarazzzza: posts small blind $1
234599330: posts big blind $3
*** HOLE CARDS ***
zarazzzza: raises $3 to $6
234599330: calls $3
*** FLOP *** [Qd 6c 2s]
234599330: checks
zarazzzza: bets $3
234599330: calls $3
*** TURN *** [Qd 6c 2s] [Ah]
234599330: checks
zarazzzza: bets $6
234599330: folds
Uncalled bet ($6) returned to zarazzzza
zarazzzza collected $17.64 from pot
zarazzzza: doesn't show hand
*** SUMMARY ***
Total pot $18 | Rake $0.36
Board [Qd 6c 2s Ah]
Seat 2: zarazzzza (button) (small blind) collected ($17.64)
Seat 5: 234599330 (big blind) folded on the Turn


PokerStars Hand #165405824329:  Hold'em Limit ($3/$6 USD) - 2017/01/30 10:43:06 ET
Table 'Ehrdni' 6-max Seat #5 is the button
Seat 2: zarazzzza ($39.26 in chips)
Seat 5: 234599330 ($81 in chips)
234599330: posts small blind $1
vestimokrec: is sitting out
vestimokrec leaves the table
zarazzzza: posts big blind $3
*** HOLE CARDS ***
234599330: raises $3 to $6
zarazzzza: calls $3
*** FLOP *** [7h 8h Td]
zarazzzza: checks
234599330: bets $3
zarazzzza: folds
Uncalled bet ($3) returned to 234599330
234599330 collected $11.76 from pot
234599330: doesn't show hand
*** SUMMARY ***
Total pot $12 | Rake $0.24
Board [7h 8h Td]
Seat 2: zarazzzza (big blind) folded on the Flop
Seat 5: 234599330 (button) (small blind) collected ($11.76)


