PokerStars Hand #144592670051:  Hold'em Limit ($3/$6 USD) - 2015/11/29 21:26:21 ET
Table 'Ehrdni' 6-max Seat #1 is the button
Seat 1: Velbor107 ($301 in chips)
Seat 6: fabricio004 ($51.96 in chips)
Velbor107: posts small blind $1
fabricio004: posts big blind $3
*** HOLE CARDS ***
Velbor107: folds
Uncalled bet ($2) returned to fabricio004
fabricio004 collected $2 from pot
fabricio004: doesn't show hand
*** SUMMARY ***
Total pot $2 | Rake $0
Seat 1: Velbor107 (button) (small blind) folded before Flop
Seat 6: fabricio004 (big blind) collected ($2)


PokerStars Hand #144592673360:  Hold'em Limit ($3/$6 USD) - 2015/11/29 21:26:28 ET
Table 'Ehrdni' 6-max Seat #6 is the button
Seat 1: Velbor107 ($300 in chips)
Seat 6: fabricio004 ($52.96 in chips)
fabricio004: posts small blind $1
Velbor107: posts big blind $3
*** HOLE CARDS ***
fabricio004: calls $2
Velbor107: raises $3 to $6
fabricio004: calls $3
*** FLOP *** [3s 3d 8s]
Velbor107: bets $3
fabricio004: calls $3
*** TURN *** [3s 3d 8s] [7d]
Velbor107: bets $6
fabricio004: folds
Uncalled bet ($6) returned to Velbor107
Velbor107 collected $17.64 from pot
*** SUMMARY ***
Total pot $18 | Rake $0.36
Board [3s 3d 8s 7d]
Seat 1: Velbor107 (big blind) collected ($17.64)
Seat 6: fabricio004 (button) (small blind) folded on the Turn


PokerStars Hand #144592689192:  Hold'em Limit ($3/$6 USD) - 2015/11/29 21:27:06 ET
Table 'Ehrdni' 6-max Seat #1 is the button
Seat 1: Velbor107 ($308.64 in chips)
Seat 6: fabricio004 ($43.96 in chips)
Velbor107: posts small blind $1
fabricio004: posts big blind $3
*** HOLE CARDS ***
Shapizzzy joins the table at seat #5
Velbor107: raises $3 to $6
fabricio004: calls $3
*** FLOP *** [3h Th 2h]
fabricio004: bets $3
Velbor107: calls $3
*** TURN *** [3h Th 2h] [6d]
fabricio004: bets $6
Velbor107: calls $6
*** RIVER *** [3h Th 2h 6d] [6h]
fabricio004: bets $6
Velbor107: folds
Uncalled bet ($6) returned to fabricio004
fabricio004 collected $29.50 from pot
fabricio004: doesn't show hand
*** SUMMARY ***
Total pot $30 | Rake $0.50
Board [3h Th 2h 6d 6h]
Seat 1: Velbor107 (button) (small blind) folded on the River
Seat 6: fabricio004 (big blind) collected ($29.50)


PokerStars Hand #144592703437:  Hold'em Limit ($3/$6 USD) - 2015/11/29 21:27:40 ET
Table 'Ehrdni' 6-max Seat #6 is the button
Seat 1: Velbor107 ($293.64 in chips)
Seat 6: fabricio004 ($58.46 in chips)
fabricio004: posts small blind $1
Velbor107: posts big blind $3
*** HOLE CARDS ***
fabricio004: raises $3 to $6
Velbor107: calls $3
*** FLOP *** [Ac 4c 3c]
Velbor107: checks
fabricio004: checks
*** TURN *** [Ac 4c 3c] [Ah]
Velbor107: checks
fabricio004: checks
*** RIVER *** [Ac 4c 3c Ah] [2c]
Velbor107: checks
fabricio004: checks
*** SHOW DOWN ***
Velbor107: shows [Js Th] (a pair of Aces)
fabricio004: mucks hand
Velbor107 collected $11.76 from pot
*** SUMMARY ***
Total pot $12 | Rake $0.24
Board [Ac 4c 3c Ah 2c]
Seat 1: Velbor107 (big blind) showed [Js Th] and won ($11.76) with a pair of Aces
Seat 6: fabricio004 (button) (small blind) mucked


PokerStars Hand #144594512337:  Hold'em Limit ($3/$6 USD) - 2015/11/29 22:52:26 ET
Table 'Ehrdni' 6-max Seat #2 is the button
Seat 2: scorpio04 ($72 in chips)
Seat 4: eurooppa50 ($283.32 in chips)
scorpio04: posts small blind $1
eurooppa50: posts big blind $3
*** HOLE CARDS ***
DirtyDouble2 leaves the table
scorpio04: raises $3 to $6
eurooppa50: calls $3
*** FLOP *** [8s Qs Ad]
eurooppa50: bets $3
scorpio04: calls $3
*** TURN *** [8s Qs Ad] [2d]
eurooppa50: bets $6
scorpio04: calls $6
*** RIVER *** [8s Qs Ad 2d] [3d]
eurooppa50: bets $6
scorpio04: folds
Uncalled bet ($6) returned to eurooppa50
eurooppa50 collected $29.50 from pot
eurooppa50: doesn't show hand
*** SUMMARY ***
Total pot $30 | Rake $0.50
Board [8s Qs Ad 2d 3d]
Seat 2: scorpio04 (button) (small blind) folded on the River
Seat 4: eurooppa50 (big blind) collected ($29.50)


