PokerStars Hand #171781264752:  Hold'em Limit ($3/$6 USD) - 2017/06/14 17:26:39 ET
Table 'Ehrsson' 6-max Seat #1 is the button
Seat 1: dalton135 ($129.33 in chips)
Seat 3: scorpio04 ($150 in chips)
dalton135: posts small blind $1
scorpio04: posts big blind $3
*** HOLE CARDS ***
dalton135: folds
Uncalled bet ($2) returned to scorpio04
scorpio04 collected $2 from pot
scorpio04: doesn't show hand
*** SUMMARY ***
Total pot $2 | Rake $0
Seat 1: dalton135 (button) (small blind) folded before Flop
Seat 3: scorpio04 (big blind) collected ($2)


PokerStars Hand #171781252174:  Hold'em Limit ($3/$6 USD) - 2017/06/14 17:26:23 ET
Table 'Ehrsson' 6-max Seat #3 is the button
Seat 1: dalton135 ($123.57 in chips)
Seat 3: scorpio04 ($150 in chips)
scorpio04: posts small blind $1
dalton135: posts big blind $3
*** HOLE CARDS ***
scorpio04: raises $3 to $6
dalton135: calls $3
*** FLOP *** [9s Jh Tc]
dalton135: checks
scorpio04: checks
*** TURN *** [9s Jh Tc] [8s]
dalton135: bets $6
scorpio04: folds
Uncalled bet ($6) returned to dalton135
dalton135 collected $11.76 from pot
dalton135: doesn't show hand
*** SUMMARY ***
Total pot $12 | Rake $0.24
Board [9s Jh Tc 8s]
Seat 1: dalton135 (big blind) collected ($11.76)
Seat 3: scorpio04 (button) (small blind) folded on the Turn


PokerStars Hand #171781203009:  Hold'em Limit ($3/$6 USD) - 2017/06/14 17:25:20 ET
Table 'Ehrsson' 6-max Seat #1 is the button
Seat 1: dalton135 ($114.93 in chips)
Seat 3: scorpio04 ($150 in chips)
dalton135: posts small blind $1
scorpio04: posts big blind $3
*** HOLE CARDS ***
dalton135: raises $3 to $6
scorpio04: calls $3
*** FLOP *** [3d 4c 8c]
scorpio04: checks
dalton135: bets $3
scorpio04: calls $3
*** TURN *** [3d 4c 8c] [7c]
scorpio04: checks
dalton135: bets $6
scorpio04: folds
Uncalled bet ($6) returned to dalton135
dalton135 collected $17.64 from pot
dalton135: doesn't show hand
*** SUMMARY ***
Total pot $18 | Rake $0.36
Board [3d 4c 8c 7c]
Seat 1: dalton135 (button) (small blind) collected ($17.64)
Seat 3: scorpio04 (big blind) folded on the Turn


PokerStars Hand #171781268102:  Hold'em Limit ($3/$6 USD) - 2017/06/14 17:26:44 ET
Table 'Ehrsson' 6-max Seat #3 is the button
Seat 1: dalton135 ($128.33 in chips)
Seat 3: scorpio04 ($151 in chips)
scorpio04: posts small blind $1
dalton135: posts big blind $3
*** HOLE CARDS ***
scorpio04: raises $3 to $6
dalton135: calls $3
*** FLOP *** [Tc Qh As]
dalton135: checks
scorpio04: bets $3
dalton135: calls $3
*** TURN *** [Tc Qh As] [3s]
dalton135: checks
scorpio04: bets $6
dalton135: calls $6
*** RIVER *** [Tc Qh As 3s] [9c]
dalton135: checks
scorpio04: checks
*** SHOW DOWN ***
dalton135: shows [Qs 5h] (a pair of Queens)
scorpio04: mucks hand
dalton135 collected $29.50 from pot
*** SUMMARY ***
Total pot $30 | Rake $0.50
Board [Tc Qh As 3s 9c]
Seat 1: dalton135 (big blind) showed [Qs 5h] and won ($29.50) with a pair of Queens
Seat 3: scorpio04 (button) (small blind) mucked


PokerStars Hand #171781299104:  Hold'em Limit ($3/$6 USD) - 2017/06/14 17:27:24 ET
Table 'Ehrsson' 6-max Seat #1 is the button
Seat 1: dalton135 ($142.83 in chips)
Seat 3: scorpio04 ($150 in chips)
dalton135: posts small blind $1
scorpio04: posts big blind $3
*** HOLE CARDS ***
dalton135: raises $3 to $6
scorpio04: calls $3
*** FLOP *** [Ts 7d 6d]
scorpio04: checks
dalton135: bets $3
scorpio04: raises $3 to $6
dalton135: folds
Uncalled bet ($3) returned to scorpio04
scorpio04 collected $17.64 from pot
scorpio04: doesn't show hand
*** SUMMARY ***
Total pot $18 | Rake $0.36
Board [Ts 7d 6d]
Seat 1: dalton135 (button) (small blind) folded on the Flop
Seat 3: scorpio04 (big blind) collected ($17.64)


PokerStars Hand #171781322745:  Hold'em Limit ($3/$6 USD) - 2017/06/14 17:27:54 ET
Table 'Ehrsson' 6-max Seat #3 is the button
Seat 1: dalton135 ($133.83 in chips)
Seat 3: scorpio04 ($158.64 in chips)
scorpio04: posts small blind $1
dalton135: posts big blind $3
*** HOLE CARDS ***
Krazy90 joins the table at seat #2
scorpio04: raises $3 to $6
dalton135: calls $3
*** FLOP *** [8c 5c 9d]
dalton135: checks
scorpio04: bets $3
dalton135: calls $3
*** TURN *** [8c 5c 9d] [Ah]
dalton135: checks
scorpio04: checks
*** RIVER *** [8c 5c 9d Ah] [7c]
dalton135: checks
scorpio04: bets $6
dalton135: folds
Uncalled bet ($6) returned to scorpio04
scorpio04 collected $17.64 from pot
scorpio04: doesn't show hand
*** SUMMARY ***
Total pot $18 | Rake $0.36
Board [8c 5c 9d Ah 7c]
Seat 1: dalton135 (big blind) folded on the River
Seat 3: scorpio04 (button) (small blind) collected ($17.64)


PokerStars Hand #171782078528:  Hold'em Limit ($3/$6 USD) - 2017/06/14 17:44:17 ET
Table 'Ehrsson' 6-max Seat #3 is the button
Seat 3: scorpio04 ($150 in chips)
Seat 4: dient´s ($30 in chips)
scorpio04: posts small blind $1
dient´s: posts big blind $3
*** HOLE CARDS ***
scorpio04: raises $3 to $6
dient´s: calls $3
*** FLOP *** [Js 3s 9c]
dient´s: bets $3
scorpio04: calls $3
*** TURN *** [Js 3s 9c] [4c]
sbhtss joins the table at seat #6
dient´s: bets $6
scorpio04: calls $6
*** RIVER *** [Js 3s 9c 4c] [2s]
belik555 joins the table at seat #5
dient´s: bets $6
scorpio04: calls $6
*** SHOW DOWN ***
dient´s: shows [5s 7s] (a flush, Jack high)
scorpio04: mucks hand
dient´s collected $41.50 from pot
*** SUMMARY ***
Total pot $42 | Rake $0.50
Board [Js 3s 9c 4c 2s]
Seat 3: scorpio04 (button) (small blind) mucked
Seat 4: dient´s (big blind) showed [5s 7s] and won ($41.50) with a flush, Jack high


PokerStars Hand #171784626985:  Hold'em Limit ($3/$6 USD) - 2017/06/14 18:47:29 ET
Table 'Ehrsson' 6-max Seat #6 is the button
Seat 3: scorpio04 ($199.18 in chips)
Seat 6: Misiek25 ($105.17 in chips)
Misiek25: posts small blind $1
CatPuppy1999: is sitting out
scorpio04: posts big blind $3
*** HOLE CARDS ***
CatPuppy1999 leaves the table
Misiek25: folds
Uncalled bet ($2) returned to scorpio04
scorpio04 collected $2 from pot
scorpio04: doesn't show hand
*** SUMMARY ***
Total pot $2 | Rake $0
Seat 3: scorpio04 (big blind) collected ($2)
Seat 6: Misiek25 (button) (small blind) folded before Flop


