PokerStars Hand #145553709343:  Hold'em Limit ($3/$6 USD) - 2015/12/18 17:49:50 ET
Table 'Eichsfeldia' 2-max Seat #2 is the button
Seat 1: aruhtart ($125.76 in chips)
Seat 2: Vulkano2015 ($197.05 in chips)
Vulkano2015: posts small blind $1
aruhtart: posts big blind $3
*** HOLE CARDS ***
Vulkano2015: calls $2
aruhtart: raises $3 to $6
Vulkano2015: calls $3
*** FLOP *** [As Jd Ac]
aruhtart: checks
Vulkano2015: checks
*** TURN *** [As Jd Ac] [2d]
aruhtart: bets $6
Vulkano2015: folds
Uncalled bet ($6) returned to aruhtart
aruhtart collected $11.76 from pot
aruhtart: doesn't show hand
*** SUMMARY ***
Total pot $12 | Rake $0.24
Board [As Jd Ac 2d]
Seat 1: aruhtart (big blind) collected ($11.76)
Seat 2: Vulkano2015 (button) (small blind) folded on the Turn


PokerStars Hand #145553749224:  Hold'em Limit ($3/$6 USD) - 2015/12/18 17:50:37 ET
Table 'Eichsfeldia' 2-max Seat #2 is the button
Seat 1: aruhtart ($120 in chips)
Seat 2: Vulkano2015 ($220.55 in chips)
Vulkano2015: posts small blind $1
aruhtart: posts big blind $3
*** HOLE CARDS ***
Vulkano2015: raises $3 to $6
aruhtart: calls $3
*** FLOP *** [Kc 7d 7h]
aruhtart: checks
Vulkano2015: checks
*** TURN *** [Kc 7d 7h] [2c]
aruhtart: checks
Vulkano2015: checks
*** RIVER *** [Kc 7d 7h 2c] [4d]
aruhtart: checks
Vulkano2015: bets $6
aruhtart: folds
Uncalled bet ($6) returned to Vulkano2015
Vulkano2015 collected $11.76 from pot
Vulkano2015: doesn't show hand
*** SUMMARY ***
Total pot $12 | Rake $0.24
Board [Kc 7d 7h 2c 4d]
Seat 1: aruhtart (big blind) folded on the River
Seat 2: Vulkano2015 (button) (small blind) collected ($11.76)


PokerStars Hand #145553769412:  Hold'em Limit ($3/$6 USD) - 2015/12/18 17:51:02 ET
Table 'Eichsfeldia' 2-max Seat #1 is the button
Seat 1: aruhtart ($120 in chips)
Seat 2: Vulkano2015 ($226.31 in chips)
aruhtart: posts small blind $1
Vulkano2015: posts big blind $3
*** HOLE CARDS ***
aruhtart: raises $3 to $6
Vulkano2015: calls $3
*** FLOP *** [Kh Tc 5c]
Vulkano2015: checks
aruhtart: checks
*** TURN *** [Kh Tc 5c] [3d]
Vulkano2015: checks
aruhtart: bets $6
Vulkano2015: folds
Uncalled bet ($6) returned to aruhtart
aruhtart collected $11.76 from pot
aruhtart: doesn't show hand
*** SUMMARY ***
Total pot $12 | Rake $0.24
Board [Kh Tc 5c 3d]
Seat 1: aruhtart (button) (small blind) collected ($11.76)
Seat 2: Vulkano2015 (big blind) folded on the Turn


PokerStars Hand #145553728734:  Hold'em Limit ($3/$6 USD) - 2015/12/18 17:50:13 ET
Table 'Eichsfeldia' 2-max Seat #1 is the button
Seat 1: aruhtart ($131.52 in chips)
Seat 2: Vulkano2015 ($191.05 in chips)
aruhtart: posts small blind $1
Vulkano2015: posts big blind $3
*** HOLE CARDS ***
aruhtart: raises $3 to $6
Vulkano2015: raises $3 to $9
aruhtart: calls $3
*** FLOP *** [3s 9c Jh]
Vulkano2015: bets $3
aruhtart: calls $3
*** TURN *** [3s 9c Jh] [Ks]
Vulkano2015: bets $6
aruhtart: raises $6 to $12
Vulkano2015: calls $6
*** RIVER *** [3s 9c Jh Ks] [Th]
Vulkano2015: bets $6
aruhtart: calls $6
*** SHOW DOWN ***
Vulkano2015: shows [5c Qh] (a straight, Nine to King)
aruhtart: mucks hand
Vulkano2015 collected $59.50 from pot
*** SUMMARY ***
Total pot $60 | Rake $0.50
Board [3s 9c Jh Ks Th]
Seat 1: aruhtart (button) (small blind) mucked
Seat 2: Vulkano2015 (big blind) showed [5c Qh] and won ($59.50) with a straight, Nine to King


PokerStars Hand #145553808279:  Hold'em Limit ($3/$6 USD) - 2015/12/18 17:51:48 ET
Table 'Eichsfeldia' 2-max Seat #2 is the button
Seat 1: aruhtart ($125.52 in chips)
Seat 2: Vulkano2015 ($220.07 in chips)
Vulkano2015: posts small blind $1
aruhtart: posts big blind $3
*** HOLE CARDS ***
Vulkano2015: raises $3 to $6
aruhtart: calls $3
*** FLOP *** [Tc 9c 5c]
aruhtart: checks
Vulkano2015: bets $3
aruhtart: calls $3
*** TURN *** [Tc 9c 5c] [5h]
aruhtart: checks
Vulkano2015: bets $6
aruhtart: calls $6
*** RIVER *** [Tc 9c 5c 5h] [6c]
aruhtart: checks
Vulkano2015: checks
*** SHOW DOWN ***
aruhtart: shows [As 8c] (a flush, Ten high)
Vulkano2015: mucks hand
aruhtart collected $29.50 from pot
*** SUMMARY ***
Total pot $30 | Rake $0.50
Board [Tc 9c 5c 5h 6c]
Seat 1: aruhtart (big blind) showed [As 8c] and won ($29.50) with a flush, Ten high
Seat 2: Vulkano2015 (button) (small blind) mucked


PokerStars Hand #145553782615:  Hold'em Limit ($3/$6 USD) - 2015/12/18 17:51:18 ET
Table 'Eichsfeldia' 2-max Seat #2 is the button
Seat 1: aruhtart ($125.76 in chips)
Seat 2: Vulkano2015 ($220.31 in chips)
Vulkano2015: posts small blind $1
aruhtart: posts big blind $3
*** HOLE CARDS ***
Vulkano2015: raises $3 to $6
aruhtart: calls $3
*** FLOP *** [Qs 4d 5h]
aruhtart: checks
Vulkano2015: checks
*** TURN *** [Qs 4d 5h] [5d]
aruhtart: checks
Vulkano2015: checks
*** RIVER *** [Qs 4d 5h 5d] [Ac]
aruhtart: bets $6
Vulkano2015: folds
Uncalled bet ($6) returned to aruhtart
aruhtart collected $11.76 from pot
aruhtart: doesn't show hand
*** SUMMARY ***
Total pot $12 | Rake $0.24
Board [Qs 4d 5h 5d Ac]
Seat 1: aruhtart (big blind) collected ($11.76)
Seat 2: Vulkano2015 (button) (small blind) folded on the River


PokerStars Hand #145553799486:  Hold'em Limit ($3/$6 USD) - 2015/12/18 17:51:38 ET
Table 'Eichsfeldia' 2-max Seat #1 is the button
Seat 1: aruhtart ($131.52 in chips)
Seat 2: Vulkano2015 ($214.31 in chips)
aruhtart: posts small blind $1
Vulkano2015: posts big blind $3
*** HOLE CARDS ***
aruhtart: raises $3 to $6
Vulkano2015: calls $3
*** FLOP *** [6s 3d 8s]
Vulkano2015: bets $3
aruhtart: folds
Uncalled bet ($3) returned to Vulkano2015
Vulkano2015 collected $11.76 from pot
Vulkano2015: doesn't show hand
*** SUMMARY ***
Total pot $12 | Rake $0.24
Board [6s 3d 8s]
Seat 1: aruhtart (button) (small blind) folded on the Flop
Seat 2: Vulkano2015 (big blind) collected ($11.76)


PokerStars Hand #145553825564:  Hold'em Limit ($3/$6 USD) - 2015/12/18 17:52:09 ET
Table 'Eichsfeldia' 2-max Seat #1 is the button
Seat 1: aruhtart ($140.02 in chips)
Seat 2: Vulkano2015 ($205.07 in chips)
aruhtart: posts small blind $1
Vulkano2015: posts big blind $3
*** HOLE CARDS ***
aruhtart: raises $3 to $6
Vulkano2015: raises $3 to $9
aruhtart: calls $3
*** FLOP *** [Td 6d Ac]
Vulkano2015: bets $3
aruhtart: calls $3
*** TURN *** [Td 6d Ac] [6s]
Vulkano2015: bets $6
aruhtart: calls $6
*** RIVER *** [Td 6d Ac 6s] [2s]
Vulkano2015: bets $6
aruhtart: calls $6
*** SHOW DOWN ***
Vulkano2015: shows [Kh Ad] (two pair, Aces and Sixes)
aruhtart: mucks hand
Vulkano2015 collected $47.50 from pot
*** SUMMARY ***
Total pot $48 | Rake $0.50
Board [Td 6d Ac 6s 2s]
Seat 1: aruhtart (button) (small blind) mucked
Seat 2: Vulkano2015 (big blind) showed [Kh Ad] and won ($47.50) with two pair, Aces and Sixes


PokerStars Hand #145553842190:  Hold'em Limit ($3/$6 USD) - 2015/12/18 17:52:29 ET
Table 'Eichsfeldia' 2-max Seat #2 is the button
Seat 1: aruhtart ($120 in chips)
Seat 2: Vulkano2015 ($228.57 in chips)
Vulkano2015: posts small blind $1
aruhtart: posts big blind $3
*** HOLE CARDS ***
Vulkano2015: raises $3 to $6
aruhtart: calls $3
*** FLOP *** [9h Jd 4s]
aruhtart: checks
Vulkano2015: checks
*** TURN *** [9h Jd 4s] [Tc]
aruhtart: checks
Vulkano2015: checks
*** RIVER *** [9h Jd 4s Tc] [Ah]
aruhtart: checks
Vulkano2015: bets $6
aruhtart: folds
Uncalled bet ($6) returned to Vulkano2015
Vulkano2015 collected $11.76 from pot
Vulkano2015: doesn't show hand
*** SUMMARY ***
Total pot $12 | Rake $0.24
Board [9h Jd 4s Tc Ah]
Seat 1: aruhtart (big blind) folded on the River
Seat 2: Vulkano2015 (button) (small blind) collected ($11.76)


PokerStars Hand #145553856871:  Hold'em Limit ($3/$6 USD) - 2015/12/18 17:52:47 ET
Table 'Eichsfeldia' 2-max Seat #1 is the button
Seat 1: aruhtart ($120 in chips)
Seat 2: Vulkano2015 ($234.33 in chips)
aruhtart: posts small blind $1
Vulkano2015: posts big blind $3
*** HOLE CARDS ***
aruhtart: raises $3 to $6
Vulkano2015: raises $3 to $9
aruhtart: calls $3
*** FLOP *** [Ks Kc Th]
Vulkano2015: bets $3
aruhtart: folds
Uncalled bet ($3) returned to Vulkano2015
Vulkano2015 collected $17.64 from pot
Vulkano2015: doesn't show hand
*** SUMMARY ***
Total pot $18 | Rake $0.36
Board [Ks Kc Th]
Seat 1: aruhtart (button) (small blind) folded on the Flop
Seat 2: Vulkano2015 (big blind) collected ($17.64)


PokerStars Hand #145553867335:  Hold'em Limit ($3/$6 USD) - 2015/12/18 17:53:00 ET
Table 'Eichsfeldia' 2-max Seat #2 is the button
Seat 1: aruhtart ($120 in chips)
Seat 2: Vulkano2015 ($242.97 in chips)
Vulkano2015: posts small blind $1
aruhtart: posts big blind $3
*** HOLE CARDS ***
Vulkano2015: folds
Uncalled bet ($2) returned to aruhtart
aruhtart collected $2 from pot
aruhtart: doesn't show hand
*** SUMMARY ***
Total pot $2 | Rake $0
Seat 1: aruhtart (big blind) collected ($2)
Seat 2: Vulkano2015 (button) (small blind) folded before Flop


PokerStars Hand #145553880157:  Hold'em Limit ($3/$6 USD) - 2015/12/18 17:53:16 ET
Table 'Eichsfeldia' 2-max Seat #2 is the button
Seat 1: aruhtart ($126.76 in chips)
Seat 2: Vulkano2015 ($235.97 in chips)
Vulkano2015: posts small blind $1
aruhtart: posts big blind $3
*** HOLE CARDS ***
Vulkano2015: folds
Uncalled bet ($2) returned to aruhtart
aruhtart collected $2 from pot
aruhtart: doesn't show hand
*** SUMMARY ***
Total pot $2 | Rake $0
Seat 1: aruhtart (big blind) collected ($2)
Seat 2: Vulkano2015 (button) (small blind) folded before Flop


PokerStars Hand #145553871477:  Hold'em Limit ($3/$6 USD) - 2015/12/18 17:53:05 ET
Table 'Eichsfeldia' 2-max Seat #1 is the button
Seat 1: aruhtart ($121 in chips)
Seat 2: Vulkano2015 ($241.97 in chips)
aruhtart: posts small blind $1
Vulkano2015: posts big blind $3
*** HOLE CARDS ***
aruhtart: raises $3 to $6
Vulkano2015: calls $3
*** FLOP *** [As Qs 4s]
Vulkano2015: checks
aruhtart: bets $3
Vulkano2015: folds
Uncalled bet ($3) returned to aruhtart
aruhtart collected $11.76 from pot
aruhtart: doesn't show hand
*** SUMMARY ***
Total pot $12 | Rake $0.24
Board [As Qs 4s]
Seat 1: aruhtart (button) (small blind) collected ($11.76)
Seat 2: Vulkano2015 (big blind) folded on the Flop


PokerStars Hand #145553900343:  Hold'em Limit ($3/$6 USD) - 2015/12/18 17:53:40 ET
Table 'Eichsfeldia' 2-max Seat #2 is the button
Seat 1: aruhtart ($148.26 in chips)
Seat 2: Vulkano2015 ($213.97 in chips)
Vulkano2015: posts small blind $1
aruhtart: posts big blind $3
*** HOLE CARDS ***
Vulkano2015: raises $3 to $6
aruhtart: calls $3
*** FLOP *** [7d 2s 3d]
aruhtart: checks
Vulkano2015: checks
*** TURN *** [7d 2s 3d] [9s]
aruhtart: checks
Vulkano2015: checks
*** RIVER *** [7d 2s 3d 9s] [3s]
aruhtart: checks
Vulkano2015: checks
*** SHOW DOWN ***
aruhtart: shows [5d Qh] (a pair of Threes)
Vulkano2015: shows [Qc Th] (a pair of Threes - Queen+Ten kicker)
Vulkano2015 collected $11.76 from pot
*** SUMMARY ***
Total pot $12 | Rake $0.24
Board [7d 2s 3d 9s 3s]
Seat 1: aruhtart (big blind) showed [5d Qh] and lost with a pair of Threes
Seat 2: Vulkano2015 (button) (small blind) showed [Qc Th] and won ($11.76) with a pair of Threes


PokerStars Hand #145553915338:  Hold'em Limit ($3/$6 USD) - 2015/12/18 17:53:58 ET
Table 'Eichsfeldia' 2-max Seat #1 is the button
Seat 1: aruhtart ($142.26 in chips)
Seat 2: Vulkano2015 ($219.73 in chips)
aruhtart: posts small blind $1
Vulkano2015: posts big blind $3
*** HOLE CARDS ***
aruhtart: raises $3 to $6
Vulkano2015: calls $3
*** FLOP *** [Js 6d 5d]
Vulkano2015: checks
aruhtart: bets $3
Vulkano2015: calls $3
*** TURN *** [Js 6d 5d] [Ac]
Vulkano2015: checks
aruhtart: checks
*** RIVER *** [Js 6d 5d Ac] [2s]
Vulkano2015: bets $6
aruhtart: calls $6
*** SHOW DOWN ***
Vulkano2015: shows [9s 7s] (high card Ace)
aruhtart: shows [6h Qh] (a pair of Sixes)
aruhtart collected $29.50 from pot
*** SUMMARY ***
Total pot $30 | Rake $0.50
Board [Js 6d 5d Ac 2s]
Seat 1: aruhtart (button) (small blind) showed [6h Qh] and won ($29.50) with a pair of Sixes
Seat 2: Vulkano2015 (big blind) showed [9s 7s] and lost with high card Ace


PokerStars Hand #145553884468:  Hold'em Limit ($3/$6 USD) - 2015/12/18 17:53:21 ET
Table 'Eichsfeldia' 2-max Seat #1 is the button
Seat 1: aruhtart ($127.76 in chips)
Seat 2: Vulkano2015 ($234.97 in chips)
aruhtart: posts small blind $1
Vulkano2015: posts big blind $3
*** HOLE CARDS ***
aruhtart: raises $3 to $6
Vulkano2015: calls $3
*** FLOP *** [Jd 9s 8h]
Vulkano2015: bets $3
aruhtart: calls $3
*** TURN *** [Jd 9s 8h] [5d]
Vulkano2015: bets $6
aruhtart: calls $6
*** RIVER *** [Jd 9s 8h 5d] [5h]
Vulkano2015: bets $6
aruhtart: calls $6
*** SHOW DOWN ***
Vulkano2015: shows [3h 2d] (a pair of Fives)
aruhtart: shows [2h 2s] (two pair, Fives and Deuces)
aruhtart collected $41.50 from pot
*** SUMMARY ***
Total pot $42 | Rake $0.50
Board [Jd 9s 8h 5d 5h]
Seat 1: aruhtart (button) (small blind) showed [2h 2s] and won ($41.50) with two pair, Fives and Deuces
Seat 2: Vulkano2015 (big blind) showed [3h 2d] and lost with a pair of Fives


PokerStars Hand #145553976017:  Hold'em Limit ($3/$6 USD) - 2015/12/18 17:55:13 ET
Table 'Eichsfeldia' 2-max Seat #1 is the button
Seat 1: aruhtart ($165.28 in chips)
Seat 2: Vulkano2015 ($195.73 in chips)
aruhtart: posts small blind $1
Vulkano2015: posts big blind $3
*** HOLE CARDS ***
aruhtart: raises $3 to $6
Vulkano2015: calls $3
*** FLOP *** [4s 2h 3d]
Vulkano2015: bets $3
aruhtart: calls $3
*** TURN *** [4s 2h 3d] [Th]
Vulkano2015: bets $6
aruhtart: folds
Uncalled bet ($6) returned to Vulkano2015
Vulkano2015 collected $17.64 from pot
Vulkano2015: doesn't show hand
*** SUMMARY ***
Total pot $18 | Rake $0.36
Board [4s 2h 3d Th]
Seat 1: aruhtart (button) (small blind) folded on the Turn
Seat 2: Vulkano2015 (big blind) collected ($17.64)


PokerStars Hand #145553929417:  Hold'em Limit ($3/$6 USD) - 2015/12/18 17:54:16 ET
Table 'Eichsfeldia' 2-max Seat #2 is the button
Seat 1: aruhtart ($156.76 in chips)
Seat 2: Vulkano2015 ($204.73 in chips)
Vulkano2015: posts small blind $1
aruhtart: posts big blind $3
*** HOLE CARDS ***
Vulkano2015: raises $3 to $6
aruhtart: calls $3
*** FLOP *** [Ts Ks Td]
aruhtart: checks
Vulkano2015: checks
*** TURN *** [Ts Ks Td] [5s]
aruhtart: bets $6
Vulkano2015: folds
Uncalled bet ($6) returned to aruhtart
aruhtart collected $11.76 from pot
aruhtart: doesn't show hand
*** SUMMARY ***
Total pot $12 | Rake $0.24
Board [Ts Ks Td 5s]
Seat 1: aruhtart (big blind) collected ($11.76)
Seat 2: Vulkano2015 (button) (small blind) folded on the Turn


PokerStars Hand #145553959623:  Hold'em Limit ($3/$6 USD) - 2015/12/18 17:54:52 ET
Table 'Eichsfeldia' 2-max Seat #2 is the button
Seat 1: aruhtart ($168.28 in chips)
Seat 2: Vulkano2015 ($192.73 in chips)
Vulkano2015: posts small blind $1
aruhtart: posts big blind $3
*** HOLE CARDS ***
Vulkano2015: folds
Uncalled bet ($2) returned to aruhtart
aruhtart collected $2 from pot
aruhtart: doesn't show hand
*** SUMMARY ***
Total pot $2 | Rake $0
Seat 1: aruhtart (big blind) collected ($2)
Seat 2: Vulkano2015 (button) (small blind) folded before Flop


PokerStars Hand #145553949719:  Hold'em Limit ($3/$6 USD) - 2015/12/18 17:54:40 ET
Table 'Eichsfeldia' 2-max Seat #1 is the button
Seat 1: aruhtart ($162.52 in chips)
Seat 2: Vulkano2015 ($198.73 in chips)
aruhtart: posts small blind $1
Vulkano2015: posts big blind $3
*** HOLE CARDS ***
aruhtart: raises $3 to $6
Vulkano2015: calls $3
*** FLOP *** [6c 2s 4d]
Vulkano2015: checks
aruhtart: bets $3
Vulkano2015: folds
Uncalled bet ($3) returned to aruhtart
aruhtart collected $11.76 from pot
aruhtart: doesn't show hand
*** SUMMARY ***
Total pot $12 | Rake $0.24
Board [6c 2s 4d]
Seat 1: aruhtart (button) (small blind) collected ($11.76)
Seat 2: Vulkano2015 (big blind) folded on the Flop


PokerStars Hand #145553963780:  Hold'em Limit ($3/$6 USD) - 2015/12/18 17:54:57 ET
Table 'Eichsfeldia' 2-max Seat #1 is the button
Seat 1: aruhtart ($169.28 in chips)
Seat 2: Vulkano2015 ($191.73 in chips)
aruhtart: posts small blind $1
Vulkano2015: posts big blind $3
*** HOLE CARDS ***
aruhtart: folds
Uncalled bet ($2) returned to Vulkano2015
Vulkano2015 collected $2 from pot
Vulkano2015: doesn't show hand
*** SUMMARY ***
Total pot $2 | Rake $0
Seat 1: aruhtart (button) (small blind) folded before Flop
Seat 2: Vulkano2015 (big blind) collected ($2)


PokerStars Hand #145553970421:  Hold'em Limit ($3/$6 USD) - 2015/12/18 17:55:06 ET
Table 'Eichsfeldia' 2-max Seat #2 is the button
Seat 1: aruhtart ($168.28 in chips)
Seat 2: Vulkano2015 ($192.73 in chips)
Vulkano2015: posts small blind $1
aruhtart: posts big blind $3
*** HOLE CARDS ***
Vulkano2015: raises $3 to $6
aruhtart: folds
Uncalled bet ($3) returned to Vulkano2015
Vulkano2015 collected $6 from pot
Vulkano2015: doesn't show hand
*** SUMMARY ***
Total pot $6 | Rake $0
Seat 1: aruhtart (big blind) folded before Flop
Seat 2: Vulkano2015 (button) (small blind) collected ($6)


PokerStars Hand #145553986960:  Hold'em Limit ($3/$6 USD) - 2015/12/18 17:55:29 ET
Table 'Eichsfeldia' 2-max Seat #2 is the button
Seat 1: aruhtart ($156.28 in chips)
Seat 2: Vulkano2015 ($204.37 in chips)
Vulkano2015: posts small blind $1
aruhtart: posts big blind $3
*** HOLE CARDS ***
Vulkano2015: raises $3 to $6
aruhtart: calls $3
*** FLOP *** [Jd 2d 9d]
aruhtart: checks
Vulkano2015: bets $3
aruhtart: calls $3
*** TURN *** [Jd 2d 9d] [Ts]
aruhtart: checks
Vulkano2015: bets $6
aruhtart: calls $6
*** RIVER *** [Jd 2d 9d Ts] [Ah]
aruhtart: bets $6
Vulkano2015: raises $6 to $12
aruhtart: calls $6
*** SHOW DOWN ***
Vulkano2015: shows [Kc 6c] (high card Ace)
aruhtart: shows [4h Ad] (a pair of Aces)
aruhtart collected $53.50 from pot
*** SUMMARY ***
Total pot $54 | Rake $0.50
Board [Jd 2d 9d Ts Ah]
Seat 1: aruhtart (big blind) showed [4h Ad] and won ($53.50) with a pair of Aces
Seat 2: Vulkano2015 (button) (small blind) showed [Kc 6c] and lost with high card Ace


PokerStars Hand #145553999971:  Hold'em Limit ($3/$6 USD) - 2015/12/18 17:55:48 ET
Table 'Eichsfeldia' 2-max Seat #1 is the button
Seat 1: aruhtart ($182.78 in chips)
Seat 2: Vulkano2015 ($177.37 in chips)
aruhtart: posts small blind $1
Vulkano2015: posts big blind $3
*** HOLE CARDS ***
aruhtart: folds
Uncalled bet ($2) returned to Vulkano2015
Vulkano2015 collected $2 from pot
Vulkano2015: doesn't show hand
*** SUMMARY ***
Total pot $2 | Rake $0
Seat 1: aruhtart (button) (small blind) folded before Flop
Seat 2: Vulkano2015 (big blind) collected ($2)


PokerStars Hand #145554003355:  Hold'em Limit ($3/$6 USD) - 2015/12/18 17:55:53 ET
Table 'Eichsfeldia' 2-max Seat #2 is the button
Seat 1: aruhtart ($181.78 in chips)
Seat 2: Vulkano2015 ($178.37 in chips)
Vulkano2015: posts small blind $1
aruhtart: posts big blind $3
*** HOLE CARDS ***
Vulkano2015: raises $3 to $6
aruhtart: raises $3 to $9
Vulkano2015: raises $3 to $12
Betting is capped
aruhtart: calls $3
*** FLOP *** [6h 8h 3h]
aruhtart: checks
Vulkano2015: checks
*** TURN *** [6h 8h 3h] [5h]
aruhtart: bets $6
Vulkano2015: folds
Uncalled bet ($6) returned to aruhtart
aruhtart collected $23.52 from pot
aruhtart: doesn't show hand
*** SUMMARY ***
Total pot $24 | Rake $0.48
Board [6h 8h 3h 5h]
Seat 1: aruhtart (big blind) collected ($23.52)
Seat 2: Vulkano2015 (button) (small blind) folded on the Turn


PokerStars Hand #145554013345:  Hold'em Limit ($3/$6 USD) - 2015/12/18 17:56:09 ET
Table 'Eichsfeldia' 2-max Seat #1 is the button
Seat 1: aruhtart ($193.30 in chips)
Seat 2: Vulkano2015 ($166.37 in chips)
aruhtart: posts small blind $1
Vulkano2015: posts big blind $3
*** HOLE CARDS ***
aruhtart: raises $3 to $6
Vulkano2015: calls $3
*** FLOP *** [Kh 3d 5h]
Vulkano2015: bets $3
aruhtart: folds
Uncalled bet ($3) returned to Vulkano2015
Vulkano2015 collected $11.76 from pot
Vulkano2015: doesn't show hand
*** SUMMARY ***
Total pot $12 | Rake $0.24
Board [Kh 3d 5h]
Seat 1: aruhtart (button) (small blind) folded on the Flop
Seat 2: Vulkano2015 (big blind) collected ($11.76)


PokerStars Hand #145554020553:  Hold'em Limit ($3/$6 USD) - 2015/12/18 17:56:19 ET
Table 'Eichsfeldia' 2-max Seat #2 is the button
Seat 1: aruhtart ($187.30 in chips)
Seat 2: Vulkano2015 ($172.13 in chips)
Vulkano2015: posts small blind $1
aruhtart: posts big blind $3
*** HOLE CARDS ***
Vulkano2015: folds
Uncalled bet ($2) returned to aruhtart
aruhtart collected $2 from pot
aruhtart: doesn't show hand
*** SUMMARY ***
Total pot $2 | Rake $0
Seat 1: aruhtart (big blind) collected ($2)
Seat 2: Vulkano2015 (button) (small blind) folded before Flop


PokerStars Hand #145554024507:  Hold'em Limit ($3/$6 USD) - 2015/12/18 17:56:25 ET
Table 'Eichsfeldia' 2-max Seat #1 is the button
Seat 1: aruhtart ($188.30 in chips)
Seat 2: Vulkano2015 ($171.13 in chips)
aruhtart: posts small blind $1
Vulkano2015: posts big blind $3
*** HOLE CARDS ***
aruhtart: raises $3 to $6
Vulkano2015: calls $3
*** FLOP *** [Ac Ts 4h]
Vulkano2015: checks
aruhtart: bets $3
Vulkano2015: folds
Uncalled bet ($3) returned to aruhtart
aruhtart collected $11.76 from pot
aruhtart: doesn't show hand
*** SUMMARY ***
Total pot $12 | Rake $0.24
Board [Ac Ts 4h]
Seat 1: aruhtart (button) (small blind) collected ($11.76)
Seat 2: Vulkano2015 (big blind) folded on the Flop


PokerStars Hand #145554033280:  Hold'em Limit ($3/$6 USD) - 2015/12/18 17:56:38 ET
Table 'Eichsfeldia' 2-max Seat #2 is the button
Seat 1: aruhtart ($194.06 in chips)
Seat 2: Vulkano2015 ($165.13 in chips)
Vulkano2015: posts small blind $1
aruhtart: posts big blind $3
*** HOLE CARDS ***
Vulkano2015: raises $3 to $6
aruhtart: calls $3
*** FLOP *** [2c Qc 7d]
aruhtart: checks
Vulkano2015: checks
*** TURN *** [2c Qc 7d] [Jc]
aruhtart: bets $6
Vulkano2015: calls $6
*** RIVER *** [2c Qc 7d Jc] [7s]
aruhtart: bets $6
Vulkano2015: raises $6 to $12
aruhtart: calls $6
*** SHOW DOWN ***
Vulkano2015: shows [4h 7c] (three of a kind, Sevens)
aruhtart: mucks hand
Vulkano2015 collected $47.50 from pot
*** SUMMARY ***
Total pot $48 | Rake $0.50
Board [2c Qc 7d Jc 7s]
Seat 1: aruhtart (big blind) mucked
Seat 2: Vulkano2015 (button) (small blind) showed [4h 7c] and won ($47.50) with three of a kind, Sevens


PokerStars Hand #145554047091:  Hold'em Limit ($3/$6 USD) - 2015/12/18 17:56:59 ET
Table 'Eichsfeldia' 2-max Seat #1 is the button
Seat 1: aruhtart ($170.06 in chips)
Seat 2: Vulkano2015 ($188.63 in chips)
aruhtart: posts small blind $1
Vulkano2015: posts big blind $3
*** HOLE CARDS ***
aruhtart: raises $3 to $6
Vulkano2015: calls $3
*** FLOP *** [4c Qs 6d]
Vulkano2015: checks
aruhtart: bets $3
Vulkano2015: calls $3
*** TURN *** [4c Qs 6d] [3s]
Vulkano2015: checks
aruhtart: bets $6
Vulkano2015: calls $6
*** RIVER *** [4c Qs 6d 3s] [5c]
Vulkano2015: checks
aruhtart: bets $6
Vulkano2015: calls $6
*** SHOW DOWN ***
aruhtart: shows [5d 6h] (two pair, Sixes and Fives)
Vulkano2015: shows [2c Qc] (a straight, Deuce to Six)
Vulkano2015 collected $41.50 from pot
*** SUMMARY ***
Total pot $42 | Rake $0.50
Board [4c Qs 6d 3s 5c]
Seat 1: aruhtart (button) (small blind) showed [5d 6h] and lost with two pair, Sixes and Fives
Seat 2: Vulkano2015 (big blind) showed [2c Qc] and won ($41.50) with a straight, Deuce to Six


PokerStars Hand #145554092964:  Hold'em Limit ($3/$6 USD) - 2015/12/18 17:58:08 ET
Table 'Eichsfeldia' 2-max Seat #2 is the button
Seat 1: aruhtart ($131.06 in chips)
Seat 2: Vulkano2015 ($226.41 in chips)
Vulkano2015: posts small blind $1
aruhtart: posts big blind $3
*** HOLE CARDS ***
Vulkano2015: raises $3 to $6
aruhtart: calls $3
*** FLOP *** [Jh 3c Kh]
aruhtart: checks
Vulkano2015: checks
*** TURN *** [Jh 3c Kh] [Ad]
aruhtart: checks
Vulkano2015: bets $6
aruhtart: raises $6 to $12
Vulkano2015: calls $6
*** RIVER *** [Jh 3c Kh Ad] [2h]
aruhtart: bets $6
Vulkano2015: calls $6
*** SHOW DOWN ***
aruhtart: shows [Kd 3d] (two pair, Kings and Threes)
Vulkano2015: mucks hand
aruhtart collected $47.50 from pot
*** SUMMARY ***
Total pot $48 | Rake $0.50
Board [Jh 3c Kh Ad 2h]
Seat 1: aruhtart (big blind) showed [Kd 3d] and won ($47.50) with two pair, Kings and Threes
Seat 2: Vulkano2015 (button) (small blind) mucked


PokerStars Hand #145554062607:  Hold'em Limit ($3/$6 USD) - 2015/12/18 17:57:22 ET
Table 'Eichsfeldia' 2-max Seat #2 is the button
Seat 1: aruhtart ($149.06 in chips)
Seat 2: Vulkano2015 ($209.13 in chips)
Vulkano2015: posts small blind $1
aruhtart: posts big blind $3
*** HOLE CARDS ***
Vulkano2015: raises $3 to $6
aruhtart: calls $3
*** FLOP *** [4s Ad 3d]
aruhtart: checks
Vulkano2015: bets $3
aruhtart: calls $3
*** TURN *** [4s Ad 3d] [5h]
aruhtart: checks
Vulkano2015: bets $6
aruhtart: folds
Uncalled bet ($6) returned to Vulkano2015
Vulkano2015 collected $17.64 from pot
Vulkano2015: doesn't show hand
*** SUMMARY ***
Total pot $18 | Rake $0.36
Board [4s Ad 3d 5h]
Seat 1: aruhtart (big blind) folded on the Turn
Seat 2: Vulkano2015 (button) (small blind) collected ($17.64)


PokerStars Hand #145554077840:  Hold'em Limit ($3/$6 USD) - 2015/12/18 17:57:45 ET
Table 'Eichsfeldia' 2-max Seat #1 is the button
Seat 1: aruhtart ($140.06 in chips)
Seat 2: Vulkano2015 ($217.77 in chips)
aruhtart: posts small blind $1
Vulkano2015: posts big blind $3
*** HOLE CARDS ***
aruhtart: raises $3 to $6
Vulkano2015: calls $3
*** FLOP *** [Qd Ad 8d]
Vulkano2015: checks
aruhtart: bets $3
Vulkano2015: calls $3
*** TURN *** [Qd Ad 8d] [3c]
Vulkano2015: checks
aruhtart: checks
*** RIVER *** [Qd Ad 8d 3c] [3d]
Vulkano2015: bets $6
aruhtart: folds
Uncalled bet ($6) returned to Vulkano2015
Vulkano2015 collected $17.64 from pot
Vulkano2015: doesn't show hand
*** SUMMARY ***
Total pot $18 | Rake $0.36
Board [Qd Ad 8d 3c 3d]
Seat 1: aruhtart (button) (small blind) folded on the River
Seat 2: Vulkano2015 (big blind) collected ($17.64)


PokerStars Hand #145554105221:  Hold'em Limit ($3/$6 USD) - 2015/12/18 17:58:26 ET
Table 'Eichsfeldia' 2-max Seat #1 is the button
Seat 1: aruhtart ($154.56 in chips)
Seat 2: Vulkano2015 ($202.41 in chips)
aruhtart: posts small blind $1
Vulkano2015: posts big blind $3
*** HOLE CARDS ***
aruhtart: raises $3 to $6
Vulkano2015: calls $3
*** FLOP *** [2c Qh 8s]
Vulkano2015: checks
aruhtart: bets $3
Vulkano2015: calls $3
*** TURN *** [2c Qh 8s] [2s]
Vulkano2015: checks
aruhtart: bets $6
Vulkano2015: calls $6
*** RIVER *** [2c Qh 8s 2s] [Td]
Vulkano2015: checks
aruhtart: bets $6
Vulkano2015: calls $6
*** SHOW DOWN ***
aruhtart: shows [Jd Ts] (two pair, Tens and Deuces)
Vulkano2015: mucks hand
aruhtart collected $41.50 from pot
*** SUMMARY ***
Total pot $42 | Rake $0.50
Board [2c Qh 8s 2s Td]
Seat 1: aruhtart (button) (small blind) showed [Jd Ts] and won ($41.50) with two pair, Tens and Deuces
Seat 2: Vulkano2015 (big blind) mucked


PokerStars Hand #145554123112:  Hold'em Limit ($3/$6 USD) - 2015/12/18 17:58:52 ET
Table 'Eichsfeldia' 2-max Seat #2 is the button
Seat 1: aruhtart ($175.06 in chips)
Seat 2: Vulkano2015 ($181.41 in chips)
Vulkano2015: posts small blind $1
aruhtart: posts big blind $3
*** HOLE CARDS ***
Vulkano2015: calls $2
aruhtart: checks
*** FLOP *** [4h Ac Kc]
aruhtart: checks
Vulkano2015: checks
*** TURN *** [4h Ac Kc] [3s]
aruhtart: checks
Vulkano2015: checks
*** RIVER *** [4h Ac Kc 3s] [4d]
aruhtart: bets $6
Vulkano2015: folds
Uncalled bet ($6) returned to aruhtart
aruhtart collected $5.88 from pot
aruhtart: doesn't show hand
*** SUMMARY ***
Total pot $6 | Rake $0.12
Board [4h Ac Kc 3s 4d]
Seat 1: aruhtart (big blind) collected ($5.88)
Seat 2: Vulkano2015 (button) (small blind) folded on the River


PokerStars Hand #145554142551:  Hold'em Limit ($3/$6 USD) - 2015/12/18 17:59:21 ET
Table 'Eichsfeldia' 2-max Seat #1 is the button
Seat 1: aruhtart ($177.94 in chips)
Seat 2: Vulkano2015 ($178.41 in chips)
aruhtart: posts small blind $1
Vulkano2015: posts big blind $3
*** HOLE CARDS ***
aruhtart: raises $3 to $6
Vulkano2015: calls $3
*** FLOP *** [7h Qc Jd]
Vulkano2015: checks
aruhtart: bets $3
Vulkano2015: folds
Uncalled bet ($3) returned to aruhtart
aruhtart collected $11.76 from pot
aruhtart: doesn't show hand
*** SUMMARY ***
Total pot $12 | Rake $0.24
Board [7h Qc Jd]
Seat 1: aruhtart (button) (small blind) collected ($11.76)
Seat 2: Vulkano2015 (big blind) folded on the Flop


PokerStars Hand #145554170018:  Hold'em Limit ($3/$6 USD) - 2015/12/18 18:00:02 ET
Table 'Eichsfeldia' 2-max Seat #2 is the button
Seat 1: aruhtart ($189.58 in chips)
Seat 2: Vulkano2015 ($166.41 in chips)
Vulkano2015: posts small blind $1
aruhtart: posts big blind $3
*** HOLE CARDS ***
Vulkano2015: folds
Uncalled bet ($2) returned to aruhtart
aruhtart collected $2 from pot
aruhtart: doesn't show hand
*** SUMMARY ***
Total pot $2 | Rake $0
Seat 1: aruhtart (big blind) collected ($2)
Seat 2: Vulkano2015 (button) (small blind) folded before Flop


PokerStars Hand #145554162001:  Hold'em Limit ($3/$6 USD) - 2015/12/18 17:59:50 ET
Table 'Eichsfeldia' 2-max Seat #1 is the button
Seat 1: aruhtart ($186.58 in chips)
Seat 2: Vulkano2015 ($169.41 in chips)
aruhtart: posts small blind $1
Vulkano2015: posts big blind $3
*** HOLE CARDS ***
aruhtart: raises $3 to $6
Vulkano2015: folds
Uncalled bet ($3) returned to aruhtart
aruhtart collected $6 from pot
aruhtart: doesn't show hand
*** SUMMARY ***
Total pot $6 | Rake $0
Seat 1: aruhtart (button) (small blind) collected ($6)
Seat 2: Vulkano2015 (big blind) folded before Flop


PokerStars Hand #145554150719:  Hold'em Limit ($3/$6 USD) - 2015/12/18 17:59:33 ET
Table 'Eichsfeldia' 2-max Seat #2 is the button
Seat 1: aruhtart ($183.70 in chips)
Seat 2: Vulkano2015 ($172.41 in chips)
Vulkano2015: posts small blind $1
aruhtart: posts big blind $3
*** HOLE CARDS ***
Vulkano2015: calls $2
aruhtart: checks
*** FLOP *** [Kh Jc As]
aruhtart: bets $3
Vulkano2015: folds
Uncalled bet ($3) returned to aruhtart
aruhtart collected $5.88 from pot
aruhtart: doesn't show hand
*** SUMMARY ***
Total pot $6 | Rake $0.12
Board [Kh Jc As]
Seat 1: aruhtart (big blind) collected ($5.88)
Seat 2: Vulkano2015 (button) (small blind) folded on the Flop


PokerStars Hand #145554175334:  Hold'em Limit ($3/$6 USD) - 2015/12/18 18:00:08 ET
Table 'Eichsfeldia' 2-max Seat #1 is the button
Seat 1: aruhtart ($190.58 in chips)
Seat 2: Vulkano2015 ($165.41 in chips)
aruhtart: posts small blind $1
Vulkano2015: posts big blind $3
*** HOLE CARDS ***
aruhtart: raises $3 to $6
Vulkano2015: calls $3
*** FLOP *** [4s 2c As]
Vulkano2015: bets $3
aruhtart: calls $3
*** TURN *** [4s 2c As] [Qd]
Vulkano2015: bets $6
aruhtart: calls $6
*** RIVER *** [4s 2c As Qd] [6s]
Vulkano2015: bets $6
aruhtart: calls $6
*** SHOW DOWN ***
Vulkano2015: shows [8d 4h] (a pair of Fours)
aruhtart: mucks hand
Vulkano2015 collected $41.50 from pot
*** SUMMARY ***
Total pot $42 | Rake $0.50
Board [4s 2c As Qd 6s]
Seat 1: aruhtart (button) (small blind) mucked
Seat 2: Vulkano2015 (big blind) showed [8d 4h] and won ($41.50) with a pair of Fours


PokerStars Hand #145554187946:  Hold'em Limit ($3/$6 USD) - 2015/12/18 18:00:26 ET
Table 'Eichsfeldia' 2-max Seat #2 is the button
Seat 1: aruhtart ($169.58 in chips)
Seat 2: Vulkano2015 ($185.91 in chips)
Vulkano2015: posts small blind $1
aruhtart: posts big blind $3
*** HOLE CARDS ***
Vulkano2015: raises $3 to $6
aruhtart: calls $3
*** FLOP *** [Kc 3c Qc]
aruhtart: bets $3
Vulkano2015: raises $3 to $6
aruhtart: raises $3 to $9
Vulkano2015: raises $3 to $12
Betting is capped
aruhtart: calls $3
*** TURN *** [Kc 3c Qc] [Ks]
aruhtart: checks
Vulkano2015: bets $6
aruhtart: calls $6
*** RIVER *** [Kc 3c Qc Ks] [8d]
aruhtart: checks
Vulkano2015: bets $6
aruhtart: calls $6
*** SHOW DOWN ***
Vulkano2015: shows [2s Ac] (a pair of Kings)
aruhtart: shows [Kd Jc] (three of a kind, Kings)
aruhtart collected $59.50 from pot
*** SUMMARY ***
Total pot $60 | Rake $0.50
Board [Kc 3c Qc Ks 8d]
Seat 1: aruhtart (big blind) showed [Kd Jc] and won ($59.50) with three of a kind, Kings
Seat 2: Vulkano2015 (button) (small blind) showed [2s Ac] and lost with a pair of Kings


PokerStars Hand #145554217125:  Hold'em Limit ($3/$6 USD) - 2015/12/18 18:01:07 ET
Table 'Eichsfeldia' 2-max Seat #1 is the button
Seat 1: aruhtart ($199.08 in chips)
Seat 2: Vulkano2015 ($155.91 in chips)
aruhtart: posts small blind $1
Vulkano2015: posts big blind $3
*** HOLE CARDS ***
aruhtart: raises $3 to $6
Vulkano2015: calls $3
*** FLOP *** [9h 8c As]
Vulkano2015: bets $3
aruhtart: raises $3 to $6
Vulkano2015: raises $3 to $9
aruhtart: calls $3
*** TURN *** [9h 8c As] [Qd]
Vulkano2015: bets $6
aruhtart: calls $6
*** RIVER *** [9h 8c As Qd] [9c]
Vulkano2015: bets $6
aruhtart: calls $6
*** SHOW DOWN ***
Vulkano2015: shows [9s Ad] (a full house, Nines full of Aces)
aruhtart: mucks hand
Vulkano2015 collected $53.50 from pot
*** SUMMARY ***
Total pot $54 | Rake $0.50
Board [9h 8c As Qd 9c]
Seat 1: aruhtart (button) (small blind) mucked
Seat 2: Vulkano2015 (big blind) showed [9s Ad] and won ($53.50) with a full house, Nines full of Aces


PokerStars Hand #145554255451:  Hold'em Limit ($3/$6 USD) - 2015/12/18 18:01:57 ET
Table 'Eichsfeldia' 2-max Seat #2 is the button
Seat 1: aruhtart ($157.08 in chips)
Seat 2: Vulkano2015 ($196.81 in chips)
Vulkano2015: posts small blind $1
aruhtart: posts big blind $3
*** HOLE CARDS ***
Vulkano2015: raises $3 to $6
aruhtart: calls $3
*** FLOP *** [Ad Td As]
aruhtart: checks
Vulkano2015: bets $3
aruhtart: folds
Uncalled bet ($3) returned to Vulkano2015
Vulkano2015 collected $11.76 from pot
Vulkano2015: doesn't show hand
*** SUMMARY ***
Total pot $12 | Rake $0.24
Board [Ad Td As]
Seat 1: aruhtart (big blind) folded on the Flop
Seat 2: Vulkano2015 (button) (small blind) collected ($11.76)


PokerStars Hand #145554240949:  Hold'em Limit ($3/$6 USD) - 2015/12/18 18:01:38 ET
Table 'Eichsfeldia' 2-max Seat #1 is the button
Seat 1: aruhtart ($166.08 in chips)
Seat 2: Vulkano2015 ($188.17 in chips)
aruhtart: posts small blind $1
Vulkano2015: posts big blind $3
*** HOLE CARDS ***
aruhtart: raises $3 to $6
Vulkano2015: calls $3
*** FLOP *** [2s 6c Th]
Vulkano2015: bets $3
aruhtart: calls $3
*** TURN *** [2s 6c Th] [Ac]
Vulkano2015: checks
aruhtart: checks
*** RIVER *** [2s 6c Th Ac] [8h]
Vulkano2015: checks
aruhtart: checks
*** SHOW DOWN ***
Vulkano2015: shows [2d 3c] (a pair of Deuces)
aruhtart: mucks hand
Vulkano2015 collected $17.64 from pot
*** SUMMARY ***
Total pot $18 | Rake $0.36
Board [2s 6c Th Ac 8h]
Seat 1: aruhtart (button) (small blind) mucked
Seat 2: Vulkano2015 (big blind) showed [2d 3c] and won ($17.64) with a pair of Deuces


PokerStars Hand #145554231006:  Hold'em Limit ($3/$6 USD) - 2015/12/18 18:01:25 ET
Table 'Eichsfeldia' 2-max Seat #2 is the button
Seat 1: aruhtart ($172.08 in chips)
Seat 2: Vulkano2015 ($182.41 in chips)
Vulkano2015: posts small blind $1
aruhtart: posts big blind $3
*** HOLE CARDS ***
Vulkano2015: raises $3 to $6
aruhtart: calls $3
*** FLOP *** [Th As 4c]
aruhtart: checks
Vulkano2015: checks
*** TURN *** [Th As 4c] [Kc]
aruhtart: checks
Vulkano2015: bets $6
aruhtart: folds
Uncalled bet ($6) returned to Vulkano2015
Vulkano2015 collected $11.76 from pot
Vulkano2015: doesn't show hand
*** SUMMARY ***
Total pot $12 | Rake $0.24
Board [Th As 4c Kc]
Seat 1: aruhtart (big blind) folded on the Turn
Seat 2: Vulkano2015 (button) (small blind) collected ($11.76)


PokerStars Hand #145554267092:  Hold'em Limit ($3/$6 USD) - 2015/12/18 18:02:11 ET
Table 'Eichsfeldia' 2-max Seat #1 is the button
Seat 1: aruhtart ($151.08 in chips)
Seat 2: Vulkano2015 ($202.57 in chips)
aruhtart: posts small blind $1
Vulkano2015: posts big blind $3
*** HOLE CARDS ***
aruhtart: raises $3 to $6
Vulkano2015: calls $3
*** FLOP *** [3d Qs 2h]
Vulkano2015: checks
aruhtart: bets $3
Vulkano2015: calls $3
*** TURN *** [3d Qs 2h] [9s]
Vulkano2015: checks
aruhtart: bets $6
Vulkano2015: calls $6
*** RIVER *** [3d Qs 2h 9s] [6h]
Vulkano2015: checks
aruhtart: checks
*** SHOW DOWN ***
Vulkano2015: shows [Qd 7c] (a pair of Queens)
aruhtart: mucks hand
Vulkano2015 collected $29.50 from pot
*** SUMMARY ***
Total pot $30 | Rake $0.50
Board [3d Qs 2h 9s 6h]
Seat 1: aruhtart (button) (small blind) mucked
Seat 2: Vulkano2015 (big blind) showed [Qd 7c] and won ($29.50) with a pair of Queens


PokerStars Hand #145554306627:  Hold'em Limit ($3/$6 USD) - 2015/12/18 18:03:00 ET
Table 'Eichsfeldia' 2-max Seat #2 is the button
Seat 1: aruhtart ($165.34 in chips)
Seat 2: Vulkano2015 ($187.07 in chips)
Vulkano2015: posts small blind $1
aruhtart: posts big blind $3
*** HOLE CARDS ***
Vulkano2015: raises $3 to $6
aruhtart: folds
Uncalled bet ($3) returned to Vulkano2015
Vulkano2015 collected $6 from pot
Vulkano2015: doesn't show hand
*** SUMMARY ***
Total pot $6 | Rake $0
Seat 1: aruhtart (big blind) folded before Flop
Seat 2: Vulkano2015 (button) (small blind) collected ($6)


PokerStars Hand #145554296193:  Hold'em Limit ($3/$6 USD) - 2015/12/18 18:02:47 ET
Table 'Eichsfeldia' 2-max Seat #1 is the button
Seat 1: aruhtart ($159.58 in chips)
Seat 2: Vulkano2015 ($193.07 in chips)
aruhtart: posts small blind $1
Vulkano2015: posts big blind $3
*** HOLE CARDS ***
aruhtart: raises $3 to $6
Vulkano2015: calls $3
*** FLOP *** [Js Th Qc]
Vulkano2015: checks
aruhtart: bets $3
Vulkano2015: folds
Uncalled bet ($3) returned to aruhtart
aruhtart collected $11.76 from pot
aruhtart: doesn't show hand
*** SUMMARY ***
Total pot $12 | Rake $0.24
Board [Js Th Qc]
Seat 1: aruhtart (button) (small blind) collected ($11.76)
Seat 2: Vulkano2015 (big blind) folded on the Flop


PokerStars Hand #145554281701:  Hold'em Limit ($3/$6 USD) - 2015/12/18 18:02:29 ET
Table 'Eichsfeldia' 2-max Seat #2 is the button
Seat 1: aruhtart ($136.08 in chips)
Seat 2: Vulkano2015 ($217.07 in chips)
Vulkano2015: posts small blind $1
aruhtart: posts big blind $3
*** HOLE CARDS ***
Vulkano2015: raises $3 to $6
aruhtart: raises $3 to $9
Vulkano2015: calls $3
*** FLOP *** [Ah 5h 9d]
aruhtart: bets $3
Vulkano2015: calls $3
*** TURN *** [Ah 5h 9d] [3h]
aruhtart: bets $6
Vulkano2015: calls $6
*** RIVER *** [Ah 5h 9d 3h] [6h]
aruhtart: bets $6
Vulkano2015: calls $6
*** SHOW DOWN ***
aruhtart: shows [Qd Qh] (a flush, Ace high)
Vulkano2015: mucks hand
aruhtart collected $47.50 from pot
*** SUMMARY ***
Total pot $48 | Rake $0.50
Board [Ah 5h 9d 3h 6h]
Seat 1: aruhtart (big blind) showed [Qd Qh] and won ($47.50) with a flush, Ace high
Seat 2: Vulkano2015 (button) (small blind) mucked


PokerStars Hand #145554314159:  Hold'em Limit ($3/$6 USD) - 2015/12/18 18:03:10 ET
Table 'Eichsfeldia' 2-max Seat #1 is the button
Seat 1: aruhtart ($162.34 in chips)
Seat 2: Vulkano2015 ($190.07 in chips)
aruhtart: posts small blind $1
Vulkano2015: posts big blind $3
*** HOLE CARDS ***
aruhtart: raises $3 to $6
Vulkano2015: raises $3 to $9
aruhtart: calls $3
*** FLOP *** [4s 6s 3h]
Vulkano2015: bets $3
aruhtart: calls $3
*** TURN *** [4s 6s 3h] [8h]
Vulkano2015: bets $6
aruhtart: calls $6
*** RIVER *** [4s 6s 3h 8h] [3s]
Vulkano2015: bets $6
aruhtart: calls $6
*** SHOW DOWN ***
Vulkano2015: shows [Td Ts] (two pair, Tens and Threes)
aruhtart: mucks hand
Vulkano2015 collected $47.50 from pot
*** SUMMARY ***
Total pot $48 | Rake $0.50
Board [4s 6s 3h 8h 3s]
Seat 1: aruhtart (button) (small blind) mucked
Seat 2: Vulkano2015 (big blind) showed [Td Ts] and won ($47.50) with two pair, Tens and Threes


PokerStars Hand #145554346250:  Hold'em Limit ($3/$6 USD) - 2015/12/18 18:03:50 ET
Table 'Eichsfeldia' 2-max Seat #1 is the button
Seat 1: aruhtart ($155.84 in chips)
Seat 2: Vulkano2015 ($195.57 in chips)
aruhtart: posts small blind $1
Vulkano2015: posts big blind $3
*** HOLE CARDS ***
aruhtart: raises $3 to $6
Vulkano2015: raises $3 to $9
aruhtart: calls $3
*** FLOP *** [Kh 2s Qs]
Vulkano2015: bets $3
aruhtart: calls $3
*** TURN *** [Kh 2s Qs] [5c]
Vulkano2015: bets $6
aruhtart: calls $6
*** RIVER *** [Kh 2s Qs 5c] [2d]
Vulkano2015: bets $6
aruhtart: calls $6
*** SHOW DOWN ***
Vulkano2015: shows [Kd 8h] (two pair, Kings and Deuces)
aruhtart: mucks hand
Vulkano2015 collected $47.50 from pot
*** SUMMARY ***
Total pot $48 | Rake $0.50
Board [Kh 2s Qs 5c 2d]
Seat 1: aruhtart (button) (small blind) mucked
Seat 2: Vulkano2015 (big blind) showed [Kd 8h] and won ($47.50) with two pair, Kings and Deuces


PokerStars Hand #145554331560:  Hold'em Limit ($3/$6 USD) - 2015/12/18 18:03:32 ET
Table 'Eichsfeldia' 2-max Seat #2 is the button
Seat 1: aruhtart ($138.34 in chips)
Seat 2: Vulkano2015 ($213.57 in chips)
Vulkano2015: posts small blind $1
aruhtart: posts big blind $3
*** HOLE CARDS ***
Vulkano2015: raises $3 to $6
aruhtart: calls $3
*** FLOP *** [9h 4s Kd]
aruhtart: checks
Vulkano2015: checks
*** TURN *** [9h 4s Kd] [2h]
aruhtart: checks
Vulkano2015: checks
*** RIVER *** [9h 4s Kd 2h] [7c]
aruhtart: bets $6
Vulkano2015: raises $6 to $12
aruhtart: calls $6
*** SHOW DOWN ***
Vulkano2015: shows [Ah 8c] (high card Ace)
aruhtart: shows [5d 7d] (a pair of Sevens)
aruhtart collected $35.50 from pot
*** SUMMARY ***
Total pot $36 | Rake $0.50
Board [9h 4s Kd 2h 7c]
Seat 1: aruhtart (big blind) showed [5d 7d] and won ($35.50) with a pair of Sevens
Seat 2: Vulkano2015 (button) (small blind) showed [Ah 8c] and lost with high card Ace


PokerStars Hand #145554396408:  Hold'em Limit ($3/$6 USD) - 2015/12/18 18:04:52 ET
Table 'Eichsfeldia' 2-max Seat #1 is the button
Seat 1: aruhtart ($120 in chips)
Seat 2: Vulkano2015 ($254.57 in chips)
aruhtart: posts small blind $1
Vulkano2015: posts big blind $3
*** HOLE CARDS ***
aruhtart: raises $3 to $6
Vulkano2015: calls $3
*** FLOP *** [7d 2d As]
Vulkano2015: bets $3
aruhtart: calls $3
*** TURN *** [7d 2d As] [9h]
Vulkano2015: checks
aruhtart: bets $6
Vulkano2015: folds
Uncalled bet ($6) returned to aruhtart
aruhtart collected $17.64 from pot
aruhtart: doesn't show hand
*** SUMMARY ***
Total pot $18 | Rake $0.36
Board [7d 2d As 9h]
Seat 1: aruhtart (button) (small blind) collected ($17.64)
Seat 2: Vulkano2015 (big blind) folded on the Turn


PokerStars Hand #145554371680:  Hold'em Limit ($3/$6 USD) - 2015/12/18 18:04:21 ET
Table 'Eichsfeldia' 2-max Seat #2 is the button
Seat 1: aruhtart ($131.84 in chips)
Seat 2: Vulkano2015 ($219.07 in chips)
Vulkano2015: posts small blind $1
aruhtart: posts big blind $3
*** HOLE CARDS ***
Vulkano2015: calls $2
aruhtart: checks
*** FLOP *** [4c 6c 4s]
aruhtart: bets $3
Vulkano2015: calls $3
*** TURN *** [4c 6c 4s] [3c]
aruhtart: bets $6
Vulkano2015: raises $6 to $12
aruhtart: calls $6
*** RIVER *** [4c 6c 4s 3c] [4d]
aruhtart: checks
Vulkano2015: bets $6
aruhtart: raises $6 to $12
Vulkano2015: raises $6 to $18
aruhtart: calls $6
*** SHOW DOWN ***
Vulkano2015: shows [4h 3s] (four of a kind, Fours)
aruhtart: mucks hand
Vulkano2015 collected $71.50 from pot
*** SUMMARY ***
Total pot $72 | Rake $0.50
Board [4c 6c 4s 3c 4d]
Seat 1: aruhtart (big blind) mucked
Seat 2: Vulkano2015 (button) (small blind) showed [4h 3s] and won ($71.50) with four of a kind, Fours


PokerStars Hand #145554412638:  Hold'em Limit ($3/$6 USD) - 2015/12/18 18:05:12 ET
Table 'Eichsfeldia' 2-max Seat #2 is the button
Seat 1: aruhtart ($128.64 in chips)
Seat 2: Vulkano2015 ($245.57 in chips)
Vulkano2015: posts small blind $1
aruhtart: posts big blind $3
*** HOLE CARDS ***
Vulkano2015: raises $3 to $6
aruhtart: calls $3
*** FLOP *** [Ah Tc 3d]
aruhtart: checks
Vulkano2015: checks
*** TURN *** [Ah Tc 3d] [4h]
aruhtart: checks
Vulkano2015: bets $6
aruhtart: calls $6
*** RIVER *** [Ah Tc 3d 4h] [Ac]
aruhtart: checks
Vulkano2015: bets $6
aruhtart: calls $6
*** SHOW DOWN ***
Vulkano2015: shows [Qh 5d] (a pair of Aces)
aruhtart: shows [3c Qd] (two pair, Aces and Threes)
aruhtart collected $35.50 from pot
*** SUMMARY ***
Total pot $36 | Rake $0.50
Board [Ah Tc 3d 4h Ac]
Seat 1: aruhtart (big blind) showed [3c Qd] and won ($35.50) with two pair, Aces and Threes
Seat 2: Vulkano2015 (button) (small blind) showed [Qh 5d] and lost with a pair of Aces


PokerStars Hand #145554456304:  Hold'em Limit ($3/$6 USD) - 2015/12/18 18:06:06 ET
Table 'Eichsfeldia' 2-max Seat #1 is the button
Seat 1: aruhtart ($144.89 in chips)
Seat 2: Vulkano2015 ($228.32 in chips)
aruhtart: posts small blind $1
Vulkano2015: posts big blind $3
*** HOLE CARDS ***
aruhtart: raises $3 to $6
Vulkano2015: calls $3
*** FLOP *** [7s 5s 2c]
Vulkano2015: bets $3
aruhtart: folds
Uncalled bet ($3) returned to Vulkano2015
Vulkano2015 collected $11.76 from pot
Vulkano2015: doesn't show hand
*** SUMMARY ***
Total pot $12 | Rake $0.24
Board [7s 5s 2c]
Seat 1: aruhtart (button) (small blind) folded on the Flop
Seat 2: Vulkano2015 (big blind) collected ($11.76)


PokerStars Hand #145554443560:  Hold'em Limit ($3/$6 USD) - 2015/12/18 18:05:50 ET
Table 'Eichsfeldia' 2-max Seat #2 is the button
Seat 1: aruhtart ($145.14 in chips)
Seat 2: Vulkano2015 ($228.57 in chips)
Vulkano2015: posts small blind $1
aruhtart: posts big blind $3
*** HOLE CARDS ***
Vulkano2015: calls $2
aruhtart: raises $3 to $6
Vulkano2015: calls $3
*** FLOP *** [4s 4c Qd]
aruhtart: bets $3
Vulkano2015: calls $3
*** TURN *** [4s 4c Qd] [Ac]
aruhtart: checks
Vulkano2015: checks
*** RIVER *** [4s 4c Qd Ac] [4d]
aruhtart: bets $6
Vulkano2015: calls $6
*** SHOW DOWN ***
aruhtart: shows [5d 9d] (three of a kind, Fours)
Vulkano2015: shows [6h Jc] (three of a kind, Fours)
aruhtart collected $14.75 from pot
Vulkano2015 collected $14.75 from pot
*** SUMMARY ***
Total pot $30 | Rake $0.50
Board [4s 4c Qd Ac 4d]
Seat 1: aruhtart (big blind) showed [5d 9d] and won ($14.75) with three of a kind, Fours
Seat 2: Vulkano2015 (button) (small blind) showed [6h Jc] and won ($14.75) with three of a kind, Fours


PokerStars Hand #145554440019:  Hold'em Limit ($3/$6 USD) - 2015/12/18 18:05:45 ET
Table 'Eichsfeldia' 2-max Seat #1 is the button
Seat 1: aruhtart ($146.14 in chips)
Seat 2: Vulkano2015 ($227.57 in chips)
aruhtart: posts small blind $1
Vulkano2015: posts big blind $3
*** HOLE CARDS ***
aruhtart: folds
Uncalled bet ($2) returned to Vulkano2015
Vulkano2015 collected $2 from pot
Vulkano2015: doesn't show hand
*** SUMMARY ***
Total pot $2 | Rake $0
Seat 1: aruhtart (button) (small blind) folded before Flop
Seat 2: Vulkano2015 (big blind) collected ($2)


PokerStars Hand #145554464255:  Hold'em Limit ($3/$6 USD) - 2015/12/18 18:06:15 ET
Table 'Eichsfeldia' 2-max Seat #2 is the button
Seat 1: aruhtart ($138.89 in chips)
Seat 2: Vulkano2015 ($234.08 in chips)
Vulkano2015: posts small blind $1
aruhtart: posts big blind $3
*** HOLE CARDS ***
Vulkano2015: raises $3 to $6
aruhtart: raises $3 to $9
Vulkano2015: calls $3
*** FLOP *** [9h Jc 8h]
aruhtart: bets $3
Vulkano2015: calls $3
*** TURN *** [9h Jc 8h] [Kh]
aruhtart: bets $6
Vulkano2015: folds
Uncalled bet ($6) returned to aruhtart
aruhtart collected $23.52 from pot
aruhtart: doesn't show hand
*** SUMMARY ***
Total pot $24 | Rake $0.48
Board [9h Jc 8h Kh]
Seat 1: aruhtart (big blind) collected ($23.52)
Seat 2: Vulkano2015 (button) (small blind) folded on the Turn


PokerStars Hand #145554435294:  Hold'em Limit ($3/$6 USD) - 2015/12/18 18:05:40 ET
Table 'Eichsfeldia' 2-max Seat #2 is the button
Seat 1: aruhtart ($145.14 in chips)
Seat 2: Vulkano2015 ($228.57 in chips)
Vulkano2015: posts small blind $1
aruhtart: posts big blind $3
*** HOLE CARDS ***
Vulkano2015: folds
Uncalled bet ($2) returned to aruhtart
aruhtart collected $2 from pot
aruhtart: doesn't show hand
*** SUMMARY ***
Total pot $2 | Rake $0
Seat 1: aruhtart (big blind) collected ($2)
Seat 2: Vulkano2015 (button) (small blind) folded before Flop


PokerStars Hand #145554431678:  Hold'em Limit ($3/$6 USD) - 2015/12/18 18:05:35 ET
Table 'Eichsfeldia' 2-max Seat #1 is the button
Seat 1: aruhtart ($146.14 in chips)
Seat 2: Vulkano2015 ($227.57 in chips)
aruhtart: posts small blind $1
Vulkano2015: posts big blind $3
*** HOLE CARDS ***
aruhtart: folds
Uncalled bet ($2) returned to Vulkano2015
Vulkano2015 collected $2 from pot
Vulkano2015: doesn't show hand
*** SUMMARY ***
Total pot $2 | Rake $0
Seat 1: aruhtart (button) (small blind) folded before Flop
Seat 2: Vulkano2015 (big blind) collected ($2)


PokerStars Hand #145554516409:  Hold'em Limit ($3/$6 USD) - 2015/12/18 18:07:20 ET
Table 'Eichsfeldia' 2-max Seat #2 is the button
Seat 1: aruhtart ($158.67 in chips)
Seat 2: Vulkano2015 ($212.58 in chips)
Vulkano2015: posts small blind $1
aruhtart: posts big blind $3
*** HOLE CARDS ***
Vulkano2015: folds
Uncalled bet ($2) returned to aruhtart
aruhtart collected $2 from pot
aruhtart: doesn't show hand
*** SUMMARY ***
Total pot $2 | Rake $0
Seat 1: aruhtart (big blind) collected ($2)
Seat 2: Vulkano2015 (button) (small blind) folded before Flop


PokerStars Hand #145554505224:  Hold'em Limit ($3/$6 USD) - 2015/12/18 18:07:06 ET
Table 'Eichsfeldia' 2-max Seat #1 is the button
Seat 1: aruhtart ($176.67 in chips)
Seat 2: Vulkano2015 ($195.08 in chips)
aruhtart: posts small blind $1
Vulkano2015: posts big blind $3
*** HOLE CARDS ***
aruhtart: raises $3 to $6
Vulkano2015: raises $3 to $9
aruhtart: calls $3
*** FLOP *** [Qs 4s 2h]
Vulkano2015: bets $3
aruhtart: calls $3
*** TURN *** [Qs 4s 2h] [8c]
Vulkano2015: bets $6
aruhtart: calls $6
*** RIVER *** [Qs 4s 2h 8c] [6d]
Vulkano2015: bets $6
aruhtart: folds
Uncalled bet ($6) returned to Vulkano2015
Vulkano2015 collected $35.50 from pot
Vulkano2015: doesn't show hand
*** SUMMARY ***
Total pot $36 | Rake $0.50
Board [Qs 4s 2h 8c 6d]
Seat 1: aruhtart (button) (small blind) folded on the River
Seat 2: Vulkano2015 (big blind) collected ($35.50)


PokerStars Hand #145554493284:  Hold'em Limit ($3/$6 USD) - 2015/12/18 18:06:51 ET
Table 'Eichsfeldia' 2-max Seat #2 is the button
Seat 1: aruhtart ($170.91 in chips)
Seat 2: Vulkano2015 ($201.08 in chips)
Vulkano2015: posts small blind $1
aruhtart: posts big blind $3
*** HOLE CARDS ***
Vulkano2015: raises $3 to $6
aruhtart: calls $3
*** FLOP *** [5c 8h 4d]
aruhtart: checks
Vulkano2015: checks
*** TURN *** [5c 8h 4d] [2s]
aruhtart: checks
Vulkano2015: checks
*** RIVER *** [5c 8h 4d 2s] [8c]
aruhtart: checks
Vulkano2015: checks
*** SHOW DOWN ***
aruhtart: shows [Jd Kc] (a pair of Eights)
Vulkano2015: mucks hand
aruhtart collected $11.76 from pot
*** SUMMARY ***
Total pot $12 | Rake $0.24
Board [5c 8h 4d 2s 8c]
Seat 1: aruhtart (big blind) showed [Jd Kc] and won ($11.76) with a pair of Eights
Seat 2: Vulkano2015 (button) (small blind) mucked


PokerStars Hand #145554474868:  Hold'em Limit ($3/$6 USD) - 2015/12/18 18:06:28 ET
Table 'Eichsfeldia' 2-max Seat #1 is the button
Seat 1: aruhtart ($150.41 in chips)
Seat 2: Vulkano2015 ($222.08 in chips)
aruhtart: posts small blind $1
Vulkano2015: posts big blind $3
*** HOLE CARDS ***
aruhtart: raises $3 to $6
Vulkano2015: calls $3
*** FLOP *** [4d Jd Kd]
Vulkano2015: bets $3
aruhtart: calls $3
*** TURN *** [4d Jd Kd] [5c]
Vulkano2015: bets $6
aruhtart: calls $6
*** RIVER *** [4d Jd Kd 5c] [Qd]
Vulkano2015: checks
aruhtart: bets $6
Vulkano2015: calls $6
*** SHOW DOWN ***
aruhtart: shows [6d Qc] (a flush, King high)
Vulkano2015: mucks hand
aruhtart collected $41.50 from pot
*** SUMMARY ***
Total pot $42 | Rake $0.50
Board [4d Jd Kd 5c Qd]
Seat 1: aruhtart (button) (small blind) showed [6d Qc] and won ($41.50) with a flush, King high
Seat 2: Vulkano2015 (big blind) mucked


PokerStars Hand #145554569761:  Hold'em Limit ($3/$6 USD) - 2015/12/18 18:08:27 ET
Table 'Eichsfeldia' 2-max Seat #1 is the button
Seat 1: aruhtart ($209.19 in chips)
Seat 2: Vulkano2015 ($160.22 in chips)
aruhtart: posts small blind $1
Vulkano2015: posts big blind $3
*** HOLE CARDS ***
aruhtart: raises $3 to $6
Vulkano2015: calls $3
*** FLOP *** [9d 3c Kc]
Vulkano2015: checks
aruhtart: bets $3
Vulkano2015: folds
Uncalled bet ($3) returned to aruhtart
aruhtart collected $11.76 from pot
aruhtart: doesn't show hand
*** SUMMARY ***
Total pot $12 | Rake $0.24
Board [9d 3c Kc]
Seat 1: aruhtart (button) (small blind) collected ($11.76)
Seat 2: Vulkano2015 (big blind) folded on the Flop


PokerStars Hand #145554558043:  Hold'em Limit ($3/$6 USD) - 2015/12/18 18:08:12 ET
Table 'Eichsfeldia' 2-max Seat #2 is the button
Seat 1: aruhtart ($191.69 in chips)
Seat 2: Vulkano2015 ($178.22 in chips)
Vulkano2015: posts small blind $1
aruhtart: posts big blind $3
*** HOLE CARDS ***
Vulkano2015: raises $3 to $6
aruhtart: calls $3
*** FLOP *** [9h 5d 7d]
aruhtart: checks
Vulkano2015: checks
*** TURN *** [9h 5d 7d] [9s]
aruhtart: bets $6
Vulkano2015: calls $6
*** RIVER *** [9h 5d 7d 9s] [5h]
aruhtart: bets $6
Vulkano2015: calls $6
*** SHOW DOWN ***
aruhtart: shows [Js 9d] (a full house, Nines full of Fives)
Vulkano2015: mucks hand
aruhtart collected $35.50 from pot
*** SUMMARY ***
Total pot $36 | Rake $0.50
Board [9h 5d 7d 9s 5h]
Seat 1: aruhtart (big blind) showed [Js 9d] and won ($35.50) with a full house, Nines full of Fives
Seat 2: Vulkano2015 (button) (small blind) mucked


PokerStars Hand #145554544645:  Hold'em Limit ($3/$6 USD) - 2015/12/18 18:07:55 ET
Table 'Eichsfeldia' 2-max Seat #1 is the button
Seat 1: aruhtart ($162.19 in chips)
Seat 2: Vulkano2015 ($208.22 in chips)
aruhtart: posts small blind $1
Vulkano2015: posts big blind $3
*** HOLE CARDS ***
aruhtart: raises $3 to $6
Vulkano2015: raises $3 to $9
aruhtart: calls $3
*** FLOP *** [Ah 3h Tc]
Vulkano2015: bets $3
aruhtart: calls $3
*** TURN *** [Ah 3h Tc] [Qc]
Vulkano2015: bets $6
aruhtart: calls $6
*** RIVER *** [Ah 3h Tc Qc] [5c]
Vulkano2015: bets $6
aruhtart: raises $6 to $12
Vulkano2015: calls $6
*** SHOW DOWN ***
aruhtart: shows [Td Ac] (two pair, Aces and Tens)
Vulkano2015: mucks hand
aruhtart collected $59.50 from pot
*** SUMMARY ***
Total pot $60 | Rake $0.50
Board [Ah 3h Tc Qc 5c]
Seat 1: aruhtart (button) (small blind) showed [Td Ac] and won ($59.50) with two pair, Aces and Tens
Seat 2: Vulkano2015 (big blind) mucked


PokerStars Hand #145554530789:  Hold'em Limit ($3/$6 USD) - 2015/12/18 18:07:38 ET
Table 'Eichsfeldia' 2-max Seat #2 is the button
Seat 1: aruhtart ($150.67 in chips)
Seat 2: Vulkano2015 ($220.22 in chips)
Vulkano2015: posts small blind $1
aruhtart: posts big blind $3
*** HOLE CARDS ***
Vulkano2015: raises $3 to $6
aruhtart: calls $3
*** FLOP *** [9s 6d 2s]
aruhtart: checks
Vulkano2015: checks
*** TURN *** [9s 6d 2s] [Kh]
aruhtart: checks
Vulkano2015: checks
*** RIVER *** [9s 6d 2s Kh] [Ac]
aruhtart: checks
Vulkano2015: bets $6
aruhtart: calls $6
*** SHOW DOWN ***
Vulkano2015: shows [3d 7d] (high card Ace)
aruhtart: shows [6s Tc] (a pair of Sixes)
aruhtart collected $23.52 from pot
*** SUMMARY ***
Total pot $24 | Rake $0.48
Board [9s 6d 2s Kh Ac]
Seat 1: aruhtart (big blind) showed [6s Tc] and won ($23.52) with a pair of Sixes
Seat 2: Vulkano2015 (button) (small blind) showed [3d 7d] and lost with high card Ace


PokerStars Hand #145554520201:  Hold'em Limit ($3/$6 USD) - 2015/12/18 18:07:25 ET
Table 'Eichsfeldia' 2-max Seat #1 is the button
Seat 1: aruhtart ($159.67 in chips)
Seat 2: Vulkano2015 ($211.58 in chips)
aruhtart: posts small blind $1
Vulkano2015: posts big blind $3
*** HOLE CARDS ***
aruhtart: raises $3 to $6
Vulkano2015: calls $3
*** FLOP *** [3h 8d 2h]
Vulkano2015: bets $3
aruhtart: calls $3
*** TURN *** [3h 8d 2h] [Kh]
Vulkano2015: bets $6
aruhtart: folds
Uncalled bet ($6) returned to Vulkano2015
Vulkano2015 collected $17.64 from pot
Vulkano2015: doesn't show hand
*** SUMMARY ***
Total pot $18 | Rake $0.36
Board [3h 8d 2h Kh]
Seat 1: aruhtart (button) (small blind) folded on the Turn
Seat 2: Vulkano2015 (big blind) collected ($17.64)


PokerStars Hand #145554614771:  Hold'em Limit ($3/$6 USD) - 2015/12/18 18:09:23 ET
Table 'Eichsfeldia' 2-max Seat #2 is the button
Seat 1: aruhtart ($183.71 in chips)
Seat 2: Vulkano2015 ($184.48 in chips)
Vulkano2015: posts small blind $1
aruhtart: posts big blind $3
*** HOLE CARDS ***
Vulkano2015: raises $3 to $6
aruhtart: calls $3
*** FLOP *** [8s Th Tc]
aruhtart: checks
Vulkano2015: checks
*** TURN *** [8s Th Tc] [3h]
aruhtart: bets $6
Vulkano2015: calls $6
*** RIVER *** [8s Th Tc 3h] [8c]
aruhtart: checks
Vulkano2015: checks
*** SHOW DOWN ***
aruhtart: shows [Ac 6h] (two pair, Tens and Eights)
Vulkano2015: mucks hand
aruhtart collected $23.52 from pot
*** SUMMARY ***
Total pot $24 | Rake $0.48
Board [8s Th Tc 3h 8c]
Seat 1: aruhtart (big blind) showed [Ac 6h] and won ($23.52) with two pair, Tens and Eights
Seat 2: Vulkano2015 (button) (small blind) mucked


PokerStars Hand #145554611145:  Hold'em Limit ($3/$6 USD) - 2015/12/18 18:09:18 ET
Table 'Eichsfeldia' 2-max Seat #1 is the button
Seat 1: aruhtart ($184.71 in chips)
Seat 2: Vulkano2015 ($183.48 in chips)
aruhtart: posts small blind $1
Vulkano2015: posts big blind $3
*** HOLE CARDS ***
aruhtart: folds
Uncalled bet ($2) returned to Vulkano2015
Vulkano2015 collected $2 from pot
Vulkano2015: doesn't show hand
*** SUMMARY ***
Total pot $2 | Rake $0
Seat 1: aruhtart (button) (small blind) folded before Flop
Seat 2: Vulkano2015 (big blind) collected ($2)


PokerStars Hand #145554601312:  Hold'em Limit ($3/$6 USD) - 2015/12/18 18:09:06 ET
Table 'Eichsfeldia' 2-max Seat #2 is the button
Seat 1: aruhtart ($178.95 in chips)
Seat 2: Vulkano2015 ($189.48 in chips)
Vulkano2015: posts small blind $1
aruhtart: posts big blind $3
*** HOLE CARDS ***
Vulkano2015: raises $3 to $6
aruhtart: calls $3
*** FLOP *** [3c Qd 7h]
aruhtart: checks
Vulkano2015: checks
*** TURN *** [3c Qd 7h] [7d]
aruhtart: checks
Vulkano2015: checks
*** RIVER *** [3c Qd 7h 7d] [As]
aruhtart: checks
Vulkano2015: checks
*** SHOW DOWN ***
aruhtart: shows [Qs 3d] (two pair, Queens and Sevens)
Vulkano2015: mucks hand
aruhtart collected $11.76 from pot
*** SUMMARY ***
Total pot $12 | Rake $0.24
Board [3c Qd 7h 7d As]
Seat 1: aruhtart (big blind) showed [Qs 3d] and won ($11.76) with two pair, Queens and Sevens
Seat 2: Vulkano2015 (button) (small blind) mucked


PokerStars Hand #145554592487:  Hold'em Limit ($3/$6 USD) - 2015/12/18 18:08:55 ET
Table 'Eichsfeldia' 2-max Seat #1 is the button
Seat 1: aruhtart ($184.95 in chips)
Seat 2: Vulkano2015 ($183.72 in chips)
aruhtart: posts small blind $1
Vulkano2015: posts big blind $3
*** HOLE CARDS ***
aruhtart: raises $3 to $6
Vulkano2015: calls $3
*** FLOP *** [4d 3c 9s]
Vulkano2015: bets $3
aruhtart: folds
Uncalled bet ($3) returned to Vulkano2015
Vulkano2015 collected $11.76 from pot
Vulkano2015: doesn't show hand
*** SUMMARY ***
Total pot $12 | Rake $0.24
Board [4d 3c 9s]
Seat 1: aruhtart (button) (small blind) folded on the Flop
Seat 2: Vulkano2015 (big blind) collected ($11.76)


PokerStars Hand #145554577783:  Hold'em Limit ($3/$6 USD) - 2015/12/18 18:08:37 ET
Table 'Eichsfeldia' 2-max Seat #2 is the button
Seat 1: aruhtart ($214.95 in chips)
Seat 2: Vulkano2015 ($154.22 in chips)
Vulkano2015: posts small blind $1
aruhtart: posts big blind $3
*** HOLE CARDS ***
Vulkano2015: raises $3 to $6
aruhtart: calls $3
*** FLOP *** [Ad 9c 6s]
aruhtart: checks
Vulkano2015: checks
*** TURN *** [Ad 9c 6s] [5c]
aruhtart: checks
Vulkano2015: checks
*** RIVER *** [Ad 9c 6s 5c] [3s]
aruhtart: bets $6
Vulkano2015: raises $6 to $12
aruhtart: raises $6 to $18
Vulkano2015: raises $6 to $24
Betting is capped
aruhtart: calls $6
*** SHOW DOWN ***
Vulkano2015: shows [4d 7s] (a straight, Three to Seven)
aruhtart: mucks hand
Vulkano2015 collected $59.50 from pot
*** SUMMARY ***
Total pot $60 | Rake $0.50
Board [Ad 9c 6s 5c 3s]
Seat 1: aruhtart (big blind) mucked
Seat 2: Vulkano2015 (button) (small blind) showed [4d 7s] and won ($59.50) with a straight, Three to Seven


PokerStars Hand #145554656910:  Hold'em Limit ($3/$6 USD) - 2015/12/18 18:10:16 ET
Table 'Eichsfeldia' 2-max Seat #2 is the button
Seat 1: aruhtart ($188.99 in chips)
Seat 2: Vulkano2015 ($178 in chips)
Vulkano2015: posts small blind $1
aruhtart: posts big blind $3
*** HOLE CARDS ***
Vulkano2015: raises $3 to $6
aruhtart: calls $3
*** FLOP *** [7s 5d 8c]
aruhtart: checks
Vulkano2015: checks
*** TURN *** [7s 5d 8c] [9h]
aruhtart: checks
Vulkano2015: checks
*** RIVER *** [7s 5d 8c 9h] [Ks]
aruhtart: checks
Vulkano2015: bets $6
aruhtart: calls $6
*** SHOW DOWN ***
Vulkano2015: shows [Qd Ad] (high card Ace)
aruhtart: shows [7d Qh] (a pair of Sevens)
aruhtart collected $23.52 from pot
*** SUMMARY ***
Total pot $24 | Rake $0.48
Board [7s 5d 8c 9h Ks]
Seat 1: aruhtart (big blind) showed [7d Qh] and won ($23.52) with a pair of Sevens
Seat 2: Vulkano2015 (button) (small blind) showed [Qd Ad] and lost with high card Ace


PokerStars Hand #145554647672:  Hold'em Limit ($3/$6 USD) - 2015/12/18 18:10:04 ET
Table 'Eichsfeldia' 2-max Seat #1 is the button
Seat 1: aruhtart ($183.23 in chips)
Seat 2: Vulkano2015 ($184 in chips)
aruhtart: posts small blind $1
Vulkano2015: posts big blind $3
*** HOLE CARDS ***
aruhtart: raises $3 to $6
Vulkano2015: calls $3
*** FLOP *** [Td Qc Qh]
Vulkano2015: checks
aruhtart: bets $3
Vulkano2015: folds
Uncalled bet ($3) returned to aruhtart
aruhtart collected $11.76 from pot
aruhtart: doesn't show hand
*** SUMMARY ***
Total pot $12 | Rake $0.24
Board [Td Qc Qh]
Seat 1: aruhtart (button) (small blind) collected ($11.76)
Seat 2: Vulkano2015 (big blind) folded on the Flop


PokerStars Hand #145554632991:  Hold'em Limit ($3/$6 USD) - 2015/12/18 18:09:46 ET
Table 'Eichsfeldia' 2-max Seat #2 is the button
Seat 1: aruhtart ($189.23 in chips)
Seat 2: Vulkano2015 ($178.24 in chips)
Vulkano2015: posts small blind $1
aruhtart: posts big blind $3
*** HOLE CARDS ***
Vulkano2015: raises $3 to $6
aruhtart: calls $3
*** FLOP *** [5h 2c Jd]
aruhtart: checks
Vulkano2015: checks
*** TURN *** [5h 2c Jd] [4c]
aruhtart: checks
Vulkano2015: checks
*** RIVER *** [5h 2c Jd 4c] [8s]
aruhtart: checks
Vulkano2015: checks
*** SHOW DOWN ***
aruhtart: shows [Ks 9d] (high card King)
Vulkano2015: shows [Kh Ts] (high card King - Jack+Ten kicker)
Vulkano2015 collected $11.76 from pot
*** SUMMARY ***
Total pot $12 | Rake $0.24
Board [5h 2c Jd 4c 8s]
Seat 1: aruhtart (big blind) showed [Ks 9d] and lost with high card King
Seat 2: Vulkano2015 (button) (small blind) showed [Kh Ts] and won ($11.76) with high card King


PokerStars Hand #145554625826:  Hold'em Limit ($3/$6 USD) - 2015/12/18 18:09:37 ET
Table 'Eichsfeldia' 2-max Seat #1 is the button
Seat 1: aruhtart ($195.23 in chips)
Seat 2: Vulkano2015 ($172.48 in chips)
aruhtart: posts small blind $1
Vulkano2015: posts big blind $3
*** HOLE CARDS ***
aruhtart: raises $3 to $6
Vulkano2015: calls $3
*** FLOP *** [Th 5h 8d]
Vulkano2015: bets $3
aruhtart: folds
Uncalled bet ($3) returned to Vulkano2015
Vulkano2015 collected $11.76 from pot
Vulkano2015: doesn't show hand
*** SUMMARY ***
Total pot $12 | Rake $0.24
Board [Th 5h 8d]
Seat 1: aruhtart (button) (small blind) folded on the Flop
Seat 2: Vulkano2015 (big blind) collected ($11.76)


PokerStars Hand #145554677488:  Hold'em Limit ($3/$6 USD) - 2015/12/18 18:10:42 ET
Table 'Eichsfeldia' 2-max Seat #2 is the button
Seat 1: aruhtart ($199.51 in chips)
Seat 2: Vulkano2015 ($167 in chips)
Vulkano2015: posts small blind $1
aruhtart: posts big blind $3
*** HOLE CARDS ***
Vulkano2015: raises $3 to $6
aruhtart: folds
Uncalled bet ($3) returned to Vulkano2015
Vulkano2015 collected $6 from pot
Vulkano2015: doesn't show hand
*** SUMMARY ***
Total pot $6 | Rake $0
Seat 1: aruhtart (big blind) folded before Flop
Seat 2: Vulkano2015 (button) (small blind) collected ($6)


PokerStars Hand #145554673808:  Hold'em Limit ($3/$6 USD) - 2015/12/18 18:10:37 ET
Table 'Eichsfeldia' 2-max Seat #1 is the button
Seat 1: aruhtart ($200.51 in chips)
Seat 2: Vulkano2015 ($166 in chips)
aruhtart: posts small blind $1
Vulkano2015: posts big blind $3
*** HOLE CARDS ***
aruhtart: folds
Uncalled bet ($2) returned to Vulkano2015
Vulkano2015 collected $2 from pot
Vulkano2015: doesn't show hand
*** SUMMARY ***
Total pot $2 | Rake $0
Seat 1: aruhtart (button) (small blind) folded before Flop
Seat 2: Vulkano2015 (big blind) collected ($2)


PokerStars Hand #145554704945:  Hold'em Limit ($3/$6 USD) - 2015/12/18 18:11:17 ET
Table 'Eichsfeldia' 2-max Seat #1 is the button
Seat 1: aruhtart ($173.51 in chips)
Seat 2: Vulkano2015 ($192.50 in chips)
aruhtart: posts small blind $1
Vulkano2015: posts big blind $3
*** HOLE CARDS ***
aruhtart: raises $3 to $6
Vulkano2015: calls $3
*** FLOP *** [6h Th 6c]
Vulkano2015: checks
aruhtart: checks
*** TURN *** [6h Th 6c] [5d]
Vulkano2015: checks
aruhtart: bets $6
Vulkano2015: folds
Uncalled bet ($6) returned to aruhtart
aruhtart collected $11.76 from pot
aruhtart: doesn't show hand
*** SUMMARY ***
Total pot $12 | Rake $0.24
Board [6h Th 6c 5d]
Seat 1: aruhtart (button) (small blind) collected ($11.76)
Seat 2: Vulkano2015 (big blind) folded on the Turn


PokerStars Hand #145554701275:  Hold'em Limit ($3/$6 USD) - 2015/12/18 18:11:12 ET
Table 'Eichsfeldia' 2-max Seat #2 is the button
Seat 1: aruhtart ($172.51 in chips)
Seat 2: Vulkano2015 ($193.50 in chips)
Vulkano2015: posts small blind $1
aruhtart: posts big blind $3
*** HOLE CARDS ***
Vulkano2015: folds
Uncalled bet ($2) returned to aruhtart
aruhtart collected $2 from pot
aruhtart: doesn't show hand
*** SUMMARY ***
Total pot $2 | Rake $0
Seat 1: aruhtart (big blind) collected ($2)
Seat 2: Vulkano2015 (button) (small blind) folded before Flop


PokerStars Hand #145554681925:  Hold'em Limit ($3/$6 USD) - 2015/12/18 18:10:48 ET
Table 'Eichsfeldia' 2-max Seat #1 is the button
Seat 1: aruhtart ($196.51 in chips)
Seat 2: Vulkano2015 ($170 in chips)
aruhtart: posts small blind $1
Vulkano2015: posts big blind $3
*** HOLE CARDS ***
aruhtart: raises $3 to $6
Vulkano2015: raises $3 to $9
aruhtart: calls $3
*** FLOP *** [9h 8d 9d]
Vulkano2015: bets $3
aruhtart: calls $3
*** TURN *** [9h 8d 9d] [6c]
Vulkano2015: bets $6
aruhtart: calls $6
*** RIVER *** [9h 8d 9d 6c] [8c]
Vulkano2015: bets $6
aruhtart: calls $6
*** SHOW DOWN ***
Vulkano2015: shows [8s Ad] (a full house, Eights full of Nines)
aruhtart: mucks hand
Vulkano2015 collected $47.50 from pot
*** SUMMARY ***
Total pot $48 | Rake $0.50
Board [9h 8d 9d 6c 8c]
Seat 1: aruhtart (button) (small blind) mucked
Seat 2: Vulkano2015 (big blind) showed [8s Ad] and won ($47.50) with a full house, Eights full of Nines


PokerStars Hand #145554715343:  Hold'em Limit ($3/$6 USD) - 2015/12/18 18:11:30 ET
Table 'Eichsfeldia' 2-max Seat #2 is the button
Seat 1: aruhtart ($179.27 in chips)
Seat 2: Vulkano2015 ($186.50 in chips)
Vulkano2015: posts small blind $1
aruhtart: posts big blind $3
*** HOLE CARDS ***
Vulkano2015: raises $3 to $6
aruhtart: calls $3
*** FLOP *** [Kd 9s Ks]
aruhtart: checks
Vulkano2015: checks
*** TURN *** [Kd 9s Ks] [7h]
aruhtart: checks
Vulkano2015: checks
*** RIVER *** [Kd 9s Ks 7h] [8s]
aruhtart: checks
Vulkano2015: bets $6
aruhtart: folds
Uncalled bet ($6) returned to Vulkano2015
Vulkano2015 collected $11.76 from pot
Vulkano2015: doesn't show hand
*** SUMMARY ***
Total pot $12 | Rake $0.24
Board [Kd 9s Ks 7h 8s]
Seat 1: aruhtart (big blind) folded on the River
Seat 2: Vulkano2015 (button) (small blind) collected ($11.76)


PokerStars Hand #145554755898:  Hold'em Limit ($3/$6 USD) - 2015/12/18 18:12:21 ET
Table 'Eichsfeldia' 2-max Seat #1 is the button
Seat 1: aruhtart ($169.77 in chips)
Seat 2: Vulkano2015 ($194.76 in chips)
aruhtart: posts small blind $1
Vulkano2015: posts big blind $3
*** HOLE CARDS ***
aruhtart: raises $3 to $6
Vulkano2015: calls $3
*** FLOP *** [6h Ad Kd]
Vulkano2015: checks
aruhtart: bets $3
Vulkano2015: folds
Uncalled bet ($3) returned to aruhtart
aruhtart collected $11.76 from pot
aruhtart: doesn't show hand
*** SUMMARY ***
Total pot $12 | Rake $0.24
Board [6h Ad Kd]
Seat 1: aruhtart (button) (small blind) collected ($11.76)
Seat 2: Vulkano2015 (big blind) folded on the Flop


PokerStars Hand #145554740336:  Hold'em Limit ($3/$6 USD) - 2015/12/18 18:12:02 ET
Table 'Eichsfeldia' 2-max Seat #2 is the button
Seat 1: aruhtart ($193.77 in chips)
Seat 2: Vulkano2015 ($171.26 in chips)
Vulkano2015: posts small blind $1
aruhtart: posts big blind $3
*** HOLE CARDS ***
Vulkano2015: raises $3 to $6
aruhtart: calls $3
*** FLOP *** [4h 3h Ac]
aruhtart: bets $3
Vulkano2015: raises $3 to $6
aruhtart: calls $3
*** TURN *** [4h 3h Ac] [6d]
aruhtart: checks
Vulkano2015: bets $6
aruhtart: calls $6
*** RIVER *** [4h 3h Ac 6d] [Jh]
aruhtart: checks
Vulkano2015: bets $6
aruhtart: calls $6
*** SHOW DOWN ***
Vulkano2015: shows [3c Ad] (two pair, Aces and Threes)
aruhtart: mucks hand
Vulkano2015 collected $47.50 from pot
*** SUMMARY ***
Total pot $48 | Rake $0.50
Board [4h 3h Ac 6d Jh]
Seat 1: aruhtart (big blind) mucked
Seat 2: Vulkano2015 (button) (small blind) showed [3c Ad] and won ($47.50) with two pair, Aces and Threes


PokerStars Hand #145554725389:  Hold'em Limit ($3/$6 USD) - 2015/12/18 18:11:43 ET
Table 'Eichsfeldia' 2-max Seat #1 is the button
Seat 1: aruhtart ($173.27 in chips)
Seat 2: Vulkano2015 ($192.26 in chips)
aruhtart: posts small blind $1
Vulkano2015: posts big blind $3
*** HOLE CARDS ***
aruhtart: raises $3 to $6
Vulkano2015: calls $3
*** FLOP *** [Kd 2h 3s]
Vulkano2015: bets $3
aruhtart: calls $3
*** TURN *** [Kd 2h 3s] [9h]
Vulkano2015: bets $6
aruhtart: calls $6
*** RIVER *** [Kd 2h 3s 9h] [9c]
Vulkano2015: bets $6
aruhtart: calls $6
*** SHOW DOWN ***
Vulkano2015: shows [Jc 6h] (a pair of Nines)
aruhtart: shows [8s 8d] (two pair, Nines and Eights)
aruhtart collected $41.50 from pot
*** SUMMARY ***
Total pot $42 | Rake $0.50
Board [Kd 2h 3s 9h 9c]
Seat 1: aruhtart (button) (small blind) showed [8s 8d] and won ($41.50) with two pair, Nines and Eights
Seat 2: Vulkano2015 (big blind) showed [Jc 6h] and lost with a pair of Nines


PokerStars Hand #145554764708:  Hold'em Limit ($3/$6 USD) - 2015/12/18 18:12:32 ET
Table 'Eichsfeldia' 2-max Seat #2 is the button
Seat 1: aruhtart ($175.53 in chips)
Seat 2: Vulkano2015 ($188.76 in chips)
Vulkano2015: posts small blind $1
aruhtart: posts big blind $3
*** HOLE CARDS ***
Vulkano2015: raises $3 to $6
aruhtart: raises $3 to $9
Vulkano2015: raises $3 to $12
Betting is capped
aruhtart: calls $3
*** FLOP *** [4d Qd Qc]
aruhtart: bets $3
Vulkano2015: calls $3
*** TURN *** [4d Qd Qc] [5s]
aruhtart: bets $6
Vulkano2015: calls $6
*** RIVER *** [4d Qd Qc 5s] [Kc]
aruhtart: checks
Vulkano2015: checks
*** SHOW DOWN ***
aruhtart: shows [6s 6h] (two pair, Queens and Sixes)
Vulkano2015: mucks hand
aruhtart collected $41.50 from pot
*** SUMMARY ***
Total pot $42 | Rake $0.50
Board [4d Qd Qc 5s Kc]
Seat 1: aruhtart (big blind) showed [6s 6h] and won ($41.50) with two pair, Queens and Sixes
Seat 2: Vulkano2015 (button) (small blind) mucked


PokerStars Hand #145554799769:  Hold'em Limit ($3/$6 USD) - 2015/12/18 18:13:17 ET
Table 'Eichsfeldia' 2-max Seat #1 is the button
Seat 1: aruhtart ($201.67 in chips)
Seat 2: Vulkano2015 ($161.76 in chips)
aruhtart: posts small blind $1
Vulkano2015: posts big blind $3
*** HOLE CARDS ***
aruhtart: raises $3 to $6
Vulkano2015: raises $3 to $9
aruhtart: calls $3
*** FLOP *** [8c 7s Qs]
Vulkano2015: bets $3
aruhtart: calls $3
*** TURN *** [8c 7s Qs] [3s]
Vulkano2015: bets $6
aruhtart: calls $6
*** RIVER *** [8c 7s Qs 3s] [4c]
Vulkano2015: bets $6
aruhtart: calls $6
*** SHOW DOWN ***
Vulkano2015: shows [7h 6s] (a pair of Sevens)
aruhtart: shows [Jh 8d] (a pair of Eights)
aruhtart collected $47.50 from pot
*** SUMMARY ***
Total pot $48 | Rake $0.50
Board [8c 7s Qs 3s 4c]
Seat 1: aruhtart (button) (small blind) showed [Jh 8d] and won ($47.50) with a pair of Eights
Seat 2: Vulkano2015 (big blind) showed [7h 6s] and lost with a pair of Sevens


PokerStars Hand #145554795528:  Hold'em Limit ($3/$6 USD) - 2015/12/18 18:13:11 ET
Table 'Eichsfeldia' 2-max Seat #2 is the button
Seat 1: aruhtart ($204.67 in chips)
Seat 2: Vulkano2015 ($158.76 in chips)
Vulkano2015: posts small blind $1
aruhtart: posts big blind $3
*** HOLE CARDS ***
Vulkano2015: raises $3 to $6
aruhtart: folds
Uncalled bet ($3) returned to Vulkano2015
Vulkano2015 collected $6 from pot
Vulkano2015: doesn't show hand
*** SUMMARY ***
Total pot $6 | Rake $0
Seat 1: aruhtart (big blind) folded before Flop
Seat 2: Vulkano2015 (button) (small blind) collected ($6)


PokerStars Hand #145554782745:  Hold'em Limit ($3/$6 USD) - 2015/12/18 18:12:55 ET
Table 'Eichsfeldia' 2-max Seat #1 is the button
Seat 1: aruhtart ($196.03 in chips)
Seat 2: Vulkano2015 ($167.76 in chips)
aruhtart: posts small blind $1
Vulkano2015: posts big blind $3
*** HOLE CARDS ***
aruhtart: raises $3 to $6
Vulkano2015: calls $3
*** FLOP *** [7d 9h 5c]
Vulkano2015: checks
aruhtart: bets $3
Vulkano2015: calls $3
*** TURN *** [7d 9h 5c] [Ks]
Vulkano2015: checks
aruhtart: bets $6
Vulkano2015: folds
Uncalled bet ($6) returned to aruhtart
aruhtart collected $17.64 from pot
aruhtart: doesn't show hand
*** SUMMARY ***
Total pot $18 | Rake $0.36
Board [7d 9h 5c Ks]
Seat 1: aruhtart (button) (small blind) collected ($17.64)
Seat 2: Vulkano2015 (big blind) folded on the Turn


PokerStars Hand #145554837891:  Hold'em Limit ($3/$6 USD) - 2015/12/18 18:14:05 ET
Table 'Eichsfeldia' 2-max Seat #2 is the button
Seat 1: aruhtart ($251.67 in chips)
Seat 2: Vulkano2015 ($110.76 in chips)
Vulkano2015: posts small blind $1
aruhtart: posts big blind $3
*** HOLE CARDS ***
Vulkano2015: raises $3 to $6
aruhtart: raises $3 to $9
Vulkano2015: raises $3 to $12
Betting is capped
aruhtart: calls $3
*** FLOP *** [4s Jc Qd]
aruhtart: checks
Vulkano2015: bets $3
aruhtart: raises $3 to $6
Vulkano2015: calls $3
*** TURN *** [4s Jc Qd] [Ts]
aruhtart: bets $6
Vulkano2015: folds
Uncalled bet ($6) returned to aruhtart
aruhtart collected $35.50 from pot
aruhtart: doesn't show hand
*** SUMMARY ***
Total pot $36 | Rake $0.50
Board [4s Jc Qd Ts]
Seat 1: aruhtart (big blind) collected ($35.50)
Seat 2: Vulkano2015 (button) (small blind) folded on the Turn


PokerStars Hand #145554851264:  Hold'em Limit ($3/$6 USD) - 2015/12/18 18:14:22 ET
Table 'Eichsfeldia' 2-max Seat #1 is the button
Seat 1: aruhtart ($269.17 in chips)
Seat 2: Vulkano2015 ($92.76 in chips)
aruhtart: posts small blind $1
Vulkano2015: posts big blind $3
*** HOLE CARDS ***
aruhtart: raises $3 to $6
Vulkano2015: calls $3
*** FLOP *** [8c 4h Qs]
Vulkano2015: checks
aruhtart: bets $3
Vulkano2015: folds
Uncalled bet ($3) returned to aruhtart
aruhtart collected $11.76 from pot
aruhtart: doesn't show hand
*** SUMMARY ***
Total pot $12 | Rake $0.24
Board [8c 4h Qs]
Seat 1: aruhtart (button) (small blind) collected ($11.76)
Seat 2: Vulkano2015 (big blind) folded on the Flop


