PokerStars Hand #154525902089:  Hold'em Limit ($3/$6 USD) - 2016/06/09 19:11:07 ET
Table 'Ekard' 6-max Seat #1 is the button
Seat 1: Velbor107 ($294 in chips)
Seat 6: sda.80.16 ($57.27 in chips)
Velbor107: posts small blind $1
sda.80.16: posts big blind $3
*** HOLE CARDS ***
Velbor107: raises $3 to $6
sda.80.16: calls $3
*** FLOP *** [2s 7c 7d]
sda.80.16: checks
ToDaFelt joins the table at seat #2
Velbor107: bets $3
sda.80.16: folds
Uncalled bet ($3) returned to Velbor107
Velbor107 collected $11.76 from pot
*** SUMMARY ***
Total pot $12 | Rake $0.24
Board [2s 7c 7d]
Seat 1: Velbor107 (button) (small blind) collected ($11.76)
Seat 6: sda.80.16 (big blind) folded on the Flop


PokerStars Hand #154525916221:  Hold'em Limit ($3/$6 USD) - 2016/06/09 19:11:30 ET
Table 'Ekard' 6-max Seat #6 is the button
Seat 1: Velbor107 ($299.76 in chips)
Seat 6: sda.80.16 ($51.27 in chips)
sda.80.16: posts small blind $1
Velbor107: posts big blind $3
*** HOLE CARDS ***
sda.80.16: raises $3 to $6
Velbor107: calls $3
*** FLOP *** [2d As Jd]
7superpoker joins the table at seat #3
Velbor107: checks
sda.80.16: bets $3
Velbor107: calls $3
*** TURN *** [2d As Jd] [5s]
Velbor107: checks
sda.80.16: bets $6
Velbor107: raises $6 to $12
sda.80.16: calls $6
*** RIVER *** [2d As Jd 5s] [Kd]
Velbor107: bets $6
sda.80.16: calls $6
*** SHOW DOWN ***
Velbor107: shows [Jc 5d] (two pair, Jacks and Fives)
sda.80.16: mucks hand
Velbor107 collected $53.50 from pot
*** SUMMARY ***
Total pot $54 | Rake $0.50
Board [2d As Jd 5s Kd]
Seat 1: Velbor107 (big blind) showed [Jc 5d] and won ($53.50) with two pair, Jacks and Fives
Seat 6: sda.80.16 (button) (small blind) mucked


