PokerStars Hand #154530180396:  Hold'em Limit ($3/$6 USD) - 2016/06/09 21:41:06 ET
Table 'Ekard' 6-max Seat #6 is the button
Seat 4: RaisemyNut$ ($177.04 in chips)
Seat 6: sda.80.16 ($118.69 in chips)
sda.80.16: posts small blind $1
7superpoker: is sitting out
RaisemyNut$: posts big blind $3
*** HOLE CARDS ***
sda.80.16: raises $3 to $6
RaisemyNut$: calls $3
*** FLOP *** [2h Ac 7h]
7superpoker leaves the table
RaisemyNut$: checks
sda.80.16: checks
*** TURN *** [2h Ac 7h] [4h]
RaisemyNut$: checks
sda.80.16: bets $6
7superpoker joins the table at seat #1
RaisemyNut$: folds
Uncalled bet ($6) returned to sda.80.16
sda.80.16 collected $11.76 from pot
sda.80.16: doesn't show hand
*** SUMMARY ***
Total pot $12 | Rake $0.24
Board [2h Ac 7h 4h]
Seat 4: RaisemyNut$ (big blind) folded on the Turn
Seat 6: sda.80.16 (button) (small blind) collected ($11.76)


PokerStars Hand #154530185164:  Hold'em Limit ($3/$6 USD) - 2016/06/09 21:41:19 ET
Table 'Ekard' 6-max Seat #4 is the button
Seat 4: RaisemyNut$ ($171.04 in chips)
Seat 6: sda.80.16 ($124.45 in chips)
RaisemyNut$: posts small blind $1
sda.80.16: posts big blind $3
*** HOLE CARDS ***
RaisemyNut$: raises $3 to $6
sda.80.16: raises $3 to $9
RaisemyNut$: calls $3
*** FLOP *** [Kd 9c Qc]
sda.80.16: bets $3
RaisemyNut$: folds
Uncalled bet ($3) returned to sda.80.16
sda.80.16 collected $17.64 from pot
sda.80.16: doesn't show hand
*** SUMMARY ***
Total pot $18 | Rake $0.36
Board [Kd 9c Qc]
Seat 4: RaisemyNut$ (button) (small blind) folded on the Flop
Seat 6: sda.80.16 (big blind) collected ($17.64)


PokerStars Hand #154530220914:  Hold'em Limit ($3/$6 USD) - 2016/06/09 21:42:28 ET
Table 'Ekard' 6-max Seat #6 is the button
Seat 4: RaisemyNut$ ($122.04 in chips)
Seat 6: sda.80.16 ($150.98 in chips)
sda.80.16: posts small blind $1
7superpoker: is sitting out
RaisemyNut$: posts big blind $3
*** HOLE CARDS ***
sda.80.16: raises $3 to $6
RaisemyNut$: folds
Uncalled bet ($3) returned to sda.80.16
7superpoker leaves the table
sda.80.16 collected $6 from pot
sda.80.16: doesn't show hand
*** SUMMARY ***
Total pot $6 | Rake $0
Seat 4: RaisemyNut$ (big blind) folded before Flop
Seat 6: sda.80.16 (button) (small blind) collected ($6)


PokerStars Hand #154530223119:  Hold'em Limit ($3/$6 USD) - 2016/06/09 21:42:34 ET
Table 'Ekard' 6-max Seat #4 is the button
Seat 4: RaisemyNut$ ($119.04 in chips)
Seat 6: sda.80.16 ($153.98 in chips)
RaisemyNut$: posts small blind $1
sda.80.16: posts big blind $3
*** HOLE CARDS ***
RaisemyNut$: raises $3 to $6
sda.80.16: calls $3
*** FLOP *** [Qh 7c 9d]
7superpoker joins the table at seat #2
sda.80.16: checks
RaisemyNut$: bets $3
sda.80.16: calls $3
*** TURN *** [Qh 7c 9d] [Tc]
sda.80.16: checks
RaisemyNut$: bets $6
sda.80.16: calls $6
*** RIVER *** [Qh 7c 9d Tc] [8h]
sda.80.16: checks
RaisemyNut$: bets $6
sda.80.16: calls $6
*** SHOW DOWN ***
RaisemyNut$: shows [Jc 9s] (a straight, Eight to Queen)
sda.80.16: mucks hand
RaisemyNut$ collected $41.50 from pot
*** SUMMARY ***
Total pot $42 | Rake $0.50
Board [Qh 7c 9d Tc 8h]
Seat 4: RaisemyNut$ (button) (small blind) showed [Jc 9s] and won ($41.50) with a straight, Eight to Queen
Seat 6: sda.80.16 (big blind) mucked


PokerStars Hand #154530447659:  Hold'em Limit ($3/$6 USD) - 2016/06/09 21:52:33 ET
Table 'Ekard' 6-max Seat #6 is the button
Seat 4: RaisemyNut$ ($70.04 in chips)
Seat 6: sda.80.16 ($296.59 in chips)
sda.80.16: posts small blind $1
RaisemyNut$: posts big blind $3
*** HOLE CARDS ***
sda.80.16: calls $2
RaisemyNut$: checks
*** FLOP *** [Ts Th 8d]
RaisemyNut$: checks
sda.80.16: bets $3
RaisemyNut$: folds
Uncalled bet ($3) returned to sda.80.16
sda.80.16 collected $5.88 from pot
sda.80.16: doesn't show hand
*** SUMMARY ***
Total pot $6 | Rake $0.12
Board [Ts Th 8d]
Seat 4: RaisemyNut$ (big blind) folded on the Flop
Seat 6: sda.80.16 (button) (small blind) collected ($5.88)


PokerStars Hand #154530442708:  Hold'em Limit ($3/$6 USD) - 2016/06/09 21:52:20 ET
Table 'Ekard' 6-max Seat #4 is the button
Seat 4: RaisemyNut$ ($64.28 in chips)
Seat 6: sda.80.16 ($302.59 in chips)
RaisemyNut$: posts small blind $1
sda.80.16: posts big blind $3
*** HOLE CARDS ***
RaisemyNut$: raises $3 to $6
sda.80.16: calls $3
*** FLOP *** [8s 9s Kh]
sda.80.16: checks
RaisemyNut$: bets $3
sda.80.16: folds
Uncalled bet ($3) returned to RaisemyNut$
RaisemyNut$ collected $11.76 from pot
RaisemyNut$: doesn't show hand
*** SUMMARY ***
Total pot $12 | Rake $0.24
Board [8s 9s Kh]
Seat 4: RaisemyNut$ (button) (small blind) collected ($11.76)
Seat 6: sda.80.16 (big blind) folded on the Flop


PokerStars Hand #154530436513:  Hold'em Limit ($3/$6 USD) - 2016/06/09 21:52:03 ET
Table 'Ekard' 6-max Seat #6 is the button
Seat 4: RaisemyNut$ ($70.28 in chips)
Seat 6: sda.80.16 ($296.83 in chips)
sda.80.16: posts small blind $1
RaisemyNut$: posts big blind $3
*** HOLE CARDS ***
7superpoker leaves the table
sda.80.16: raises $3 to $6
RaisemyNut$: calls $3
*** FLOP *** [6d Ac 2s]
RaisemyNut$: checks
sda.80.16: bets $3
RaisemyNut$: folds
Uncalled bet ($3) returned to sda.80.16
sda.80.16 collected $11.76 from pot
sda.80.16: doesn't show hand
*** SUMMARY ***
Total pot $12 | Rake $0.24
Board [6d Ac 2s]
Seat 4: RaisemyNut$ (big blind) folded on the Flop
Seat 6: sda.80.16 (button) (small blind) collected ($11.76)


PokerStars Hand #154530458363:  Hold'em Limit ($3/$6 USD) - 2016/06/09 21:53:02 ET
Table 'Ekard' 6-max Seat #6 is the button
Seat 4: RaisemyNut$ ($81.54 in chips)
Seat 6: sda.80.16 ($284.47 in chips)
sda.80.16: posts small blind $1
RaisemyNut$: posts big blind $3
*** HOLE CARDS ***
sda.80.16: raises $3 to $6
RaisemyNut$: raises $3 to $9
sda.80.16: calls $3
*** FLOP *** [Qh 8h 2d]
RaisemyNut$: bets $3
sda.80.16: folds
Uncalled bet ($3) returned to RaisemyNut$
RaisemyNut$ collected $17.64 from pot
RaisemyNut$: doesn't show hand
*** SUMMARY ***
Total pot $18 | Rake $0.36
Board [Qh 8h 2d]
Seat 4: RaisemyNut$ (big blind) collected ($17.64)
Seat 6: sda.80.16 (button) (small blind) folded on the Flop


PokerStars Hand #154530451965:  Hold'em Limit ($3/$6 USD) - 2016/06/09 21:52:45 ET
Table 'Ekard' 6-max Seat #4 is the button
Seat 4: RaisemyNut$ ($67.04 in chips)
Seat 6: sda.80.16 ($299.47 in chips)
RaisemyNut$: posts small blind $1
sda.80.16: posts big blind $3
*** HOLE CARDS ***
RaisemyNut$: raises $3 to $6
sda.80.16: calls $3
*** FLOP *** [Ah 4s 2h]
sda.80.16: bets $3
RaisemyNut$: calls $3
*** TURN *** [Ah 4s 2h] [3d]
sda.80.16: bets $6
RaisemyNut$: raises $6 to $12
sda.80.16: folds
Uncalled bet ($6) returned to RaisemyNut$
RaisemyNut$ collected $29.50 from pot
RaisemyNut$: doesn't show hand
*** SUMMARY ***
Total pot $30 | Rake $0.50
Board [Ah 4s 2h 3d]
Seat 4: RaisemyNut$ (button) (small blind) collected ($29.50)
Seat 6: sda.80.16 (big blind) folded on the Turn


PokerStars Hand #154530462871:  Hold'em Limit ($3/$6 USD) - 2016/06/09 21:53:14 ET
Table 'Ekard' 6-max Seat #4 is the button
Seat 4: RaisemyNut$ ($90.18 in chips)
Seat 6: sda.80.16 ($275.47 in chips)
RaisemyNut$: posts small blind $1
sda.80.16: posts big blind $3
*** HOLE CARDS ***
RaisemyNut$: raises $3 to $6
sda.80.16: raises $3 to $9
RaisemyNut$: calls $3
*** FLOP *** [4c Js 6s]
sda.80.16: bets $3
RaisemyNut$: calls $3
*** TURN *** [4c Js 6s] [Ad]
sda.80.16: bets $6
RaisemyNut$: raises $6 to $12
sda.80.16: calls $6
*** RIVER *** [4c Js 6s Ad] [Ac]
sda.80.16: bets $6
RaisemyNut$: raises $6 to $12
sda.80.16: calls $6
*** SHOW DOWN ***
RaisemyNut$: shows [Ah 4s] (a full house, Aces full of Fours)
sda.80.16: mucks hand
RaisemyNut$ collected $71.50 from pot
*** SUMMARY ***
Total pot $72 | Rake $0.50
Board [4c Js 6s Ad Ac]
Seat 4: RaisemyNut$ (button) (small blind) showed [Ah 4s] and won ($71.50) with a full house, Aces full of Fours
Seat 6: sda.80.16 (big blind) mucked


PokerStars Hand #154530491691:  Hold'em Limit ($3/$6 USD) - 2016/06/09 21:54:32 ET
Table 'Ekard' 6-max Seat #6 is the button
Seat 4: RaisemyNut$ ($103.44 in chips)
Seat 6: sda.80.16 ($260.97 in chips)
sda.80.16: posts small blind $1
RaisemyNut$: posts big blind $3
*** HOLE CARDS ***
sda.80.16: raises $3 to $6
RaisemyNut$: calls $3
*** FLOP *** [Ah Ks 5s]
RaisemyNut$: checks
sda.80.16: checks
*** TURN *** [Ah Ks 5s] [Qd]
RaisemyNut$: checks
sda.80.16: checks
*** RIVER *** [Ah Ks 5s Qd] [Js]
RaisemyNut$: checks
sda.80.16: bets $6
RaisemyNut$: folds
Uncalled bet ($6) returned to sda.80.16
sda.80.16 collected $11.76 from pot
sda.80.16: doesn't show hand
*** SUMMARY ***
Total pot $12 | Rake $0.24
Board [Ah Ks 5s Qd Js]
Seat 4: RaisemyNut$ (big blind) folded on the River
Seat 6: sda.80.16 (button) (small blind) collected ($11.76)


PokerStars Hand #154530486904:  Hold'em Limit ($3/$6 USD) - 2016/06/09 21:54:19 ET
Table 'Ekard' 6-max Seat #4 is the button
Seat 4: RaisemyNut$ ($97.68 in chips)
Seat 6: sda.80.16 ($266.97 in chips)
RaisemyNut$: posts small blind $1
sda.80.16: posts big blind $3
*** HOLE CARDS ***
RaisemyNut$: raises $3 to $6
sda.80.16: calls $3
*** FLOP *** [9c Kd 9h]
sda.80.16: checks
RaisemyNut$: bets $3
sda.80.16: folds
Uncalled bet ($3) returned to RaisemyNut$
RaisemyNut$ collected $11.76 from pot
RaisemyNut$: doesn't show hand
*** SUMMARY ***
Total pot $12 | Rake $0.24
Board [9c Kd 9h]
Seat 4: RaisemyNut$ (button) (small blind) collected ($11.76)
Seat 6: sda.80.16 (big blind) folded on the Flop


PokerStars Hand #154530483646:  Hold'em Limit ($3/$6 USD) - 2016/06/09 21:54:10 ET
Table 'Ekard' 6-max Seat #6 is the button
Seat 4: RaisemyNut$ ($100.68 in chips)
Seat 6: sda.80.16 ($263.97 in chips)
sda.80.16: posts small blind $1
RaisemyNut$: posts big blind $3
*** HOLE CARDS ***
sda.80.16: raises $3 to $6
RaisemyNut$: folds
Uncalled bet ($3) returned to sda.80.16
sda.80.16 collected $6 from pot
sda.80.16: doesn't show hand
*** SUMMARY ***
Total pot $6 | Rake $0
Seat 4: RaisemyNut$ (big blind) folded before Flop
Seat 6: sda.80.16 (button) (small blind) collected ($6)


PokerStars Hand #154530481439:  Hold'em Limit ($3/$6 USD) - 2016/06/09 21:54:04 ET
Table 'Ekard' 6-max Seat #4 is the button
Seat 4: RaisemyNut$ ($101.68 in chips)
Seat 6: sda.80.16 ($262.97 in chips)
RaisemyNut$: posts small blind $1
sda.80.16: posts big blind $3
*** HOLE CARDS ***
RaisemyNut$: folds
Uncalled bet ($2) returned to sda.80.16
sda.80.16 collected $2 from pot
sda.80.16: doesn't show hand
*** SUMMARY ***
Total pot $2 | Rake $0
Seat 4: RaisemyNut$ (button) (small blind) folded before Flop
Seat 6: sda.80.16 (big blind) collected ($2)


PokerStars Hand #154530474940:  Hold'em Limit ($3/$6 USD) - 2016/06/09 21:53:46 ET
Table 'Ekard' 6-max Seat #6 is the button
Seat 4: RaisemyNut$ ($125.68 in chips)
Seat 6: sda.80.16 ($239.47 in chips)
sda.80.16: posts small blind $1
RaisemyNut$: posts big blind $3
*** HOLE CARDS ***
sda.80.16: raises $3 to $6
RaisemyNut$: raises $3 to $9
sda.80.16: calls $3
*** FLOP *** [6d 3c 6s]
RaisemyNut$: bets $3
sda.80.16: calls $3
*** TURN *** [6d 3c 6s] [7h]
RaisemyNut$: bets $6
sda.80.16: calls $6
*** RIVER *** [6d 3c 6s 7h] [5c]
RaisemyNut$: checks
sda.80.16: bets $6
RaisemyNut$: calls $6
*** SHOW DOWN ***
sda.80.16: shows [Ks 4d] (a straight, Three to Seven)
RaisemyNut$: mucks hand
sda.80.16 collected $47.50 from pot
*** SUMMARY ***
Total pot $48 | Rake $0.50
Board [6d 3c 6s 7h 5c]
Seat 4: RaisemyNut$ (big blind) mucked
Seat 6: sda.80.16 (button) (small blind) showed [Ks 4d] and won ($47.50) with a straight, Three to Seven


PokerStars Hand #154530514749:  Hold'em Limit ($3/$6 USD) - 2016/06/09 21:55:40 ET
Table 'Ekard' 6-max Seat #4 is the button
Seat 4: RaisemyNut$ ($79.44 in chips)
Seat 6: sda.80.16 ($284.23 in chips)
RaisemyNut$: posts small blind $1
sda.80.16: posts big blind $3
*** HOLE CARDS ***
RaisemyNut$: raises $3 to $6
sda.80.16: calls $3
*** FLOP *** [3c 8d Ac]
sda.80.16: checks
RaisemyNut$: bets $3
sda.80.16: folds
Uncalled bet ($3) returned to RaisemyNut$
RaisemyNut$ collected $11.76 from pot
RaisemyNut$: doesn't show hand
*** SUMMARY ***
Total pot $12 | Rake $0.24
Board [3c 8d Ac]
Seat 4: RaisemyNut$ (button) (small blind) collected ($11.76)
Seat 6: sda.80.16 (big blind) folded on the Flop


PokerStars Hand #154530513173:  Hold'em Limit ($3/$6 USD) - 2016/06/09 21:55:35 ET
Table 'Ekard' 6-max Seat #6 is the button
Seat 4: RaisemyNut$ ($78.44 in chips)
Seat 6: sda.80.16 ($285.23 in chips)
sda.80.16: posts small blind $1
RaisemyNut$: posts big blind $3
*** HOLE CARDS ***
sda.80.16: folds
Uncalled bet ($2) returned to RaisemyNut$
RaisemyNut$ collected $2 from pot
RaisemyNut$: doesn't show hand
*** SUMMARY ***
Total pot $2 | Rake $0
Seat 4: RaisemyNut$ (big blind) collected ($2)
Seat 6: sda.80.16 (button) (small blind) folded before Flop


PokerStars Hand #154530502996:  Hold'em Limit ($3/$6 USD) - 2016/06/09 21:55:03 ET
Table 'Ekard' 6-max Seat #4 is the button
Seat 4: RaisemyNut$ ($93.44 in chips)
Seat 6: sda.80.16 ($270.73 in chips)
RaisemyNut$: posts small blind $1
sda.80.16: posts big blind $3
*** HOLE CARDS ***
RaisemyNut$: raises $3 to $6
sda.80.16: calls $3
*** FLOP *** [Ah 3h 4s]
sda.80.16: checks
RaisemyNut$: bets $3
sda.80.16: calls $3
*** TURN *** [Ah 3h 4s] [5s]
sda.80.16: checks
RaisemyNut$: bets $6
sda.80.16: calls $6
*** RIVER *** [Ah 3h 4s 5s] [Qh]
sda.80.16: checks
RaisemyNut$: checks
*** SHOW DOWN ***
sda.80.16: shows [4d 8s] (a pair of Fours)
RaisemyNut$: mucks hand
sda.80.16 collected $29.50 from pot
*** SUMMARY ***
Total pot $30 | Rake $0.50
Board [Ah 3h 4s 5s Qh]
Seat 4: RaisemyNut$ (button) (small blind) mucked
Seat 6: sda.80.16 (big blind) showed [4d 8s] and won ($29.50) with a pair of Fours


PokerStars Hand #154530500525:  Hold'em Limit ($3/$6 USD) - 2016/06/09 21:54:56 ET
Table 'Ekard' 6-max Seat #6 is the button
Seat 4: RaisemyNut$ ($96.44 in chips)
Seat 6: sda.80.16 ($267.73 in chips)
sda.80.16: posts small blind $1
RaisemyNut$: posts big blind $3
*** HOLE CARDS ***
sda.80.16: raises $3 to $6
RaisemyNut$: folds
Uncalled bet ($3) returned to sda.80.16
sda.80.16 collected $6 from pot
*** SUMMARY ***
Total pot $6 | Rake $0
Seat 4: RaisemyNut$ (big blind) folded before Flop
Seat 6: sda.80.16 (button) (small blind) collected ($6)


PokerStars Hand #154530498844:  Hold'em Limit ($3/$6 USD) - 2016/06/09 21:54:51 ET
Table 'Ekard' 6-max Seat #4 is the button
Seat 4: RaisemyNut$ ($97.44 in chips)
Seat 6: sda.80.16 ($266.73 in chips)
RaisemyNut$: posts small blind $1
sda.80.16: posts big blind $3
*** HOLE CARDS ***
RaisemyNut$: folds
Uncalled bet ($2) returned to sda.80.16
sda.80.16 collected $2 from pot
sda.80.16: doesn't show hand
*** SUMMARY ***
Total pot $2 | Rake $0
Seat 4: RaisemyNut$ (button) (small blind) folded before Flop
Seat 6: sda.80.16 (big blind) collected ($2)


PokerStars Hand #154530526016:  Hold'em Limit ($3/$6 USD) - 2016/06/09 21:56:16 ET
Table 'Ekard' 6-max Seat #6 is the button
Seat 4: RaisemyNut$ ($76.20 in chips)
Seat 6: sda.80.16 ($286.99 in chips)
sda.80.16: posts small blind $1
RaisemyNut$: posts big blind $3
*** HOLE CARDS ***
sda.80.16: raises $3 to $6
RaisemyNut$: calls $3
*** FLOP *** [5h Td 3s]
RaisemyNut$: checks
sda.80.16: bets $3
RaisemyNut$: folds
Uncalled bet ($3) returned to sda.80.16
sda.80.16 collected $11.76 from pot
sda.80.16: doesn't show hand
*** SUMMARY ***
Total pot $12 | Rake $0.24
Board [5h Td 3s]
Seat 4: RaisemyNut$ (big blind) folded on the Flop
Seat 6: sda.80.16 (button) (small blind) collected ($11.76)


PokerStars Hand #154530520674:  Hold'em Limit ($3/$6 USD) - 2016/06/09 21:55:59 ET
Table 'Ekard' 6-max Seat #4 is the button
Seat 4: RaisemyNut$ ($82.20 in chips)
Seat 6: sda.80.16 ($281.23 in chips)
RaisemyNut$: posts small blind $1
sda.80.16: posts big blind $3
*** HOLE CARDS ***
RaisemyNut$: raises $3 to $6
sda.80.16: calls $3
*** FLOP *** [Qs 8s 6s]
sda.80.16: checks
RaisemyNut$: checks
*** TURN *** [Qs 8s 6s] [8c]
sda.80.16: checks
RaisemyNut$: checks
*** RIVER *** [Qs 8s 6s 8c] [Ts]
sda.80.16: bets $6
RaisemyNut$: folds
Uncalled bet ($6) returned to sda.80.16
sda.80.16 collected $11.76 from pot
sda.80.16: doesn't show hand
*** SUMMARY ***
Total pot $12 | Rake $0.24
Board [Qs 8s 6s 8c Ts]
Seat 4: RaisemyNut$ (button) (small blind) folded on the River
Seat 6: sda.80.16 (big blind) collected ($11.76)


PokerStars Hand #154530519165:  Hold'em Limit ($3/$6 USD) - 2016/06/09 21:55:54 ET
Table 'Ekard' 6-max Seat #6 is the button
Seat 4: RaisemyNut$ ($85.20 in chips)
Seat 6: sda.80.16 ($278.23 in chips)
sda.80.16: posts small blind $1
RaisemyNut$: posts big blind $3
*** HOLE CARDS ***
sda.80.16: raises $3 to $6
RaisemyNut$: folds
Uncalled bet ($3) returned to sda.80.16
sda.80.16 collected $6 from pot
sda.80.16: doesn't show hand
*** SUMMARY ***
Total pot $6 | Rake $0
Seat 4: RaisemyNut$ (big blind) folded before Flop
Seat 6: sda.80.16 (button) (small blind) collected ($6)


PokerStars Hand #154530545313:  Hold'em Limit ($3/$6 USD) - 2016/06/09 21:57:17 ET
Table 'Ekard' 6-max Seat #4 is the button
Seat 4: RaisemyNut$ ($61 in chips)
Seat 6: sda.80.16 ($306.25 in chips)
RaisemyNut$: posts small blind $1
sda.80.16: posts big blind $3
*** HOLE CARDS ***
RaisemyNut$: raises $3 to $6
sda.80.16: raises $3 to $9
RaisemyNut$: calls $3
*** FLOP *** [7c 4c Qs]
sda.80.16: checks
RaisemyNut$: bets $3
sda.80.16: raises $3 to $6
RaisemyNut$: calls $3
*** TURN *** [7c 4c Qs] [9c]
sda.80.16: checks
RaisemyNut$: checks
*** RIVER *** [7c 4c Qs 9c] [As]
sda.80.16: checks
RaisemyNut$: bets $6
sda.80.16: calls $6
*** SHOW DOWN ***
RaisemyNut$: shows [6h Qh] (a pair of Queens)
sda.80.16: mucks hand
RaisemyNut$ collected $41.50 from pot
*** SUMMARY ***
Total pot $42 | Rake $0.50
Board [7c 4c Qs 9c As]
Seat 4: RaisemyNut$ (button) (small blind) showed [6h Qh] and won ($41.50) with a pair of Queens
Seat 6: sda.80.16 (big blind) mucked


PokerStars Hand #154530543823:  Hold'em Limit ($3/$6 USD) - 2016/06/09 21:57:13 ET
Table 'Ekard' 6-max Seat #6 is the button
Seat 4: RaisemyNut$ ($60 in chips)
Seat 6: sda.80.16 ($307.25 in chips)
sda.80.16: posts small blind $1
RaisemyNut$: posts big blind $3
*** HOLE CARDS ***
sda.80.16: folds
Uncalled bet ($2) returned to RaisemyNut$
RaisemyNut$ collected $2 from pot
RaisemyNut$: doesn't show hand
*** SUMMARY ***
Total pot $2 | Rake $0
Seat 4: RaisemyNut$ (big blind) collected ($2)
Seat 6: sda.80.16 (button) (small blind) folded before Flop


PokerStars Hand #154530531778:  Hold'em Limit ($3/$6 USD) - 2016/06/09 21:56:34 ET
Table 'Ekard' 6-max Seat #4 is the button
Seat 4: RaisemyNut$ ($70.20 in chips)
Seat 6: sda.80.16 ($292.75 in chips)
RaisemyNut$: posts small blind $1
sda.80.16: posts big blind $3
*** HOLE CARDS ***
RaisemyNut$: raises $3 to $6
sda.80.16: raises $3 to $9
RaisemyNut$: calls $3
*** FLOP *** [Js Qc 6s]
sda.80.16: checks
RaisemyNut$: checks
*** TURN *** [Js Qc 6s] [5s]
sda.80.16: bets $6
RaisemyNut$: calls $6
*** RIVER *** [Js Qc 6s 5s] [2h]
sda.80.16: bets $6
RaisemyNut$: folds
Uncalled bet ($6) returned to sda.80.16
sda.80.16 collected $29.50 from pot
sda.80.16: doesn't show hand
*** SUMMARY ***
Total pot $30 | Rake $0.50
Board [Js Qc 6s 5s 2h]
Seat 4: RaisemyNut$ (button) (small blind) folded on the River
Seat 6: sda.80.16 (big blind) collected ($29.50)


PokerStars Hand #154530563035:  Hold'em Limit ($3/$6 USD) - 2016/06/09 21:58:14 ET
Table 'Ekard' 6-max Seat #6 is the button
Seat 4: RaisemyNut$ ($104.76 in chips)
Seat 6: sda.80.16 ($261.25 in chips)
sda.80.16: posts small blind $1
RaisemyNut$: posts big blind $3
*** HOLE CARDS ***
sda.80.16: raises $3 to $6
RaisemyNut$: raises $3 to $9
sda.80.16: raises $3 to $12
Betting is capped
RaisemyNut$: calls $3
*** FLOP *** [3h Kh Qc]
RaisemyNut$: checks
sda.80.16: bets $3
RaisemyNut$: calls $3
*** TURN *** [3h Kh Qc] [9h]
RaisemyNut$: checks
sda.80.16: bets $6
RaisemyNut$: calls $6
*** RIVER *** [3h Kh Qc 9h] [2d]
RaisemyNut$: checks
sda.80.16: bets $6
RaisemyNut$: calls $6
*** SHOW DOWN ***
sda.80.16: shows [Kc Ts] (a pair of Kings)
RaisemyNut$: mucks hand
sda.80.16 collected $53.50 from pot
*** SUMMARY ***
Total pot $54 | Rake $0.50
Board [3h Kh Qc 9h 2d]
Seat 4: RaisemyNut$ (big blind) mucked
Seat 6: sda.80.16 (button) (small blind) showed [Kc Ts] and won ($53.50) with a pair of Kings


PokerStars Hand #154530560340:  Hold'em Limit ($3/$6 USD) - 2016/06/09 21:58:06 ET
Table 'Ekard' 6-max Seat #4 is the button
Seat 4: RaisemyNut$ ($99 in chips)
Seat 6: sda.80.16 ($267.25 in chips)
RaisemyNut$: posts small blind $1
sda.80.16: posts big blind $3
*** HOLE CARDS ***
RaisemyNut$: raises $3 to $6
sda.80.16: calls $3
*** FLOP *** [Ts Qs 5s]
sda.80.16: checks
RaisemyNut$: bets $3
sda.80.16: folds
Uncalled bet ($3) returned to RaisemyNut$
RaisemyNut$ collected $11.76 from pot
RaisemyNut$: doesn't show hand
*** SUMMARY ***
Total pot $12 | Rake $0.24
Board [Ts Qs 5s]
Seat 4: RaisemyNut$ (button) (small blind) collected ($11.76)
Seat 6: sda.80.16 (big blind) folded on the Flop


PokerStars Hand #154530551948:  Hold'em Limit ($3/$6 USD) - 2016/06/09 21:57:39 ET
Table 'Ekard' 6-max Seat #6 is the button
Seat 4: RaisemyNut$ ($81.50 in chips)
Seat 6: sda.80.16 ($285.25 in chips)
sda.80.16: posts small blind $1
RaisemyNut$: posts big blind $3
*** HOLE CARDS ***
sda.80.16: raises $3 to $6
RaisemyNut$: raises $3 to $9
sda.80.16: calls $3
*** FLOP *** [8s 4c 9s]
RaisemyNut$: bets $3
sda.80.16: calls $3
*** TURN *** [8s 4c 9s] [Qs]
RaisemyNut$: bets $6
sda.80.16: calls $6
*** RIVER *** [8s 4c 9s Qs] [5h]
RaisemyNut$: checks
sda.80.16: checks
*** SHOW DOWN ***
RaisemyNut$: shows [Th Qd] (a pair of Queens)
sda.80.16: mucks hand
RaisemyNut$ collected $35.50 from pot
*** SUMMARY ***
Total pot $36 | Rake $0.50
Board [8s 4c 9s Qs 5h]
Seat 4: RaisemyNut$ (big blind) showed [Th Qd] and won ($35.50) with a pair of Queens
Seat 6: sda.80.16 (button) (small blind) mucked


PokerStars Hand #154530587181:  Hold'em Limit ($3/$6 USD) - 2016/06/09 21:59:32 ET
Table 'Ekard' 6-max Seat #4 is the button
Seat 4: RaisemyNut$ ($120.76 in chips)
Seat 6: sda.80.16 ($243.75 in chips)
RaisemyNut$: posts small blind $1
sda.80.16: posts big blind $3
*** HOLE CARDS ***
RaisemyNut$: raises $3 to $6
sda.80.16: raises $3 to $9
RaisemyNut$: calls $3
*** FLOP *** [5d Th Jh]
sda.80.16: bets $3
RaisemyNut$: calls $3
*** TURN *** [5d Th Jh] [6h]
sda.80.16: bets $6
RaisemyNut$: folds
Uncalled bet ($6) returned to sda.80.16
sda.80.16 collected $23.52 from pot
sda.80.16: doesn't show hand
*** SUMMARY ***
Total pot $24 | Rake $0.48
Board [5d Th Jh 6h]
Seat 4: RaisemyNut$ (button) (small blind) folded on the Turn
Seat 6: sda.80.16 (big blind) collected ($23.52)


PokerStars Hand #154530585378:  Hold'em Limit ($3/$6 USD) - 2016/06/09 21:59:26 ET
Table 'Ekard' 6-max Seat #6 is the button
Seat 4: RaisemyNut$ ($123.76 in chips)
Seat 6: sda.80.16 ($240.75 in chips)
sda.80.16: posts small blind $1
RaisemyNut$: posts big blind $3
*** HOLE CARDS ***
sda.80.16: raises $3 to $6
RaisemyNut$: folds
Uncalled bet ($3) returned to sda.80.16
sda.80.16 collected $6 from pot
sda.80.16: doesn't show hand
*** SUMMARY ***
Total pot $6 | Rake $0
Seat 4: RaisemyNut$ (big blind) folded before Flop
Seat 6: sda.80.16 (button) (small blind) collected ($6)


PokerStars Hand #154530583494:  Hold'em Limit ($3/$6 USD) - 2016/06/09 21:59:20 ET
Table 'Ekard' 6-max Seat #4 is the button
Seat 4: RaisemyNut$ ($124.76 in chips)
Seat 6: sda.80.16 ($239.75 in chips)
RaisemyNut$: posts small blind $1
sda.80.16: posts big blind $3
*** HOLE CARDS ***
RaisemyNut$: folds
Uncalled bet ($2) returned to sda.80.16
sda.80.16 collected $2 from pot
sda.80.16: doesn't show hand
*** SUMMARY ***
Total pot $2 | Rake $0
Seat 4: RaisemyNut$ (button) (small blind) folded before Flop
Seat 6: sda.80.16 (big blind) collected ($2)


PokerStars Hand #154530577848:  Hold'em Limit ($3/$6 USD) - 2016/06/09 21:59:02 ET
Table 'Ekard' 6-max Seat #6 is the button
Seat 4: RaisemyNut$ ($98.26 in chips)
Seat 6: sda.80.16 ($266.75 in chips)
sda.80.16: posts small blind $1
RaisemyNut$: posts big blind $3
*** HOLE CARDS ***
sda.80.16: raises $3 to $6
RaisemyNut$: calls $3
*** FLOP *** [5d Th 9d]
RaisemyNut$: checks
sda.80.16: bets $3
RaisemyNut$: calls $3
*** TURN *** [5d Th 9d] [7h]
RaisemyNut$: checks
sda.80.16: bets $6
RaisemyNut$: raises $6 to $12
sda.80.16: calls $6
*** RIVER *** [5d Th 9d 7h] [9s]
RaisemyNut$: bets $6
sda.80.16: calls $6
*** SHOW DOWN ***
RaisemyNut$: shows [8s 6d] (a straight, Six to Ten)
sda.80.16: mucks hand
RaisemyNut$ collected $53.50 from pot
*** SUMMARY ***
Total pot $54 | Rake $0.50
Board [5d Th 9d 7h 9s]
Seat 4: RaisemyNut$ (big blind) showed [8s 6d] and won ($53.50) with a straight, Six to Ten
Seat 6: sda.80.16 (button) (small blind) mucked


PokerStars Hand #154530570474:  Hold'em Limit ($3/$6 USD) - 2016/06/09 21:58:38 ET
Table 'Ekard' 6-max Seat #4 is the button
Seat 4: RaisemyNut$ ($77.76 in chips)
Seat 6: sda.80.16 ($287.75 in chips)
RaisemyNut$: posts small blind $1
sda.80.16: posts big blind $3
*** HOLE CARDS ***
RaisemyNut$: raises $3 to $6
sda.80.16: calls $3
*** FLOP *** [9c 6s Th]
sda.80.16: checks
RaisemyNut$: bets $3
sda.80.16: calls $3
*** TURN *** [9c 6s Th] [5s]
sda.80.16: checks
RaisemyNut$: bets $6
sda.80.16: calls $6
*** RIVER *** [9c 6s Th 5s] [Kd]
sda.80.16: checks
RaisemyNut$: bets $6
sda.80.16: calls $6
*** SHOW DOWN ***
RaisemyNut$: shows [Tc As] (a pair of Tens)
sda.80.16: mucks hand
RaisemyNut$ collected $41.50 from pot
*** SUMMARY ***
Total pot $42 | Rake $0.50
Board [9c 6s Th 5s Kd]
Seat 4: RaisemyNut$ (button) (small blind) showed [Tc As] and won ($41.50) with a pair of Tens
Seat 6: sda.80.16 (big blind) mucked


PokerStars Hand #154530599564:  Hold'em Limit ($3/$6 USD) - 2016/06/09 22:00:10 ET
Table 'Ekard' 6-max Seat #6 is the button
Seat 4: RaisemyNut$ ($101.76 in chips)
Seat 6: sda.80.16 ($262.03 in chips)
sda.80.16: posts small blind $1
RaisemyNut$: posts big blind $3
*** HOLE CARDS ***
sda.80.16: raises $3 to $6
RaisemyNut$: calls $3
*** FLOP *** [7h Th 2h]
RaisemyNut$: checks
sda.80.16: checks
*** TURN *** [7h Th 2h] [5s]
RaisemyNut$: checks
sda.80.16: bets $6
RaisemyNut$: folds
Uncalled bet ($6) returned to sda.80.16
sda.80.16 collected $11.76 from pot
sda.80.16: doesn't show hand
*** SUMMARY ***
Total pot $12 | Rake $0.24
Board [7h Th 2h 5s]
Seat 4: RaisemyNut$ (big blind) folded on the Turn
Seat 6: sda.80.16 (button) (small blind) collected ($11.76)


PokerStars Hand #154530598054:  Hold'em Limit ($3/$6 USD) - 2016/06/09 22:00:06 ET
Table 'Ekard' 6-max Seat #4 is the button
Seat 4: RaisemyNut$ ($102.76 in chips)
Seat 6: sda.80.16 ($261.03 in chips)
RaisemyNut$: posts small blind $1
sda.80.16: posts big blind $3
*** HOLE CARDS ***
RaisemyNut$: folds
Uncalled bet ($2) returned to sda.80.16
sda.80.16 collected $2 from pot
sda.80.16: doesn't show hand
*** SUMMARY ***
Total pot $2 | Rake $0
Seat 4: RaisemyNut$ (button) (small blind) folded before Flop
Seat 6: sda.80.16 (big blind) collected ($2)


PokerStars Hand #154530592820:  Hold'em Limit ($3/$6 USD) - 2016/06/09 21:59:49 ET
Table 'Ekard' 6-max Seat #6 is the button
Seat 4: RaisemyNut$ ($108.76 in chips)
Seat 6: sda.80.16 ($255.27 in chips)
sda.80.16: posts small blind $1
RaisemyNut$: posts big blind $3
*** HOLE CARDS ***
sda.80.16: raises $3 to $6
RaisemyNut$: calls $3
*** FLOP *** [7d Qd 7s]
RaisemyNut$: checks
sda.80.16: checks
*** TURN *** [7d Qd 7s] [4c]
RaisemyNut$: checks
sda.80.16: checks
*** RIVER *** [7d Qd 7s 4c] [6c]
RaisemyNut$: checks
sda.80.16: checks
*** SHOW DOWN ***
RaisemyNut$: shows [9s 2s] (a pair of Sevens)
sda.80.16: shows [Js 9d] (a pair of Sevens - Queen+Jack kicker)
sda.80.16 collected $11.76 from pot
*** SUMMARY ***
Total pot $12 | Rake $0.24
Board [7d Qd 7s 4c 6c]
Seat 4: RaisemyNut$ (big blind) showed [9s 2s] and lost with a pair of Sevens
Seat 6: sda.80.16 (button) (small blind) showed [Js 9d] and won ($11.76) with a pair of Sevens


PokerStars Hand #154530607127:  Hold'em Limit ($3/$6 USD) - 2016/06/09 22:00:34 ET
Table 'Ekard' 6-max Seat #4 is the button
Seat 4: RaisemyNut$ ($95.76 in chips)
Seat 6: sda.80.16 ($267.79 in chips)
RaisemyNut$: posts small blind $1
sda.80.16: posts big blind $3
*** HOLE CARDS ***
RaisemyNut$: raises $3 to $6
sda.80.16: calls $3
*** FLOP *** [4h 6c 8d]
sda.80.16: checks
RaisemyNut$: bets $3
sda.80.16: calls $3
*** TURN *** [4h 6c 8d] [Qh]
sda.80.16: checks
RaisemyNut$: checks
*** RIVER *** [4h 6c 8d Qh] [Ts]
sda.80.16: bets $6
RaisemyNut$: calls $6
*** SHOW DOWN ***
sda.80.16: shows [9d 6h] (a pair of Sixes)
RaisemyNut$: mucks hand
sda.80.16 collected $29.50 from pot
*** SUMMARY ***
Total pot $30 | Rake $0.50
Board [4h 6c 8d Qh Ts]
Seat 4: RaisemyNut$ (button) (small blind) mucked
Seat 6: sda.80.16 (big blind) showed [9d 6h] and won ($29.50) with a pair of Sixes


PokerStars Hand #154530627670:  Hold'em Limit ($3/$6 USD) - 2016/06/09 22:01:33 ET
Table 'Ekard' 6-max Seat #6 is the button
Seat 4: RaisemyNut$ ($98.04 in chips)
Seat 6: sda.80.16 ($264.29 in chips)
sda.80.16: posts small blind $1
RaisemyNut$: posts big blind $3
*** HOLE CARDS ***
sda.80.16: folds
Uncalled bet ($2) returned to RaisemyNut$
RaisemyNut$ collected $2 from pot
RaisemyNut$: doesn't show hand
*** SUMMARY ***
Total pot $2 | Rake $0
Seat 4: RaisemyNut$ (big blind) collected ($2)
Seat 6: sda.80.16 (button) (small blind) folded before Flop


PokerStars Hand #154530623143:  Hold'em Limit ($3/$6 USD) - 2016/06/09 22:01:20 ET
Table 'Ekard' 6-max Seat #4 is the button
Seat 4: RaisemyNut$ ($92.28 in chips)
Seat 6: sda.80.16 ($270.29 in chips)
RaisemyNut$: posts small blind $1
sda.80.16: posts big blind $3
*** HOLE CARDS ***
RaisemyNut$: raises $3 to $6
sda.80.16: calls $3
*** FLOP *** [9d 4h Qs]
sda.80.16: checks
RaisemyNut$: bets $3
sda.80.16: folds
Uncalled bet ($3) returned to RaisemyNut$
RaisemyNut$ collected $11.76 from pot
RaisemyNut$: doesn't show hand
*** SUMMARY ***
Total pot $12 | Rake $0.24
Board [9d 4h Qs]
Seat 4: RaisemyNut$ (button) (small blind) collected ($11.76)
Seat 6: sda.80.16 (big blind) folded on the Flop


PokerStars Hand #154530613541:  Hold'em Limit ($3/$6 USD) - 2016/06/09 22:00:52 ET
Table 'Ekard' 6-max Seat #6 is the button
Seat 4: RaisemyNut$ ($80.76 in chips)
Seat 6: sda.80.16 ($282.29 in chips)
sda.80.16: posts small blind $1
RaisemyNut$: posts big blind $3
*** HOLE CARDS ***
sda.80.16: raises $3 to $6
RaisemyNut$: calls $3
*** FLOP *** [2s Qc 7c]
RaisemyNut$: checks
sda.80.16: checks
*** TURN *** [2s Qc 7c] [8d]
RaisemyNut$: checks
sda.80.16: bets $6
RaisemyNut$: calls $6
*** RIVER *** [2s Qc 7c 8d] [8c]
RaisemyNut$: checks
sda.80.16: checks
*** SHOW DOWN ***
RaisemyNut$: shows [2d Ah] (two pair, Eights and Deuces)
sda.80.16: mucks hand
RaisemyNut$ collected $23.52 from pot
*** SUMMARY ***
Total pot $24 | Rake $0.48
Board [2s Qc 7c 8d 8c]
Seat 4: RaisemyNut$ (big blind) showed [2d Ah] and won ($23.52) with two pair, Eights and Deuces
Seat 6: sda.80.16 (button) (small blind) mucked


PokerStars Hand #154530647135:  Hold'em Limit ($3/$6 USD) - 2016/06/09 22:02:20 ET
Table 'Ekard' 6-max Seat #6 is the button
Seat 4: RaisemyNut$ ($113.54 in chips)
Seat 6: sda.80.16 ($248.29 in chips)
sda.80.16: posts small blind $1
RaisemyNut$: posts big blind $3
*** HOLE CARDS ***
sda.80.16: raises $3 to $6
RaisemyNut$: folds
Uncalled bet ($3) returned to sda.80.16
sda.80.16 collected $6 from pot
sda.80.16: doesn't show hand
*** SUMMARY ***
Total pot $6 | Rake $0
Seat 4: RaisemyNut$ (big blind) folded before Flop
Seat 6: sda.80.16 (button) (small blind) collected ($6)


PokerStars Hand #154530629412:  Hold'em Limit ($3/$6 USD) - 2016/06/09 22:01:38 ET
Table 'Ekard' 6-max Seat #4 is the button
Seat 4: RaisemyNut$ ($99.04 in chips)
Seat 6: sda.80.16 ($263.29 in chips)
RaisemyNut$: posts small blind $1
sda.80.16: posts big blind $3
*** HOLE CARDS ***
RaisemyNut$: raises $3 to $6
sda.80.16: calls $3
*** FLOP *** [7d Ad 8d]
sda.80.16: checks
RaisemyNut$: bets $3
sda.80.16: calls $3
*** TURN *** [7d Ad 8d] [2c]
sda.80.16: checks
RaisemyNut$: checks
*** RIVER *** [7d Ad 8d 2c] [9s]
sda.80.16: bets $6
RaisemyNut$: raises $6 to $12
sda.80.16: folds
Uncalled bet ($6) returned to RaisemyNut$
RaisemyNut$ collected $29.50 from pot
RaisemyNut$: doesn't show hand
*** SUMMARY ***
Total pot $30 | Rake $0.50
Board [7d Ad 8d 2c 9s]
Seat 4: RaisemyNut$ (button) (small blind) collected ($29.50)
Seat 6: sda.80.16 (big blind) folded on the River


PokerStars Hand #154530667061:  Hold'em Limit ($3/$6 USD) - 2016/06/09 22:03:15 ET
Table 'Ekard' 6-max Seat #4 is the button
Seat 4: RaisemyNut$ ($107.30 in chips)
Seat 6: sda.80.16 ($253.93 in chips)
RaisemyNut$: posts small blind $1
sda.80.16: posts big blind $3
*** HOLE CARDS ***
RaisemyNut$: raises $3 to $6
sda.80.16: raises $3 to $9
RaisemyNut$: calls $3
*** FLOP *** [4d 7h 2h]
sda.80.16: bets $3
RaisemyNut$: raises $3 to $6
sda.80.16: raises $3 to $9
RaisemyNut$: calls $3
*** TURN *** [4d 7h 2h] [9s]
sda.80.16: checks
RaisemyNut$: checks
*** RIVER *** [4d 7h 2h 9s] [3c]
sda.80.16: bets $6
RaisemyNut$: calls $6
*** SHOW DOWN ***
sda.80.16: shows [9c 9h] (three of a kind, Nines)
RaisemyNut$: mucks hand
sda.80.16 collected $47.50 from pot
*** SUMMARY ***
Total pot $48 | Rake $0.50
Board [4d 7h 2h 9s 3c]
Seat 4: RaisemyNut$ (button) (small blind) mucked
Seat 6: sda.80.16 (big blind) showed [9c 9h] and won ($47.50) with three of a kind, Nines


PokerStars Hand #154530661948:  Hold'em Limit ($3/$6 USD) - 2016/06/09 22:03:01 ET
Table 'Ekard' 6-max Seat #6 is the button
Seat 4: RaisemyNut$ ($101.54 in chips)
Seat 6: sda.80.16 ($259.93 in chips)
sda.80.16: posts small blind $1
RaisemyNut$: posts big blind $3
*** HOLE CARDS ***
sda.80.16: raises $3 to $6
RaisemyNut$: calls $3
*** FLOP *** [2h Ad Tc]
RaisemyNut$: checks
sda.80.16: checks
*** TURN *** [2h Ad Tc] [6s]
RaisemyNut$: checks
sda.80.16: checks
*** RIVER *** [2h Ad Tc 6s] [4s]
RaisemyNut$: checks
sda.80.16: checks
*** SHOW DOWN ***
RaisemyNut$: shows [Jh 7s] (high card Ace)
sda.80.16: mucks hand
RaisemyNut$ collected $11.76 from pot
*** SUMMARY ***
Total pot $12 | Rake $0.24
Board [2h Ad Tc 6s 4s]
Seat 4: RaisemyNut$ (big blind) showed [Jh 7s] and won ($11.76) with high card Ace
Seat 6: sda.80.16 (button) (small blind) mucked


PokerStars Hand #154530649852:  Hold'em Limit ($3/$6 USD) - 2016/06/09 22:02:28 ET
Table 'Ekard' 6-max Seat #4 is the button
Seat 4: RaisemyNut$ ($110.54 in chips)
Seat 6: sda.80.16 ($251.29 in chips)
RaisemyNut$: posts small blind $1
sda.80.16: posts big blind $3
*** HOLE CARDS ***
RaisemyNut$: raises $3 to $6
sda.80.16: raises $3 to $9
RaisemyNut$: calls $3
*** FLOP *** [7h 6c 2s]
sda.80.16: bets $3
RaisemyNut$: folds
Uncalled bet ($3) returned to sda.80.16
sda.80.16 collected $17.64 from pot
sda.80.16: doesn't show hand
*** SUMMARY ***
Total pot $18 | Rake $0.36
Board [7h 6c 2s]
Seat 4: RaisemyNut$ (button) (small blind) folded on the Flop
Seat 6: sda.80.16 (big blind) collected ($17.64)


PokerStars Hand #154530697297:  Hold'em Limit ($3/$6 USD) - 2016/06/09 22:04:39 ET
Table 'Ekard' 6-max Seat #6 is the button
Seat 4: RaisemyNut$ ($120.30 in chips)
Seat 6: sda.80.16 ($239.19 in chips)
sda.80.16: posts small blind $1
RaisemyNut$: posts big blind $3
*** HOLE CARDS ***
sda.80.16: raises $3 to $6
RaisemyNut$: folds
Uncalled bet ($3) returned to sda.80.16
sda.80.16 collected $6 from pot
sda.80.16: doesn't show hand
*** SUMMARY ***
Total pot $6 | Rake $0
Seat 4: RaisemyNut$ (big blind) folded before Flop
Seat 6: sda.80.16 (button) (small blind) collected ($6)


PokerStars Hand #154530690587:  Hold'em Limit ($3/$6 USD) - 2016/06/09 22:04:20 ET
Table 'Ekard' 6-max Seat #4 is the button
Seat 4: RaisemyNut$ ($93.80 in chips)
Seat 6: sda.80.16 ($266.19 in chips)
RaisemyNut$: posts small blind $1
sda.80.16: posts big blind $3
*** HOLE CARDS ***
RaisemyNut$: raises $3 to $6
sda.80.16: calls $3
*** FLOP *** [6d Th 3s]
sda.80.16: bets $3
RaisemyNut$: calls $3
*** TURN *** [6d Th 3s] [Qs]
sda.80.16: bets $6
RaisemyNut$: raises $6 to $12
sda.80.16: calls $6
*** RIVER *** [6d Th 3s Qs] [8d]
sda.80.16: checks
RaisemyNut$: bets $6
sda.80.16: calls $6
*** SHOW DOWN ***
RaisemyNut$: shows [Qh As] (a pair of Queens)
sda.80.16: mucks hand
RaisemyNut$ collected $53.50 from pot
*** SUMMARY ***
Total pot $54 | Rake $0.50
Board [6d Th 3s Qs 8d]
Seat 4: RaisemyNut$ (button) (small blind) showed [Qh As] and won ($53.50) with a pair of Queens
Seat 6: sda.80.16 (big blind) mucked


PokerStars Hand #154530686521:  Hold'em Limit ($3/$6 USD) - 2016/06/09 22:04:09 ET
Table 'Ekard' 6-max Seat #6 is the button
Seat 4: RaisemyNut$ ($99.80 in chips)
Seat 6: sda.80.16 ($260.43 in chips)
sda.80.16: posts small blind $1
RaisemyNut$: posts big blind $3
*** HOLE CARDS ***
sda.80.16: raises $3 to $6
RaisemyNut$: calls $3
*** FLOP *** [9d Ks Td]
RaisemyNut$: checks
sda.80.16: checks
*** TURN *** [9d Ks Td] [Ac]
RaisemyNut$: checks
sda.80.16: bets $6
RaisemyNut$: folds
Uncalled bet ($6) returned to sda.80.16
sda.80.16 collected $11.76 from pot
sda.80.16: doesn't show hand
*** SUMMARY ***
Total pot $12 | Rake $0.24
Board [9d Ks Td Ac]
Seat 4: RaisemyNut$ (big blind) folded on the Turn
Seat 6: sda.80.16 (button) (small blind) collected ($11.76)


PokerStars Hand #154530684886:  Hold'em Limit ($3/$6 USD) - 2016/06/09 22:04:05 ET
Table 'Ekard' 6-max Seat #4 is the button
Seat 4: RaisemyNut$ ($100.80 in chips)
Seat 6: sda.80.16 ($259.43 in chips)
RaisemyNut$: posts small blind $1
sda.80.16: posts big blind $3
*** HOLE CARDS ***
RaisemyNut$: folds
Uncalled bet ($2) returned to sda.80.16
sda.80.16 collected $2 from pot
sda.80.16: doesn't show hand
*** SUMMARY ***
Total pot $2 | Rake $0
Seat 4: RaisemyNut$ (button) (small blind) folded before Flop
Seat 6: sda.80.16 (big blind) collected ($2)


PokerStars Hand #154530674733:  Hold'em Limit ($3/$6 USD) - 2016/06/09 22:03:37 ET
Table 'Ekard' 6-max Seat #6 is the button
Seat 4: RaisemyNut$ ($83.30 in chips)
Seat 6: sda.80.16 ($277.43 in chips)
sda.80.16: posts small blind $1
RaisemyNut$: posts big blind $3
*** HOLE CARDS ***
sda.80.16: raises $3 to $6
RaisemyNut$: calls $3
*** FLOP *** [2s 3c Qh]
RaisemyNut$: checks
sda.80.16: checks
*** TURN *** [2s 3c Qh] [Qd]
RaisemyNut$: bets $6
sda.80.16: calls $6
*** RIVER *** [2s 3c Qh Qd] [7s]
RaisemyNut$: bets $6
sda.80.16: calls $6
*** SHOW DOWN ***
RaisemyNut$: shows [Td 2d] (two pair, Queens and Deuces)
sda.80.16: mucks hand
RaisemyNut$ collected $35.50 from pot
*** SUMMARY ***
Total pot $36 | Rake $0.50
Board [2s 3c Qh Qd 7s]
Seat 4: RaisemyNut$ (big blind) showed [Td 2d] and won ($35.50) with two pair, Queens and Deuces
Seat 6: sda.80.16 (button) (small blind) mucked


PokerStars Hand #154530716312:  Hold'em Limit ($3/$6 USD) - 2016/06/09 22:05:32 ET
Table 'Ekard' 6-max Seat #4 is the button
Seat 4: RaisemyNut$ ($101.30 in chips)
Seat 6: sda.80.16 ($257.47 in chips)
RaisemyNut$: posts small blind $1
sda.80.16: posts big blind $3
*** HOLE CARDS ***
RaisemyNut$: raises $3 to $6
sda.80.16: calls $3
*** FLOP *** [Kc 6d 3c]
sda.80.16: checks
RaisemyNut$: bets $3
sda.80.16: calls $3
*** TURN *** [Kc 6d 3c] [Ah]
sda.80.16: bets $6
RaisemyNut$: folds
Uncalled bet ($6) returned to sda.80.16
sda.80.16 collected $17.64 from pot
sda.80.16: doesn't show hand
*** SUMMARY ***
Total pot $18 | Rake $0.36
Board [Kc 6d 3c Ah]
Seat 4: RaisemyNut$ (button) (small blind) folded on the Turn
Seat 6: sda.80.16 (big blind) collected ($17.64)


PokerStars Hand #154530714569:  Hold'em Limit ($3/$6 USD) - 2016/06/09 22:05:27 ET
Table 'Ekard' 6-max Seat #6 is the button
Seat 4: RaisemyNut$ ($100.30 in chips)
Seat 6: sda.80.16 ($258.47 in chips)
sda.80.16: posts small blind $1
RaisemyNut$: posts big blind $3
*** HOLE CARDS ***
sda.80.16: folds
Uncalled bet ($2) returned to RaisemyNut$
RaisemyNut$ collected $2 from pot
RaisemyNut$: doesn't show hand
*** SUMMARY ***
Total pot $2 | Rake $0
Seat 4: RaisemyNut$ (big blind) collected ($2)
Seat 6: sda.80.16 (button) (small blind) folded before Flop


PokerStars Hand #154530707576:  Hold'em Limit ($3/$6 USD) - 2016/06/09 22:05:07 ET
Table 'Ekard' 6-max Seat #4 is the button
Seat 4: RaisemyNut$ ($109.30 in chips)
Seat 6: sda.80.16 ($249.83 in chips)
RaisemyNut$: posts small blind $1
sda.80.16: posts big blind $3
*** HOLE CARDS ***
RaisemyNut$: raises $3 to $6
sda.80.16: calls $3
*** FLOP *** [2d 6s 5h]
sda.80.16: bets $3
RaisemyNut$: calls $3
*** TURN *** [2d 6s 5h] [6c]
sda.80.16: bets $6
RaisemyNut$: folds
Uncalled bet ($6) returned to sda.80.16
sda.80.16 collected $17.64 from pot
sda.80.16: doesn't show hand
*** SUMMARY ***
Total pot $18 | Rake $0.36
Board [2d 6s 5h 6c]
Seat 4: RaisemyNut$ (button) (small blind) folded on the Turn
Seat 6: sda.80.16 (big blind) collected ($17.64)


PokerStars Hand #154530699647:  Hold'em Limit ($3/$6 USD) - 2016/06/09 22:04:45 ET
Table 'Ekard' 6-max Seat #4 is the button
Seat 4: RaisemyNut$ ($117.30 in chips)
Seat 6: sda.80.16 ($242.19 in chips)
RaisemyNut$: posts small blind $1
sda.80.16: posts big blind $3
*** HOLE CARDS ***
RaisemyNut$: raises $3 to $6
sda.80.16: raises $3 to $9
RaisemyNut$: calls $3
*** FLOP *** [As 9d 5d]
sda.80.16: checks
RaisemyNut$: checks
*** TURN *** [As 9d 5d] [Td]
sda.80.16: bets $6
RaisemyNut$: folds
Uncalled bet ($6) returned to sda.80.16
sda.80.16 collected $17.64 from pot
sda.80.16: doesn't show hand
*** SUMMARY ***
Total pot $18 | Rake $0.36
Board [As 9d 5d Td]
Seat 4: RaisemyNut$ (button) (small blind) folded on the Turn
Seat 6: sda.80.16 (big blind) collected ($17.64)


PokerStars Hand #154530705818:  Hold'em Limit ($3/$6 USD) - 2016/06/09 22:05:02 ET
Table 'Ekard' 6-max Seat #6 is the button
Seat 4: RaisemyNut$ ($108.30 in chips)
Seat 6: sda.80.16 ($250.83 in chips)
sda.80.16: posts small blind $1
RaisemyNut$: posts big blind $3
*** HOLE CARDS ***
sda.80.16: folds
Uncalled bet ($2) returned to RaisemyNut$
RaisemyNut$ collected $2 from pot
RaisemyNut$: doesn't show hand
*** SUMMARY ***
Total pot $2 | Rake $0
Seat 4: RaisemyNut$ (big blind) collected ($2)
Seat 6: sda.80.16 (button) (small blind) folded before Flop


PokerStars Hand #154530724819:  Hold'em Limit ($3/$6 USD) - 2016/06/09 22:05:55 ET
Table 'Ekard' 6-max Seat #6 is the button
Seat 4: RaisemyNut$ ($92.30 in chips)
Seat 6: sda.80.16 ($266.11 in chips)
sda.80.16: posts small blind $1
RaisemyNut$: posts big blind $3
*** HOLE CARDS ***
sda.80.16: raises $3 to $6
RaisemyNut$: calls $3
*** FLOP *** [Qs Ah 7d]
RaisemyNut$: checks
sda.80.16: checks
*** TURN *** [Qs Ah 7d] [7h]
RaisemyNut$: checks
sda.80.16: bets $6
RaisemyNut$: folds
Uncalled bet ($6) returned to sda.80.16
sda.80.16 collected $11.76 from pot
sda.80.16: doesn't show hand
*** SUMMARY ***
Total pot $12 | Rake $0.24
Board [Qs Ah 7d 7h]
Seat 4: RaisemyNut$ (big blind) folded on the Turn
Seat 6: sda.80.16 (button) (small blind) collected ($11.76)


PokerStars Hand #154530732305:  Hold'em Limit ($3/$6 USD) - 2016/06/09 22:06:16 ET
Table 'Ekard' 6-max Seat #4 is the button
Seat 4: RaisemyNut$ ($86.30 in chips)
Seat 6: sda.80.16 ($271.87 in chips)
RaisemyNut$: posts small blind $1
sda.80.16: posts big blind $3
*** HOLE CARDS ***
RaisemyNut$: raises $3 to $6
sda.80.16: folds
Uncalled bet ($3) returned to RaisemyNut$
RaisemyNut$ collected $6 from pot
RaisemyNut$: doesn't show hand
*** SUMMARY ***
Total pot $6 | Rake $0
Seat 4: RaisemyNut$ (button) (small blind) collected ($6)
Seat 6: sda.80.16 (big blind) folded before Flop


PokerStars Hand #154530736071:  Hold'em Limit ($3/$6 USD) - 2016/06/09 22:06:26 ET
Table 'Ekard' 6-max Seat #6 is the button
Seat 4: RaisemyNut$ ($89.30 in chips)
Seat 6: sda.80.16 ($268.87 in chips)
sda.80.16: posts small blind $1
RaisemyNut$: posts big blind $3
*** HOLE CARDS ***
sda.80.16: raises $3 to $6
RaisemyNut$: folds
Uncalled bet ($3) returned to sda.80.16
sda.80.16 collected $6 from pot
sda.80.16: doesn't show hand
*** SUMMARY ***
Total pot $6 | Rake $0
Seat 4: RaisemyNut$ (big blind) folded before Flop
Seat 6: sda.80.16 (button) (small blind) collected ($6)


PokerStars Hand #154530741212:  Hold'em Limit ($3/$6 USD) - 2016/06/09 22:06:41 ET
Table 'Ekard' 6-max Seat #6 is the button
Seat 4: RaisemyNut$ ($85.30 in chips)
Seat 6: sda.80.16 ($272.87 in chips)
sda.80.16: posts small blind $1
RaisemyNut$: posts big blind $3
*** HOLE CARDS ***
sda.80.16: folds
Uncalled bet ($2) returned to RaisemyNut$
RaisemyNut$ collected $2 from pot
RaisemyNut$: doesn't show hand
*** SUMMARY ***
Total pot $2 | Rake $0
Seat 4: RaisemyNut$ (big blind) collected ($2)
Seat 6: sda.80.16 (button) (small blind) folded before Flop


PokerStars Hand #154530739008:  Hold'em Limit ($3/$6 USD) - 2016/06/09 22:06:35 ET
Table 'Ekard' 6-max Seat #4 is the button
Seat 4: RaisemyNut$ ($86.30 in chips)
Seat 6: sda.80.16 ($271.87 in chips)
RaisemyNut$: posts small blind $1
sda.80.16: posts big blind $3
*** HOLE CARDS ***
RaisemyNut$: folds
Uncalled bet ($2) returned to sda.80.16
sda.80.16 collected $2 from pot
sda.80.16: doesn't show hand
*** SUMMARY ***
Total pot $2 | Rake $0
Seat 4: RaisemyNut$ (button) (small blind) folded before Flop
Seat 6: sda.80.16 (big blind) collected ($2)


PokerStars Hand #154530743023:  Hold'em Limit ($3/$6 USD) - 2016/06/09 22:06:46 ET
Table 'Ekard' 6-max Seat #4 is the button
Seat 4: RaisemyNut$ ($86.30 in chips)
Seat 6: sda.80.16 ($271.87 in chips)
RaisemyNut$: posts small blind $1
sda.80.16: posts big blind $3
*** HOLE CARDS ***
RaisemyNut$: raises $3 to $6
sda.80.16: calls $3
*** FLOP *** [Js 7c 8h]
sda.80.16: bets $3
RaisemyNut$: calls $3
*** TURN *** [Js 7c 8h] [6s]
sda.80.16: bets $6
RaisemyNut$: calls $6
*** RIVER *** [Js 7c 8h 6s] [3s]
sda.80.16: bets $6
RaisemyNut$: calls $6
*** SHOW DOWN ***
sda.80.16: shows [6d 8c] (two pair, Eights and Sixes)
RaisemyNut$: mucks hand
sda.80.16 collected $41.50 from pot
*** SUMMARY ***
Total pot $42 | Rake $0.50
Board [Js 7c 8h 6s 3s]
Seat 4: RaisemyNut$ (button) (small blind) mucked
Seat 6: sda.80.16 (big blind) showed [6d 8c] and won ($41.50) with two pair, Eights and Sixes


PokerStars Hand #154530750419:  Hold'em Limit ($3/$6 USD) - 2016/06/09 22:07:04 ET
Table 'Ekard' 6-max Seat #6 is the button
Seat 4: RaisemyNut$ ($65.30 in chips)
Seat 6: sda.80.16 ($292.37 in chips)
sda.80.16: posts small blind $1
RaisemyNut$: posts big blind $3
*** HOLE CARDS ***
sda.80.16: raises $3 to $6
RaisemyNut$: calls $3
*** FLOP *** [Js 8d Td]
RaisemyNut$: checks
sda.80.16: checks
*** TURN *** [Js 8d Td] [As]
RaisemyNut$: checks
sda.80.16: checks
*** RIVER *** [Js 8d Td As] [Tc]
RaisemyNut$: checks
sda.80.16: checks
*** SHOW DOWN ***
RaisemyNut$: shows [8h Qs] (two pair, Tens and Eights)
sda.80.16: mucks hand
RaisemyNut$ collected $11.76 from pot
*** SUMMARY ***
Total pot $12 | Rake $0.24
Board [Js 8d Td As Tc]
Seat 4: RaisemyNut$ (big blind) showed [8h Qs] and won ($11.76) with two pair, Tens and Eights
Seat 6: sda.80.16 (button) (small blind) mucked


PokerStars Hand #154530772396:  Hold'em Limit ($3/$6 USD) - 2016/06/09 22:08:06 ET
Table 'Ekard' 6-max Seat #6 is the button
Seat 4: RaisemyNut$ ($85.56 in chips)
Seat 6: sda.80.16 ($271.37 in chips)
sda.80.16: posts small blind $1
RaisemyNut$: posts big blind $3
*** HOLE CARDS ***
sda.80.16: raises $3 to $6
RaisemyNut$: calls $3
*** FLOP *** [Kd 8d 9c]
RaisemyNut$: checks
sda.80.16: bets $3
RaisemyNut$: folds
Uncalled bet ($3) returned to sda.80.16
sda.80.16 collected $11.76 from pot
sda.80.16: doesn't show hand
*** SUMMARY ***
Total pot $12 | Rake $0.24
Board [Kd 8d 9c]
Seat 4: RaisemyNut$ (big blind) folded on the Flop
Seat 6: sda.80.16 (button) (small blind) collected ($11.76)


PokerStars Hand #154530786361:  Hold'em Limit ($3/$6 USD) - 2016/06/09 22:08:35 ET
Table 'Ekard' 6-max Seat #4 is the button
Seat 4: RaisemyNut$ ($79.56 in chips)
Seat 6: sda.80.16 ($277.13 in chips)
RaisemyNut$: posts small blind $1
sda.80.16: posts big blind $3
*** HOLE CARDS ***
RaisemyNut$: raises $3 to $6
sda.80.16: calls $3
*** FLOP *** [Qc 7d 3d]
sda.80.16: checks
RaisemyNut$: bets $3
sda.80.16: folds
Uncalled bet ($3) returned to RaisemyNut$
RaisemyNut$ collected $11.76 from pot
RaisemyNut$: doesn't show hand
*** SUMMARY ***
Total pot $12 | Rake $0.24
Board [Qc 7d 3d]
Seat 4: RaisemyNut$ (button) (small blind) collected ($11.76)
Seat 6: sda.80.16 (big blind) folded on the Flop


PokerStars Hand #154530759224:  Hold'em Limit ($3/$6 USD) - 2016/06/09 22:07:29 ET
Table 'Ekard' 6-max Seat #4 is the button
Seat 4: RaisemyNut$ ($71.06 in chips)
Seat 6: sda.80.16 ($286.37 in chips)
RaisemyNut$: posts small blind $1
sda.80.16: posts big blind $3
*** HOLE CARDS ***
RaisemyNut$: raises $3 to $6
sda.80.16: raises $3 to $9
RaisemyNut$: calls $3
*** FLOP *** [2c 7c 9d]
sda.80.16: bets $3
RaisemyNut$: raises $3 to $6
sda.80.16: calls $3
*** TURN *** [2c 7c 9d] [Kh]
sda.80.16: checks
RaisemyNut$: bets $6
sda.80.16: folds
Uncalled bet ($6) returned to RaisemyNut$
RaisemyNut$ collected $29.50 from pot
RaisemyNut$: doesn't show hand
*** SUMMARY ***
Total pot $30 | Rake $0.50
Board [2c 7c 9d Kh]
Seat 4: RaisemyNut$ (button) (small blind) collected ($29.50)
Seat 6: sda.80.16 (big blind) folded on the Turn


PokerStars Hand #154530792791:  Hold'em Limit ($3/$6 USD) - 2016/06/09 22:08:53 ET
Table 'Ekard' 6-max Seat #6 is the button
Seat 4: RaisemyNut$ ($85.32 in chips)
Seat 6: sda.80.16 ($271.13 in chips)
sda.80.16: posts small blind $1
RaisemyNut$: posts big blind $3
*** HOLE CARDS ***
sda.80.16: raises $3 to $6
RaisemyNut$: calls $3
*** FLOP *** [Ad 8s Qd]
RaisemyNut$: checks
sda.80.16: bets $3
RaisemyNut$: calls $3
*** TURN *** [Ad 8s Qd] [4d]
RaisemyNut$: checks
sda.80.16: bets $6
RaisemyNut$: calls $6
*** RIVER *** [Ad 8s Qd 4d] [3s]
RaisemyNut$: checks
sda.80.16: checks
*** SHOW DOWN ***
RaisemyNut$: shows [4s Ks] (a pair of Fours)
sda.80.16: mucks hand
RaisemyNut$ collected $29.50 from pot
*** SUMMARY ***
Total pot $30 | Rake $0.50
Board [Ad 8s Qd 4d 3s]
Seat 4: RaisemyNut$ (big blind) showed [4s Ks] and won ($29.50) with a pair of Fours
Seat 6: sda.80.16 (button) (small blind) mucked


PokerStars Hand #154530805834:  Hold'em Limit ($3/$6 USD) - 2016/06/09 22:09:30 ET
Table 'Ekard' 6-max Seat #4 is the button
Seat 4: RaisemyNut$ ($99.82 in chips)
Seat 6: sda.80.16 ($256.13 in chips)
RaisemyNut$: posts small blind $1
sda.80.16: posts big blind $3
*** HOLE CARDS ***
RaisemyNut$: raises $3 to $6
sda.80.16: raises $3 to $9
RaisemyNut$: calls $3
*** FLOP *** [Kh 9d 7s]
sda.80.16: checks
RaisemyNut$: bets $3
sda.80.16: folds
Uncalled bet ($3) returned to RaisemyNut$
RaisemyNut$ collected $17.64 from pot
RaisemyNut$: doesn't show hand
*** SUMMARY ***
Total pot $18 | Rake $0.36
Board [Kh 9d 7s]
Seat 4: RaisemyNut$ (button) (small blind) collected ($17.64)
Seat 6: sda.80.16 (big blind) folded on the Flop


PokerStars Hand #154530811284:  Hold'em Limit ($3/$6 USD) - 2016/06/09 22:09:45 ET
Table 'Ekard' 6-max Seat #6 is the button
Seat 4: RaisemyNut$ ($108.46 in chips)
Seat 6: sda.80.16 ($247.13 in chips)
sda.80.16: posts small blind $1
RaisemyNut$: posts big blind $3
*** HOLE CARDS ***
sda.80.16: raises $3 to $6
RaisemyNut$: raises $3 to $9
sda.80.16: raises $3 to $12
Betting is capped
RaisemyNut$: calls $3
*** FLOP *** [Jh 7h Jc]
RaisemyNut$: checks
sda.80.16: bets $3
RaisemyNut$: calls $3
*** TURN *** [Jh 7h Jc] [8d]
RaisemyNut$: checks
sda.80.16: bets $6
RaisemyNut$: calls $6
*** RIVER *** [Jh 7h Jc 8d] [2d]
RaisemyNut$: checks
sda.80.16: bets $6
RaisemyNut$: calls $6
*** SHOW DOWN ***
sda.80.16: shows [8c Ah] (two pair, Jacks and Eights)
RaisemyNut$: mucks hand
sda.80.16 collected $53.50 from pot
*** SUMMARY ***
Total pot $54 | Rake $0.50
Board [Jh 7h Jc 8d 2d]
Seat 4: RaisemyNut$ (big blind) mucked
Seat 6: sda.80.16 (button) (small blind) showed [8c Ah] and won ($53.50) with two pair, Jacks and Eights


PokerStars Hand #154530821902:  Hold'em Limit ($3/$6 USD) - 2016/06/09 22:10:15 ET
Table 'Ekard' 6-max Seat #4 is the button
Seat 4: RaisemyNut$ ($81.46 in chips)
Seat 6: sda.80.16 ($273.63 in chips)
RaisemyNut$: posts small blind $1
sda.80.16: posts big blind $3
*** HOLE CARDS ***
RaisemyNut$: raises $3 to $6
sda.80.16: calls $3
*** FLOP *** [7h Jh Kd]
sda.80.16: checks
RaisemyNut$: bets $3
sda.80.16: folds
Uncalled bet ($3) returned to RaisemyNut$
RaisemyNut$ collected $11.76 from pot
RaisemyNut$: doesn't show hand
*** SUMMARY ***
Total pot $12 | Rake $0.24
Board [7h Jh Kd]
Seat 4: RaisemyNut$ (button) (small blind) collected ($11.76)
Seat 6: sda.80.16 (big blind) folded on the Flop


PokerStars Hand #154530826432:  Hold'em Limit ($3/$6 USD) - 2016/06/09 22:10:27 ET
Table 'Ekard' 6-max Seat #6 is the button
Seat 4: RaisemyNut$ ($87.22 in chips)
Seat 6: sda.80.16 ($267.63 in chips)
sda.80.16: posts small blind $1
RaisemyNut$: posts big blind $3
*** HOLE CARDS ***
sda.80.16: raises $3 to $6
RaisemyNut$: calls $3
*** FLOP *** [2s 7d Td]
RaisemyNut$: bets $3
sda.80.16: raises $3 to $6
RaisemyNut$: raises $3 to $9
sda.80.16: folds
Uncalled bet ($3) returned to RaisemyNut$
RaisemyNut$ collected $23.52 from pot
RaisemyNut$: doesn't show hand
*** SUMMARY ***
Total pot $24 | Rake $0.48
Board [2s 7d Td]
Seat 4: RaisemyNut$ (big blind) collected ($23.52)
Seat 6: sda.80.16 (button) (small blind) folded on the Flop


PokerStars Hand #154530835775:  Hold'em Limit ($3/$6 USD) - 2016/06/09 22:10:53 ET
Table 'Ekard' 6-max Seat #4 is the button
Seat 4: RaisemyNut$ ($98.74 in chips)
Seat 6: sda.80.16 ($255.63 in chips)
RaisemyNut$: posts small blind $1
sda.80.16: posts big blind $3
*** HOLE CARDS ***
RaisemyNut$: folds
Uncalled bet ($2) returned to sda.80.16
sda.80.16 collected $2 from pot
sda.80.16: doesn't show hand
*** SUMMARY ***
Total pot $2 | Rake $0
Seat 4: RaisemyNut$ (button) (small blind) folded before Flop
Seat 6: sda.80.16 (big blind) collected ($2)


PokerStars Hand #154530845462:  Hold'em Limit ($3/$6 USD) - 2016/06/09 22:11:20 ET
Table 'Ekard' 6-max Seat #4 is the button
Seat 4: RaisemyNut$ ($115.24 in chips)
Seat 6: sda.80.16 ($238.63 in chips)
RaisemyNut$: posts small blind $1
sda.80.16: posts big blind $3
*** HOLE CARDS ***
RaisemyNut$: folds
Uncalled bet ($2) returned to sda.80.16
sda.80.16 collected $2 from pot
sda.80.16: doesn't show hand
*** SUMMARY ***
Total pot $2 | Rake $0
Seat 4: RaisemyNut$ (button) (small blind) folded before Flop
Seat 6: sda.80.16 (big blind) collected ($2)


PokerStars Hand #154530837885:  Hold'em Limit ($3/$6 USD) - 2016/06/09 22:10:59 ET
Table 'Ekard' 6-max Seat #6 is the button
Seat 4: RaisemyNut$ ($97.74 in chips)
Seat 6: sda.80.16 ($256.63 in chips)
sda.80.16: posts small blind $1
RaisemyNut$: posts big blind $3
*** HOLE CARDS ***
sda.80.16: raises $3 to $6
RaisemyNut$: calls $3
*** FLOP *** [8c 3c Tc]
RaisemyNut$: checks
sda.80.16: checks
*** TURN *** [8c 3c Tc] [4d]
RaisemyNut$: bets $6
sda.80.16: calls $6
*** RIVER *** [8c 3c Tc 4d] [Ah]
RaisemyNut$: checks
sda.80.16: bets $6
RaisemyNut$: calls $6
*** SHOW DOWN ***
sda.80.16: shows [3h Qs] (a pair of Threes)
RaisemyNut$: shows [3s Kc] (a pair of Threes - Ace+King kicker)
RaisemyNut$ collected $35.50 from pot
*** SUMMARY ***
Total pot $36 | Rake $0.50
Board [8c 3c Tc 4d Ah]
Seat 4: RaisemyNut$ (big blind) showed [3s Kc] and won ($35.50) with a pair of Threes
Seat 6: sda.80.16 (button) (small blind) showed [3h Qs] and lost with a pair of Threes


PokerStars Hand #154530847462:  Hold'em Limit ($3/$6 USD) - 2016/06/09 22:11:26 ET
Table 'Ekard' 6-max Seat #6 is the button
Seat 4: RaisemyNut$ ($114.24 in chips)
Seat 6: sda.80.16 ($239.63 in chips)
sda.80.16: posts small blind $1
RaisemyNut$: posts big blind $3
*** HOLE CARDS ***
sda.80.16: raises $3 to $6
RaisemyNut$: calls $3
*** FLOP *** [Qs Jd 6h]
RaisemyNut$: checks
sda.80.16: checks
*** TURN *** [Qs Jd 6h] [9s]
RaisemyNut$: checks
sda.80.16: checks
*** RIVER *** [Qs Jd 6h 9s] [5d]
RaisemyNut$: checks
sda.80.16: checks
*** SHOW DOWN ***
RaisemyNut$: shows [8h Kd] (high card King)
sda.80.16: shows [2s Ac] (high card Ace)
sda.80.16 collected $11.76 from pot
*** SUMMARY ***
Total pot $12 | Rake $0.24
Board [Qs Jd 6h 9s 5d]
Seat 4: RaisemyNut$ (big blind) showed [8h Kd] and lost with high card King
Seat 6: sda.80.16 (button) (small blind) showed [2s Ac] and won ($11.76) with high card Ace


PokerStars Hand #154530855081:  Hold'em Limit ($3/$6 USD) - 2016/06/09 22:11:47 ET
Table 'Ekard' 6-max Seat #4 is the button
Seat 4: RaisemyNut$ ($108.24 in chips)
Seat 6: sda.80.16 ($245.39 in chips)
RaisemyNut$: posts small blind $1
sda.80.16: posts big blind $3
*** HOLE CARDS ***
RaisemyNut$: raises $3 to $6
sda.80.16: calls $3
*** FLOP *** [4c 8c 8h]
sda.80.16: bets $3
RaisemyNut$: calls $3
*** TURN *** [4c 8c 8h] [2c]
sda.80.16: bets $6
RaisemyNut$: calls $6
*** RIVER *** [4c 8c 8h 2c] [6h]
sda.80.16: bets $6
RaisemyNut$: calls $6
*** SHOW DOWN ***
sda.80.16: shows [4d Ks] (two pair, Eights and Fours)
RaisemyNut$: mucks hand
sda.80.16 collected $41.50 from pot
*** SUMMARY ***
Total pot $42 | Rake $0.50
Board [4c 8c 8h 2c 6h]
Seat 4: RaisemyNut$ (button) (small blind) mucked
Seat 6: sda.80.16 (big blind) showed [4d Ks] and won ($41.50) with two pair, Eights and Fours


PokerStars Hand #154530861706:  Hold'em Limit ($3/$6 USD) - 2016/06/09 22:12:06 ET
Table 'Ekard' 6-max Seat #6 is the button
Seat 4: RaisemyNut$ ($87.24 in chips)
Seat 6: sda.80.16 ($265.89 in chips)
sda.80.16: posts small blind $1
RaisemyNut$: posts big blind $3
*** HOLE CARDS ***
sda.80.16: folds
Uncalled bet ($2) returned to RaisemyNut$
RaisemyNut$ collected $2 from pot
RaisemyNut$: doesn't show hand
*** SUMMARY ***
Total pot $2 | Rake $0
Seat 4: RaisemyNut$ (big blind) collected ($2)
Seat 6: sda.80.16 (button) (small blind) folded before Flop


PokerStars Hand #154530863264:  Hold'em Limit ($3/$6 USD) - 2016/06/09 22:12:11 ET
Table 'Ekard' 6-max Seat #4 is the button
Seat 4: RaisemyNut$ ($88.24 in chips)
Seat 6: sda.80.16 ($264.89 in chips)
RaisemyNut$: posts small blind $1
sda.80.16: posts big blind $3
*** HOLE CARDS ***
RaisemyNut$: raises $3 to $6
sda.80.16: raises $3 to $9
RaisemyNut$: calls $3
*** FLOP *** [4c 4h 3h]
sda.80.16: bets $3
RaisemyNut$: calls $3
*** TURN *** [4c 4h 3h] [5h]
sda.80.16: bets $6
RaisemyNut$: calls $6
*** RIVER *** [4c 4h 3h 5h] [8s]
sda.80.16: bets $6
RaisemyNut$: folds
Uncalled bet ($6) returned to sda.80.16
sda.80.16 collected $35.50 from pot
sda.80.16: doesn't show hand
*** SUMMARY ***
Total pot $36 | Rake $0.50
Board [4c 4h 3h 5h 8s]
Seat 4: RaisemyNut$ (button) (small blind) folded on the River
Seat 6: sda.80.16 (big blind) collected ($35.50)


PokerStars Hand #154530872308:  Hold'em Limit ($3/$6 USD) - 2016/06/09 22:12:36 ET
Table 'Ekard' 6-max Seat #6 is the button
Seat 4: RaisemyNut$ ($70.24 in chips)
Seat 6: sda.80.16 ($282.39 in chips)
sda.80.16: posts small blind $1
RaisemyNut$: posts big blind $3
*** HOLE CARDS ***
sda.80.16: raises $3 to $6
RaisemyNut$: calls $3
*** FLOP *** [Ts Jh 2h]
RaisemyNut$: checks
sda.80.16: checks
*** TURN *** [Ts Jh 2h] [4h]
RaisemyNut$: checks
sda.80.16: checks
*** RIVER *** [Ts Jh 2h 4h] [Ks]
RaisemyNut$: checks
sda.80.16: checks
*** SHOW DOWN ***
RaisemyNut$: shows [3s 6s] (high card King)
sda.80.16: shows [5c Qd] (high card King - Queen kicker)
sda.80.16 collected $11.76 from pot
*** SUMMARY ***
Total pot $12 | Rake $0.24
Board [Ts Jh 2h 4h Ks]
Seat 4: RaisemyNut$ (big blind) showed [3s 6s] and lost with high card King
Seat 6: sda.80.16 (button) (small blind) showed [5c Qd] and won ($11.76) with high card King


PokerStars Hand #154530883080:  Hold'em Limit ($3/$6 USD) - 2016/06/09 22:13:07 ET
Table 'Ekard' 6-max Seat #4 is the button
Seat 4: RaisemyNut$ ($64.24 in chips)
Seat 6: sda.80.16 ($288.15 in chips)
RaisemyNut$: posts small blind $1
sda.80.16: posts big blind $3
*** HOLE CARDS ***
RaisemyNut$: raises $3 to $6
sda.80.16: calls $3
*** FLOP *** [Qc 6c Tc]
sda.80.16: checks
RaisemyNut$: bets $3
sda.80.16: calls $3
*** TURN *** [Qc 6c Tc] [Qd]
sda.80.16: checks
RaisemyNut$: bets $6
sda.80.16: folds
Uncalled bet ($6) returned to RaisemyNut$
RaisemyNut$ collected $17.64 from pot
RaisemyNut$: doesn't show hand
*** SUMMARY ***
Total pot $18 | Rake $0.36
Board [Qc 6c Tc Qd]
Seat 4: RaisemyNut$ (button) (small blind) collected ($17.64)
Seat 6: sda.80.16 (big blind) folded on the Turn


PokerStars Hand #154530888255:  Hold'em Limit ($3/$6 USD) - 2016/06/09 22:13:22 ET
Table 'Ekard' 6-max Seat #6 is the button
Seat 4: RaisemyNut$ ($72.88 in chips)
Seat 6: sda.80.16 ($279.15 in chips)
sda.80.16: posts small blind $1
RaisemyNut$: posts big blind $3
*** HOLE CARDS ***
sda.80.16: raises $3 to $6
RaisemyNut$: calls $3
*** FLOP *** [4c 9d Ks]
RaisemyNut$: checks
sda.80.16: bets $3
RaisemyNut$: raises $3 to $6
sda.80.16: calls $3
*** TURN *** [4c 9d Ks] [Jc]
RaisemyNut$: bets $6
sda.80.16: calls $6
*** RIVER *** [4c 9d Ks Jc] [3h]
RaisemyNut$: checks
sda.80.16: checks
*** SHOW DOWN ***
RaisemyNut$: shows [Ts 6s] (high card King)
sda.80.16: shows [4s 5s] (a pair of Fours)
sda.80.16 collected $35.50 from pot
*** SUMMARY ***
Total pot $36 | Rake $0.50
Board [4c 9d Ks Jc 3h]
Seat 4: RaisemyNut$ (big blind) showed [Ts 6s] and lost with high card King
Seat 6: sda.80.16 (button) (small blind) showed [4s 5s] and won ($35.50) with a pair of Fours


PokerStars Hand #154530895560:  Hold'em Limit ($3/$6 USD) - 2016/06/09 22:13:42 ET
Table 'Ekard' 6-max Seat #4 is the button
Seat 4: RaisemyNut$ ($60 in chips)
Seat 6: sda.80.16 ($296.65 in chips)
RaisemyNut$: posts small blind $1
sda.80.16: posts big blind $3
*** HOLE CARDS ***
RaisemyNut$: raises $3 to $6
sda.80.16: calls $3
*** FLOP *** [3d 2h 9s]
sda.80.16: checks
RaisemyNut$: bets $3
sda.80.16: calls $3
*** TURN *** [3d 2h 9s] [5h]
sda.80.16: checks
RaisemyNut$: bets $6
sda.80.16: raises $6 to $12
RaisemyNut$: calls $6
*** RIVER *** [3d 2h 9s 5h] [8h]
sda.80.16: bets $6
RaisemyNut$: calls $6
*** SHOW DOWN ***
sda.80.16: shows [3h 5c] (two pair, Fives and Threes)
RaisemyNut$: mucks hand
sda.80.16 collected $53.50 from pot
*** SUMMARY ***
Total pot $54 | Rake $0.50
Board [3d 2h 9s 5h 8h]
Seat 4: RaisemyNut$ (button) (small blind) mucked
Seat 6: sda.80.16 (big blind) showed [3h 5c] and won ($53.50) with two pair, Fives and Threes


PokerStars Hand #154530906178:  Hold'em Limit ($3/$6 USD) - 2016/06/09 22:14:12 ET
Table 'Ekard' 6-max Seat #6 is the button
Seat 4: RaisemyNut$ ($60 in chips)
Seat 6: sda.80.16 ($323.15 in chips)
sda.80.16: posts small blind $1
RaisemyNut$: posts big blind $3
*** HOLE CARDS ***
sda.80.16: raises $3 to $6
RaisemyNut$: calls $3
*** FLOP *** [Kd 5c Ac]
RaisemyNut$: checks
sda.80.16: bets $3
RaisemyNut$: folds
Uncalled bet ($3) returned to sda.80.16
sda.80.16 collected $11.76 from pot
sda.80.16: doesn't show hand
*** SUMMARY ***
Total pot $12 | Rake $0.24
Board [Kd 5c Ac]
Seat 4: RaisemyNut$ (big blind) folded on the Flop
Seat 6: sda.80.16 (button) (small blind) collected ($11.76)


PokerStars Hand #154530926780:  Hold'em Limit ($3/$6 USD) - 2016/06/09 22:15:11 ET
Table 'Ekard' 6-max Seat #6 is the button
Seat 4: RaisemyNut$ ($60 in chips)
Seat 6: sda.80.16 ($334.67 in chips)
sda.80.16: posts small blind $1
RaisemyNut$: posts big blind $3
*** HOLE CARDS ***
sda.80.16: folds
Uncalled bet ($2) returned to RaisemyNut$
RaisemyNut$ collected $2 from pot
RaisemyNut$: doesn't show hand
*** SUMMARY ***
Total pot $2 | Rake $0
Seat 4: RaisemyNut$ (big blind) collected ($2)
Seat 6: sda.80.16 (button) (small blind) folded before Flop


PokerStars Hand #154530909616:  Hold'em Limit ($3/$6 USD) - 2016/06/09 22:14:22 ET
Table 'Ekard' 6-max Seat #4 is the button
Seat 4: RaisemyNut$ ($60 in chips)
Seat 6: sda.80.16 ($328.91 in chips)
RaisemyNut$: posts small blind $1
sda.80.16: posts big blind $3
*** HOLE CARDS ***
RaisemyNut$: raises $3 to $6
sda.80.16: calls $3
*** FLOP *** [9d 4d 5d]
sda.80.16: checks
RaisemyNut$: checks
*** TURN *** [9d 4d 5d] [Jc]
sda.80.16: checks
RaisemyNut$: checks
*** RIVER *** [9d 4d 5d Jc] [Jd]
sda.80.16: bets $6
RaisemyNut$: folds
Uncalled bet ($6) returned to sda.80.16
sda.80.16 collected $11.76 from pot
sda.80.16: doesn't show hand
*** SUMMARY ***
Total pot $12 | Rake $0.24
Board [9d 4d 5d Jc Jd]
Seat 4: RaisemyNut$ (button) (small blind) folded on the River
Seat 6: sda.80.16 (big blind) collected ($11.76)


PokerStars Hand #154530928726:  Hold'em Limit ($3/$6 USD) - 2016/06/09 22:15:17 ET
Table 'Ekard' 6-max Seat #4 is the button
Seat 4: RaisemyNut$ ($61 in chips)
Seat 6: sda.80.16 ($333.67 in chips)
RaisemyNut$: posts small blind $1
sda.80.16: posts big blind $3
*** HOLE CARDS ***
RaisemyNut$: folds
Uncalled bet ($2) returned to sda.80.16
sda.80.16 collected $2 from pot
sda.80.16: doesn't show hand
*** SUMMARY ***
Total pot $2 | Rake $0
Seat 4: RaisemyNut$ (button) (small blind) folded before Flop
Seat 6: sda.80.16 (big blind) collected ($2)


PokerStars Hand #154530931841:  Hold'em Limit ($3/$6 USD) - 2016/06/09 22:15:26 ET
Table 'Ekard' 6-max Seat #6 is the button
Seat 4: RaisemyNut$ ($60 in chips)
Seat 6: sda.80.16 ($334.67 in chips)
sda.80.16: posts small blind $1
RaisemyNut$: posts big blind $3
*** HOLE CARDS ***
sda.80.16: raises $3 to $6
RaisemyNut$: calls $3
*** FLOP *** [6c 5d Td]
RaisemyNut$: checks
sda.80.16: checks
*** TURN *** [6c 5d Td] [7d]
RaisemyNut$: bets $6
sda.80.16: calls $6
*** RIVER *** [6c 5d Td 7d] [Qh]
RaisemyNut$: checks
HAL9QQQ joins the table at seat #1
sda.80.16: bets $6
RaisemyNut$: folds
Uncalled bet ($6) returned to sda.80.16
sda.80.16 collected $23.52 from pot
sda.80.16: doesn't show hand
*** SUMMARY ***
Total pot $24 | Rake $0.48
Board [6c 5d Td 7d Qh]
Seat 4: RaisemyNut$ (big blind) folded on the River
Seat 6: sda.80.16 (button) (small blind) collected ($23.52)


PokerStars Hand #154530943380:  Hold'em Limit ($3/$6 USD) - 2016/06/09 22:15:59 ET
Table 'Ekard' 6-max Seat #4 is the button
Seat 4: RaisemyNut$ ($60 in chips)
Seat 6: sda.80.16 ($346.19 in chips)
RaisemyNut$: posts small blind $1
sda.80.16: posts big blind $3
*** HOLE CARDS ***
RaisemyNut$: folds
Uncalled bet ($2) returned to sda.80.16
sda.80.16 collected $2 from pot
sda.80.16: doesn't show hand
*** SUMMARY ***
Total pot $2 | Rake $0
Seat 4: RaisemyNut$ (button) (small blind) folded before Flop
Seat 6: sda.80.16 (big blind) collected ($2)


PokerStars Hand #154531037893:  Hold'em Limit ($3/$6 USD) - 2016/06/09 22:20:08 ET
Table 'Ekard' 6-max Seat #6 is the button
Seat 4: RaisemyNut$ ($60 in chips)
Seat 6: sda.80.16 ($359.69 in chips)
sda.80.16: posts small blind $1
HAL9QQQ: is sitting out
RaisemyNut$: posts big blind $3
*** HOLE CARDS ***
sda.80.16: raises $3 to $6
RaisemyNut$: raises $3 to $9
sda.80.16: calls $3
*** FLOP *** [Tc Kh 2c]
RaisemyNut$: bets $3
sda.80.16: calls $3
*** TURN *** [Tc Kh 2c] [8d]
RaisemyNut$: bets $6
sda.80.16: calls $6
*** RIVER *** [Tc Kh 2c 8d] [6c]
RaisemyNut$: checks
sda.80.16: bets $6
RaisemyNut$: calls $6
*** SHOW DOWN ***
sda.80.16: shows [Qs Td] (a pair of Tens)
RaisemyNut$: mucks hand
sda.80.16 collected $47.50 from pot
*** SUMMARY ***
Total pot $48 | Rake $0.50
Board [Tc Kh 2c 8d 6c]
Seat 4: RaisemyNut$ (big blind) mucked
Seat 6: sda.80.16 (button) (small blind) showed [Qs Td] and won ($47.50) with a pair of Tens


PokerStars Hand #154531050982:  Hold'em Limit ($3/$6 USD) - 2016/06/09 22:20:46 ET
Table 'Ekard' 6-max Seat #4 is the button
Seat 4: RaisemyNut$ ($66.76 in chips)
Seat 6: sda.80.16 ($376.19 in chips)
RaisemyNut$: posts small blind $1
sda.80.16: posts big blind $3
*** HOLE CARDS ***
RaisemyNut$: folds
Uncalled bet ($2) returned to sda.80.16
sda.80.16 collected $2 from pot
sda.80.16: doesn't show hand
*** SUMMARY ***
Total pot $2 | Rake $0
Seat 4: RaisemyNut$ (button) (small blind) folded before Flop
Seat 6: sda.80.16 (big blind) collected ($2)


PokerStars Hand #154531049327:  Hold'em Limit ($3/$6 USD) - 2016/06/09 22:20:41 ET
Table 'Ekard' 6-max Seat #6 is the button
Seat 4: RaisemyNut$ ($65.76 in chips)
Seat 6: sda.80.16 ($377.19 in chips)
sda.80.16: posts small blind $1
RaisemyNut$: posts big blind $3
*** HOLE CARDS ***
sda.80.16: folds
Uncalled bet ($2) returned to RaisemyNut$
RaisemyNut$ collected $2 from pot
RaisemyNut$: doesn't show hand
*** SUMMARY ***
Total pot $2 | Rake $0
Seat 4: RaisemyNut$ (big blind) collected ($2)
Seat 6: sda.80.16 (button) (small blind) folded before Flop


PokerStars Hand #154531044793:  Hold'em Limit ($3/$6 USD) - 2016/06/09 22:20:28 ET
Table 'Ekard' 6-max Seat #4 is the button
Seat 4: RaisemyNut$ ($60 in chips)
Seat 6: sda.80.16 ($383.19 in chips)
RaisemyNut$: posts small blind $1
sda.80.16: posts big blind $3
*** HOLE CARDS ***
RaisemyNut$: raises $3 to $6
sda.80.16: calls $3
*** FLOP *** [6s Th Ks]
sda.80.16: checks
RaisemyNut$: bets $3
sda.80.16: folds
Uncalled bet ($3) returned to RaisemyNut$
RaisemyNut$ collected $11.76 from pot
RaisemyNut$: doesn't show hand
*** SUMMARY ***
Total pot $12 | Rake $0.24
Board [6s Th Ks]
Seat 4: RaisemyNut$ (button) (small blind) collected ($11.76)
Seat 6: sda.80.16 (big blind) folded on the Flop


PokerStars Hand #154531069323:  Hold'em Limit ($3/$6 USD) - 2016/06/09 22:21:40 ET
Table 'Ekard' 6-max Seat #4 is the button
Seat 4: RaisemyNut$ ($92.26 in chips)
Seat 6: sda.80.16 ($364.69 in chips)
RaisemyNut$: posts small blind $1
sda.80.16: posts big blind $3
*** HOLE CARDS ***
RaisemyNut$: raises $3 to $6
sda.80.16: raises $3 to $9
RaisemyNut$: calls $3
*** FLOP *** [Jh 6d 9h]
sda.80.16: bets $3
RaisemyNut$: calls $3
*** TURN *** [Jh 6d 9h] [7c]
sda.80.16: bets $6
RaisemyNut$: calls $6
*** RIVER *** [Jh 6d 9h 7c] [4d]
sda.80.16: bets $6
RaisemyNut$: calls $6
*** SHOW DOWN ***
sda.80.16: shows [9s Ah] (a pair of Nines)
RaisemyNut$: mucks hand
sda.80.16 collected $47.50 from pot
*** SUMMARY ***
Total pot $48 | Rake $0.50
Board [Jh 6d 9h 7c 4d]
Seat 4: RaisemyNut$ (button) (small blind) mucked
Seat 6: sda.80.16 (big blind) showed [9s Ah] and won ($47.50) with a pair of Nines


PokerStars Hand #154531063377:  Hold'em Limit ($3/$6 USD) - 2016/06/09 22:21:23 ET
Table 'Ekard' 6-max Seat #6 is the button
Seat 4: RaisemyNut$ ($65.76 in chips)
Seat 6: sda.80.16 ($391.69 in chips)
sda.80.16: posts small blind $1
RaisemyNut$: posts big blind $3
*** HOLE CARDS ***
sda.80.16: raises $3 to $6
RaisemyNut$: calls $3
*** FLOP *** [Jh Kd Qc]
RaisemyNut$: checks
sda.80.16: bets $3
RaisemyNut$: calls $3
*** TURN *** [Jh Kd Qc] [Tc]
RaisemyNut$: checks
sda.80.16: bets $6
RaisemyNut$: raises $6 to $12
sda.80.16: calls $6
*** RIVER *** [Jh Kd Qc Tc] [6h]
RaisemyNut$: bets $6
sda.80.16: calls $6
*** SHOW DOWN ***
RaisemyNut$: shows [Ac 4s] (a straight, Ten to Ace)
sda.80.16: mucks hand
RaisemyNut$ collected $53.50 from pot
*** SUMMARY ***
Total pot $54 | Rake $0.50
Board [Jh Kd Qc Tc 6h]
Seat 4: RaisemyNut$ (big blind) showed [Ac 4s] and won ($53.50) with a straight, Ten to Ace
Seat 6: sda.80.16 (button) (small blind) mucked


PokerStars Hand #154531059994:  Hold'em Limit ($3/$6 USD) - 2016/06/09 22:21:13 ET
Table 'Ekard' 6-max Seat #4 is the button
Seat 4: RaisemyNut$ ($60 in chips)
Seat 6: sda.80.16 ($397.69 in chips)
RaisemyNut$: posts small blind $1
sda.80.16: posts big blind $3
*** HOLE CARDS ***
RaisemyNut$: raises $3 to $6
sda.80.16: calls $3
*** FLOP *** [2s 9c Ks]
sda.80.16: checks
RaisemyNut$: bets $3
sda.80.16: folds
Uncalled bet ($3) returned to RaisemyNut$
RaisemyNut$ collected $11.76 from pot
RaisemyNut$: doesn't show hand
*** SUMMARY ***
Total pot $12 | Rake $0.24
Board [2s 9c Ks]
Seat 4: RaisemyNut$ (button) (small blind) collected ($11.76)
Seat 6: sda.80.16 (big blind) folded on the Flop


PokerStars Hand #154531052766:  Hold'em Limit ($3/$6 USD) - 2016/06/09 22:20:51 ET
Table 'Ekard' 6-max Seat #6 is the button
Seat 4: RaisemyNut$ ($65.76 in chips)
Seat 6: sda.80.16 ($377.19 in chips)
sda.80.16: posts small blind $1
RaisemyNut$: posts big blind $3
*** HOLE CARDS ***
sda.80.16: calls $2
RaisemyNut$: raises $3 to $6
sda.80.16: calls $3
*** FLOP *** [Kc Qh 4s]
RaisemyNut$: bets $3
sda.80.16: calls $3
*** TURN *** [Kc Qh 4s] [2h]
RaisemyNut$: bets $6
sda.80.16: calls $6
*** RIVER *** [Kc Qh 4s 2h] [3d]
RaisemyNut$: checks
sda.80.16: bets $6
RaisemyNut$: calls $6
*** SHOW DOWN ***
sda.80.16: shows [3h 4c] (two pair, Fours and Threes)
RaisemyNut$: mucks hand
sda.80.16 collected $41.50 from pot
*** SUMMARY ***
Total pot $42 | Rake $0.50
Board [Kc Qh 4s 2h 3d]
Seat 4: RaisemyNut$ (big blind) mucked
Seat 6: sda.80.16 (button) (small blind) showed [3h 4c] and won ($41.50) with two pair, Fours and Threes


PokerStars Hand #154531087758:  Hold'em Limit ($3/$6 USD) - 2016/06/09 22:22:34 ET
Table 'Ekard' 6-max Seat #6 is the button
Seat 4: RaisemyNut$ ($60.90 in chips)
Seat 6: sda.80.16 ($394.59 in chips)
sda.80.16: posts small blind $1
RaisemyNut$: posts big blind $3
*** HOLE CARDS ***
sda.80.16: raises $3 to $6
RaisemyNut$: calls $3
*** FLOP *** [4h 3s 3d]
RaisemyNut$: checks
sda.80.16: bets $3
RaisemyNut$: folds
Uncalled bet ($3) returned to sda.80.16
sda.80.16 collected $11.76 from pot
sda.80.16: doesn't show hand
*** SUMMARY ***
Total pot $12 | Rake $0.24
Board [4h 3s 3d]
Seat 4: RaisemyNut$ (big blind) folded on the Flop
Seat 6: sda.80.16 (button) (small blind) collected ($11.76)


PokerStars Hand #154531082256:  Hold'em Limit ($3/$6 USD) - 2016/06/09 22:22:18 ET
Table 'Ekard' 6-max Seat #4 is the button
Seat 4: RaisemyNut$ ($69.90 in chips)
Seat 6: sda.80.16 ($385.95 in chips)
RaisemyNut$: posts small blind $1
sda.80.16: posts big blind $3
*** HOLE CARDS ***
RaisemyNut$: raises $3 to $6
sda.80.16: calls $3
*** FLOP *** [7c 4h Tc]
sda.80.16: bets $3
RaisemyNut$: calls $3
*** TURN *** [7c 4h Tc] [Kh]
sda.80.16: bets $6
RaisemyNut$: folds
Uncalled bet ($6) returned to sda.80.16
sda.80.16 collected $17.64 from pot
sda.80.16: doesn't show hand
*** SUMMARY ***
Total pot $18 | Rake $0.36
Board [7c 4h Tc Kh]
Seat 4: RaisemyNut$ (button) (small blind) folded on the Turn
Seat 6: sda.80.16 (big blind) collected ($17.64)


PokerStars Hand #154531078845:  Hold'em Limit ($3/$6 USD) - 2016/06/09 22:22:08 ET
Table 'Ekard' 6-max Seat #6 is the button
Seat 4: RaisemyNut$ ($75.90 in chips)
Seat 6: sda.80.16 ($380.19 in chips)
sda.80.16: posts small blind $1
RaisemyNut$: posts big blind $3
*** HOLE CARDS ***
sda.80.16: raises $3 to $6
RaisemyNut$: calls $3
*** FLOP *** [Ah Td 8c]
RaisemyNut$: checks
sda.80.16: bets $3
RaisemyNut$: folds
Uncalled bet ($3) returned to sda.80.16
sda.80.16 collected $11.76 from pot
sda.80.16: doesn't show hand
*** SUMMARY ***
Total pot $12 | Rake $0.24
Board [Ah Td 8c]
Seat 4: RaisemyNut$ (big blind) folded on the Flop
Seat 6: sda.80.16 (button) (small blind) collected ($11.76)


PokerStars Hand #154531077362:  Hold'em Limit ($3/$6 USD) - 2016/06/09 22:22:04 ET
Table 'Ekard' 6-max Seat #4 is the button
Seat 4: RaisemyNut$ ($76.90 in chips)
Seat 6: sda.80.16 ($379.19 in chips)
RaisemyNut$: posts small blind $1
sda.80.16: posts big blind $3
*** HOLE CARDS ***
RaisemyNut$: folds
Uncalled bet ($2) returned to sda.80.16
sda.80.16 collected $2 from pot
sda.80.16: doesn't show hand
*** SUMMARY ***
Total pot $2 | Rake $0
Seat 4: RaisemyNut$ (button) (small blind) folded before Flop
Seat 6: sda.80.16 (big blind) collected ($2)


PokerStars Hand #154531074322:  Hold'em Limit ($3/$6 USD) - 2016/06/09 22:21:55 ET
Table 'Ekard' 6-max Seat #6 is the button
Seat 4: RaisemyNut$ ($68.26 in chips)
Seat 6: sda.80.16 ($388.19 in chips)
sda.80.16: posts small blind $1
RaisemyNut$: posts big blind $3
*** HOLE CARDS ***
sda.80.16: raises $3 to $6
RaisemyNut$: raises $3 to $9
sda.80.16: calls $3
*** FLOP *** [2s 3s 8h]
RaisemyNut$: bets $3
sda.80.16: folds
Uncalled bet ($3) returned to RaisemyNut$
RaisemyNut$ collected $17.64 from pot
RaisemyNut$: doesn't show hand
*** SUMMARY ***
Total pot $18 | Rake $0.36
Board [2s 3s 8h]
Seat 4: RaisemyNut$ (big blind) collected ($17.64)
Seat 6: sda.80.16 (button) (small blind) folded on the Flop


PokerStars Hand #154531108343:  Hold'em Limit ($3/$6 USD) - 2016/06/09 22:23:35 ET
Table 'Ekard' 6-max Seat #4 is the button
Seat 4: RaisemyNut$ ($61 in chips)
Seat 6: sda.80.16 ($407.75 in chips)
RaisemyNut$: posts small blind $1
sda.80.16: posts big blind $3
*** HOLE CARDS ***
RaisemyNut$: raises $3 to $6
sda.80.16: calls $3
*** FLOP *** [7s 5c 6h]
sda.80.16: checks
RaisemyNut$: checks
*** TURN *** [7s 5c 6h] [9c]
sda.80.16: checks
RaisemyNut$: checks
*** RIVER *** [7s 5c 6h 9c] [6d]
sda.80.16: bets $6
RaisemyNut$: folds
Uncalled bet ($6) returned to sda.80.16
sda.80.16 collected $11.76 from pot
sda.80.16: doesn't show hand
*** SUMMARY ***
Total pot $12 | Rake $0.24
Board [7s 5c 6h 9c 6d]
Seat 4: RaisemyNut$ (button) (small blind) folded on the River
Seat 6: sda.80.16 (big blind) collected ($11.76)


PokerStars Hand #154531106660:  Hold'em Limit ($3/$6 USD) - 2016/06/09 22:23:30 ET
Table 'Ekard' 6-max Seat #6 is the button
Seat 4: RaisemyNut$ ($60 in chips)
Seat 6: sda.80.16 ($408.75 in chips)
sda.80.16: posts small blind $1
RaisemyNut$: posts big blind $3
*** HOLE CARDS ***
sda.80.16: folds
Uncalled bet ($2) returned to RaisemyNut$
RaisemyNut$ collected $2 from pot
RaisemyNut$: doesn't show hand
*** SUMMARY ***
Total pot $2 | Rake $0
Seat 4: RaisemyNut$ (big blind) collected ($2)
Seat 6: sda.80.16 (button) (small blind) folded before Flop


PokerStars Hand #154531101351:  Hold'em Limit ($3/$6 USD) - 2016/06/09 22:23:14 ET
Table 'Ekard' 6-max Seat #4 is the button
Seat 4: RaisemyNut$ ($60 in chips)
Seat 6: sda.80.16 ($400.11 in chips)
RaisemyNut$: posts small blind $1
sda.80.16: posts big blind $3
*** HOLE CARDS ***
RaisemyNut$: raises $3 to $6
sda.80.16: calls $3
*** FLOP *** [As 2c 7s]
sda.80.16: bets $3
RaisemyNut$: calls $3
*** TURN *** [As 2c 7s] [3h]
sda.80.16: bets $6
RaisemyNut$: folds
Uncalled bet ($6) returned to sda.80.16
sda.80.16 collected $17.64 from pot
sda.80.16: doesn't show hand
*** SUMMARY ***
Total pot $18 | Rake $0.36
Board [As 2c 7s 3h]
Seat 4: RaisemyNut$ (button) (small blind) folded on the Turn
Seat 6: sda.80.16 (big blind) collected ($17.64)


PokerStars Hand #154531095230:  Hold'em Limit ($3/$6 USD) - 2016/06/09 22:22:57 ET
Table 'Ekard' 6-max Seat #6 is the button
Seat 4: RaisemyNut$ ($65.76 in chips)
Seat 6: sda.80.16 ($394.35 in chips)
sda.80.16: posts small blind $1
RaisemyNut$: posts big blind $3
*** HOLE CARDS ***
sda.80.16: raises $3 to $6
RaisemyNut$: calls $3
*** FLOP *** [Ac 2s 7d]
RaisemyNut$: checks
sda.80.16: checks
*** TURN *** [Ac 2s 7d] [Th]
RaisemyNut$: checks
sda.80.16: checks
*** RIVER *** [Ac 2s 7d Th] [Jh]
RaisemyNut$: checks
sda.80.16: bets $6
RaisemyNut$: folds
Uncalled bet ($6) returned to sda.80.16
sda.80.16 collected $11.76 from pot
sda.80.16: doesn't show hand
*** SUMMARY ***
Total pot $12 | Rake $0.24
Board [Ac 2s 7d Th Jh]
Seat 4: RaisemyNut$ (big blind) folded on the River
Seat 6: sda.80.16 (button) (small blind) collected ($11.76)


PokerStars Hand #154531091247:  Hold'em Limit ($3/$6 USD) - 2016/06/09 22:22:45 ET
Table 'Ekard' 6-max Seat #4 is the button
Seat 4: RaisemyNut$ ($60 in chips)
Seat 6: sda.80.16 ($400.35 in chips)
RaisemyNut$: posts small blind $1
sda.80.16: posts big blind $3
*** HOLE CARDS ***
RaisemyNut$: raises $3 to $6
sda.80.16: calls $3
*** FLOP *** [6c 9s 3d]
sda.80.16: checks
RaisemyNut$: bets $3
sda.80.16: folds
Uncalled bet ($3) returned to RaisemyNut$
RaisemyNut$ collected $11.76 from pot
RaisemyNut$: doesn't show hand
*** SUMMARY ***
Total pot $12 | Rake $0.24
Board [6c 9s 3d]
Seat 4: RaisemyNut$ (button) (small blind) collected ($11.76)
Seat 6: sda.80.16 (big blind) folded on the Flop


PokerStars Hand #154531125790:  Hold'em Limit ($3/$6 USD) - 2016/06/09 22:24:27 ET
Table 'Ekard' 6-max Seat #6 is the button
Seat 4: RaisemyNut$ ($60 in chips)
Seat 6: sda.80.16 ($442.51 in chips)
sda.80.16: posts small blind $1
RaisemyNut$: posts big blind $3
*** HOLE CARDS ***
sda.80.16: raises $3 to $6
RaisemyNut$: folds
Uncalled bet ($3) returned to sda.80.16
sda.80.16 collected $6 from pot
sda.80.16: doesn't show hand
*** SUMMARY ***
Total pot $6 | Rake $0
Seat 4: RaisemyNut$ (big blind) folded before Flop
Seat 6: sda.80.16 (button) (small blind) collected ($6)


PokerStars Hand #154531120068:  Hold'em Limit ($3/$6 USD) - 2016/06/09 22:24:10 ET
Table 'Ekard' 6-max Seat #4 is the button
Seat 4: RaisemyNut$ ($60 in chips)
Seat 6: sda.80.16 ($428.01 in chips)
RaisemyNut$: posts small blind $1
sda.80.16: posts big blind $3
*** HOLE CARDS ***
RaisemyNut$: raises $3 to $6
sda.80.16: calls $3
*** FLOP *** [Th 8s Ks]
sda.80.16: checks
RaisemyNut$: bets $3
sda.80.16: calls $3
*** TURN *** [Th 8s Ks] [3h]
sda.80.16: checks
RaisemyNut$: bets $6
sda.80.16: calls $6
*** RIVER *** [Th 8s Ks 3h] [Qc]
sda.80.16: checks
RaisemyNut$: checks
*** SHOW DOWN ***
sda.80.16: shows [9c Jd] (a straight, Nine to King)
RaisemyNut$: mucks hand
sda.80.16 collected $29.50 from pot
*** SUMMARY ***
Total pot $30 | Rake $0.50
Board [Th 8s Ks 3h Qc]
Seat 4: RaisemyNut$ (button) (small blind) mucked
Seat 6: sda.80.16 (big blind) showed [9c Jd] and won ($29.50) with a straight, Nine to King


PokerStars Hand #154531113459:  Hold'em Limit ($3/$6 USD) - 2016/06/09 22:23:50 ET
Table 'Ekard' 6-max Seat #6 is the button
Seat 4: RaisemyNut$ ($60 in chips)
Seat 6: sda.80.16 ($413.51 in chips)
sda.80.16: posts small blind $1
RaisemyNut$: posts big blind $3
*** HOLE CARDS ***
sda.80.16: raises $3 to $6
RaisemyNut$: calls $3
*** FLOP *** [6d 4s 3s]
RaisemyNut$: checks
sda.80.16: bets $3
RaisemyNut$: calls $3
*** TURN *** [6d 4s 3s] [Js]
RaisemyNut$: checks
sda.80.16: bets $6
RaisemyNut$: calls $6
*** RIVER *** [6d 4s 3s Js] [Jc]
RaisemyNut$: checks
sda.80.16: bets $6
RaisemyNut$: folds
Uncalled bet ($6) returned to sda.80.16
sda.80.16 collected $29.50 from pot
sda.80.16: doesn't show hand
*** SUMMARY ***
Total pot $30 | Rake $0.50
Board [6d 4s 3s Js Jc]
Seat 4: RaisemyNut$ (big blind) folded on the River
Seat 6: sda.80.16 (button) (small blind) collected ($29.50)


PokerStars Hand #154531144702:  Hold'em Limit ($3/$6 USD) - 2016/06/09 22:25:22 ET
Table 'Ekard' 6-max Seat #4 is the button
Seat 4: RaisemyNut$ ($83.14 in chips)
Seat 6: sda.80.16 ($421.15 in chips)
RaisemyNut$: posts small blind $1
sda.80.16: posts big blind $3
*** HOLE CARDS ***
RaisemyNut$: raises $3 to $6
sda.80.16: raises $3 to $9
RaisemyNut$: calls $3
*** FLOP *** [As Jc 2h]
sda.80.16: bets $3
RaisemyNut$: calls $3
*** TURN *** [As Jc 2h] [5h]
sda.80.16: bets $6
RaisemyNut$: raises $6 to $12
sda.80.16: calls $6
*** RIVER *** [As Jc 2h 5h] [Ad]
sda.80.16: checks
RaisemyNut$: bets $6
sda.80.16: calls $6
*** SHOW DOWN ***
RaisemyNut$: shows [Jh 2c] (two pair, Aces and Jacks)
sda.80.16: shows [4d Js] (two pair, Aces and Jacks)
sda.80.16 collected $29.75 from pot
RaisemyNut$ collected $29.75 from pot
*** SUMMARY ***
Total pot $60 | Rake $0.50
Board [As Jc 2h 5h Ad]
Seat 4: RaisemyNut$ (button) (small blind) showed [Jh 2c] and won ($29.75) with two pair, Aces and Jacks
Seat 6: sda.80.16 (big blind) showed [4d Js] and won ($29.75) with two pair, Aces and Jacks


PokerStars Hand #154531141140:  Hold'em Limit ($3/$6 USD) - 2016/06/09 22:25:12 ET
Table 'Ekard' 6-max Seat #6 is the button
Seat 4: RaisemyNut$ ($74.50 in chips)
Seat 6: sda.80.16 ($430.15 in chips)
sda.80.16: posts small blind $1
RaisemyNut$: posts big blind $3
*** HOLE CARDS ***
sda.80.16: raises $3 to $6
RaisemyNut$: calls $3
*** FLOP *** [3s Kc Qc]
RaisemyNut$: checks
sda.80.16: bets $3
RaisemyNut$: raises $3 to $6
sda.80.16: folds
Uncalled bet ($3) returned to RaisemyNut$
RaisemyNut$ collected $17.64 from pot
RaisemyNut$: doesn't show hand
*** SUMMARY ***
Total pot $18 | Rake $0.36
Board [3s Kc Qc]
Seat 4: RaisemyNut$ (big blind) collected ($17.64)
Seat 6: sda.80.16 (button) (small blind) folded on the Flop


PokerStars Hand #154531137369:  Hold'em Limit ($3/$6 USD) - 2016/06/09 22:25:00 ET
Table 'Ekard' 6-max Seat #4 is the button
Seat 4: RaisemyNut$ ($83.50 in chips)
Seat 6: sda.80.16 ($421.51 in chips)
RaisemyNut$: posts small blind $1
sda.80.16: posts big blind $3
*** HOLE CARDS ***
RaisemyNut$: raises $3 to $6
sda.80.16: raises $3 to $9
RaisemyNut$: calls $3
*** FLOP *** [Qh 3d Tc]
sda.80.16: checks
RaisemyNut$: checks
*** TURN *** [Qh 3d Tc] [Th]
sda.80.16: bets $6
RaisemyNut$: folds
Uncalled bet ($6) returned to sda.80.16
sda.80.16 collected $17.64 from pot
sda.80.16: doesn't show hand
*** SUMMARY ***
Total pot $18 | Rake $0.36
Board [Qh 3d Tc Th]
Seat 4: RaisemyNut$ (button) (small blind) folded on the Turn
Seat 6: sda.80.16 (big blind) collected ($17.64)


PokerStars Hand #154531135377:  Hold'em Limit ($3/$6 USD) - 2016/06/09 22:24:54 ET
Table 'Ekard' 6-max Seat #6 is the button
Seat 4: RaisemyNut$ ($86.50 in chips)
Seat 6: sda.80.16 ($418.51 in chips)
sda.80.16: posts small blind $1
RaisemyNut$: posts big blind $3
*** HOLE CARDS ***
sda.80.16: raises $3 to $6
RaisemyNut$: folds
Uncalled bet ($3) returned to sda.80.16
sda.80.16 collected $6 from pot
sda.80.16: doesn't show hand
*** SUMMARY ***
Total pot $6 | Rake $0
Seat 4: RaisemyNut$ (big blind) folded before Flop
Seat 6: sda.80.16 (button) (small blind) collected ($6)


PokerStars Hand #154531128451:  Hold'em Limit ($3/$6 USD) - 2016/06/09 22:24:34 ET
Table 'Ekard' 6-max Seat #4 is the button
Seat 4: RaisemyNut$ ($60 in chips)
Seat 6: sda.80.16 ($445.51 in chips)
RaisemyNut$: posts small blind $1
sda.80.16: posts big blind $3
*** HOLE CARDS ***
RaisemyNut$: raises $3 to $6
sda.80.16: raises $3 to $9
RaisemyNut$: calls $3
*** FLOP *** [Kh 7h 8s]
sda.80.16: bets $3
RaisemyNut$: raises $3 to $6
sda.80.16: calls $3
*** TURN *** [Kh 7h 8s] [Kd]
sda.80.16: checks
RaisemyNut$: bets $6
sda.80.16: calls $6
*** RIVER *** [Kh 7h 8s Kd] [Ts]
sda.80.16: checks
RaisemyNut$: bets $6
sda.80.16: calls $6
*** SHOW DOWN ***
RaisemyNut$: shows [6h 9d] (a straight, Six to Ten)
sda.80.16: mucks hand
RaisemyNut$ collected $53.50 from pot
*** SUMMARY ***
Total pot $54 | Rake $0.50
Board [Kh 7h 8s Kd Ts]
Seat 4: RaisemyNut$ (button) (small blind) showed [6h 9d] and won ($53.50) with a straight, Six to Ten
Seat 6: sda.80.16 (big blind) mucked


PokerStars Hand #154531165736:  Hold'em Limit ($3/$6 USD) - 2016/06/09 22:26:24 ET
Table 'Ekard' 6-max Seat #4 is the button
Seat 4: RaisemyNut$ ($91.29 in chips)
Seat 6: sda.80.16 ($411.66 in chips)
RaisemyNut$: posts small blind $1
sda.80.16: posts big blind $3
*** HOLE CARDS ***
RaisemyNut$: raises $3 to $6
sda.80.16: raises $3 to $9
RaisemyNut$: calls $3
*** FLOP *** [Th 7h Ts]
sda.80.16: checks
RaisemyNut$: bets $3
sda.80.16: calls $3
*** TURN *** [Th 7h Ts] [Js]
sda.80.16: checks
RaisemyNut$: checks
*** RIVER *** [Th 7h Ts Js] [8h]
sda.80.16: bets $6
RaisemyNut$: calls $6
*** SHOW DOWN ***
sda.80.16: shows [Td Ah] (three of a kind, Tens)
RaisemyNut$: mucks hand
sda.80.16 collected $35.50 from pot
*** SUMMARY ***
Total pot $36 | Rake $0.50
Board [Th 7h Ts Js 8h]
Seat 4: RaisemyNut$ (button) (small blind) mucked
Seat 6: sda.80.16 (big blind) showed [Td Ah] and won ($35.50) with three of a kind, Tens


PokerStars Hand #154531161101:  Hold'em Limit ($3/$6 USD) - 2016/06/09 22:26:10 ET
Table 'Ekard' 6-max Seat #6 is the button
Seat 4: RaisemyNut$ ($82.65 in chips)
Seat 6: sda.80.16 ($420.66 in chips)
sda.80.16: posts small blind $1
RaisemyNut$: posts big blind $3
*** HOLE CARDS ***
sda.80.16: raises $3 to $6
RaisemyNut$: calls $3
*** FLOP *** [2d 6d Qh]
RaisemyNut$: checks
sda.80.16: bets $3
RaisemyNut$: raises $3 to $6
sda.80.16: folds
Uncalled bet ($3) returned to RaisemyNut$
RaisemyNut$ collected $17.64 from pot
RaisemyNut$: doesn't show hand
*** SUMMARY ***
Total pot $18 | Rake $0.36
Board [2d 6d Qh]
Seat 4: RaisemyNut$ (big blind) collected ($17.64)
Seat 6: sda.80.16 (button) (small blind) folded on the Flop


PokerStars Hand #154531157529:  Hold'em Limit ($3/$6 USD) - 2016/06/09 22:26:00 ET
Table 'Ekard' 6-max Seat #4 is the button
Seat 4: RaisemyNut$ ($76.89 in chips)
Seat 6: sda.80.16 ($426.66 in chips)
RaisemyNut$: posts small blind $1
sda.80.16: posts big blind $3
*** HOLE CARDS ***
RaisemyNut$: raises $3 to $6
sda.80.16: calls $3
*** FLOP *** [Td Kc 2d]
sda.80.16: checks
RaisemyNut$: bets $3
sda.80.16: folds
Uncalled bet ($3) returned to RaisemyNut$
RaisemyNut$ collected $11.76 from pot
RaisemyNut$: doesn't show hand
*** SUMMARY ***
Total pot $12 | Rake $0.24
Board [Td Kc 2d]
Seat 4: RaisemyNut$ (button) (small blind) collected ($11.76)
Seat 6: sda.80.16 (big blind) folded on the Flop


PokerStars Hand #154531151216:  Hold'em Limit ($3/$6 USD) - 2016/06/09 22:25:41 ET
Table 'Ekard' 6-max Seat #6 is the button
Seat 4: RaisemyNut$ ($82.89 in chips)
Seat 6: sda.80.16 ($420.90 in chips)
sda.80.16: posts small blind $1
RaisemyNut$: posts big blind $3
*** HOLE CARDS ***
sda.80.16: raises $3 to $6
RaisemyNut$: calls $3
*** FLOP *** [7c 7s 3c]
RaisemyNut$: checks
sda.80.16: checks
*** TURN *** [7c 7s 3c] [4h]
RaisemyNut$: checks
sda.80.16: checks
*** RIVER *** [7c 7s 3c 4h] [Ah]
RaisemyNut$: checks
sda.80.16: checks
*** SHOW DOWN ***
RaisemyNut$: shows [9h 5d] (a pair of Sevens)
sda.80.16: shows [Jh 9s] (a pair of Sevens - Ace+Jack kicker)
sda.80.16 collected $11.76 from pot
*** SUMMARY ***
Total pot $12 | Rake $0.24
Board [7c 7s 3c 4h Ah]
Seat 4: RaisemyNut$ (big blind) showed [9h 5d] and lost with a pair of Sevens
Seat 6: sda.80.16 (button) (small blind) showed [Jh 9s] and won ($11.76) with a pair of Sevens


PokerStars Hand #154531177523:  Hold'em Limit ($3/$6 USD) - 2016/06/09 22:26:59 ET
Table 'Ekard' 6-max Seat #4 is the button
Seat 4: RaisemyNut$ ($67.29 in chips)
Seat 6: sda.80.16 ($434.92 in chips)
RaisemyNut$: posts small blind $1
sda.80.16: posts big blind $3
*** HOLE CARDS ***
RaisemyNut$: raises $3 to $6
sda.80.16: calls $3
*** FLOP *** [Th 2c 4h]
Pete81 joins the table at seat #2
sda.80.16: checks
RaisemyNut$: bets $3
sda.80.16: folds
Uncalled bet ($3) returned to RaisemyNut$
RaisemyNut$ collected $11.76 from pot
RaisemyNut$: doesn't show hand
*** SUMMARY ***
Total pot $12 | Rake $0.24
Board [Th 2c 4h]
Seat 4: RaisemyNut$ (button) (small blind) collected ($11.76)
Seat 6: sda.80.16 (big blind) folded on the Flop


PokerStars Hand #154531171628:  Hold'em Limit ($3/$6 USD) - 2016/06/09 22:26:41 ET
Table 'Ekard' 6-max Seat #6 is the button
Seat 4: RaisemyNut$ ($73.29 in chips)
Seat 6: sda.80.16 ($429.16 in chips)
sda.80.16: posts small blind $1
RaisemyNut$: posts big blind $3
*** HOLE CARDS ***
sda.80.16: raises $3 to $6
RaisemyNut$: calls $3
*** FLOP *** [2c Ad 2h]
RaisemyNut$: checks
sda.80.16: checks
*** TURN *** [2c Ad 2h] [9c]
RaisemyNut$: checks
sda.80.16: checks
*** RIVER *** [2c Ad 2h 9c] [Kd]
RaisemyNut$: checks
sda.80.16: checks
*** SHOW DOWN ***
RaisemyNut$: shows [Jd 4h] (a pair of Deuces)
sda.80.16: shows [9s Jc] (two pair, Nines and Deuces)
sda.80.16 collected $11.76 from pot
*** SUMMARY ***
Total pot $12 | Rake $0.24
Board [2c Ad 2h 9c Kd]
Seat 4: RaisemyNut$ (big blind) showed [Jd 4h] and lost with a pair of Deuces
Seat 6: sda.80.16 (button) (small blind) showed [9s Jc] and won ($11.76) with two pair, Nines and Deuces


PokerStars Hand #154531557743:  Hold'em Limit ($3/$6 USD) - 2016/06/09 22:45:50 ET
Table 'Ekard' 6-max Seat #5 is the button
Seat 4: RaisemyNut$ ($91.65 in chips)
Seat 5: mi101 ($93.86 in chips)
mi101: posts small blind $1
FooJaws: is sitting out
RaisemyNut$: posts big blind $3
*** HOLE CARDS ***
mi101: raises $3 to $6
RaisemyNut$: calls $3
*** FLOP *** [6h Jh 6s]
RaisemyNut$: checks
mi101: bets $3
RaisemyNut$: calls $3
*** TURN *** [6h Jh 6s] [5c]
RaisemyNut$: checks
mi101: bets $6
RaisemyNut$: calls $6
*** RIVER *** [6h Jh 6s 5c] [7c]
FooJaws leaves the table
RaisemyNut$: checks
mi101: bets $6
RaisemyNut$: folds
Uncalled bet ($6) returned to mi101
mi101 collected $29.50 from pot
*** SUMMARY ***
Total pot $30 | Rake $0.50
Board [6h Jh 6s 5c 7c]
Seat 4: RaisemyNut$ (big blind) folded on the River
Seat 5: mi101 (button) (small blind) collected ($29.50)


PokerStars Hand #154531711878:  Hold'em Limit ($3/$6 USD) - 2016/06/09 22:53:41 ET
Table 'Ekard' 6-max Seat #3 is the button
Seat 3: DerWeltheld ($77.26 in chips)
Seat 4: RaisemyNut$ ($63 in chips)
DerWeltheld: posts small blind $1
RaisemyNut$: posts big blind $3
*** HOLE CARDS ***
DerWeltheld: raises $3 to $6
RaisemyNut$: raises $3 to $9
DerWeltheld: calls $3
*** FLOP *** [Js 2s 9d]
RaisemyNut$: bets $3
DerWeltheld: calls $3
*** TURN *** [Js 2s 9d] [Kc]
RaisemyNut$: bets $6
DerWeltheld: folds
Uncalled bet ($6) returned to RaisemyNut$
RaisemyNut$ collected $23.52 from pot
RaisemyNut$: doesn't show hand
*** SUMMARY ***
Total pot $24 | Rake $0.48
Board [Js 2s 9d Kc]
Seat 3: DerWeltheld (button) (small blind) folded on the Turn
Seat 4: RaisemyNut$ (big blind) collected ($23.52)


PokerStars Hand #154531710348:  Hold'em Limit ($3/$6 USD) - 2016/06/09 22:53:36 ET
Table 'Ekard' 6-max Seat #4 is the button
Seat 3: DerWeltheld ($80.26 in chips)
Seat 4: RaisemyNut$ ($60 in chips)
RaisemyNut$: posts small blind $1
DerWeltheld: posts big blind $3
*** HOLE CARDS ***
RaisemyNut$: raises $3 to $6
DerWeltheld: folds
Uncalled bet ($3) returned to RaisemyNut$
RaisemyNut$ collected $6 from pot
RaisemyNut$: doesn't show hand
*** SUMMARY ***
Total pot $6 | Rake $0
Seat 3: DerWeltheld (big blind) folded before Flop
Seat 4: RaisemyNut$ (button) (small blind) collected ($6)


PokerStars Hand #154531707732:  Hold'em Limit ($3/$6 USD) - 2016/06/09 22:53:27 ET
Table 'Ekard' 6-max Seat #3 is the button
Seat 3: DerWeltheld ($74.50 in chips)
Seat 4: RaisemyNut$ ($61.65 in chips)
DerWeltheld: posts small blind $1
RaisemyNut$: posts big blind $3
*** HOLE CARDS ***
DerWeltheld: raises $3 to $6
RaisemyNut$: calls $3
*** FLOP *** [Js Kh 6h]
RaisemyNut$: checks
DerWeltheld: bets $3
RaisemyNut$: folds
Uncalled bet ($3) returned to DerWeltheld
DerWeltheld collected $11.76 from pot
*** SUMMARY ***
Total pot $12 | Rake $0.24
Board [Js Kh 6h]
Seat 3: DerWeltheld (button) (small blind) collected ($11.76)
Seat 4: RaisemyNut$ (big blind) folded on the Flop


PokerStars Hand #154531699856:  Hold'em Limit ($3/$6 USD) - 2016/06/09 22:53:02 ET
Table 'Ekard' 6-max Seat #4 is the button
Seat 3: DerWeltheld ($60 in chips)
Seat 4: RaisemyNut$ ($76.65 in chips)
RaisemyNut$: posts small blind $1
DerWeltheld: posts big blind $3
*** HOLE CARDS ***
RaisemyNut$: raises $3 to $6
DerWeltheld: calls $3
*** FLOP *** [6h 3s 5h]
DerWeltheld: checks
RaisemyNut$: bets $3
DerWeltheld: calls $3
*** TURN *** [6h 3s 5h] [8c]
DerWeltheld: checks
RaisemyNut$: checks
*** RIVER *** [6h 3s 5h 8c] [2c]
DerWeltheld: bets $6
RaisemyNut$: calls $6
*** SHOW DOWN ***
DerWeltheld: shows [3c Jc] (a pair of Threes)
RaisemyNut$: mucks hand
DerWeltheld collected $29.50 from pot
*** SUMMARY ***
Total pot $30 | Rake $0.50
Board [6h 3s 5h 8c 2c]
Seat 3: DerWeltheld (big blind) showed [3c Jc] and won ($29.50) with a pair of Threes
Seat 4: RaisemyNut$ (button) (small blind) mucked


PokerStars Hand #154531731362:  Hold'em Limit ($3/$6 USD) - 2016/06/09 22:54:43 ET
Table 'Ekard' 6-max Seat #4 is the button
Seat 3: DerWeltheld ($63.76 in chips)
Seat 4: RaisemyNut$ ($74.66 in chips)
RaisemyNut$: posts small blind $1
DerWeltheld: posts big blind $3
*** HOLE CARDS ***
RaisemyNut$: raises $3 to $6
DerWeltheld: folds
Uncalled bet ($3) returned to RaisemyNut$
RaisemyNut$ collected $6 from pot
RaisemyNut$: doesn't show hand
*** SUMMARY ***
Total pot $6 | Rake $0
Seat 3: DerWeltheld (big blind) folded before Flop
Seat 4: RaisemyNut$ (button) (small blind) collected ($6)


PokerStars Hand #154531729970:  Hold'em Limit ($3/$6 USD) - 2016/06/09 22:54:39 ET
Table 'Ekard' 6-max Seat #3 is the button
Seat 3: DerWeltheld ($64.76 in chips)
Seat 4: RaisemyNut$ ($73.66 in chips)
DerWeltheld: posts small blind $1
RaisemyNut$: posts big blind $3
*** HOLE CARDS ***
DerWeltheld: folds
Uncalled bet ($2) returned to RaisemyNut$
RaisemyNut$ collected $2 from pot
RaisemyNut$: doesn't show hand
*** SUMMARY ***
Total pot $2 | Rake $0
Seat 3: DerWeltheld (button) (small blind) folded before Flop
Seat 4: RaisemyNut$ (big blind) collected ($2)


PokerStars Hand #154531724184:  Hold'em Limit ($3/$6 USD) - 2016/06/09 22:54:20 ET
Table 'Ekard' 6-max Seat #4 is the button
Seat 3: DerWeltheld ($41.26 in chips)
Seat 4: RaisemyNut$ ($97.66 in chips)
RaisemyNut$: posts small blind $1
DerWeltheld: posts big blind $3
*** HOLE CARDS ***
RaisemyNut$: raises $3 to $6
DerWeltheld: calls $3
*** FLOP *** [Td 5h Qh]
DerWeltheld: checks
RaisemyNut$: bets $3
DerWeltheld: raises $3 to $6
RaisemyNut$: calls $3
*** TURN *** [Td 5h Qh] [8c]
DerWeltheld: bets $6
RaisemyNut$: calls $6
*** RIVER *** [Td 5h Qh 8c] [Qs]
DerWeltheld: bets $6
RaisemyNut$: calls $6
*** SHOW DOWN ***
DerWeltheld: shows [6d 6c] (two pair, Queens and Sixes)
RaisemyNut$: mucks hand
DerWeltheld collected $47.50 from pot
*** SUMMARY ***
Total pot $48 | Rake $0.50
Board [Td 5h Qh 8c Qs]
Seat 3: DerWeltheld (big blind) showed [6d 6c] and won ($47.50) with two pair, Queens and Sixes
Seat 4: RaisemyNut$ (button) (small blind) mucked


PokerStars Hand #154531719918:  Hold'em Limit ($3/$6 USD) - 2016/06/09 22:54:06 ET
Table 'Ekard' 6-max Seat #3 is the button
Seat 3: DerWeltheld ($50.26 in chips)
Seat 4: RaisemyNut$ ($89.02 in chips)
DerWeltheld: posts small blind $1
RaisemyNut$: posts big blind $3
*** HOLE CARDS ***
DerWeltheld: raises $3 to $6
RaisemyNut$: calls $3
*** FLOP *** [Qc Ah 2c]
RaisemyNut$: checks
DerWeltheld: bets $3
RaisemyNut$: calls $3
*** TURN *** [Qc Ah 2c] [6h]
RaisemyNut$: checks
DerWeltheld: checks
*** RIVER *** [Qc Ah 2c 6h] [4c]
RaisemyNut$: bets $6
DerWeltheld: folds
Uncalled bet ($6) returned to RaisemyNut$
RaisemyNut$ collected $17.64 from pot
RaisemyNut$: doesn't show hand
*** SUMMARY ***
Total pot $18 | Rake $0.36
Board [Qc Ah 2c 6h 4c]
Seat 3: DerWeltheld (button) (small blind) folded on the River
Seat 4: RaisemyNut$ (big blind) collected ($17.64)


PokerStars Hand #154531715364:  Hold'em Limit ($3/$6 USD) - 2016/06/09 22:53:52 ET
Table 'Ekard' 6-max Seat #4 is the button
Seat 3: DerWeltheld ($65.26 in chips)
Seat 4: RaisemyNut$ ($74.52 in chips)
RaisemyNut$: posts small blind $1
DerWeltheld: posts big blind $3
*** HOLE CARDS ***
RaisemyNut$: raises $3 to $6
DerWeltheld: calls $3
*** FLOP *** [3c Kd 9d]
DerWeltheld: checks
RaisemyNut$: bets $3
DerWeltheld: calls $3
*** TURN *** [3c Kd 9d] [8h]
DerWeltheld: checks
RaisemyNut$: checks
*** RIVER *** [3c Kd 9d 8h] [3s]
DerWeltheld: bets $6
RaisemyNut$: calls $6
*** SHOW DOWN ***
DerWeltheld: shows [Td Qs] (a pair of Threes)
RaisemyNut$: shows [4d 8s] (two pair, Eights and Threes)
RaisemyNut$ collected $29.50 from pot
*** SUMMARY ***
Total pot $30 | Rake $0.50
Board [3c Kd 9d 8h 3s]
Seat 3: DerWeltheld (big blind) showed [Td Qs] and lost with a pair of Threes
Seat 4: RaisemyNut$ (button) (small blind) showed [4d 8s] and won ($29.50) with two pair, Eights and Threes


PokerStars Hand #154531749976:  Hold'em Limit ($3/$6 USD) - 2016/06/09 22:55:50 ET
Table 'Ekard' 6-max Seat #3 is the button
Seat 3: DerWeltheld ($39.51 in chips)
Seat 4: RaisemyNut$ ($97.69 in chips)
DerWeltheld: posts small blind $1
RaisemyNut$: posts big blind $3
*** HOLE CARDS ***
DerWeltheld: folds
Uncalled bet ($2) returned to RaisemyNut$
RaisemyNut$ collected $2 from pot
RaisemyNut$: doesn't show hand
*** SUMMARY ***
Total pot $2 | Rake $0
Seat 3: DerWeltheld (button) (small blind) folded before Flop
Seat 4: RaisemyNut$ (big blind) collected ($2)


PokerStars Hand #154531748653:  Hold'em Limit ($3/$6 USD) - 2016/06/09 22:55:45 ET
Table 'Ekard' 6-max Seat #4 is the button
Seat 3: DerWeltheld ($42.51 in chips)
Seat 4: RaisemyNut$ ($94.69 in chips)
RaisemyNut$: posts small blind $1
DerWeltheld: posts big blind $3
*** HOLE CARDS ***
RaisemyNut$: raises $3 to $6
DerWeltheld: folds
Uncalled bet ($3) returned to RaisemyNut$
RaisemyNut$ collected $6 from pot
RaisemyNut$: doesn't show hand
*** SUMMARY ***
Total pot $6 | Rake $0
Seat 3: DerWeltheld (big blind) folded before Flop
Seat 4: RaisemyNut$ (button) (small blind) collected ($6)


PokerStars Hand #154531746147:  Hold'em Limit ($3/$6 USD) - 2016/06/09 22:55:35 ET
Table 'Ekard' 6-max Seat #3 is the button
Seat 3: DerWeltheld ($39.51 in chips)
Seat 4: RaisemyNut$ ($97.69 in chips)
DerWeltheld: posts small blind $1
RaisemyNut$: posts big blind $3
*** HOLE CARDS ***
DerWeltheld: raises $3 to $6
RaisemyNut$: folds
Uncalled bet ($3) returned to DerWeltheld
DerWeltheld collected $6 from pot
*** SUMMARY ***
Total pot $6 | Rake $0
Seat 3: DerWeltheld (button) (small blind) collected ($6)
Seat 4: RaisemyNut$ (big blind) folded before Flop


PokerStars Hand #154531744133:  Hold'em Limit ($3/$6 USD) - 2016/06/09 22:55:28 ET
Table 'Ekard' 6-max Seat #4 is the button
Seat 3: DerWeltheld ($42.51 in chips)
Seat 4: RaisemyNut$ ($94.69 in chips)
RaisemyNut$: posts small blind $1
DerWeltheld: posts big blind $3
*** HOLE CARDS ***
RaisemyNut$: raises $3 to $6
DerWeltheld: folds
Uncalled bet ($3) returned to RaisemyNut$
RaisemyNut$ collected $6 from pot
RaisemyNut$: doesn't show hand
*** SUMMARY ***
Total pot $6 | Rake $0
Seat 3: DerWeltheld (big blind) folded before Flop
Seat 4: RaisemyNut$ (button) (small blind) collected ($6)


PokerStars Hand #154531740882:  Hold'em Limit ($3/$6 USD) - 2016/06/09 22:55:16 ET
Table 'Ekard' 6-max Seat #3 is the button
Seat 3: DerWeltheld ($48.51 in chips)
Seat 4: RaisemyNut$ ($88.93 in chips)
DerWeltheld: posts small blind $1
RaisemyNut$: posts big blind $3
*** HOLE CARDS ***
DerWeltheld: raises $3 to $6
RaisemyNut$: calls $3
*** FLOP *** [Ad 3s Kh]
RaisemyNut$: checks
DerWeltheld: checks
*** TURN *** [Ad 3s Kh] [7s]
RaisemyNut$: bets $6
DerWeltheld: folds
Uncalled bet ($6) returned to RaisemyNut$
RaisemyNut$ collected $11.76 from pot
RaisemyNut$: doesn't show hand
*** SUMMARY ***
Total pot $12 | Rake $0.24
Board [Ad 3s Kh 7s]
Seat 3: DerWeltheld (button) (small blind) folded on the Turn
Seat 4: RaisemyNut$ (big blind) collected ($11.76)


PokerStars Hand #154531736572:  Hold'em Limit ($3/$6 USD) - 2016/06/09 22:55:01 ET
Table 'Ekard' 6-max Seat #4 is the button
Seat 3: DerWeltheld ($48.76 in chips)
Seat 4: RaisemyNut$ ($89.18 in chips)
RaisemyNut$: posts small blind $1
DerWeltheld: posts big blind $3
*** HOLE CARDS ***
RaisemyNut$: raises $3 to $6
DerWeltheld: calls $3
*** FLOP *** [2d 9s 8c]
DerWeltheld: checks
RaisemyNut$: bets $3
DerWeltheld: calls $3
*** TURN *** [2d 9s 8c] [9h]
DerWeltheld: checks
RaisemyNut$: bets $6
DerWeltheld: calls $6
*** RIVER *** [2d 9s 8c 9h] [Kd]
DerWeltheld: checks
RaisemyNut$: checks
*** SHOW DOWN ***
DerWeltheld: shows [6h As] (a pair of Nines)
RaisemyNut$: shows [5d Ac] (a pair of Nines)
DerWeltheld collected $14.75 from pot
RaisemyNut$ collected $14.75 from pot
*** SUMMARY ***
Total pot $30 | Rake $0.50
Board [2d 9s 8c 9h Kd]
Seat 3: DerWeltheld (big blind) showed [6h As] and won ($14.75) with a pair of Nines
Seat 4: RaisemyNut$ (button) (small blind) showed [5d Ac] and won ($14.75) with a pair of Nines


PokerStars Hand #154531732856:  Hold'em Limit ($3/$6 USD) - 2016/06/09 22:54:48 ET
Table 'Ekard' 6-max Seat #3 is the button
Seat 3: DerWeltheld ($60.76 in chips)
Seat 4: RaisemyNut$ ($77.66 in chips)
DerWeltheld: posts small blind $1
RaisemyNut$: posts big blind $3
*** HOLE CARDS ***
DerWeltheld: raises $3 to $6
RaisemyNut$: calls $3
*** FLOP *** [4d Ad Td]
RaisemyNut$: checks
DerWeltheld: bets $3
RaisemyNut$: raises $3 to $6
DerWeltheld: calls $3
*** TURN *** [4d Ad Td] [Jc]
RaisemyNut$: bets $6
DerWeltheld: folds
Uncalled bet ($6) returned to RaisemyNut$
RaisemyNut$ collected $23.52 from pot
RaisemyNut$: doesn't show hand
*** SUMMARY ***
Total pot $24 | Rake $0.48
Board [4d Ad Td Jc]
Seat 3: DerWeltheld (button) (small blind) folded on the Turn
Seat 4: RaisemyNut$ (big blind) collected ($23.52)


PokerStars Hand #154531765857:  Hold'em Limit ($3/$6 USD) - 2016/06/09 22:56:49 ET
Table 'Ekard' 6-max Seat #3 is the button
Seat 3: DerWeltheld ($38.01 in chips)
Seat 4: RaisemyNut$ ($97.71 in chips)
DerWeltheld: posts small blind $1
RaisemyNut$: posts big blind $3
*** HOLE CARDS ***
DerWeltheld: folds
Uncalled bet ($2) returned to RaisemyNut$
RaisemyNut$ collected $2 from pot
RaisemyNut$: doesn't show hand
*** SUMMARY ***
Total pot $2 | Rake $0
Seat 3: DerWeltheld (button) (small blind) folded before Flop
Seat 4: RaisemyNut$ (big blind) collected ($2)


PokerStars Hand #154531760673:  Hold'em Limit ($3/$6 USD) - 2016/06/09 22:56:30 ET
Table 'Ekard' 6-max Seat #4 is the button
Seat 3: DerWeltheld ($53.01 in chips)
Seat 4: RaisemyNut$ ($83.21 in chips)
RaisemyNut$: posts small blind $1
DerWeltheld: posts big blind $3
*** HOLE CARDS ***
RaisemyNut$: raises $3 to $6
DerWeltheld: calls $3
*** FLOP *** [8h 3h Th]
DerWeltheld: checks
RaisemyNut$: bets $3
DerWeltheld: raises $3 to $6
RaisemyNut$: raises $3 to $9
DerWeltheld: calls $3
*** TURN *** [8h 3h Th] [2d]
DerWeltheld: checks
RaisemyNut$: bets $6
DerWeltheld: folds
Uncalled bet ($6) returned to RaisemyNut$
RaisemyNut$ collected $29.50 from pot
RaisemyNut$: doesn't show hand
*** SUMMARY ***
Total pot $30 | Rake $0.50
Board [8h 3h Th 2d]
Seat 3: DerWeltheld (big blind) folded on the Turn
Seat 4: RaisemyNut$ (button) (small blind) collected ($29.50)


PokerStars Hand #154531757588:  Hold'em Limit ($3/$6 USD) - 2016/06/09 22:56:18 ET
Table 'Ekard' 6-max Seat #3 is the button
Seat 3: DerWeltheld ($65.01 in chips)
Seat 4: RaisemyNut$ ($71.69 in chips)
DerWeltheld: posts small blind $1
RaisemyNut$: posts big blind $3
*** HOLE CARDS ***
DerWeltheld: raises $3 to $6
RaisemyNut$: raises $3 to $9
DerWeltheld: calls $3
*** FLOP *** [5s 9d 2c]
RaisemyNut$: bets $3
DerWeltheld: calls $3
*** TURN *** [5s 9d 2c] [As]
RaisemyNut$: bets $6
DerWeltheld: folds
Uncalled bet ($6) returned to RaisemyNut$
RaisemyNut$ collected $23.52 from pot
RaisemyNut$: doesn't show hand
*** SUMMARY ***
Total pot $24 | Rake $0.48
Board [5s 9d 2c As]
Seat 3: DerWeltheld (button) (small blind) folded on the Turn
Seat 4: RaisemyNut$ (big blind) collected ($23.52)


PokerStars Hand #154531751163:  Hold'em Limit ($3/$6 USD) - 2016/06/09 22:55:54 ET
Table 'Ekard' 6-max Seat #4 is the button
Seat 3: DerWeltheld ($38.51 in chips)
Seat 4: RaisemyNut$ ($98.69 in chips)
RaisemyNut$: posts small blind $1
DerWeltheld: posts big blind $3
*** HOLE CARDS ***
RaisemyNut$: raises $3 to $6
DerWeltheld: calls $3
*** FLOP *** [Ad Ts Qh]
DerWeltheld: checks
RaisemyNut$: bets $3
DerWeltheld: calls $3
*** TURN *** [Ad Ts Qh] [8s]
DerWeltheld: checks
RaisemyNut$: bets $6
DerWeltheld: calls $6
*** RIVER *** [Ad Ts Qh 8s] [9d]
DerWeltheld: checks
RaisemyNut$: bets $6
DerWeltheld: raises $6 to $12
RaisemyNut$: calls $6
*** SHOW DOWN ***
DerWeltheld: shows [3c Js] (a straight, Eight to Queen)
RaisemyNut$: mucks hand
DerWeltheld collected $53.50 from pot
*** SUMMARY ***
Total pot $54 | Rake $0.50
Board [Ad Ts Qh 8s 9d]
Seat 3: DerWeltheld (big blind) showed [3c Js] and won ($53.50) with a straight, Eight to Queen
Seat 4: RaisemyNut$ (button) (small blind) mucked


PokerStars Hand #154531779062:  Hold'em Limit ($3/$6 USD) - 2016/06/09 22:57:39 ET
Table 'Ekard' 6-max Seat #4 is the button
Seat 3: DerWeltheld ($48.51 in chips)
Seat 4: RaisemyNut$ ($86.35 in chips)
RaisemyNut$: posts small blind $1
DerWeltheld: posts big blind $3
*** HOLE CARDS ***
RaisemyNut$: raises $3 to $6
DerWeltheld: folds
Uncalled bet ($3) returned to RaisemyNut$
RaisemyNut$ collected $6 from pot
RaisemyNut$: doesn't show hand
*** SUMMARY ***
Total pot $6 | Rake $0
Seat 3: DerWeltheld (big blind) folded before Flop
Seat 4: RaisemyNut$ (button) (small blind) collected ($6)


PokerStars Hand #154531777941:  Hold'em Limit ($3/$6 USD) - 2016/06/09 22:57:34 ET
Table 'Ekard' 6-max Seat #3 is the button
Seat 3: DerWeltheld ($49.51 in chips)
Seat 4: RaisemyNut$ ($85.35 in chips)
DerWeltheld: posts small blind $1
RaisemyNut$: posts big blind $3
*** HOLE CARDS ***
DerWeltheld: folds
Uncalled bet ($2) returned to RaisemyNut$
RaisemyNut$ collected $2 from pot
RaisemyNut$: doesn't show hand
*** SUMMARY ***
Total pot $2 | Rake $0
Seat 3: DerWeltheld (button) (small blind) folded before Flop
Seat 4: RaisemyNut$ (big blind) collected ($2)


PokerStars Hand #154531776507:  Hold'em Limit ($3/$6 USD) - 2016/06/09 22:57:29 ET
Table 'Ekard' 6-max Seat #4 is the button
Seat 3: DerWeltheld ($48.51 in chips)
Seat 4: RaisemyNut$ ($86.35 in chips)
RaisemyNut$: posts small blind $1
DerWeltheld: posts big blind $3
*** HOLE CARDS ***
RaisemyNut$: folds
Uncalled bet ($2) returned to DerWeltheld
DerWeltheld collected $2 from pot
*** SUMMARY ***
Total pot $2 | Rake $0
Seat 3: DerWeltheld (big blind) collected ($2)
Seat 4: RaisemyNut$ (button) (small blind) folded before Flop


PokerStars Hand #154531772090:  Hold'em Limit ($3/$6 USD) - 2016/06/09 22:57:13 ET
Table 'Ekard' 6-max Seat #3 is the button
Seat 3: DerWeltheld ($57.51 in chips)
Seat 4: RaisemyNut$ ($77.71 in chips)
DerWeltheld: posts small blind $1
RaisemyNut$: posts big blind $3
*** HOLE CARDS ***
DerWeltheld: raises $3 to $6
RaisemyNut$: calls $3
*** FLOP *** [3s Qd 6c]
RaisemyNut$: checks
DerWeltheld: bets $3
RaisemyNut$: calls $3
*** TURN *** [3s Qd 6c] [Jh]
RaisemyNut$: checks
DerWeltheld: checks
*** RIVER *** [3s Qd 6c Jh] [6d]
RaisemyNut$: checks
DerWeltheld: checks
*** SHOW DOWN ***
RaisemyNut$: shows [4s Ac] (a pair of Sixes)
DerWeltheld: mucks hand
RaisemyNut$ collected $17.64 from pot
*** SUMMARY ***
Total pot $18 | Rake $0.36
Board [3s Qd 6c Jh 6d]
Seat 3: DerWeltheld (button) (small blind) mucked
Seat 4: RaisemyNut$ (big blind) showed [4s Ac] and won ($17.64) with a pair of Sixes


PokerStars Hand #154531766997:  Hold'em Limit ($3/$6 USD) - 2016/06/09 22:56:54 ET
Table 'Ekard' 6-max Seat #4 is the button
Seat 3: DerWeltheld ($37.01 in chips)
Seat 4: RaisemyNut$ ($98.71 in chips)
RaisemyNut$: posts small blind $1
DerWeltheld: posts big blind $3
*** HOLE CARDS ***
RaisemyNut$: raises $3 to $6
DerWeltheld: calls $3
*** FLOP *** [2s Tc 9s]
DerWeltheld: checks
RaisemyNut$: bets $3
DerWeltheld: calls $3
*** TURN *** [2s Tc 9s] [2c]
DerWeltheld: checks
RaisemyNut$: bets $6
DerWeltheld: raises $6 to $12
RaisemyNut$: calls $6
*** RIVER *** [2s Tc 9s 2c] [3s]
DerWeltheld: bets $6
RaisemyNut$: folds
Uncalled bet ($6) returned to DerWeltheld
DerWeltheld collected $41.50 from pot
*** SUMMARY ***
Total pot $42 | Rake $0.50
Board [2s Tc 9s 2c 3s]
Seat 3: DerWeltheld (big blind) collected ($41.50)
Seat 4: RaisemyNut$ (button) (small blind) folded on the River


PokerStars Hand #154531796570:  Hold'em Limit ($3/$6 USD) - 2016/06/09 22:58:44 ET
Table 'Ekard' 6-max Seat #4 is the button
Seat 3: DerWeltheld ($45.01 in chips)
Seat 4: RaisemyNut$ ($88.85 in chips)
RaisemyNut$: posts small blind $1
DerWeltheld: posts big blind $3
*** HOLE CARDS ***
RaisemyNut$: raises $3 to $6
DerWeltheld: folds
Uncalled bet ($3) returned to RaisemyNut$
RaisemyNut$ collected $6 from pot
RaisemyNut$: doesn't show hand
*** SUMMARY ***
Total pot $6 | Rake $0
Seat 3: DerWeltheld (big blind) folded before Flop
Seat 4: RaisemyNut$ (button) (small blind) collected ($6)


PokerStars Hand #154531795394:  Hold'em Limit ($3/$6 USD) - 2016/06/09 22:58:40 ET
Table 'Ekard' 6-max Seat #3 is the button
Seat 3: DerWeltheld ($46.01 in chips)
Seat 4: RaisemyNut$ ($87.85 in chips)
DerWeltheld: posts small blind $1
RaisemyNut$: posts big blind $3
*** HOLE CARDS ***
DerWeltheld: folds
Uncalled bet ($2) returned to RaisemyNut$
RaisemyNut$ collected $2 from pot
RaisemyNut$: doesn't show hand
*** SUMMARY ***
Total pot $2 | Rake $0
Seat 3: DerWeltheld (button) (small blind) folded before Flop
Seat 4: RaisemyNut$ (big blind) collected ($2)


PokerStars Hand #154531792839:  Hold'em Limit ($3/$6 USD) - 2016/06/09 22:58:30 ET
Table 'Ekard' 6-max Seat #3 is the button
Seat 3: DerWeltheld ($46.01 in chips)
Seat 4: RaisemyNut$ ($87.85 in chips)
DerWeltheld: posts small blind $1
RaisemyNut$: posts big blind $3
*** HOLE CARDS ***
DerWeltheld: folds
Uncalled bet ($2) returned to RaisemyNut$
RaisemyNut$ collected $2 from pot
RaisemyNut$: doesn't show hand
*** SUMMARY ***
Total pot $2 | Rake $0
Seat 3: DerWeltheld (button) (small blind) folded before Flop
Seat 4: RaisemyNut$ (big blind) collected ($2)


PokerStars Hand #154531791261:  Hold'em Limit ($3/$6 USD) - 2016/06/09 22:58:24 ET
Table 'Ekard' 6-max Seat #4 is the button
Seat 3: DerWeltheld ($45.01 in chips)
Seat 4: RaisemyNut$ ($88.85 in chips)
RaisemyNut$: posts small blind $1
DerWeltheld: posts big blind $3
*** HOLE CARDS ***
RaisemyNut$: folds
Uncalled bet ($2) returned to DerWeltheld
DerWeltheld collected $2 from pot
*** SUMMARY ***
Total pot $2 | Rake $0
Seat 3: DerWeltheld (big blind) collected ($2)
Seat 4: RaisemyNut$ (button) (small blind) folded before Flop


PokerStars Hand #154531789418:  Hold'em Limit ($3/$6 USD) - 2016/06/09 22:58:18 ET
Table 'Ekard' 6-max Seat #3 is the button
Seat 3: DerWeltheld ($42.01 in chips)
Seat 4: RaisemyNut$ ($91.85 in chips)
DerWeltheld: posts small blind $1
RaisemyNut$: posts big blind $3
*** HOLE CARDS ***
DerWeltheld: raises $3 to $6
RaisemyNut$: folds
Uncalled bet ($3) returned to DerWeltheld
DerWeltheld collected $6 from pot
*** SUMMARY ***
Total pot $6 | Rake $0
Seat 3: DerWeltheld (button) (small blind) collected ($6)
Seat 4: RaisemyNut$ (big blind) folded before Flop


PokerStars Hand #154531785170:  Hold'em Limit ($3/$6 USD) - 2016/06/09 22:58:02 ET
Table 'Ekard' 6-max Seat #4 is the button
Seat 3: DerWeltheld ($24.51 in chips)
Seat 4: RaisemyNut$ ($109.85 in chips)
RaisemyNut$: posts small blind $1
DerWeltheld: posts big blind $3
*** HOLE CARDS ***
RaisemyNut$: raises $3 to $6
DerWeltheld: calls $3
*** FLOP *** [5c 4s Ah]
DerWeltheld: checks
RaisemyNut$: bets $3
DerWeltheld: raises $3 to $6
RaisemyNut$: calls $3
*** TURN *** [5c 4s Ah] [7h]
DerWeltheld: bets $6
RaisemyNut$: calls $6
*** RIVER *** [5c 4s Ah 7h] [Js]
DerWeltheld: bets $6
RaisemyNut$: folds
Uncalled bet ($6) returned to DerWeltheld
DerWeltheld collected $35.50 from pot
*** SUMMARY ***
Total pot $36 | Rake $0.50
Board [5c 4s Ah 7h Js]
Seat 3: DerWeltheld (big blind) collected ($35.50)
Seat 4: RaisemyNut$ (button) (small blind) folded on the River


PokerStars Hand #154531780680:  Hold'em Limit ($3/$6 USD) - 2016/06/09 22:57:45 ET
Table 'Ekard' 6-max Seat #3 is the button
Seat 3: DerWeltheld ($45.51 in chips)
Seat 4: RaisemyNut$ ($89.35 in chips)
DerWeltheld: posts small blind $1
RaisemyNut$: posts big blind $3
*** HOLE CARDS ***
DerWeltheld: raises $3 to $6
RaisemyNut$: calls $3
*** FLOP *** [3c Ah 2h]
RaisemyNut$: checks
DerWeltheld: bets $3
RaisemyNut$: calls $3
*** TURN *** [3c Ah 2h] [Td]
RaisemyNut$: checks
DerWeltheld: bets $6
RaisemyNut$: calls $6
*** RIVER *** [3c Ah 2h Td] [5d]
RaisemyNut$: bets $6
DerWeltheld: calls $6
*** SHOW DOWN ***
RaisemyNut$: shows [Qs 4h] (a straight, Ace to Five)
DerWeltheld: mucks hand
RaisemyNut$ collected $41.50 from pot
*** SUMMARY ***
Total pot $42 | Rake $0.50
Board [3c Ah 2h Td 5d]
Seat 3: DerWeltheld (button) (small blind) mucked
Seat 4: RaisemyNut$ (big blind) showed [Qs 4h] and won ($41.50) with a straight, Ace to Five


PokerStars Hand #154531808397:  Hold'em Limit ($3/$6 USD) - 2016/06/09 22:59:28 ET
Table 'Ekard' 6-max Seat #3 is the button
Seat 3: DerWeltheld ($20.77 in chips)
Seat 4: RaisemyNut$ ($112.35 in chips)
DerWeltheld: posts small blind $1
RaisemyNut$: posts big blind $3
*** HOLE CARDS ***
DerWeltheld: raises $3 to $6
RaisemyNut$: calls $3
*** FLOP *** [2s 8h 9s]
RaisemyNut$: checks
DerWeltheld: bets $3
RaisemyNut$: calls $3
*** TURN *** [2s 8h 9s] [Ad]
RaisemyNut$: checks
DerWeltheld: bets $6
RaisemyNut$: folds
Uncalled bet ($6) returned to DerWeltheld
Pete81 joins the table at seat #1
DerWeltheld collected $17.64 from pot
*** SUMMARY ***
Total pot $18 | Rake $0.36
Board [2s 8h 9s Ad]
Seat 3: DerWeltheld (button) (small blind) collected ($17.64)
Seat 4: RaisemyNut$ (big blind) folded on the Turn


PokerStars Hand #154531802619:  Hold'em Limit ($3/$6 USD) - 2016/06/09 22:59:07 ET
Table 'Ekard' 6-max Seat #4 is the button
Seat 3: DerWeltheld ($47.77 in chips)
Seat 4: RaisemyNut$ ($85.85 in chips)
RaisemyNut$: posts small blind $1
DerWeltheld: posts big blind $3
*** HOLE CARDS ***
RaisemyNut$: raises $3 to $6
DerWeltheld: calls $3
*** FLOP *** [2s Ts 7c]
DerWeltheld: checks
RaisemyNut$: bets $3
DerWeltheld: calls $3
*** TURN *** [2s Ts 7c] [8s]
DerWeltheld: checks
RaisemyNut$: bets $6
DerWeltheld: raises $6 to $12
RaisemyNut$: calls $6
*** RIVER *** [2s Ts 7c 8s] [2h]
DerWeltheld: bets $6
RaisemyNut$: calls $6
*** SHOW DOWN ***
DerWeltheld: shows [7d 8d] (two pair, Eights and Sevens)
RaisemyNut$: shows [9h 9s] (two pair, Nines and Deuces)
RaisemyNut$ collected $53.50 from pot
*** SUMMARY ***
Total pot $54 | Rake $0.50
Board [2s Ts 7c 8s 2h]
Seat 3: DerWeltheld (big blind) showed [7d 8d] and lost with two pair, Eights and Sevens
Seat 4: RaisemyNut$ (button) (small blind) showed [9h 9s] and won ($53.50) with two pair, Nines and Deuces


PokerStars Hand #154531798162:  Hold'em Limit ($3/$6 USD) - 2016/06/09 22:58:50 ET
Table 'Ekard' 6-max Seat #3 is the button
Seat 3: DerWeltheld ($42.01 in chips)
Seat 4: RaisemyNut$ ($91.85 in chips)
DerWeltheld: posts small blind $1
RaisemyNut$: posts big blind $3
*** HOLE CARDS ***
DerWeltheld: raises $3 to $6
RaisemyNut$: calls $3
*** FLOP *** [2d Jc 9h]
RaisemyNut$: checks
DerWeltheld: checks
*** TURN *** [2d Jc 9h] [7c]
RaisemyNut$: checks
DerWeltheld: bets $6
RaisemyNut$: folds
Uncalled bet ($6) returned to DerWeltheld
DerWeltheld collected $11.76 from pot
*** SUMMARY ***
Total pot $12 | Rake $0.24
Board [2d Jc 9h 7c]
Seat 3: DerWeltheld (button) (small blind) collected ($11.76)
Seat 4: RaisemyNut$ (big blind) folded on the Turn


PokerStars Hand #154532867905:  Hold'em Limit ($3/$6 USD) - 2016/06/10 0:00:34 ET
Table 'Ekard' 6-max Seat #4 is the button
Seat 1: alpha2777 ($128.70 in chips)
Seat 4: RaisemyNut$ ($117.69 in chips)
RaisemyNut$: posts small blind $1
alpha2777: posts big blind $3
*** HOLE CARDS ***
RaisemyNut$: folds
Uncalled bet ($2) returned to alpha2777
alpha2777 collected $2 from pot
alpha2777: doesn't show hand
*** SUMMARY ***
Total pot $2 | Rake $0
Seat 1: alpha2777 (big blind) collected ($2)
Seat 4: RaisemyNut$ (button) (small blind) folded before Flop


PokerStars Hand #154532866390:  Hold'em Limit ($3/$6 USD) - 2016/06/10 0:00:27 ET
Table 'Ekard' 6-max Seat #1 is the button
Seat 1: alpha2777 ($129.70 in chips)
Seat 4: RaisemyNut$ ($116.69 in chips)
alpha2777: posts small blind $1
RaisemyNut$: posts big blind $3
*** HOLE CARDS ***
alpha2777: folds
Uncalled bet ($2) returned to RaisemyNut$
RaisemyNut$ collected $2 from pot
RaisemyNut$: doesn't show hand
*** SUMMARY ***
Total pot $2 | Rake $0
Seat 1: alpha2777 (button) (small blind) folded before Flop
Seat 4: RaisemyNut$ (big blind) collected ($2)


PokerStars Hand #154532863788:  Hold'em Limit ($3/$6 USD) - 2016/06/10 0:00:17 ET
Table 'Ekard' 6-max Seat #4 is the button
Seat 1: alpha2777 ($132.70 in chips)
Seat 4: RaisemyNut$ ($113.69 in chips)
RaisemyNut$: posts small blind $1
HAL9QQQ: is sitting out
alpha2777: posts big blind $3
*** HOLE CARDS ***
RaisemyNut$: raises $3 to $6
confususs leaves the table
alpha2777: folds
Uncalled bet ($3) returned to RaisemyNut$
RaisemyNut$ collected $6 from pot
RaisemyNut$: doesn't show hand
*** SUMMARY ***
Total pot $6 | Rake $0
Seat 1: alpha2777 (big blind) folded before Flop
Seat 4: RaisemyNut$ (button) (small blind) collected ($6)


PokerStars Hand #154532881114:  Hold'em Limit ($3/$6 USD) - 2016/06/10 0:01:26 ET
Table 'Ekard' 6-max Seat #1 is the button
Seat 1: alpha2777 ($102.70 in chips)
Seat 4: RaisemyNut$ ($142.71 in chips)
alpha2777: posts small blind $1
RaisemyNut$: posts big blind $3
*** HOLE CARDS ***
alpha2777: raises $3 to $6
RaisemyNut$: calls $3
*** FLOP *** [2d 8d 3s]
RaisemyNut$: checks
alpha2777: bets $3
RaisemyNut$: calls $3
*** TURN *** [2d 8d 3s] [Tc]
RaisemyNut$: checks
alpha2777: bets $6
RaisemyNut$: folds
Uncalled bet ($6) returned to alpha2777
alpha2777 collected $17.64 from pot
alpha2777: doesn't show hand
*** SUMMARY ***
Total pot $18 | Rake $0.36
Board [2d 8d 3s Tc]
Seat 1: alpha2777 (button) (small blind) collected ($17.64)
Seat 4: RaisemyNut$ (big blind) folded on the Turn


PokerStars Hand #154532869050:  Hold'em Limit ($3/$6 USD) - 2016/06/10 0:00:39 ET
Table 'Ekard' 6-max Seat #1 is the button
Seat 1: alpha2777 ($129.70 in chips)
Seat 4: RaisemyNut$ ($116.69 in chips)
alpha2777: posts small blind $1
RaisemyNut$: posts big blind $3
*** HOLE CARDS ***
alpha2777: raises $3 to $6
RaisemyNut$: calls $3
*** FLOP *** [8s 2h 9s]
RaisemyNut$: checks
alpha2777: bets $3
RaisemyNut$: raises $3 to $6
alpha2777: calls $3
*** TURN *** [8s 2h 9s] [8d]
RaisemyNut$: bets $6
alpha2777: folds
Uncalled bet ($6) returned to RaisemyNut$
RaisemyNut$ collected $23.52 from pot
RaisemyNut$: doesn't show hand
*** SUMMARY ***
Total pot $24 | Rake $0.48
Board [8s 2h 9s 8d]
Seat 1: alpha2777 (button) (small blind) folded on the Turn
Seat 4: RaisemyNut$ (big blind) collected ($23.52)


PokerStars Hand #154532873545:  Hold'em Limit ($3/$6 USD) - 2016/06/10 0:00:56 ET
Table 'Ekard' 6-max Seat #4 is the button
Seat 1: alpha2777 ($117.70 in chips)
Seat 4: RaisemyNut$ ($128.21 in chips)
RaisemyNut$: posts small blind $1
alpha2777: posts big blind $3
*** HOLE CARDS ***
RaisemyNut$: raises $3 to $6
alpha2777: raises $3 to $9
HAL9QQQ leaves the table
RaisemyNut$: raises $3 to $12
Betting is capped
alpha2777: calls $3
*** FLOP *** [Jd Js 3d]
alpha2777: checks
RaisemyNut$: bets $3
alpha2777: calls $3
*** TURN *** [Jd Js 3d] [4s]
alpha2777: checks
RaisemyNut$: bets $6
alpha2777: folds
Uncalled bet ($6) returned to RaisemyNut$
RaisemyNut$ collected $29.50 from pot
RaisemyNut$: doesn't show hand
*** SUMMARY ***
Total pot $30 | Rake $0.50
Board [Jd Js 3d 4s]
Seat 1: alpha2777 (big blind) folded on the Turn
Seat 4: RaisemyNut$ (button) (small blind) collected ($29.50)


PokerStars Hand #154532890962:  Hold'em Limit ($3/$6 USD) - 2016/06/10 0:02:04 ET
Table 'Ekard' 6-max Seat #1 is the button
Seat 1: alpha2777 ($117.10 in chips)
Seat 4: RaisemyNut$ ($127.71 in chips)
alpha2777: posts small blind $1
RaisemyNut$: posts big blind $3
*** HOLE CARDS ***
alpha2777: raises $3 to $6
RaisemyNut$: calls $3
*** FLOP *** [Ks 5h 2s]
RaisemyNut$: checks
alpha2777: bets $3
RaisemyNut$: folds
Uncalled bet ($3) returned to alpha2777
alpha2777 collected $11.76 from pot
alpha2777: doesn't show hand
*** SUMMARY ***
Total pot $12 | Rake $0.24
Board [Ks 5h 2s]
Seat 1: alpha2777 (button) (small blind) collected ($11.76)
Seat 4: RaisemyNut$ (big blind) folded on the Flop


PokerStars Hand #154532895787:  Hold'em Limit ($3/$6 USD) - 2016/06/10 0:02:22 ET
Table 'Ekard' 6-max Seat #4 is the button
Seat 1: alpha2777 ($122.86 in chips)
Seat 4: RaisemyNut$ ($121.71 in chips)
RaisemyNut$: posts small blind $1
alpha2777: posts big blind $3
*** HOLE CARDS ***
RaisemyNut$: raises $3 to $6
alpha2777: calls $3
*** FLOP *** [5d 8d Qc]
alpha2777: checks
RaisemyNut$: bets $3
alpha2777: calls $3
*** TURN *** [5d 8d Qc] [9h]
alpha2777: checks
RaisemyNut$: bets $6
alpha2777: raises $6 to $12
RaisemyNut$: calls $6
*** RIVER *** [5d 8d Qc 9h] [Qs]
alpha2777: bets $6
RaisemyNut$: folds
Uncalled bet ($6) returned to alpha2777
alpha2777 collected $41.50 from pot
alpha2777: doesn't show hand
*** SUMMARY ***
Total pot $42 | Rake $0.50
Board [5d 8d Qc 9h Qs]
Seat 1: alpha2777 (big blind) collected ($41.50)
Seat 4: RaisemyNut$ (button) (small blind) folded on the River


PokerStars Hand #154532887165:  Hold'em Limit ($3/$6 USD) - 2016/06/10 0:01:50 ET
Table 'Ekard' 6-max Seat #4 is the button
Seat 1: alpha2777 ($111.34 in chips)
Seat 4: RaisemyNut$ ($133.71 in chips)
RaisemyNut$: posts small blind $1
alpha2777: posts big blind $3
*** HOLE CARDS ***
RaisemyNut$: raises $3 to $6
alpha2777: calls $3
*** FLOP *** [3s Qc 9c]
alpha2777: bets $3
RaisemyNut$: folds
Uncalled bet ($3) returned to alpha2777
alpha2777 collected $11.76 from pot
alpha2777: doesn't show hand
*** SUMMARY ***
Total pot $12 | Rake $0.24
Board [3s Qc 9c]
Seat 1: alpha2777 (big blind) collected ($11.76)
Seat 4: RaisemyNut$ (button) (small blind) folded on the Flop


PokerStars Hand #154532901433:  Hold'em Limit ($3/$6 USD) - 2016/06/10 0:02:44 ET
Table 'Ekard' 6-max Seat #1 is the button
Seat 1: alpha2777 ($143.36 in chips)
Seat 4: RaisemyNut$ ($100.71 in chips)
alpha2777: posts small blind $1
RaisemyNut$: posts big blind $3
*** HOLE CARDS ***
alpha2777: raises $3 to $6
RaisemyNut$: raises $3 to $9
alpha2777: calls $3
*** FLOP *** [5s 7s Kc]
RaisemyNut$: bets $3
alpha2777: calls $3
*** TURN *** [5s 7s Kc] [8h]
RaisemyNut$: checks
alpha2777: bets $6
RaisemyNut$: calls $6
*** RIVER *** [5s 7s Kc 8h] [9c]
RaisemyNut$: checks
alpha2777: checks
*** SHOW DOWN ***
RaisemyNut$: shows [Ad Ts] (high card Ace)
alpha2777: shows [5c 4c] (a pair of Fives)
alpha2777 collected $35.50 from pot
*** SUMMARY ***
Total pot $36 | Rake $0.50
Board [5s 7s Kc 8h 9c]
Seat 1: alpha2777 (button) (small blind) showed [5c 4c] and won ($35.50) with a pair of Fives
Seat 4: RaisemyNut$ (big blind) showed [Ad Ts] and lost with high card Ace


PokerStars Hand #154532908564:  Hold'em Limit ($3/$6 USD) - 2016/06/10 0:03:11 ET
Table 'Ekard' 6-max Seat #4 is the button
Seat 1: alpha2777 ($160.86 in chips)
Seat 4: RaisemyNut$ ($82.71 in chips)
RaisemyNut$: posts small blind $1
alpha2777: posts big blind $3
*** HOLE CARDS ***
RaisemyNut$: raises $3 to $6
alpha2777: raises $3 to $9
RaisemyNut$: calls $3
*** FLOP *** [Jh Qh 6h]
alpha2777: bets $3
RaisemyNut$: raises $3 to $6
alpha2777: calls $3
*** TURN *** [Jh Qh 6h] [3s]
alpha2777: checks
RaisemyNut$: bets $6
alpha2777: calls $6
*** RIVER *** [Jh Qh 6h 3s] [6s]
alpha2777: checks
RaisemyNut$: bets $6
alpha2777: calls $6
*** SHOW DOWN ***
RaisemyNut$: shows [7h 5d] (a pair of Sixes)
alpha2777: shows [9h Ac] (a pair of Sixes - Ace kicker)
alpha2777 collected $53.50 from pot
*** SUMMARY ***
Total pot $54 | Rake $0.50
Board [Jh Qh 6h 3s 6s]
Seat 1: alpha2777 (big blind) showed [9h Ac] and won ($53.50) with a pair of Sixes
Seat 4: RaisemyNut$ (button) (small blind) showed [7h 5d] and lost with a pair of Sixes


PokerStars Hand #154532916616:  Hold'em Limit ($3/$6 USD) - 2016/06/10 0:03:41 ET
Table 'Ekard' 6-max Seat #1 is the button
Seat 1: alpha2777 ($187.36 in chips)
Seat 4: RaisemyNut$ ($60 in chips)
alpha2777: posts small blind $1
RaisemyNut$: posts big blind $3
*** HOLE CARDS ***
alpha2777: raises $3 to $6
RaisemyNut$: raises $3 to $9
alpha2777: calls $3
*** FLOP *** [9d 7c 3c]
RaisemyNut$: bets $3
alpha2777: calls $3
*** TURN *** [9d 7c 3c] [Qc]
RaisemyNut$: bets $6
alpha2777: calls $6
*** RIVER *** [9d 7c 3c Qc] [7s]
RaisemyNut$: checks
alpha2777: bets $6
RaisemyNut$: calls $6
*** SHOW DOWN ***
alpha2777: shows [8d 6d] (a pair of Sevens)
RaisemyNut$: shows [Ks Jc] (a pair of Sevens - King kicker)
RaisemyNut$ collected $47.50 from pot
*** SUMMARY ***
Total pot $48 | Rake $0.50
Board [9d 7c 3c Qc 7s]
Seat 1: alpha2777 (button) (small blind) showed [8d 6d] and lost with a pair of Sevens
Seat 4: RaisemyNut$ (big blind) showed [Ks Jc] and won ($47.50) with a pair of Sevens


