PokerStars Hand #160736754493:  Hold'em Limit ($3/$6 USD) - 2016/11/01 9:15:41 ET
Table 'Ekard II' 6-max Seat #2 is the button
Seat 1: s4ntaa ($23.34 in chips)
Seat 2: AllanW ($94.90 in chips)
AllanW: posts small blind $1
s4ntaa: posts big blind $3
*** HOLE CARDS ***
VolkovDmitri leaves the table
AllanW: raises $3 to $6
s4ntaa: calls $3
*** FLOP *** [Qd 7h 5s]
s4ntaa: checks
AllanW: bets $3
s4ntaa: folds
Uncalled bet ($3) returned to AllanW
AllanW collected $11.76 from pot
AllanW: doesn't show hand
*** SUMMARY ***
Total pot $12 | Rake $0.24
Board [Qd 7h 5s]
Seat 1: s4ntaa (big blind) folded on the Flop
Seat 2: AllanW (button) (small blind) collected ($11.76)


PokerStars Hand #160736774707:  Hold'em Limit ($3/$6 USD) - 2016/11/01 9:16:17 ET
Table 'Ekard II' 6-max Seat #1 is the button
Seat 1: s4ntaa ($32.18 in chips)
Seat 2: AllanW ($85.32 in chips)
s4ntaa: posts small blind $1
AllanW: posts big blind $3
*** HOLE CARDS ***
s4ntaa: raises $3 to $6
AllanW: raises $3 to $9
s4ntaa: raises $3 to $12
Betting is capped
AllanW: calls $3
*** FLOP *** [3h 4c 2s]
AllanW: checks
s4ntaa: bets $3
AllanW: calls $3
*** TURN *** [3h 4c 2s] [Js]
AllanW: checks
s4ntaa: bets $6
AllanW: raises $6 to $12
s4ntaa: raises $5.18 to $17.18 and is all-in
AllanW: calls $5.18
*** RIVER *** [3h 4c 2s Js] [8d]
*** SHOW DOWN ***
AllanW: shows [Td Jc] (a pair of Jacks)
s4ntaa: shows [Qc Ks] (high card King)
AllanW collected $63.86 from pot
*** SUMMARY ***
Total pot $64.36 | Rake $0.50
Board [3h 4c 2s Js 8d]
Seat 1: s4ntaa (button) (small blind) showed [Qc Ks] and lost with high card King
Seat 2: AllanW (big blind) showed [Td Jc] and won ($63.86) with a pair of Jacks


PokerStars Hand #160736764689:  Hold'em Limit ($3/$6 USD) - 2016/11/01 9:15:59 ET
Table 'Ekard II' 6-max Seat #2 is the button
Seat 1: s4ntaa ($16.34 in chips)
Seat 2: AllanW ($101.66 in chips)
AllanW: posts small blind $1
s4ntaa: posts big blind $3
*** HOLE CARDS ***
AllanW: raises $3 to $6
s4ntaa: raises $3 to $9
AllanW: calls $3
*** FLOP *** [2h 8d Th]
s4ntaa: bets $3
AllanW: raises $3 to $6
s4ntaa: raises $1.34 to $7.34 and is all-in
AllanW: calls $1.34
*** TURN *** [2h 8d Th] [9c]
*** RIVER *** [2h 8d Th 9c] [8s]
*** SHOW DOWN ***
s4ntaa: shows [2c As] (two pair, Eights and Deuces)
AllanW: shows [Js Ks] (a pair of Eights)
s4ntaa collected $32.18 from pot
Psynto joins the table at seat #3
*** SUMMARY ***
Total pot $32.68 | Rake $0.50
Board [2h 8d Th 9c 8s]
Seat 1: s4ntaa (big blind) showed [2c As] and won ($32.18) with two pair, Eights and Deuces
Seat 2: AllanW (button) (small blind) showed [Js Ks] and lost with a pair of Eights


PokerStars Hand #160736761723:  Hold'em Limit ($3/$6 USD) - 2016/11/01 9:15:54 ET
Table 'Ekard II' 6-max Seat #1 is the button
Seat 1: s4ntaa ($17.34 in chips)
Seat 2: AllanW ($100.66 in chips)
s4ntaa: posts small blind $1
AllanW: posts big blind $3
*** HOLE CARDS ***
s4ntaa: folds
Uncalled bet ($2) returned to AllanW
AllanW collected $2 from pot
AllanW: doesn't show hand
*** SUMMARY ***
Total pot $2 | Rake $0
Seat 1: s4ntaa (button) (small blind) folded before Flop
Seat 2: AllanW (big blind) collected ($2)


PokerStars Hand #160736804931:  Hold'em Limit ($3/$6 USD) - 2016/11/01 9:17:10 ET
Table 'Ekard II' 6-max Seat #3 is the button
Seat 2: AllanW ($96 in chips)
Seat 3: Psynto ($92.50 in chips)
Psynto: posts small blind $1
AllanW: posts big blind $3
*** HOLE CARDS ***
Psynto: raises $3 to $6
AllanW: raises $3 to $9
Psynto: calls $3
*** FLOP *** [Jh Kh 2s]
AllanW: bets $3
Psynto: calls $3
*** TURN *** [Jh Kh 2s] [6c]
AllanW: bets $6
Psynto: calls $6
*** RIVER *** [Jh Kh 2s 6c] [7c]
AllanW: bets $6
Psynto: calls $6
*** SHOW DOWN ***
AllanW: shows [5h Qh] (high card King)
Psynto: shows [9h Js] (a pair of Jacks)
Psynto collected $47.50 from pot
*** SUMMARY ***
Total pot $48 | Rake $0.50
Board [Jh Kh 2s 6c 7c]
Seat 2: AllanW (big blind) showed [5h Qh] and lost with high card King
Seat 3: Psynto (button) (small blind) showed [9h Js] and won ($47.50) with a pair of Jacks


PokerStars Hand #160736786814:  Hold'em Limit ($3/$6 USD) - 2016/11/01 9:16:38 ET
Table 'Ekard II' 6-max Seat #2 is the button
Seat 2: AllanW ($117 in chips)
Seat 3: Psynto ($72 in chips)
AllanW: posts small blind $1
Psynto: posts big blind $3
*** HOLE CARDS ***
AllanW: raises $3 to $6
s4ntaa leaves the table
Psynto: calls $3
*** FLOP *** [6d 9h 8c]
Psynto: checks
AllanW: bets $3
Psynto: calls $3
*** TURN *** [6d 9h 8c] [4d]
Psynto: checks
AllanW: bets $6
Psynto: calls $6
*** RIVER *** [6d 9h 8c 4d] [3d]
Psynto: checks
AllanW: bets $6
Psynto: raises $6 to $12
AllanW: folds
Uncalled bet ($6) returned to Psynto
Psynto collected $41.50 from pot
Psynto: doesn't show hand
*** SUMMARY ***
Total pot $42 | Rake $0.50
Board [6d 9h 8c 4d 3d]
Seat 2: AllanW (button) (small blind) folded on the River
Seat 3: Psynto (big blind) collected ($41.50)


