PokerStars Hand #144623107135:  Hold'em Limit ($3/$6 USD) - 2015/11/30 14:35:52 ET
Table 'El Djezair II' 10-max Seat #9 is the button
Seat 8: perten ($86.28 in chips)
Seat 9: kolaz03 ($109.91 in chips)
kolaz03: posts small blind $1
perten: posts big blind $3
*** HOLE CARDS ***
kolaz03: raises $3 to $6
perten: raises $3 to $9
kolaz03: calls $3
*** FLOP *** [6d 2s 6s]
perten: bets $3
kolaz03: calls $3
*** TURN *** [6d 2s 6s] [4c]
perten: bets $6
kolaz03: folds
Uncalled bet ($6) returned to perten
perten collected $23.52 from pot
perten: doesn't show hand
*** SUMMARY ***
Total pot $24 | Rake $0.48
Board [6d 2s 6s 4c]
Seat 8: perten (big blind) collected ($23.52)
Seat 9: kolaz03 (button) (small blind) folded on the Turn


PokerStars Hand #144623083843:  Hold'em Limit ($3/$6 USD) - 2015/11/30 14:35:28 ET
Table 'El Djezair II' 10-max Seat #9 is the button
Seat 8: perten ($75.76 in chips)
Seat 9: kolaz03 ($120.91 in chips)
kolaz03: posts small blind $1
perten: posts big blind $3
*** HOLE CARDS ***
kolaz03: raises $3 to $6
perten: raises $3 to $9
kolaz03: calls $3
*** FLOP *** [2d 2h 3d]
perten: bets $3
kolaz03: calls $3
*** TURN *** [2d 2h 3d] [8h]
perten: checks
kolaz03: checks
*** RIVER *** [2d 2h 3d 8h] [8s]
perten: bets $6
kolaz03: folds
Uncalled bet ($6) returned to perten
perten collected $23.52 from pot
perten: doesn't show hand
*** SUMMARY ***
Total pot $24 | Rake $0.48
Board [2d 2h 3d 8h 8s]
Seat 8: perten (big blind) collected ($23.52)
Seat 9: kolaz03 (button) (small blind) folded on the River


PokerStars Hand #144623102067:  Hold'em Limit ($3/$6 USD) - 2015/11/30 14:35:47 ET
Table 'El Djezair II' 10-max Seat #8 is the button
Seat 8: perten ($87.28 in chips)
Seat 9: kolaz03 ($108.91 in chips)
perten: posts small blind $1
kolaz03: posts big blind $3
*** HOLE CARDS ***
perten: folds
Uncalled bet ($2) returned to kolaz03
kolaz03 collected $2 from pot
kolaz03: doesn't show hand
*** SUMMARY ***
Total pot $2 | Rake $0
Seat 8: perten (button) (small blind) folded before Flop
Seat 9: kolaz03 (big blind) collected ($2)


PokerStars Hand #144623129913:  Hold'em Limit ($3/$6 USD) - 2015/11/30 14:36:15 ET
Table 'El Djezair II' 10-max Seat #8 is the button
Seat 8: perten ($97.80 in chips)
Seat 9: kolaz03 ($97.91 in chips)
perten: posts small blind $1
kolaz03: posts big blind $3
*** HOLE CARDS ***
perten: calls $2
kolaz03: checks
*** FLOP *** [7c 7d 6d]
kolaz03: checks
perten: bets $3
kolaz03: calls $3
*** TURN *** [7c 7d 6d] [6c]
kolaz03: checks
perten: checks
*** RIVER *** [7c 7d 6d 6c] [Th]
kolaz03: checks
perten: checks
*** SHOW DOWN ***
kolaz03: shows [3d Kc] (two pair, Sevens and Sixes)
perten: mucks hand
kolaz03 collected $11.76 from pot
*** SUMMARY ***
Total pot $12 | Rake $0.24
Board [7c 7d 6d 6c Th]
Seat 8: perten (button) (small blind) mucked
Seat 9: kolaz03 (big blind) showed [3d Kc] and won ($11.76) with two pair, Sevens and Sixes


PokerStars Hand #144623176112:  Hold'em Limit ($3/$6 USD) - 2015/11/30 14:37:02 ET
Table 'El Djezair II' 10-max Seat #8 is the button
Seat 8: perten ($76.80 in chips)
Seat 9: kolaz03 ($118.17 in chips)
perten: posts small blind $1
kolaz03: posts big blind $3
*** HOLE CARDS ***
perten: raises $3 to $6
kolaz03: calls $3
*** FLOP *** [4s 3d As]
kolaz03: checks
perten: bets $3
kolaz03: calls $3
*** TURN *** [4s 3d As] [5c]
kolaz03: bets $6
perten: folds
Uncalled bet ($6) returned to kolaz03
kolaz03 collected $17.64 from pot
kolaz03: doesn't show hand
*** SUMMARY ***
Total pot $18 | Rake $0.36
Board [4s 3d As 5c]
Seat 8: perten (button) (small blind) folded on the Turn
Seat 9: kolaz03 (big blind) collected ($17.64)


PokerStars Hand #144623196581:  Hold'em Limit ($3/$6 USD) - 2015/11/30 14:37:22 ET
Table 'El Djezair II' 10-max Seat #8 is the button
Seat 8: perten ($68.80 in chips)
Seat 9: kolaz03 ($125.81 in chips)
perten: posts small blind $1
kolaz03: posts big blind $3
*** HOLE CARDS ***
perten: folds
Uncalled bet ($2) returned to kolaz03
kolaz03 collected $2 from pot
kolaz03: doesn't show hand
*** SUMMARY ***
Total pot $2 | Rake $0
Seat 8: perten (button) (small blind) folded before Flop
Seat 9: kolaz03 (big blind) collected ($2)


PokerStars Hand #144623192389:  Hold'em Limit ($3/$6 USD) - 2015/11/30 14:37:18 ET
Table 'El Djezair II' 10-max Seat #9 is the button
Seat 8: perten ($67.80 in chips)
Seat 9: kolaz03 ($126.81 in chips)
kolaz03: posts small blind $1
perten: posts big blind $3
*** HOLE CARDS ***
kolaz03: folds
Uncalled bet ($2) returned to perten
perten collected $2 from pot
perten: doesn't show hand
*** SUMMARY ***
Total pot $2 | Rake $0
Seat 8: perten (big blind) collected ($2)
Seat 9: kolaz03 (button) (small blind) folded before Flop


PokerStars Hand #144623149705:  Hold'em Limit ($3/$6 USD) - 2015/11/30 14:36:35 ET
Table 'El Djezair II' 10-max Seat #9 is the button
Seat 8: perten ($91.80 in chips)
Seat 9: kolaz03 ($103.67 in chips)
kolaz03: posts small blind $1
perten: posts big blind $3
*** HOLE CARDS ***
kolaz03: raises $3 to $6
perten: calls $3
*** FLOP *** [7s 2c 6s]
perten: checks
kolaz03: bets $3
perten: calls $3
*** TURN *** [7s 2c 6s] [4s]
perten: checks
kolaz03: bets $6
perten: calls $6
*** RIVER *** [7s 2c 6s 4s] [5c]
perten: checks
kolaz03: checks
*** SHOW DOWN ***
perten: shows [Tc Js] (high card Jack)
kolaz03: shows [6d Th] (a pair of Sixes)
kolaz03 collected $29.50 from pot
*** SUMMARY ***
Total pot $30 | Rake $0.50
Board [7s 2c 6s 4s 5c]
Seat 8: perten (big blind) showed [Tc Js] and lost with high card Jack
Seat 9: kolaz03 (button) (small blind) showed [6d Th] and won ($29.50) with a pair of Sixes


PokerStars Hand #144623212286:  Hold'em Limit ($3/$6 USD) - 2015/11/30 14:37:38 ET
Table 'El Djezair II' 10-max Seat #9 is the button
Seat 8: perten ($63.80 in chips)
Seat 9: kolaz03 ($130.81 in chips)
kolaz03: posts small blind $1
perten: posts big blind $3
*** HOLE CARDS ***
kolaz03: folds
Uncalled bet ($2) returned to perten
perten collected $2 from pot
perten: doesn't show hand
*** SUMMARY ***
Total pot $2 | Rake $0
Seat 8: perten (big blind) collected ($2)
Seat 9: kolaz03 (button) (small blind) folded before Flop


PokerStars Hand #144623207537:  Hold'em Limit ($3/$6 USD) - 2015/11/30 14:37:34 ET
Table 'El Djezair II' 10-max Seat #8 is the button
Seat 8: perten ($64.80 in chips)
Seat 9: kolaz03 ($129.81 in chips)
perten: posts small blind $1
kolaz03: posts big blind $3
*** HOLE CARDS ***
perten: folds
Uncalled bet ($2) returned to kolaz03
kolaz03 collected $2 from pot
kolaz03: doesn't show hand
*** SUMMARY ***
Total pot $2 | Rake $0
Seat 8: perten (button) (small blind) folded before Flop
Seat 9: kolaz03 (big blind) collected ($2)


PokerStars Hand #144623202201:  Hold'em Limit ($3/$6 USD) - 2015/11/30 14:37:28 ET
Table 'El Djezair II' 10-max Seat #9 is the button
Seat 8: perten ($67.80 in chips)
Seat 9: kolaz03 ($126.81 in chips)
kolaz03: posts small blind $1
perten: posts big blind $3
*** HOLE CARDS ***
kolaz03: raises $3 to $6
perten: folds
Uncalled bet ($3) returned to kolaz03
kolaz03 collected $6 from pot
kolaz03: doesn't show hand
*** SUMMARY ***
Total pot $6 | Rake $0
Seat 8: perten (big blind) folded before Flop
Seat 9: kolaz03 (button) (small blind) collected ($6)


PokerStars Hand #144623244582:  Hold'em Limit ($3/$6 USD) - 2015/11/30 14:38:11 ET
Table 'El Djezair II' 10-max Seat #8 is the button
Seat 8: perten ($64.56 in chips)
Seat 9: kolaz03 ($129.57 in chips)
perten: posts small blind $1
kolaz03: posts big blind $3
*** HOLE CARDS ***
perten: raises $3 to $6
kolaz03: calls $3
*** FLOP *** [3c 8s Ks]
kolaz03: checks
perten: bets $3
kolaz03: raises $3 to $6
perten: calls $3
*** TURN *** [3c 8s Ks] [Qc]
kolaz03: bets $6
perten: folds
Uncalled bet ($6) returned to kolaz03
kolaz03 collected $23.52 from pot
kolaz03: doesn't show hand
*** SUMMARY ***
Total pot $24 | Rake $0.48
Board [3c 8s Ks Qc]
Seat 8: perten (button) (small blind) folded on the Turn
Seat 9: kolaz03 (big blind) collected ($23.52)


PokerStars Hand #144623218589:  Hold'em Limit ($3/$6 USD) - 2015/11/30 14:37:45 ET
Table 'El Djezair II' 10-max Seat #8 is the button
Seat 8: perten ($64.80 in chips)
Seat 9: kolaz03 ($129.81 in chips)
perten: posts small blind $1
kolaz03: posts big blind $3
*** HOLE CARDS ***
perten: raises $3 to $6
kolaz03: calls $3
*** FLOP *** [Ts 7d 2h]
kolaz03: checks
perten: checks
*** TURN *** [Ts 7d 2h] [6s]
kolaz03: checks
perten: checks
*** RIVER *** [Ts 7d 2h 6s] [Kc]
kolaz03: checks
perten: bets $6
kolaz03: folds
Uncalled bet ($6) returned to perten
perten collected $11.76 from pot
perten: doesn't show hand
*** SUMMARY ***
Total pot $12 | Rake $0.24
Board [Ts 7d 2h 6s Kc]
Seat 8: perten (button) (small blind) collected ($11.76)
Seat 9: kolaz03 (big blind) folded on the River


PokerStars Hand #144623236252:  Hold'em Limit ($3/$6 USD) - 2015/11/30 14:38:03 ET
Table 'El Djezair II' 10-max Seat #9 is the button
Seat 8: perten ($70.56 in chips)
Seat 9: kolaz03 ($123.81 in chips)
kolaz03: posts small blind $1
perten: posts big blind $3
*** HOLE CARDS ***
kolaz03: raises $3 to $6
perten: calls $3
*** FLOP *** [Ah 9d 2h]
perten: checks
kolaz03: bets $3
perten: folds
Uncalled bet ($3) returned to kolaz03
kolaz03 collected $11.76 from pot
kolaz03: doesn't show hand
*** SUMMARY ***
Total pot $12 | Rake $0.24
Board [Ah 9d 2h]
Seat 8: perten (big blind) folded on the Flop
Seat 9: kolaz03 (button) (small blind) collected ($11.76)


PokerStars Hand #144623258715:  Hold'em Limit ($3/$6 USD) - 2015/11/30 14:38:25 ET
Table 'El Djezair II' 10-max Seat #9 is the button
Seat 8: perten ($52.56 in chips)
Seat 9: kolaz03 ($141.09 in chips)
kolaz03: posts small blind $1
perten: posts big blind $3
*** HOLE CARDS ***
kolaz03: raises $3 to $6
perten: raises $3 to $9
kolaz03: calls $3
*** FLOP *** [9s 7h 2s]
perten: bets $3
kolaz03: calls $3
*** TURN *** [9s 7h 2s] [Td]
perten: bets $6
kolaz03: calls $6
*** RIVER *** [9s 7h 2s Td] [9c]
perten: bets $6
kolaz03: folds
Uncalled bet ($6) returned to perten
perten collected $35.50 from pot
perten: doesn't show hand
*** SUMMARY ***
Total pot $36 | Rake $0.50
Board [9s 7h 2s Td 9c]
Seat 8: perten (big blind) collected ($35.50)
Seat 9: kolaz03 (button) (small blind) folded on the River


PokerStars Hand #144623272021:  Hold'em Limit ($3/$6 USD) - 2015/11/30 14:38:39 ET
Table 'El Djezair II' 10-max Seat #8 is the button
Seat 8: perten ($70.06 in chips)
Seat 9: kolaz03 ($123.09 in chips)
perten: posts small blind $1
kolaz03: posts big blind $3
*** HOLE CARDS ***
perten: raises $3 to $6
kolaz03: calls $3
*** FLOP *** [2s Td 3s]
kolaz03: checks
perten: bets $3
kolaz03: raises $3 to $6
perten: raises $3 to $9
kolaz03: raises $3 to $12
Betting is capped
perten: calls $3
*** TURN *** [2s Td 3s] [7d]
kolaz03: bets $6
perten: calls $6
*** RIVER *** [2s Td 3s 7d] [8d]
kolaz03: bets $6
perten: raises $6 to $12
kolaz03: calls $6
*** SHOW DOWN ***
perten: shows [8h Ts] (two pair, Tens and Eights)
kolaz03: mucks hand
perten collected $71.50 from pot
*** SUMMARY ***
Total pot $72 | Rake $0.50
Board [2s Td 3s 7d 8d]
Seat 8: perten (button) (small blind) showed [8h Ts] and won ($71.50) with two pair, Tens and Eights
Seat 9: kolaz03 (big blind) mucked


PokerStars Hand #144623306491:  Hold'em Limit ($3/$6 USD) - 2015/11/30 14:39:14 ET
Table 'El Djezair II' 10-max Seat #9 is the button
Seat 8: perten ($105.56 in chips)
Seat 9: kolaz03 ($87.09 in chips)
kolaz03: posts small blind $1
perten: posts big blind $3
*** HOLE CARDS ***
kolaz03: raises $3 to $6
perten: raises $3 to $9
kolaz03: calls $3
*** FLOP *** [Th Qh As]
perten: bets $3
kolaz03: calls $3
*** TURN *** [Th Qh As] [7s]
perten: bets $6
kolaz03: folds
Uncalled bet ($6) returned to perten
perten collected $23.52 from pot
perten: doesn't show hand
*** SUMMARY ***
Total pot $24 | Rake $0.48
Board [Th Qh As 7s]
Seat 8: perten (big blind) collected ($23.52)
Seat 9: kolaz03 (button) (small blind) folded on the Turn


PokerStars Hand #144623337361:  Hold'em Limit ($3/$6 USD) - 2015/11/30 14:39:45 ET
Table 'El Djezair II' 10-max Seat #9 is the button
Seat 8: perten ($120.08 in chips)
Seat 9: kolaz03 ($72.09 in chips)
kolaz03: posts small blind $1
perten: posts big blind $3
*** HOLE CARDS ***
kolaz03: raises $3 to $6
perten: folds
Uncalled bet ($3) returned to kolaz03
kolaz03 collected $6 from pot
kolaz03: doesn't show hand
*** SUMMARY ***
Total pot $6 | Rake $0
Seat 8: perten (big blind) folded before Flop
Seat 9: kolaz03 (button) (small blind) collected ($6)


PokerStars Hand #144623343030:  Hold'em Limit ($3/$6 USD) - 2015/11/30 14:39:51 ET
Table 'El Djezair II' 10-max Seat #8 is the button
Seat 8: perten ($117.08 in chips)
Seat 9: kolaz03 ($75.09 in chips)
perten: posts small blind $1
kolaz03: posts big blind $3
*** HOLE CARDS ***
perten: raises $3 to $6
kolaz03: calls $3
*** FLOP *** [Jc Ts 9d]
kolaz03: checks
perten: checks
*** TURN *** [Jc Ts 9d] [Jd]
kolaz03: checks
perten: checks
*** RIVER *** [Jc Ts 9d Jd] [3s]
kolaz03: checks
perten: checks
*** SHOW DOWN ***
kolaz03: shows [Qc 7s] (a pair of Jacks)
perten: shows [3d As] (two pair, Jacks and Threes)
perten collected $11.76 from pot
*** SUMMARY ***
Total pot $12 | Rake $0.24
Board [Jc Ts 9d Jd 3s]
Seat 8: perten (button) (small blind) showed [3d As] and won ($11.76) with two pair, Jacks and Threes
Seat 9: kolaz03 (big blind) showed [Qc 7s] and lost with a pair of Jacks


PokerStars Hand #144623358044:  Hold'em Limit ($3/$6 USD) - 2015/11/30 14:40:06 ET
Table 'El Djezair II' 10-max Seat #9 is the button
Seat 8: perten ($122.84 in chips)
Seat 9: kolaz03 ($72 in chips)
kolaz03: posts small blind $1
perten: posts big blind $3
*** HOLE CARDS ***
kolaz03: folds
Uncalled bet ($2) returned to perten
perten collected $2 from pot
perten: doesn't show hand
*** SUMMARY ***
Total pot $2 | Rake $0
Seat 8: perten (big blind) collected ($2)
Seat 9: kolaz03 (button) (small blind) folded before Flop


PokerStars Hand #144623376710:  Hold'em Limit ($3/$6 USD) - 2015/11/30 14:40:25 ET
Table 'El Djezair II' 10-max Seat #9 is the button
Seat 8: perten ($132.48 in chips)
Seat 9: kolaz03 ($72 in chips)
kolaz03: posts small blind $1
perten: posts big blind $3
*** HOLE CARDS ***
kolaz03: folds
Uncalled bet ($2) returned to perten
perten collected $2 from pot
perten: doesn't show hand
*** SUMMARY ***
Total pot $2 | Rake $0
Seat 8: perten (big blind) collected ($2)
Seat 9: kolaz03 (button) (small blind) folded before Flop


PokerStars Hand #144623362301:  Hold'em Limit ($3/$6 USD) - 2015/11/30 14:40:10 ET
Table 'El Djezair II' 10-max Seat #8 is the button
Seat 8: perten ($123.84 in chips)
Seat 9: kolaz03 ($72 in chips)
perten: posts small blind $1
kolaz03: posts big blind $3
*** HOLE CARDS ***
perten: raises $3 to $6
kolaz03: calls $3
*** FLOP *** [Tc 5s Th]
kolaz03: checks
perten: bets $3
kolaz03: calls $3
*** TURN *** [Tc 5s Th] [Qd]
kolaz03: checks
perten: checks
*** RIVER *** [Tc 5s Th Qd] [Js]
kolaz03: checks
perten: bets $6
kolaz03: folds
Uncalled bet ($6) returned to perten
perten collected $17.64 from pot
perten: doesn't show hand
*** SUMMARY ***
Total pot $18 | Rake $0.36
Board [Tc 5s Th Qd Js]
Seat 8: perten (button) (small blind) collected ($17.64)
Seat 9: kolaz03 (big blind) folded on the River


PokerStars Hand #144623325052:  Hold'em Limit ($3/$6 USD) - 2015/11/30 14:39:33 ET
Table 'El Djezair II' 10-max Seat #8 is the button
Seat 8: perten ($117.08 in chips)
Seat 9: kolaz03 ($75.09 in chips)
perten: posts small blind $1
kolaz03: posts big blind $3
*** HOLE CARDS ***
perten: raises $3 to $6
kolaz03: folds
Uncalled bet ($3) returned to perten
perten collected $6 from pot
perten: doesn't show hand
*** SUMMARY ***
Total pot $6 | Rake $0
Seat 8: perten (button) (small blind) collected ($6)
Seat 9: kolaz03 (big blind) folded before Flop


PokerStars Hand #144623428995:  Hold'em Limit ($3/$6 USD) - 2015/11/30 14:41:18 ET
Table 'El Djezair II' 10-max Seat #9 is the button
Seat 8: perten ($134 in chips)
Seat 9: kolaz03 ($83.52 in chips)
kolaz03: posts small blind $1
perten: posts big blind $3
*** HOLE CARDS ***
kolaz03: raises $3 to $6
perten: folds
Uncalled bet ($3) returned to kolaz03
kolaz03 collected $6 from pot
kolaz03: doesn't show hand
*** SUMMARY ***
Total pot $6 | Rake $0
Seat 8: perten (big blind) folded before Flop
Seat 9: kolaz03 (button) (small blind) collected ($6)


PokerStars Hand #144623409224:  Hold'em Limit ($3/$6 USD) - 2015/11/30 14:40:58 ET
Table 'El Djezair II' 10-max Seat #8 is the button
Seat 8: perten ($146 in chips)
Seat 9: kolaz03 ($72 in chips)
perten: posts small blind $1
kolaz03: posts big blind $3
*** HOLE CARDS ***
perten: calls $2
kolaz03: checks
*** FLOP *** [Th Ad Qd]
kolaz03: bets $3
perten: calls $3
*** TURN *** [Th Ad Qd] [4c]
kolaz03: checks
perten: checks
*** RIVER *** [Th Ad Qd 4c] [5s]
kolaz03: checks
perten: bets $6
kolaz03: calls $6
*** SHOW DOWN ***
perten: shows [8s Jh] (high card Ace)
kolaz03: shows [Ts 2d] (a pair of Tens)
kolaz03 collected $23.52 from pot
*** SUMMARY ***
Total pot $24 | Rake $0.48
Board [Th Ad Qd 4c 5s]
Seat 8: perten (button) (small blind) showed [8s Jh] and lost with high card Ace
Seat 9: kolaz03 (big blind) showed [Ts 2d] and won ($23.52) with a pair of Tens


PokerStars Hand #144623405351:  Hold'em Limit ($3/$6 USD) - 2015/11/30 14:40:54 ET
Table 'El Djezair II' 10-max Seat #9 is the button
Seat 8: perten ($145 in chips)
Seat 9: kolaz03 ($72 in chips)
kolaz03: posts small blind $1
perten: posts big blind $3
*** HOLE CARDS ***
kolaz03: folds
Uncalled bet ($2) returned to perten
perten collected $2 from pot
perten: doesn't show hand
*** SUMMARY ***
Total pot $2 | Rake $0
Seat 8: perten (big blind) collected ($2)
Seat 9: kolaz03 (button) (small blind) folded before Flop


PokerStars Hand #144623381194:  Hold'em Limit ($3/$6 USD) - 2015/11/30 14:40:29 ET
Table 'El Djezair II' 10-max Seat #8 is the button
Seat 8: perten ($133.48 in chips)
Seat 9: kolaz03 ($72 in chips)
perten: posts small blind $1
kolaz03: posts big blind $3
*** HOLE CARDS ***
perten: raises $3 to $6
kolaz03: raises $3 to $9
perten: calls $3
*** FLOP *** [6c Tc 3c]
kolaz03: bets $3
perten: raises $3 to $6
kolaz03: folds
Uncalled bet ($3) returned to perten
perten collected $23.52 from pot
perten: doesn't show hand
*** SUMMARY ***
Total pot $24 | Rake $0.48
Board [6c Tc 3c]
Seat 8: perten (button) (small blind) collected ($23.52)
Seat 9: kolaz03 (big blind) folded on the Flop


PokerStars Hand #144623463714:  Hold'em Limit ($3/$6 USD) - 2015/11/30 14:41:53 ET
Table 'El Djezair II' 10-max Seat #9 is the button
Seat 8: perten ($132.76 in chips)
Seat 9: kolaz03 ($84.52 in chips)
kolaz03: posts small blind $1
perten: posts big blind $3
*** HOLE CARDS ***
kolaz03: folds
Uncalled bet ($2) returned to perten
perten collected $2 from pot
perten: doesn't show hand
*** SUMMARY ***
Total pot $2 | Rake $0
Seat 8: perten (big blind) collected ($2)
Seat 9: kolaz03 (button) (small blind) folded before Flop


PokerStars Hand #144623452351:  Hold'em Limit ($3/$6 USD) - 2015/11/30 14:41:42 ET
Table 'El Djezair II' 10-max Seat #8 is the button
Seat 8: perten ($127 in chips)
Seat 9: kolaz03 ($90.52 in chips)
perten: posts small blind $1
kolaz03: posts big blind $3
*** HOLE CARDS ***
perten: raises $3 to $6
kolaz03: calls $3
*** FLOP *** [Kd Ts 6s]
kolaz03: checks
perten: bets $3
kolaz03: folds
Uncalled bet ($3) returned to perten
perten collected $11.76 from pot
perten: doesn't show hand
*** SUMMARY ***
Total pot $12 | Rake $0.24
Board [Kd Ts 6s]
Seat 8: perten (button) (small blind) collected ($11.76)
Seat 9: kolaz03 (big blind) folded on the Flop


PokerStars Hand #144623438037:  Hold'em Limit ($3/$6 USD) - 2015/11/30 14:41:27 ET
Table 'El Djezair II' 10-max Seat #8 is the button
Seat 8: perten ($131 in chips)
Seat 9: kolaz03 ($86.52 in chips)
perten: posts small blind $1
kolaz03: posts big blind $3
*** HOLE CARDS ***
perten: folds
Uncalled bet ($2) returned to kolaz03
kolaz03 collected $2 from pot
kolaz03: doesn't show hand
*** SUMMARY ***
Total pot $2 | Rake $0
Seat 8: perten (button) (small blind) folded before Flop
Seat 9: kolaz03 (big blind) collected ($2)


PokerStars Hand #144623487873:  Hold'em Limit ($3/$6 USD) - 2015/11/30 14:42:18 ET
Table 'El Djezair II' 10-max Seat #8 is the button
Seat 8: perten ($129.76 in chips)
Seat 9: kolaz03 ($87.52 in chips)
perten: posts small blind $1
kolaz03: posts big blind $3
*** HOLE CARDS ***
perten: raises $3 to $6
kolaz03: calls $3
*** FLOP *** [6h 9d 9s]
kolaz03: checks
perten: bets $3
kolaz03: folds
Uncalled bet ($3) returned to perten
perten collected $11.76 from pot
perten: doesn't show hand
*** SUMMARY ***
Total pot $12 | Rake $0.24
Board [6h 9d 9s]
Seat 8: perten (button) (small blind) collected ($11.76)
Seat 9: kolaz03 (big blind) folded on the Flop


PokerStars Hand #144623444735:  Hold'em Limit ($3/$6 USD) - 2015/11/30 14:41:34 ET
Table 'El Djezair II' 10-max Seat #9 is the button
Seat 8: perten ($130 in chips)
Seat 9: kolaz03 ($87.52 in chips)
kolaz03: posts small blind $1
perten: posts big blind $3
*** HOLE CARDS ***
kolaz03: raises $3 to $6
perten: folds
Uncalled bet ($3) returned to kolaz03
kolaz03 collected $6 from pot
kolaz03: doesn't show hand
*** SUMMARY ***
Total pot $6 | Rake $0
Seat 8: perten (big blind) folded before Flop
Seat 9: kolaz03 (button) (small blind) collected ($6)


PokerStars Hand #144623468101:  Hold'em Limit ($3/$6 USD) - 2015/11/30 14:41:58 ET
Table 'El Djezair II' 10-max Seat #8 is the button
Seat 8: perten ($133.76 in chips)
Seat 9: kolaz03 ($83.52 in chips)
perten: posts small blind $1
kolaz03: posts big blind $3
*** HOLE CARDS ***
perten: folds
Uncalled bet ($2) returned to kolaz03
kolaz03 collected $2 from pot
kolaz03: doesn't show hand
*** SUMMARY ***
Total pot $2 | Rake $0
Seat 8: perten (button) (small blind) folded before Flop
Seat 9: kolaz03 (big blind) collected ($2)


PokerStars Hand #144623480090:  Hold'em Limit ($3/$6 USD) - 2015/11/30 14:42:10 ET
Table 'El Djezair II' 10-max Seat #9 is the button
Seat 8: perten ($132.76 in chips)
Seat 9: kolaz03 ($84.52 in chips)
kolaz03: posts small blind $1
perten: posts big blind $3
*** HOLE CARDS ***
kolaz03: raises $3 to $6
perten: folds
Uncalled bet ($3) returned to kolaz03
kolaz03 collected $6 from pot
kolaz03: doesn't show hand
*** SUMMARY ***
Total pot $6 | Rake $0
Seat 8: perten (big blind) folded before Flop
Seat 9: kolaz03 (button) (small blind) collected ($6)


PokerStars Hand #144623532639:  Hold'em Limit ($3/$6 USD) - 2015/11/30 14:43:04 ET
Table 'El Djezair II' 10-max Seat #8 is the button
Seat 8: perten ($135.27 in chips)
Seat 9: kolaz03 ($81.27 in chips)
perten: posts small blind $1
kolaz03: posts big blind $3
*** HOLE CARDS ***
perten: folds
Uncalled bet ($2) returned to kolaz03
kolaz03 collected $2 from pot
kolaz03: doesn't show hand
*** SUMMARY ***
Total pot $2 | Rake $0
Seat 8: perten (button) (small blind) folded before Flop
Seat 9: kolaz03 (big blind) collected ($2)


PokerStars Hand #144623519298:  Hold'em Limit ($3/$6 USD) - 2015/11/30 14:42:50 ET
Table 'El Djezair II' 10-max Seat #9 is the button
Seat 8: perten ($135.52 in chips)
Seat 9: kolaz03 ($81.52 in chips)
kolaz03: posts small blind $1
perten: posts big blind $3
*** HOLE CARDS ***
kolaz03: raises $3 to $6
perten: raises $3 to $9
kolaz03: calls $3
*** FLOP *** [Qh 5d Kh]
perten: bets $3
kolaz03: calls $3
*** TURN *** [Qh 5d Kh] [8s]
perten: bets $6
kolaz03: calls $6
*** RIVER *** [Qh 5d Kh 8s] [As]
perten: checks
kolaz03: checks
*** SHOW DOWN ***
perten: shows [Qd 7s] (a pair of Queens)
kolaz03: shows [Qs 6h] (a pair of Queens)
perten collected $17.75 from pot
kolaz03 collected $17.75 from pot
*** SUMMARY ***
Total pot $36 | Rake $0.50
Board [Qh 5d Kh 8s As]
Seat 8: perten (big blind) showed [Qd 7s] and won ($17.75) with a pair of Queens
Seat 9: kolaz03 (button) (small blind) showed [Qs 6h] and won ($17.75) with a pair of Queens


PokerStars Hand #144623500498:  Hold'em Limit ($3/$6 USD) - 2015/11/30 14:42:31 ET
Table 'El Djezair II' 10-max Seat #9 is the button
Seat 8: perten ($135.52 in chips)
Seat 9: kolaz03 ($81.52 in chips)
kolaz03: posts small blind $1
perten: posts big blind $3
*** HOLE CARDS ***
kolaz03: raises $3 to $6
perten: folds
Uncalled bet ($3) returned to kolaz03
kolaz03 collected $6 from pot
kolaz03: doesn't show hand
*** SUMMARY ***
Total pot $6 | Rake $0
Seat 8: perten (big blind) folded before Flop
Seat 9: kolaz03 (button) (small blind) collected ($6)


PokerStars Hand #144623538808:  Hold'em Limit ($3/$6 USD) - 2015/11/30 14:43:10 ET
Table 'El Djezair II' 10-max Seat #9 is the button
Seat 8: perten ($134.27 in chips)
Seat 9: kolaz03 ($82.27 in chips)
kolaz03: posts small blind $1
perten: posts big blind $3
*** HOLE CARDS ***
kolaz03: raises $3 to $6
perten: raises $3 to $9
kolaz03: calls $3
*** FLOP *** [2h Qd 6d]
perten: bets $3
kolaz03: folds
Uncalled bet ($3) returned to perten
perten collected $17.64 from pot
perten: doesn't show hand
*** SUMMARY ***
Total pot $18 | Rake $0.36
Board [2h Qd 6d]
Seat 8: perten (big blind) collected ($17.64)
Seat 9: kolaz03 (button) (small blind) folded on the Flop


PokerStars Hand #144623509735:  Hold'em Limit ($3/$6 USD) - 2015/11/30 14:42:40 ET
Table 'El Djezair II' 10-max Seat #8 is the button
Seat 8: perten ($132.52 in chips)
Seat 9: kolaz03 ($84.52 in chips)
perten: posts small blind $1
kolaz03: posts big blind $3
*** HOLE CARDS ***
perten: raises $3 to $6
kolaz03: folds
Uncalled bet ($3) returned to perten
perten collected $6 from pot
perten: doesn't show hand
*** SUMMARY ***
Total pot $6 | Rake $0
Seat 8: perten (button) (small blind) collected ($6)
Seat 9: kolaz03 (big blind) folded before Flop


PokerStars Hand #144623553093:  Hold'em Limit ($3/$6 USD) - 2015/11/30 14:43:24 ET
Table 'El Djezair II' 10-max Seat #8 is the button
Seat 8: perten ($142.91 in chips)
Seat 9: kolaz03 ($73.27 in chips)
perten: posts small blind $1
kolaz03: posts big blind $3
*** HOLE CARDS ***
perten: raises $3 to $6
kolaz03: raises $3 to $9
perten: calls $3
*** FLOP *** [6d 5s 6c]
kolaz03: bets $3
perten: calls $3
*** TURN *** [6d 5s 6c] [2c]
kolaz03: bets $6
perten: calls $6
*** RIVER *** [6d 5s 6c 2c] [Qs]
kolaz03: bets $6
perten: folds
Uncalled bet ($6) returned to kolaz03
kolaz03 collected $35.50 from pot
kolaz03: doesn't show hand
*** SUMMARY ***
Total pot $36 | Rake $0.50
Board [6d 5s 6c 2c Qs]
Seat 8: perten (button) (small blind) folded on the River
Seat 9: kolaz03 (big blind) collected ($35.50)


PokerStars Hand #144623572601:  Hold'em Limit ($3/$6 USD) - 2015/11/30 14:43:44 ET
Table 'El Djezair II' 10-max Seat #9 is the button
Seat 8: perten ($124.91 in chips)
Seat 9: kolaz03 ($90.77 in chips)
kolaz03: posts small blind $1
perten: posts big blind $3
*** HOLE CARDS ***
kolaz03: raises $3 to $6
perten: folds
Uncalled bet ($3) returned to kolaz03
kolaz03 collected $6 from pot
kolaz03: doesn't show hand
*** SUMMARY ***
Total pot $6 | Rake $0
Seat 8: perten (big blind) folded before Flop
Seat 9: kolaz03 (button) (small blind) collected ($6)


PokerStars Hand #144623602647:  Hold'em Limit ($3/$6 USD) - 2015/11/30 14:44:14 ET
Table 'El Djezair II' 10-max Seat #9 is the button
Seat 8: perten ($112.91 in chips)
Seat 9: kolaz03 ($102.41 in chips)
kolaz03: posts small blind $1
perten: posts big blind $3
*** HOLE CARDS ***
kolaz03: raises $3 to $6
perten: folds
Uncalled bet ($3) returned to kolaz03
kolaz03 collected $6 from pot
kolaz03: doesn't show hand
*** SUMMARY ***
Total pot $6 | Rake $0
Seat 8: perten (big blind) folded before Flop
Seat 9: kolaz03 (button) (small blind) collected ($6)


PokerStars Hand #144623585621:  Hold'em Limit ($3/$6 USD) - 2015/11/30 14:43:57 ET
Table 'El Djezair II' 10-max Seat #8 is the button
Seat 8: perten ($121.91 in chips)
Seat 9: kolaz03 ($93.77 in chips)
perten: posts small blind $1
kolaz03: posts big blind $3
*** HOLE CARDS ***
perten: raises $3 to $6
kolaz03: calls $3
*** FLOP *** [Kd Ts 6h]
kolaz03: checks
perten: bets $3
kolaz03: calls $3
*** TURN *** [Kd Ts 6h] [8h]
kolaz03: checks
perten: checks
*** RIVER *** [Kd Ts 6h 8h] [Qh]
kolaz03: checks
perten: checks
*** SHOW DOWN ***
kolaz03: shows [Jd 6d] (a pair of Sixes)
perten: mucks hand
kolaz03 collected $17.64 from pot
*** SUMMARY ***
Total pot $18 | Rake $0.36
Board [Kd Ts 6h 8h Qh]
Seat 8: perten (button) (small blind) mucked
Seat 9: kolaz03 (big blind) showed [Jd 6d] and won ($17.64) with a pair of Sixes


PokerStars Hand #144623675562:  Hold'em Limit ($3/$6 USD) - 2015/11/30 14:45:28 ET
Table 'El Djezair II' 10-max Seat #9 is the button
Seat 8: perten ($120.05 in chips)
Seat 9: kolaz03 ($94.05 in chips)
kolaz03: posts small blind $1
perten: posts big blind $3
*** HOLE CARDS ***
kolaz03: folds
Uncalled bet ($2) returned to perten
perten collected $2 from pot
perten: doesn't show hand
*** SUMMARY ***
Total pot $2 | Rake $0
Seat 8: perten (big blind) collected ($2)
Seat 9: kolaz03 (button) (small blind) folded before Flop


PokerStars Hand #144623659352:  Hold'em Limit ($3/$6 USD) - 2015/11/30 14:45:12 ET
Table 'El Djezair II' 10-max Seat #8 is the button
Seat 8: perten ($129.05 in chips)
Seat 9: kolaz03 ($85.41 in chips)
perten: posts small blind $1
kolaz03: posts big blind $3
*** HOLE CARDS ***
perten: raises $3 to $6
kolaz03: calls $3
*** FLOP *** [Ad Ah 7s]
kolaz03: checks
perten: bets $3
kolaz03: calls $3
*** TURN *** [Ad Ah 7s] [Kh]
kolaz03: checks
perten: checks
*** RIVER *** [Ad Ah 7s Kh] [6c]
kolaz03: bets $6
perten: folds
Uncalled bet ($6) returned to kolaz03
kolaz03 collected $17.64 from pot
kolaz03: doesn't show hand
*** SUMMARY ***
Total pot $18 | Rake $0.36
Board [Ad Ah 7s Kh 6c]
Seat 8: perten (button) (small blind) folded on the River
Seat 9: kolaz03 (big blind) collected ($17.64)


PokerStars Hand #144623652046:  Hold'em Limit ($3/$6 USD) - 2015/11/30 14:45:05 ET
Table 'El Djezair II' 10-max Seat #9 is the button
Seat 8: perten ($132.05 in chips)
Seat 9: kolaz03 ($82.41 in chips)
kolaz03: posts small blind $1
perten: posts big blind $3
*** HOLE CARDS ***
kolaz03: raises $3 to $6
perten: folds
Uncalled bet ($3) returned to kolaz03
kolaz03 collected $6 from pot
kolaz03: doesn't show hand
*** SUMMARY ***
Total pot $6 | Rake $0
Seat 8: perten (big blind) folded before Flop
Seat 9: kolaz03 (button) (small blind) collected ($6)


PokerStars Hand #144623647318:  Hold'em Limit ($3/$6 USD) - 2015/11/30 14:45:00 ET
Table 'El Djezair II' 10-max Seat #8 is the button
Seat 8: perten ($129.05 in chips)
Seat 9: kolaz03 ($85.41 in chips)
perten: posts small blind $1
kolaz03: posts big blind $3
*** HOLE CARDS ***
perten: raises $3 to $6
kolaz03: folds
Uncalled bet ($3) returned to perten
perten collected $6 from pot
perten: doesn't show hand
*** SUMMARY ***
Total pot $6 | Rake $0
Seat 8: perten (button) (small blind) collected ($6)
Seat 9: kolaz03 (big blind) folded before Flop


PokerStars Hand #144623609799:  Hold'em Limit ($3/$6 USD) - 2015/11/30 14:44:21 ET
Table 'El Djezair II' 10-max Seat #8 is the button
Seat 8: perten ($109.91 in chips)
Seat 9: kolaz03 ($105.41 in chips)
perten: posts small blind $1
kolaz03: posts big blind $3
*** HOLE CARDS ***
perten: raises $3 to $6
kolaz03: calls $3
*** FLOP *** [7d 4d Jc]
kolaz03: checks
perten: bets $3
kolaz03: calls $3
*** TURN *** [7d 4d Jc] [2h]
kolaz03: checks
perten: checks
*** RIVER *** [7d 4d Jc 2h] [Qd]
kolaz03: checks
perten: bets $6
kolaz03: calls $6
*** SHOW DOWN ***
perten: shows [3s Qs] (a pair of Queens)
kolaz03: mucks hand
perten collected $29.50 from pot
*** SUMMARY ***
Total pot $30 | Rake $0.50
Board [7d 4d Jc 2h Qd]
Seat 8: perten (button) (small blind) showed [3s Qs] and won ($29.50) with a pair of Queens
Seat 9: kolaz03 (big blind) mucked


PokerStars Hand #144623633537:  Hold'em Limit ($3/$6 USD) - 2015/11/30 14:44:46 ET
Table 'El Djezair II' 10-max Seat #8 is the button
Seat 8: perten ($121.41 in chips)
Seat 9: kolaz03 ($93.41 in chips)
perten: posts small blind $1
kolaz03: posts big blind $3
*** HOLE CARDS ***
perten: folds
Uncalled bet ($2) returned to kolaz03
kolaz03 collected $2 from pot
kolaz03: doesn't show hand
*** SUMMARY ***
Total pot $2 | Rake $0
Seat 8: perten (button) (small blind) folded before Flop
Seat 9: kolaz03 (big blind) collected ($2)


PokerStars Hand #144623624318:  Hold'em Limit ($3/$6 USD) - 2015/11/30 14:44:36 ET
Table 'El Djezair II' 10-max Seat #9 is the button
Seat 8: perten ($124.41 in chips)
Seat 9: kolaz03 ($90.41 in chips)
kolaz03: posts small blind $1
perten: posts big blind $3
*** HOLE CARDS ***
kolaz03: raises $3 to $6
perten: folds
Uncalled bet ($3) returned to kolaz03
kolaz03 collected $6 from pot
kolaz03: doesn't show hand
*** SUMMARY ***
Total pot $6 | Rake $0
Seat 8: perten (big blind) folded before Flop
Seat 9: kolaz03 (button) (small blind) collected ($6)


PokerStars Hand #144623637825:  Hold'em Limit ($3/$6 USD) - 2015/11/30 14:44:50 ET
Table 'El Djezair II' 10-max Seat #9 is the button
Seat 8: perten ($120.41 in chips)
Seat 9: kolaz03 ($94.41 in chips)
kolaz03: posts small blind $1
perten: posts big blind $3
*** HOLE CARDS ***
kolaz03: raises $3 to $6
perten: raises $3 to $9
kolaz03: calls $3
*** FLOP *** [6s 9s 3d]
perten: bets $3
kolaz03: folds
Uncalled bet ($3) returned to perten
perten collected $17.64 from pot
perten: doesn't show hand
*** SUMMARY ***
Total pot $18 | Rake $0.36
Board [6s 9s 3d]
Seat 8: perten (big blind) collected ($17.64)
Seat 9: kolaz03 (button) (small blind) folded on the Flop


PokerStars Hand #144623693229:  Hold'em Limit ($3/$6 USD) - 2015/11/30 14:45:46 ET
Table 'El Djezair II' 10-max Seat #8 is the button
Seat 8: perten ($121.05 in chips)
Seat 9: kolaz03 ($93.05 in chips)
perten: posts small blind $1
kolaz03: posts big blind $3
*** HOLE CARDS ***
perten: raises $3 to $6
kolaz03: calls $3
*** FLOP *** [8s Jh Qh]
kolaz03: checks
perten: bets $3
kolaz03: folds
Uncalled bet ($3) returned to perten
perten collected $11.76 from pot
perten: doesn't show hand
*** SUMMARY ***
Total pot $12 | Rake $0.24
Board [8s Jh Qh]
Seat 8: perten (button) (small blind) collected ($11.76)
Seat 9: kolaz03 (big blind) folded on the Flop


PokerStars Hand #144623712230:  Hold'em Limit ($3/$6 USD) - 2015/11/30 14:46:06 ET
Table 'El Djezair II' 10-max Seat #8 is the button
Seat 8: perten ($102.81 in chips)
Seat 9: kolaz03 ($110.55 in chips)
perten: posts small blind $1
kolaz03: posts big blind $3
*** HOLE CARDS ***
perten: raises $3 to $6
kolaz03: calls $3
*** FLOP *** [Tc Kc 2h]
kolaz03: checks
perten: bets $3
kolaz03: raises $3 to $6
perten: calls $3
*** TURN *** [Tc Kc 2h] [Td]
kolaz03: bets $6
perten: folds
Uncalled bet ($6) returned to kolaz03
kolaz03 collected $23.52 from pot
kolaz03: doesn't show hand
*** SUMMARY ***
Total pot $24 | Rake $0.48
Board [Tc Kc 2h Td]
Seat 8: perten (button) (small blind) folded on the Turn
Seat 9: kolaz03 (big blind) collected ($23.52)


PokerStars Hand #144623679348:  Hold'em Limit ($3/$6 USD) - 2015/11/30 14:45:32 ET
Table 'El Djezair II' 10-max Seat #8 is the button
Seat 8: perten ($121.05 in chips)
Seat 9: kolaz03 ($93.05 in chips)
perten: posts small blind $1
kolaz03: posts big blind $3
*** HOLE CARDS ***
perten: raises $3 to $6
kolaz03: folds
Uncalled bet ($3) returned to perten
perten collected $6 from pot
perten: doesn't show hand
*** SUMMARY ***
Total pot $6 | Rake $0
Seat 8: perten (button) (small blind) collected ($6)
Seat 9: kolaz03 (big blind) folded before Flop


PokerStars Hand #144623685500:  Hold'em Limit ($3/$6 USD) - 2015/11/30 14:45:38 ET
Table 'El Djezair II' 10-max Seat #9 is the button
Seat 8: perten ($124.05 in chips)
Seat 9: kolaz03 ($90.05 in chips)
kolaz03: posts small blind $1
perten: posts big blind $3
*** HOLE CARDS ***
kolaz03: raises $3 to $6
perten: folds
Uncalled bet ($3) returned to kolaz03
kolaz03 collected $6 from pot
kolaz03: doesn't show hand
*** SUMMARY ***
Total pot $6 | Rake $0
Seat 8: perten (big blind) folded before Flop
Seat 9: kolaz03 (button) (small blind) collected ($6)


PokerStars Hand #144623724293:  Hold'em Limit ($3/$6 USD) - 2015/11/30 14:46:18 ET
Table 'El Djezair II' 10-max Seat #9 is the button
Seat 8: perten ($90.81 in chips)
Seat 9: kolaz03 ($122.07 in chips)
kolaz03: posts small blind $1
perten: posts big blind $3
*** HOLE CARDS ***
kolaz03: raises $3 to $6
perten: folds
Uncalled bet ($3) returned to kolaz03
kolaz03 collected $6 from pot
kolaz03: doesn't show hand
*** SUMMARY ***
Total pot $6 | Rake $0
Seat 8: perten (big blind) folded before Flop
Seat 9: kolaz03 (button) (small blind) collected ($6)


PokerStars Hand #144623758009:  Hold'em Limit ($3/$6 USD) - 2015/11/30 14:46:52 ET
Table 'El Djezair II' 10-max Seat #8 is the button
Seat 8: perten ($94.57 in chips)
Seat 9: kolaz03 ($118.07 in chips)
perten: posts small blind $1
kolaz03: posts big blind $3
*** HOLE CARDS ***
perten: raises $3 to $6
kolaz03: calls $3
*** FLOP *** [As 8h 3s]
kolaz03: checks
perten: bets $3
kolaz03: calls $3
*** TURN *** [As 8h 3s] [3c]
kolaz03: checks
perten: checks
*** RIVER *** [As 8h 3s 3c] [5d]
kolaz03: checks
perten: bets $6
kolaz03: calls $6
*** SHOW DOWN ***
perten: shows [4h 6c] (a pair of Threes)
kolaz03: shows [Kc 6s] (a pair of Threes - Ace+King kicker)
kolaz03 collected $29.50 from pot
*** SUMMARY ***
Total pot $30 | Rake $0.50
Board [As 8h 3s 3c 5d]
Seat 8: perten (button) (small blind) showed [4h 6c] and lost with a pair of Threes
Seat 9: kolaz03 (big blind) showed [Kc 6s] and won ($29.50) with a pair of Threes


PokerStars Hand #144623753865:  Hold'em Limit ($3/$6 USD) - 2015/11/30 14:46:48 ET
Table 'El Djezair II' 10-max Seat #9 is the button
Seat 8: perten ($93.57 in chips)
Seat 9: kolaz03 ($119.07 in chips)
kolaz03: posts small blind $1
perten: posts big blind $3
*** HOLE CARDS ***
kolaz03: folds
Uncalled bet ($2) returned to perten
perten collected $2 from pot
perten: doesn't show hand
*** SUMMARY ***
Total pot $2 | Rake $0
Seat 8: perten (big blind) collected ($2)
Seat 9: kolaz03 (button) (small blind) folded before Flop


PokerStars Hand #144623746827:  Hold'em Limit ($3/$6 USD) - 2015/11/30 14:46:40 ET
Table 'El Djezair II' 10-max Seat #8 is the button
Seat 8: perten ($94.57 in chips)
Seat 9: kolaz03 ($118.07 in chips)
perten: posts small blind $1
kolaz03: posts big blind $3
*** HOLE CARDS ***
perten: folds
Uncalled bet ($2) returned to kolaz03
kolaz03 collected $2 from pot
kolaz03: doesn't show hand
*** SUMMARY ***
Total pot $2 | Rake $0
Seat 8: perten (button) (small blind) folded before Flop
Seat 9: kolaz03 (big blind) collected ($2)


PokerStars Hand #144623777763:  Hold'em Limit ($3/$6 USD) - 2015/11/30 14:47:12 ET
Table 'El Djezair II' 10-max Seat #9 is the button
Seat 8: perten ($79.57 in chips)
Seat 9: kolaz03 ($132.57 in chips)
kolaz03: posts small blind $1
perten: posts big blind $3
*** HOLE CARDS ***
kolaz03: raises $3 to $6
perten: raises $3 to $9
kolaz03: calls $3
*** FLOP *** [7h 6h Qd]
perten: bets $3
kolaz03: calls $3
*** TURN *** [7h 6h Qd] [3s]
perten: checks
kolaz03: checks
*** RIVER *** [7h 6h Qd 3s] [Ks]
perten: checks
kolaz03: checks
*** SHOW DOWN ***
perten: shows [Ah 2c] (high card Ace)
kolaz03: mucks hand
perten collected $23.52 from pot
*** SUMMARY ***
Total pot $24 | Rake $0.48
Board [7h 6h Qd 3s Ks]
Seat 8: perten (big blind) showed [Ah 2c] and won ($23.52) with high card Ace
Seat 9: kolaz03 (button) (small blind) mucked


PokerStars Hand #144623741994:  Hold'em Limit ($3/$6 USD) - 2015/11/30 14:46:36 ET
Table 'El Djezair II' 10-max Seat #9 is the button
Seat 8: perten ($93.57 in chips)
Seat 9: kolaz03 ($119.07 in chips)
kolaz03: posts small blind $1
perten: posts big blind $3
*** HOLE CARDS ***
kolaz03: folds
Uncalled bet ($2) returned to perten
perten collected $2 from pot
perten: doesn't show hand
*** SUMMARY ***
Total pot $2 | Rake $0
Seat 8: perten (big blind) collected ($2)
Seat 9: kolaz03 (button) (small blind) folded before Flop


PokerStars Hand #144623729736:  Hold'em Limit ($3/$6 USD) - 2015/11/30 14:46:23 ET
Table 'El Djezair II' 10-max Seat #8 is the button
Seat 8: perten ($87.81 in chips)
Seat 9: kolaz03 ($125.07 in chips)
perten: posts small blind $1
kolaz03: posts big blind $3
*** HOLE CARDS ***
perten: raises $3 to $6
kolaz03: calls $3
*** FLOP *** [3d 8c Ah]
kolaz03: checks
perten: bets $3
kolaz03: folds
Uncalled bet ($3) returned to perten
perten collected $11.76 from pot
perten: doesn't show hand
*** SUMMARY ***
Total pot $12 | Rake $0.24
Board [3d 8c Ah]
Seat 8: perten (button) (small blind) collected ($11.76)
Seat 9: kolaz03 (big blind) folded on the Flop


PokerStars Hand #144623812689:  Hold'em Limit ($3/$6 USD) - 2015/11/30 14:47:47 ET
Table 'El Djezair II' 10-max Seat #9 is the button
Seat 8: perten ($79.09 in chips)
Seat 9: kolaz03 ($132.09 in chips)
kolaz03: posts small blind $1
perten: posts big blind $3
*** HOLE CARDS ***
kolaz03: raises $3 to $6
perten: folds
Uncalled bet ($3) returned to kolaz03
kolaz03 collected $6 from pot
kolaz03: doesn't show hand
*** SUMMARY ***
Total pot $6 | Rake $0
Seat 8: perten (big blind) folded before Flop
Seat 9: kolaz03 (button) (small blind) collected ($6)


PokerStars Hand #144623849528:  Hold'em Limit ($3/$6 USD) - 2015/11/30 14:48:24 ET
Table 'El Djezair II' 10-max Seat #8 is the button
Seat 8: perten ($68.09 in chips)
Seat 9: kolaz03 ($142.73 in chips)
perten: posts small blind $1
kolaz03: posts big blind $3
*** HOLE CARDS ***
perten: folds
Uncalled bet ($2) returned to kolaz03
kolaz03 collected $2 from pot
kolaz03: doesn't show hand
*** SUMMARY ***
Total pot $2 | Rake $0
Seat 8: perten (button) (small blind) folded before Flop
Seat 9: kolaz03 (big blind) collected ($2)


PokerStars Hand #144623845095:  Hold'em Limit ($3/$6 USD) - 2015/11/30 14:48:20 ET
Table 'El Djezair II' 10-max Seat #9 is the button
Seat 8: perten ($67.09 in chips)
Seat 9: kolaz03 ($143.73 in chips)
kolaz03: posts small blind $1
perten: posts big blind $3
*** HOLE CARDS ***
kolaz03: folds
Uncalled bet ($2) returned to perten
perten collected $2 from pot
perten: doesn't show hand
*** SUMMARY ***
Total pot $2 | Rake $0
Seat 8: perten (big blind) collected ($2)
Seat 9: kolaz03 (button) (small blind) folded before Flop


PokerStars Hand #144623792070:  Hold'em Limit ($3/$6 USD) - 2015/11/30 14:47:26 ET
Table 'El Djezair II' 10-max Seat #8 is the button
Seat 8: perten ($91.09 in chips)
Seat 9: kolaz03 ($120.57 in chips)
perten: posts small blind $1
kolaz03: posts big blind $3
*** HOLE CARDS ***
perten: raises $3 to $6
kolaz03: calls $3
*** FLOP *** [5s Jd 2d]
kolaz03: checks
perten: checks
*** TURN *** [5s Jd 2d] [5c]
kolaz03: bets $6
perten: calls $6
*** RIVER *** [5s Jd 2d 5c] [9s]
kolaz03: bets $6
perten: folds
Uncalled bet ($6) returned to kolaz03
kolaz03 collected $23.52 from pot
kolaz03: doesn't show hand
*** SUMMARY ***
Total pot $24 | Rake $0.48
Board [5s Jd 2d 5c 9s]
Seat 8: perten (button) (small blind) folded on the River
Seat 9: kolaz03 (big blind) collected ($23.52)


PokerStars Hand #144623825020:  Hold'em Limit ($3/$6 USD) - 2015/11/30 14:47:59 ET
Table 'El Djezair II' 10-max Seat #8 is the button
Seat 8: perten ($76.09 in chips)
Seat 9: kolaz03 ($135.09 in chips)
perten: posts small blind $1
kolaz03: posts big blind $3
*** HOLE CARDS ***
perten: raises $3 to $6
kolaz03: calls $3
*** FLOP *** [9c Tc Qs]
kolaz03: checks
perten: bets $3
kolaz03: calls $3
*** TURN *** [9c Tc Qs] [2d]
kolaz03: checks
perten: checks
*** RIVER *** [9c Tc Qs 2d] [8c]
kolaz03: bets $6
perten: folds
Uncalled bet ($6) returned to kolaz03
kolaz03 collected $17.64 from pot
kolaz03: doesn't show hand
*** SUMMARY ***
Total pot $18 | Rake $0.36
Board [9c Tc Qs 2d 8c]
Seat 8: perten (button) (small blind) folded on the River
Seat 9: kolaz03 (big blind) collected ($17.64)


PokerStars Hand #144623870891:  Hold'em Limit ($3/$6 USD) - 2015/11/30 14:48:46 ET
Table 'El Djezair II' 10-max Seat #8 is the button
Seat 8: perten ($61.09 in chips)
Seat 9: kolaz03 ($149.49 in chips)
perten: posts small blind $1
kolaz03: posts big blind $3
*** HOLE CARDS ***
perten: folds
Uncalled bet ($2) returned to kolaz03
kolaz03 collected $2 from pot
kolaz03: doesn't show hand
*** SUMMARY ***
Total pot $2 | Rake $0
Seat 8: perten (button) (small blind) folded before Flop
Seat 9: kolaz03 (big blind) collected ($2)


PokerStars Hand #144623854923:  Hold'em Limit ($3/$6 USD) - 2015/11/30 14:48:30 ET
Table 'El Djezair II' 10-max Seat #9 is the button
Seat 8: perten ($67.09 in chips)
Seat 9: kolaz03 ($143.73 in chips)
kolaz03: posts small blind $1
perten: posts big blind $3
*** HOLE CARDS ***
kolaz03: raises $3 to $6
perten: calls $3
*** FLOP *** [2s 5d Ad]
perten: checks
kolaz03: checks
*** TURN *** [2s 5d Ad] [4s]
perten: checks
kolaz03: bets $6
perten: folds
Uncalled bet ($6) returned to kolaz03
kolaz03 collected $11.76 from pot
kolaz03: doesn't show hand
*** SUMMARY ***
Total pot $12 | Rake $0.24
Board [2s 5d Ad 4s]
Seat 8: perten (big blind) folded on the Turn
Seat 9: kolaz03 (button) (small blind) collected ($11.76)


PokerStars Hand #144623875171:  Hold'em Limit ($3/$6 USD) - 2015/11/30 14:48:50 ET
Table 'El Djezair II' 10-max Seat #9 is the button
Seat 8: perten ($60.09 in chips)
Seat 9: kolaz03 ($150.49 in chips)
kolaz03: posts small blind $1
perten: posts big blind $3
*** HOLE CARDS ***
kolaz03: raises $3 to $6
perten: folds
Uncalled bet ($3) returned to kolaz03
kolaz03 collected $6 from pot
kolaz03: doesn't show hand
*** SUMMARY ***
Total pot $6 | Rake $0
Seat 8: perten (big blind) folded before Flop
Seat 9: kolaz03 (button) (small blind) collected ($6)


PokerStars Hand #144623894197:  Hold'em Limit ($3/$6 USD) - 2015/11/30 14:49:10 ET
Table 'El Djezair II' 10-max Seat #9 is the button
Seat 8: perten ($48.09 in chips)
Seat 9: kolaz03 ($162.13 in chips)
kolaz03: posts small blind $1
perten: posts big blind $3
*** HOLE CARDS ***
kolaz03: raises $3 to $6
perten: folds
Uncalled bet ($3) returned to kolaz03
kolaz03 collected $6 from pot
kolaz03: doesn't show hand
*** SUMMARY ***
Total pot $6 | Rake $0
Seat 8: perten (big blind) folded before Flop
Seat 9: kolaz03 (button) (small blind) collected ($6)


PokerStars Hand #144623880822:  Hold'em Limit ($3/$6 USD) - 2015/11/30 14:48:56 ET
Table 'El Djezair II' 10-max Seat #8 is the button
Seat 8: perten ($57.09 in chips)
Seat 9: kolaz03 ($153.49 in chips)
perten: posts small blind $1
kolaz03: posts big blind $3
*** HOLE CARDS ***
perten: raises $3 to $6
kolaz03: calls $3
*** FLOP *** [7s 3d Ks]
kolaz03: checks
perten: bets $3
kolaz03: calls $3
*** TURN *** [7s 3d Ks] [8s]
kolaz03: bets $6
perten: folds
Uncalled bet ($6) returned to kolaz03
kolaz03 collected $17.64 from pot
kolaz03: doesn't show hand
*** SUMMARY ***
Total pot $18 | Rake $0.36
Board [7s 3d Ks 8s]
Seat 8: perten (button) (small blind) folded on the Turn
Seat 9: kolaz03 (big blind) collected ($17.64)


PokerStars Hand #144623900093:  Hold'em Limit ($3/$6 USD) - 2015/11/30 14:49:16 ET
Table 'El Djezair II' 10-max Seat #8 is the button
Seat 8: perten ($45.09 in chips)
Seat 9: kolaz03 ($165.13 in chips)
perten: posts small blind $1
kolaz03: posts big blind $3
*** HOLE CARDS ***
perten: raises $3 to $6
kolaz03: calls $3
*** FLOP *** [Qh 6s 5c]
kolaz03: checks
perten: bets $3
kolaz03: raises $3 to $6
perten: folds
Uncalled bet ($3) returned to kolaz03
kolaz03 collected $17.64 from pot
kolaz03: doesn't show hand
*** SUMMARY ***
Total pot $18 | Rake $0.36
Board [Qh 6s 5c]
Seat 8: perten (button) (small blind) folded on the Flop
Seat 9: kolaz03 (big blind) collected ($17.64)


PokerStars Hand #144623912231:  Hold'em Limit ($3/$6 USD) - 2015/11/30 14:49:28 ET
Table 'El Djezair II' 10-max Seat #9 is the button
Seat 8: perten ($36.09 in chips)
Seat 9: kolaz03 ($173.77 in chips)
kolaz03: posts small blind $1
perten: posts big blind $3
*** HOLE CARDS ***
kolaz03: raises $3 to $6
perten: calls $3
*** FLOP *** [5d 2d Qc]
perten: checks
kolaz03: checks
*** TURN *** [5d 2d Qc] [7c]
perten: checks
kolaz03: checks
*** RIVER *** [5d 2d Qc 7c] [5h]
perten: checks
kolaz03: checks
*** SHOW DOWN ***
perten: shows [9h Ts] (a pair of Fives)
kolaz03: shows [Jd 6s] (a pair of Fives - Queen+Jack kicker)
kolaz03 collected $11.76 from pot
*** SUMMARY ***
Total pot $12 | Rake $0.24
Board [5d 2d Qc 7c 5h]
Seat 8: perten (big blind) showed [9h Ts] and lost with a pair of Fives
Seat 9: kolaz03 (button) (small blind) showed [Jd 6s] and won ($11.76) with a pair of Fives


PokerStars Hand #144623939159:  Hold'em Limit ($3/$6 USD) - 2015/11/30 14:49:56 ET
Table 'El Djezair II' 10-max Seat #8 is the button
Seat 8: perten ($30.09 in chips)
Seat 9: kolaz03 ($179.53 in chips)
perten: posts small blind $1
kolaz03: posts big blind $3
*** HOLE CARDS ***
perten: raises $3 to $6
kolaz03: raises $3 to $9
perten: calls $3
*** FLOP *** [Jc 6h 4c]
kolaz03: bets $3
perten: calls $3
*** TURN *** [Jc 6h 4c] [4h]
kolaz03: bets $6
perten: calls $6
*** RIVER *** [Jc 6h 4c 4h] [4s]
kolaz03: bets $6
perten: calls $6
*** SHOW DOWN ***
kolaz03: shows [6s As] (a full house, Fours full of Sixes)
perten: mucks hand
kolaz03 collected $47.50 from pot
*** SUMMARY ***
Total pot $48 | Rake $0.50
Board [Jc 6h 4c 4h 4s]
Seat 8: perten (button) (small blind) mucked
Seat 9: kolaz03 (big blind) showed [6s As] and won ($47.50) with a full house, Fours full of Sixes


PokerStars Hand #144623956352:  Hold'em Limit ($3/$6 USD) - 2015/11/30 14:50:13 ET
Table 'El Djezair II' 10-max Seat #9 is the button
Seat 8: perten ($6.09 in chips)
Seat 9: kolaz03 ($203.03 in chips)
kolaz03: posts small blind $1
perten: posts big blind $3
*** HOLE CARDS ***
kolaz03: raises $3 to $6
perten: raises $0.09 to $6.09 and is all-in
kolaz03: calls $0.09
*** FLOP *** [3c 3h 6d]
*** TURN *** [3c 3h 6d] [Ad]
*** RIVER *** [3c 3h 6d Ad] [Tc]
*** SHOW DOWN ***
perten: shows [Jd 3d] (three of a kind, Threes)
kolaz03: shows [Js 6s] (two pair, Sixes and Threes)
perten collected $11.94 from pot
*** SUMMARY ***
Total pot $12.18 | Rake $0.24
Board [3c 3h 6d Ad Tc]
Seat 8: perten (big blind) showed [Jd 3d] and won ($11.94) with three of a kind, Threes
Seat 9: kolaz03 (button) (small blind) showed [Js 6s] and lost with two pair, Sixes and Threes


PokerStars Hand #144623971589:  Hold'em Limit ($3/$6 USD) - 2015/11/30 14:50:29 ET
Table 'El Djezair II' 10-max Seat #8 is the button
Seat 8: perten ($11.94 in chips)
Seat 9: kolaz03 ($196.94 in chips)
perten: posts small blind $1
kolaz03: posts big blind $3
*** HOLE CARDS ***
perten: folds
Uncalled bet ($2) returned to kolaz03
kolaz03 collected $2 from pot
kolaz03: doesn't show hand
*** SUMMARY ***
Total pot $2 | Rake $0
Seat 8: perten (button) (small blind) folded before Flop
Seat 9: kolaz03 (big blind) collected ($2)


PokerStars Hand #144624172743:  Hold'em Limit ($3/$6 USD) - 2015/11/30 14:53:57 ET
Table 'El Djezair II' 10-max Seat #5 is the button
Seat 5: SashaYuvelir ($72 in chips)
Seat 7: Norbert-04 ($74.16 in chips)
artiZzt joins the table at seat #8
SashaYuvelir: posts small blind $1
Norbert-04: posts big blind $3
*** HOLE CARDS ***
korrnel joins the table at seat #9
SashaYuvelir: raises $3 to $6
Norbert-04: calls $3
*** FLOP *** [Td Jd 7c]
Norbert-04: checks
SashaYuvelir: bets $3
Norbert-04: calls $3
*** TURN *** [Td Jd 7c] [As]
Norbert-04: checks
SashaYuvelir: bets $6
Norbert-04: calls $6
*** RIVER *** [Td Jd 7c As] [3c]
Norbert-04: checks
SashaYuvelir: checks
*** SHOW DOWN ***
Norbert-04: shows [Jc 5s] (a pair of Jacks)
SashaYuvelir: mucks hand
Norbert-04 collected $29.50 from pot
*** SUMMARY ***
Total pot $30 | Rake $0.50
Board [Td Jd 7c As 3c]
Seat 5: SashaYuvelir (button) (small blind) mucked
Seat 7: Norbert-04 (big blind) showed [Jc 5s] and won ($29.50) with a pair of Jacks


PokerStars Hand #144624844565:  Hold'em Limit ($3/$6 USD) - 2015/11/30 15:06:24 ET
Table 'El Djezair II' 10-max Seat #5 is the button
Seat 5: SashaYuvelir ($164.06 in chips)
Seat 9: korrnel ($125.62 in chips)
SashaYuvelir: posts small blind $1
artiZzt: is sitting out
korrnel: posts big blind $3
*** HOLE CARDS ***
SashaYuvelir: raises $3 to $6
korrnel: raises $3 to $9
SashaYuvelir: calls $3
*** FLOP *** [Th Qc 4d]
korrnel: bets $3
SashaYuvelir: calls $3
*** TURN *** [Th Qc 4d] [Ks]
korrnel: checks
SashaYuvelir: bets $6
korrnel: folds
Uncalled bet ($6) returned to SashaYuvelir
artiZzt leaves the table
SashaYuvelir collected $23.52 from pot
SashaYuvelir: doesn't show hand
*** SUMMARY ***
Total pot $24 | Rake $0.48
Board [Th Qc 4d Ks]
Seat 5: SashaYuvelir (button) (small blind) collected ($23.52)
Seat 9: korrnel (big blind) folded on the Turn


