PokerStars Hand #158625704426:  Hold'em Limit ($3/$6 USD) - 2016/09/15 4:50:52 ET
Table 'El Djezair' 6-max Seat #1 is the button
Seat 1: LifeisagameX ($84 in chips)
Seat 2: baur017017 ($31.52 in chips)
LifeisagameX: posts small blind $1
baur017017: posts big blind $3
*** HOLE CARDS ***
Ag3r0n joins the table at seat #3
LifeisagameX: raises $3 to $6
baur017017: raises $3 to $9
LifeisagameX: calls $3
*** FLOP *** [Qd 3c 3s]
baur017017: bets $3
LifeisagameX: folds
Uncalled bet ($3) returned to baur017017
baur017017 collected $17.64 from pot
*** SUMMARY ***
Total pot $18 | Rake $0.36
Board [Qd 3c 3s]
Seat 1: LifeisagameX (button) (small blind) folded on the Flop
Seat 2: baur017017 (big blind) collected ($17.64)


PokerStars Hand #158625740322:  Hold'em Limit ($3/$6 USD) - 2016/09/15 4:52:42 ET
Table 'El Djezair' 6-max Seat #2 is the button
Seat 2: baur017017 ($33.16 in chips)
Seat 3: Ag3r0n ($78.61 in chips)
baur017017: posts small blind $1
Ag3r0n: posts big blind $3
*** HOLE CARDS ***
baur017017: raises $3 to $6
Ag3r0n: folds
Uncalled bet ($3) returned to baur017017
baur017017 collected $6 from pot
*** SUMMARY ***
Total pot $6 | Rake $0
Seat 2: baur017017 (button) (small blind) collected ($6)
Seat 3: Ag3r0n (big blind) folded before Flop


PokerStars Hand #158625762000:  Hold'em Limit ($3/$6 USD) - 2016/09/15 4:53:48 ET
Table 'El Djezair' 6-max Seat #2 is the button
Seat 2: baur017017 ($46.66 in chips)
Seat 3: Ag3r0n ($72 in chips)
baur017017: posts small blind $1
Ag3r0n: posts big blind $3
*** HOLE CARDS ***
baur017017: folds
Uncalled bet ($2) returned to Ag3r0n
Ag3r0n collected $2 from pot
*** SUMMARY ***
Total pot $2 | Rake $0
Seat 2: baur017017 (button) (small blind) folded before Flop
Seat 3: Ag3r0n (big blind) collected ($2)


PokerStars Hand #158625753770:  Hold'em Limit ($3/$6 USD) - 2016/09/15 4:53:23 ET
Table 'El Djezair' 6-max Seat #3 is the button
Seat 2: baur017017 ($26.16 in chips)
Seat 3: Ag3r0n ($85.25 in chips)
Ag3r0n: posts small blind $1
baur017017: posts big blind $3
*** HOLE CARDS ***
Ag3r0n: raises $3 to $6
baur017017: raises $3 to $9
Ag3r0n: calls $3
*** FLOP *** [Ac 6c 4h]
baur017017: checks
Ag3r0n: checks
*** TURN *** [Ac 6c 4h] [6s]
baur017017: bets $6
Ag3r0n: calls $6
*** RIVER *** [Ac 6c 4h 6s] [8d]
baur017017: bets $6
Ag3r0n: calls $6
*** SHOW DOWN ***
baur017017: shows [Kc Ah] (two pair, Aces and Sixes)
Ag3r0n: mucks hand
baur017017 collected $41.50 from pot
*** SUMMARY ***
Total pot $42 | Rake $0.50
Board [Ac 6c 4h 6s 8d]
Seat 2: baur017017 (big blind) showed [Kc Ah] and won ($41.50) with two pair, Aces and Sixes
Seat 3: Ag3r0n (button) (small blind) mucked


PokerStars Hand #158625764888:  Hold'em Limit ($3/$6 USD) - 2016/09/15 4:53:57 ET
Table 'El Djezair' 6-max Seat #3 is the button
Seat 2: baur017017 ($45.66 in chips)
Seat 3: Ag3r0n ($73 in chips)
Ag3r0n: posts small blind $1
baur017017: posts big blind $3
*** HOLE CARDS ***
Ag3r0n: raises $3 to $6
baur017017: folds
Uncalled bet ($3) returned to Ag3r0n
Ag3r0n collected $6 from pot
*** SUMMARY ***
Total pot $6 | Rake $0
Seat 2: baur017017 (big blind) folded before Flop
Seat 3: Ag3r0n (button) (small blind) collected ($6)


PokerStars Hand #158625743976:  Hold'em Limit ($3/$6 USD) - 2016/09/15 4:52:53 ET
Table 'El Djezair' 6-max Seat #3 is the button
Seat 2: baur017017 ($36.16 in chips)
Seat 3: Ag3r0n ($75.61 in chips)
Ag3r0n: posts small blind $1
baur017017: posts big blind $3
*** HOLE CARDS ***
Ag3r0n: raises $3 to $6
baur017017: calls $3
*** FLOP *** [Th 5s 7h]
baur017017: checks
Ag3r0n: bets $3
baur017017: calls $3
*** TURN *** [Th 5s 7h] [Qd]
baur017017: checks
Ag3r0n: bets $6
baur017017: folds
Uncalled bet ($6) returned to Ag3r0n
Ag3r0n collected $17.64 from pot
*** SUMMARY ***
Total pot $18 | Rake $0.36
Board [Th 5s 7h Qd]
Seat 2: baur017017 (big blind) folded on the Turn
Seat 3: Ag3r0n (button) (small blind) collected ($17.64)


PokerStars Hand #158625751532:  Hold'em Limit ($3/$6 USD) - 2016/09/15 4:53:17 ET
Table 'El Djezair' 6-max Seat #2 is the button
Seat 2: baur017017 ($27.16 in chips)
Seat 3: Ag3r0n ($84.25 in chips)
baur017017: posts small blind $1
Ag3r0n: posts big blind $3
*** HOLE CARDS ***
baur017017: folds
Uncalled bet ($2) returned to Ag3r0n
Ag3r0n collected $2 from pot
*** SUMMARY ***
Total pot $2 | Rake $0
Seat 2: baur017017 (button) (small blind) folded before Flop
Seat 3: Ag3r0n (big blind) collected ($2)


PokerStars Hand #158625767185:  Hold'em Limit ($3/$6 USD) - 2016/09/15 4:54:04 ET
Table 'El Djezair' 6-max Seat #2 is the button
Seat 2: baur017017 ($42.66 in chips)
Seat 3: Ag3r0n ($76 in chips)
baur017017: posts small blind $1
Ag3r0n: posts big blind $3
*** HOLE CARDS ***
baur017017: raises $3 to $6
Ag3r0n: folds
Uncalled bet ($3) returned to baur017017
baur017017 collected $6 from pot
*** SUMMARY ***
Total pot $6 | Rake $0
Seat 2: baur017017 (button) (small blind) collected ($6)
Seat 3: Ag3r0n (big blind) folded before Flop


PokerStars Hand #158625772078:  Hold'em Limit ($3/$6 USD) - 2016/09/15 4:54:19 ET
Table 'El Djezair' 6-max Seat #2 is the button
Seat 2: baur017017 ($42.66 in chips)
Seat 3: Ag3r0n ($76 in chips)
baur017017: posts small blind $1
Ag3r0n: posts big blind $3
*** HOLE CARDS ***
baur017017: raises $3 to $6
Ag3r0n: calls $3
*** FLOP *** [Qs 7d 9c]
Ag3r0n: checks
baur017017: bets $3
Ag3r0n: raises $3 to $6
baur017017: calls $3
*** TURN *** [Qs 7d 9c] [Kd]
Ag3r0n: checks
baur017017: bets $6
Ag3r0n: calls $6
*** RIVER *** [Qs 7d 9c Kd] [As]
Ag3r0n: checks
baur017017: bets $6
Ag3r0n: folds
Uncalled bet ($6) returned to baur017017
baur017017 collected $35.50 from pot
*** SUMMARY ***
Total pot $36 | Rake $0.50
Board [Qs 7d 9c Kd As]
Seat 2: baur017017 (button) (small blind) collected ($35.50)
Seat 3: Ag3r0n (big blind) folded on the River


PokerStars Hand #158625769612:  Hold'em Limit ($3/$6 USD) - 2016/09/15 4:54:11 ET
Table 'El Djezair' 6-max Seat #3 is the button
Seat 2: baur017017 ($45.66 in chips)
Seat 3: Ag3r0n ($73 in chips)
Ag3r0n: posts small blind $1
baur017017: posts big blind $3
*** HOLE CARDS ***
Ag3r0n: raises $3 to $6
baur017017: folds
Uncalled bet ($3) returned to Ag3r0n
Ag3r0n collected $6 from pot
*** SUMMARY ***
Total pot $6 | Rake $0
Seat 2: baur017017 (big blind) folded before Flop
Seat 3: Ag3r0n (button) (small blind) collected ($6)


PokerStars Hand #158625783956:  Hold'em Limit ($3/$6 USD) - 2016/09/15 4:54:55 ET
Table 'El Djezair' 6-max Seat #2 is the button
Seat 2: baur017017 ($57.16 in chips)
Seat 3: Ag3r0n ($75 in chips)
baur017017: posts small blind $1
Ag3r0n: posts big blind $3
*** HOLE CARDS ***
baur017017: folds
Uncalled bet ($2) returned to Ag3r0n
Ag3r0n collected $2 from pot
*** SUMMARY ***
Total pot $2 | Rake $0
Seat 2: baur017017 (button) (small blind) folded before Flop
Seat 3: Ag3r0n (big blind) collected ($2)


PokerStars Hand #158625788615:  Hold'em Limit ($3/$6 USD) - 2016/09/15 4:55:09 ET
Table 'El Djezair' 6-max Seat #2 is the button
Seat 2: baur017017 ($53.16 in chips)
Seat 3: Ag3r0n ($79 in chips)
baur017017: posts small blind $1
Ag3r0n: posts big blind $3
*** HOLE CARDS ***
baur017017: folds
Uncalled bet ($2) returned to Ag3r0n
Ag3r0n collected $2 from pot
*** SUMMARY ***
Total pot $2 | Rake $0
Seat 2: baur017017 (button) (small blind) folded before Flop
Seat 3: Ag3r0n (big blind) collected ($2)


PokerStars Hand #158625786066:  Hold'em Limit ($3/$6 USD) - 2016/09/15 4:55:01 ET
Table 'El Djezair' 6-max Seat #3 is the button
Seat 2: baur017017 ($56.16 in chips)
Seat 3: Ag3r0n ($76 in chips)
Ag3r0n: posts small blind $1
sloboda4 joins the table at seat #4
baur017017: posts big blind $3
*** HOLE CARDS ***
Ag3r0n: raises $3 to $6
baur017017: folds
Uncalled bet ($3) returned to Ag3r0n
Ag3r0n collected $6 from pot
*** SUMMARY ***
Total pot $6 | Rake $0
Seat 2: baur017017 (big blind) folded before Flop
Seat 3: Ag3r0n (button) (small blind) collected ($6)


PokerStars Hand #158626048466:  Hold'em Limit ($3/$6 USD) - 2016/09/15 5:08:34 ET
Table 'El Djezair' 6-max Seat #3 is the button
Seat 3: Ag3r0n ($94.38 in chips)
Seat 5: Dynchik JR ($90.37 in chips)
Ag3r0n: posts small blind $1
Dynchik JR: posts big blind $3
*** HOLE CARDS ***
Ag3r0n: raises $3 to $6
Dynchik JR: calls $3
*** FLOP *** [5s Ks 3s]
Dynchik JR: checks
Ag3r0n: bets $3
Dynchik JR: folds
Uncalled bet ($3) returned to Ag3r0n
Ag3r0n collected $11.76 from pot
*** SUMMARY ***
Total pot $12 | Rake $0.24
Board [5s Ks 3s]
Seat 3: Ag3r0n (button) (small blind) collected ($11.76)
Seat 5: Dynchik JR (big blind) folded on the Flop


PokerStars Hand #158626041217:  Hold'em Limit ($3/$6 USD) - 2016/09/15 5:08:13 ET
Table 'El Djezair' 6-max Seat #3 is the button
Seat 3: Ag3r0n ($74.88 in chips)
Seat 5: Dynchik JR ($110.37 in chips)
Ag3r0n: posts small blind $1
Dynchik JR: posts big blind $3
*** HOLE CARDS ***
Ag3r0n: folds
Uncalled bet ($2) returned to Dynchik JR
Dynchik JR collected $2 from pot
*** SUMMARY ***
Total pot $2 | Rake $0
Seat 3: Ag3r0n (button) (small blind) folded before Flop
Seat 5: Dynchik JR (big blind) collected ($2)


PokerStars Hand #158626057148:  Hold'em Limit ($3/$6 USD) - 2016/09/15 5:09:00 ET
Table 'El Djezair' 6-max Seat #3 is the button
Seat 3: Ag3r0n ($114.64 in chips)
Seat 5: Dynchik JR ($69.37 in chips)
Ag3r0n: posts small blind $1
Dynchik JR: posts big blind $3
*** HOLE CARDS ***
Ag3r0n: folds
Uncalled bet ($2) returned to Dynchik JR
Dynchik JR collected $2 from pot
*** SUMMARY ***
Total pot $2 | Rake $0
Seat 3: Ag3r0n (button) (small blind) folded before Flop
Seat 5: Dynchik JR (big blind) collected ($2)


PokerStars Hand #158626051965:  Hold'em Limit ($3/$6 USD) - 2016/09/15 5:08:44 ET
Table 'El Djezair' 6-max Seat #5 is the button
Seat 3: Ag3r0n ($100.14 in chips)
Seat 5: Dynchik JR ($84.37 in chips)
Dynchik JR: posts small blind $1
Ag3r0n: posts big blind $3
*** HOLE CARDS ***
Dynchik JR: calls $2
Ag3r0n: checks
*** FLOP *** [Kc 9c 3h]
Ag3r0n: checks
Dynchik JR: checks
*** TURN *** [Kc 9c 3h] [6h]
Ag3r0n: bets $6
Dynchik JR: calls $6
*** RIVER *** [Kc 9c 3h 6h] [Ah]
Ag3r0n: bets $6
Dynchik JR: calls $6
*** SHOW DOWN ***
Ag3r0n: shows [3d 6d] (two pair, Sixes and Threes)
Dynchik JR: mucks hand
Ag3r0n collected $29.50 from pot
*** SUMMARY ***
Total pot $30 | Rake $0.50
Board [Kc 9c 3h 6h Ah]
Seat 3: Ag3r0n (big blind) showed [3d 6d] and won ($29.50) with two pair, Sixes and Threes
Seat 5: Dynchik JR (button) (small blind) mucked


PokerStars Hand #158626042801:  Hold'em Limit ($3/$6 USD) - 2016/09/15 5:08:18 ET
Table 'El Djezair' 6-max Seat #5 is the button
Seat 3: Ag3r0n ($73.88 in chips)
Seat 5: Dynchik JR ($111.37 in chips)
Dynchik JR: posts small blind $1
Ag3r0n: posts big blind $3
*** HOLE CARDS ***
Dynchik JR: calls $2
Ag3r0n: raises $3 to $6
Dynchik JR: calls $3
*** FLOP *** [8c 6d 8s]
Ag3r0n: bets $3
Dynchik JR: calls $3
*** TURN *** [8c 6d 8s] [7d]
Ag3r0n: bets $6
Dynchik JR: calls $6
*** RIVER *** [8c 6d 8s 7d] [4c]
Ag3r0n: checks
Dynchik JR: bets $6
Ag3r0n: calls $6
*** SHOW DOWN ***
Dynchik JR: shows [Jc Qd] (a pair of Eights)
Ag3r0n: shows [Kh Kd] (two pair, Kings and Eights)
Ag3r0n collected $41.50 from pot
*** SUMMARY ***
Total pot $42 | Rake $0.50
Board [8c 6d 8s 7d 4c]
Seat 3: Ag3r0n (big blind) showed [Kh Kd] and won ($41.50) with two pair, Kings and Eights
Seat 5: Dynchik JR (button) (small blind) showed [Jc Qd] and lost with a pair of Eights


PokerStars Hand #158626073737:  Hold'em Limit ($3/$6 USD) - 2016/09/15 5:09:49 ET
Table 'El Djezair' 6-max Seat #5 is the button
Seat 3: Ag3r0n ($98.64 in chips)
Seat 5: Dynchik JR ($84.77 in chips)
Dynchik JR: posts small blind $1
Ag3r0n: posts big blind $3
*** HOLE CARDS ***
Dynchik JR: calls $2
Ag3r0n: checks
*** FLOP *** [8c Tc Qh]
Ag3r0n: checks
Dynchik JR: checks
*** TURN *** [8c Tc Qh] [Js]
Ag3r0n: checks
Dynchik JR: bets $6
Ag3r0n: folds
Uncalled bet ($6) returned to Dynchik JR
Dynchik JR collected $5.88 from pot
*** SUMMARY ***
Total pot $6 | Rake $0.12
Board [8c Tc Qh Js]
Seat 3: Ag3r0n (big blind) folded on the Turn
Seat 5: Dynchik JR (button) (small blind) collected ($5.88)


PokerStars Hand #158626065045:  Hold'em Limit ($3/$6 USD) - 2016/09/15 5:09:23 ET
Table 'El Djezair' 6-max Seat #3 is the button
Seat 3: Ag3r0n ($110.64 in chips)
Seat 5: Dynchik JR ($73.25 in chips)
Ag3r0n: posts small blind $1
Dynchik JR: posts big blind $3
*** HOLE CARDS ***
Ag3r0n: raises $3 to $6
Dynchik JR: calls $3
*** FLOP *** [3c 5s Th]
Dynchik JR: bets $3
Ag3r0n: raises $3 to $6
Dynchik JR: calls $3
*** TURN *** [3c 5s Th] [Js]
Dynchik JR: checks
Ag3r0n: checks
*** RIVER *** [3c 5s Th Js] [2h]
Dynchik JR: bets $6
Ag3r0n: folds
Uncalled bet ($6) returned to Dynchik JR
Dynchik JR collected $23.52 from pot
*** SUMMARY ***
Total pot $24 | Rake $0.48
Board [3c 5s Th Js 2h]
Seat 3: Ag3r0n (button) (small blind) folded on the River
Seat 5: Dynchik JR (big blind) collected ($23.52)


PokerStars Hand #158626058641:  Hold'em Limit ($3/$6 USD) - 2016/09/15 5:09:04 ET
Table 'El Djezair' 6-max Seat #5 is the button
Seat 3: Ag3r0n ($113.64 in chips)
Seat 5: Dynchik JR ($70.37 in chips)
Dynchik JR: posts small blind $1
Ag3r0n: posts big blind $3
*** HOLE CARDS ***
Dynchik JR: calls $2
Ag3r0n: checks
*** FLOP *** [Ts 3c Ac]
Ag3r0n: checks
Dynchik JR: checks
*** TURN *** [Ts 3c Ac] [4c]
Ag3r0n: checks
Dynchik JR: checks
*** RIVER *** [Ts 3c Ac 4c] [Js]
Ag3r0n: checks
Dynchik JR: bets $6
Ag3r0n: folds
Uncalled bet ($6) returned to Dynchik JR
Dynchik JR collected $5.88 from pot
*** SUMMARY ***
Total pot $6 | Rake $0.12
Board [Ts 3c Ac 4c Js]
Seat 3: Ag3r0n (big blind) folded on the River
Seat 5: Dynchik JR (button) (small blind) collected ($5.88)


PokerStars Hand #158626079285:  Hold'em Limit ($3/$6 USD) - 2016/09/15 5:10:05 ET
Table 'El Djezair' 6-max Seat #3 is the button
Seat 3: Ag3r0n ($95.64 in chips)
Seat 5: Dynchik JR ($87.65 in chips)
Ag3r0n: posts small blind $1
Dynchik JR: posts big blind $3
*** HOLE CARDS ***
Ag3r0n: raises $3 to $6
Dynchik JR: calls $3
*** FLOP *** [7d 4c Jh]
Dynchik JR: checks
Ag3r0n: bets $3
Dynchik JR: calls $3
*** TURN *** [7d 4c Jh] [6s]
Dynchik JR: checks
Ag3r0n: bets $6
Dynchik JR: calls $6
*** RIVER *** [7d 4c Jh 6s] [5d]
Dynchik JR: checks
Ag3r0n: checks
*** SHOW DOWN ***
Dynchik JR: shows [7h 5c] (two pair, Sevens and Fives)
Ag3r0n: shows [Jc 7s] (two pair, Jacks and Sevens)
Ag3r0n collected $29.50 from pot
*** SUMMARY ***
Total pot $30 | Rake $0.50
Board [7d 4c Jh 6s 5d]
Seat 3: Ag3r0n (button) (small blind) showed [Jc 7s] and won ($29.50) with two pair, Jacks and Sevens
Seat 5: Dynchik JR (big blind) showed [7h 5c] and lost with two pair, Sevens and Fives


PokerStars Hand #158626095644:  Hold'em Limit ($3/$6 USD) - 2016/09/15 5:10:52 ET
Table 'El Djezair' 6-max Seat #5 is the button
Seat 3: Ag3r0n ($102.14 in chips)
Seat 5: Dynchik JR ($80.41 in chips)
Dynchik JR: posts small blind $1
Ag3r0n: posts big blind $3
*** HOLE CARDS ***
Dynchik JR: calls $2
Ag3r0n: raises $3 to $6
Dynchik JR: calls $3
*** FLOP *** [Ks Qc 6c]
Ag3r0n: bets $3
Dynchik JR: calls $3
*** TURN *** [Ks Qc 6c] [Qs]
Ag3r0n: bets $6
Dynchik JR: folds
Uncalled bet ($6) returned to Ag3r0n
Ag3r0n collected $17.64 from pot
*** SUMMARY ***
Total pot $18 | Rake $0.36
Board [Ks Qc 6c Qs]
Seat 3: Ag3r0n (big blind) collected ($17.64)
Seat 5: Dynchik JR (button) (small blind) folded on the Turn


PokerStars Hand #158626093442:  Hold'em Limit ($3/$6 USD) - 2016/09/15 5:10:46 ET
Table 'El Djezair' 6-max Seat #3 is the button
Seat 3: Ag3r0n ($103.14 in chips)
Seat 5: Dynchik JR ($79.41 in chips)
Ag3r0n: posts small blind $1
Dynchik JR: posts big blind $3
*** HOLE CARDS ***
Ag3r0n: folds
Uncalled bet ($2) returned to Dynchik JR
Dynchik JR collected $2 from pot
*** SUMMARY ***
Total pot $2 | Rake $0
Seat 3: Ag3r0n (button) (small blind) folded before Flop
Seat 5: Dynchik JR (big blind) collected ($2)


PokerStars Hand #158626089663:  Hold'em Limit ($3/$6 USD) - 2016/09/15 5:10:34 ET
Table 'El Djezair' 6-max Seat #5 is the button
Seat 3: Ag3r0n ($106.14 in chips)
Seat 5: Dynchik JR ($76.53 in chips)
Dynchik JR: posts small blind $1
Ag3r0n: posts big blind $3
*** HOLE CARDS ***
Dynchik JR: calls $2
Ag3r0n: checks
*** FLOP *** [Jh 8c Kd]
Ag3r0n: checks
Dynchik JR: bets $3
Ag3r0n: folds
Uncalled bet ($3) returned to Dynchik JR
Dynchik JR collected $5.88 from pot
*** SUMMARY ***
Total pot $6 | Rake $0.12
Board [Jh 8c Kd]
Seat 3: Ag3r0n (big blind) folded on the Flop
Seat 5: Dynchik JR (button) (small blind) collected ($5.88)


PokerStars Hand #158626088083:  Hold'em Limit ($3/$6 USD) - 2016/09/15 5:10:30 ET
Table 'El Djezair' 6-max Seat #3 is the button
Seat 3: Ag3r0n ($107.14 in chips)
Seat 5: Dynchik JR ($75.53 in chips)
Ag3r0n: posts small blind $1
Dynchik JR: posts big blind $3
*** HOLE CARDS ***
Ag3r0n: folds
Uncalled bet ($2) returned to Dynchik JR
Dynchik JR collected $2 from pot
*** SUMMARY ***
Total pot $2 | Rake $0
Seat 3: Ag3r0n (button) (small blind) folded before Flop
Seat 5: Dynchik JR (big blind) collected ($2)


PokerStars Hand #158626084569:  Hold'em Limit ($3/$6 USD) - 2016/09/15 5:10:20 ET
Table 'El Djezair' 6-max Seat #5 is the button
Seat 3: Ag3r0n ($110.14 in chips)
Seat 5: Dynchik JR ($72.65 in chips)
Dynchik JR: posts small blind $1
Ag3r0n: posts big blind $3
*** HOLE CARDS ***
Dynchik JR: calls $2
Ag3r0n: checks
*** FLOP *** [3h 3s 5h]
Ag3r0n: checks
Dynchik JR: bets $3
Ag3r0n: folds
Uncalled bet ($3) returned to Dynchik JR
Dynchik JR collected $5.88 from pot
*** SUMMARY ***
Total pot $6 | Rake $0.12
Board [3h 3s 5h]
Seat 3: Ag3r0n (big blind) folded on the Flop
Seat 5: Dynchik JR (button) (small blind) collected ($5.88)


PokerStars Hand #158626114846:  Hold'em Limit ($3/$6 USD) - 2016/09/15 5:11:47 ET
Table 'El Djezair' 6-max Seat #5 is the button
Seat 3: Ag3r0n ($150.78 in chips)
Seat 5: Dynchik JR ($30.41 in chips)
Dynchik JR: posts small blind $1
Ag3r0n: posts big blind $3
*** HOLE CARDS ***
Dynchik JR: calls $2
Ag3r0n: checks
*** FLOP *** [Tc Td 2s]
Ag3r0n: checks
Dynchik JR: checks
*** TURN *** [Tc Td 2s] [7d]
Ag3r0n: checks
Dynchik JR: checks
*** RIVER *** [Tc Td 2s 7d] [6d]
Ag3r0n: checks
Dynchik JR: bets $6
Ag3r0n: folds
Uncalled bet ($6) returned to Dynchik JR
Dynchik JR collected $5.88 from pot
*** SUMMARY ***
Total pot $6 | Rake $0.12
Board [Tc Td 2s 7d 6d]
Seat 3: Ag3r0n (big blind) folded on the River
Seat 5: Dynchik JR (button) (small blind) collected ($5.88)


PokerStars Hand #158626108600:  Hold'em Limit ($3/$6 USD) - 2016/09/15 5:11:29 ET
Table 'El Djezair' 6-max Seat #3 is the button
Seat 3: Ag3r0n ($130.28 in chips)
Seat 5: Dynchik JR ($51.41 in chips)
Ag3r0n: posts small blind $1
Dynchik JR: posts big blind $3
*** HOLE CARDS ***
Ag3r0n: raises $3 to $6
Dynchik JR: calls $3
*** FLOP *** [Ks 4c 6c]
Dynchik JR: bets $3
Ag3r0n: calls $3
*** TURN *** [Ks 4c 6c] [3s]
Dynchik JR: bets $6
Ag3r0n: calls $6
*** RIVER *** [Ks 4c 6c 3s] [6s]
Dynchik JR: bets $6
Ag3r0n: raises $6 to $12
Dynchik JR: folds
Uncalled bet ($6) returned to Ag3r0n
Ag3r0n collected $41.50 from pot
*** SUMMARY ***
Total pot $42 | Rake $0.50
Board [Ks 4c 6c 3s 6s]
Seat 3: Ag3r0n (button) (small blind) collected ($41.50)
Seat 5: Dynchik JR (big blind) folded on the River


PokerStars Hand #158626119571:  Hold'em Limit ($3/$6 USD) - 2016/09/15 5:12:00 ET
Table 'El Djezair' 6-max Seat #3 is the button
Seat 3: Ag3r0n ($147.78 in chips)
Seat 5: Dynchik JR ($33.29 in chips)
Ag3r0n: posts small blind $1
Dynchik JR: posts big blind $3
*** HOLE CARDS ***
Ag3r0n: folds
Uncalled bet ($2) returned to Dynchik JR
Dynchik JR collected $2 from pot
*** SUMMARY ***
Total pot $2 | Rake $0
Seat 3: Ag3r0n (button) (small blind) folded before Flop
Seat 5: Dynchik JR (big blind) collected ($2)


PokerStars Hand #158626102874:  Hold'em Limit ($3/$6 USD) - 2016/09/15 5:11:12 ET
Table 'El Djezair' 6-max Seat #5 is the button
Seat 3: Ag3r0n ($109.78 in chips)
Seat 5: Dynchik JR ($72.41 in chips)
Dynchik JR: posts small blind $1
Ag3r0n: posts big blind $3
*** HOLE CARDS ***
Dynchik JR: calls $2
Ag3r0n: raises $3 to $6
Dynchik JR: calls $3
*** FLOP *** [4s 6h 5h]
Ag3r0n: bets $3
Dynchik JR: calls $3
*** TURN *** [4s 6h 5h] [3d]
Ag3r0n: checks
Dynchik JR: bets $6
Ag3r0n: calls $6
*** RIVER *** [4s 6h 5h 3d] [3h]
Ag3r0n: checks
Dynchik JR: bets $6
Ag3r0n: calls $6
*** SHOW DOWN ***
Dynchik JR: shows [8c 6d] (two pair, Sixes and Threes)
Ag3r0n: shows [6c Ac] (two pair, Sixes and Threes - Ace kicker)
Ag3r0n collected $41.50 from pot
*** SUMMARY ***
Total pot $42 | Rake $0.50
Board [4s 6h 5h 3d 3h]
Seat 3: Ag3r0n (big blind) showed [6c Ac] and won ($41.50) with two pair, Sixes and Threes
Seat 5: Dynchik JR (button) (small blind) showed [8c 6d] and lost with two pair, Sixes and Threes


PokerStars Hand #158626101142:  Hold'em Limit ($3/$6 USD) - 2016/09/15 5:11:08 ET
Table 'El Djezair' 6-max Seat #3 is the button
Seat 3: Ag3r0n ($110.78 in chips)
Seat 5: Dynchik JR ($71.41 in chips)
Ag3r0n: posts small blind $1
Dynchik JR: posts big blind $3
*** HOLE CARDS ***
Ag3r0n: folds
Uncalled bet ($2) returned to Dynchik JR
Dynchik JR collected $2 from pot
*** SUMMARY ***
Total pot $2 | Rake $0
Seat 3: Ag3r0n (button) (small blind) folded before Flop
Seat 5: Dynchik JR (big blind) collected ($2)


PokerStars Hand #158626125144:  Hold'em Limit ($3/$6 USD) - 2016/09/15 5:12:16 ET
Table 'El Djezair' 6-max Seat #3 is the button
Seat 3: Ag3r0n ($143.78 in chips)
Seat 5: Dynchik JR ($37.17 in chips)
Ag3r0n: posts small blind $1
Dynchik JR: posts big blind $3
*** HOLE CARDS ***
Ag3r0n: raises $3 to $6
Dynchik JR: calls $3
*** FLOP *** [2h 8s 9d]
Dynchik JR: checks
Ag3r0n: checks
*** TURN *** [2h 8s 9d] [6h]
Dynchik JR: checks
Ag3r0n: checks
*** RIVER *** [2h 8s 9d 6h] [8d]
Dynchik JR: bets $6
Ag3r0n: calls $6
*** SHOW DOWN ***
Dynchik JR: shows [9s Js] (two pair, Nines and Eights)
Ag3r0n: mucks hand
Dynchik JR collected $23.52 from pot
*** SUMMARY ***
Total pot $24 | Rake $0.48
Board [2h 8s 9d 6h 8d]
Seat 3: Ag3r0n (button) (small blind) mucked
Seat 5: Dynchik JR (big blind) showed [9s Js] and won ($23.52) with two pair, Nines and Eights


PokerStars Hand #158626121805:  Hold'em Limit ($3/$6 USD) - 2016/09/15 5:12:07 ET
Table 'El Djezair' 6-max Seat #5 is the button
Seat 3: Ag3r0n ($146.78 in chips)
Seat 5: Dynchik JR ($34.29 in chips)
Dynchik JR: posts small blind $1
Ag3r0n: posts big blind $3
*** HOLE CARDS ***
Dynchik JR: calls $2
Ag3r0n: checks
*** FLOP *** [9h 5h 2d]
Ag3r0n: checks
Dynchik JR: bets $3
Ag3r0n: folds
Uncalled bet ($3) returned to Dynchik JR
Dynchik JR collected $5.88 from pot
*** SUMMARY ***
Total pot $6 | Rake $0.12
Board [9h 5h 2d]
Seat 3: Ag3r0n (big blind) folded on the Flop
Seat 5: Dynchik JR (button) (small blind) collected ($5.88)


PokerStars Hand #158626136787:  Hold'em Limit ($3/$6 USD) - 2016/09/15 5:12:49 ET
Table 'El Djezair' 6-max Seat #3 is the button
Seat 3: Ag3r0n ($152.28 in chips)
Seat 5: Dynchik JR ($27.69 in chips)
Ag3r0n: posts small blind $1
Dynchik JR: posts big blind $3
*** HOLE CARDS ***
Ag3r0n: folds
Uncalled bet ($2) returned to Dynchik JR
Dynchik JR collected $2 from pot
*** SUMMARY ***
Total pot $2 | Rake $0
Seat 3: Ag3r0n (button) (small blind) folded before Flop
Seat 5: Dynchik JR (big blind) collected ($2)


PokerStars Hand #158626129911:  Hold'em Limit ($3/$6 USD) - 2016/09/15 5:12:29 ET
Table 'El Djezair' 6-max Seat #5 is the button
Seat 3: Ag3r0n ($131.78 in chips)
Seat 5: Dynchik JR ($48.69 in chips)
Dynchik JR: posts small blind $1
Ag3r0n: posts big blind $3
*** HOLE CARDS ***
Dynchik JR: calls $2
Ag3r0n: raises $3 to $6
Dynchik JR: calls $3
*** FLOP *** [5h 2s Js]
Ag3r0n: bets $3
Dynchik JR: calls $3
*** TURN *** [5h 2s Js] [9s]
Ag3r0n: bets $6
Dynchik JR: calls $6
*** RIVER *** [5h 2s Js 9s] [Tc]
Ag3r0n: checks
Dynchik JR: bets $6
Ag3r0n: calls $6
*** SHOW DOWN ***
Dynchik JR: shows [Qd 6c] (high card Queen)
Ag3r0n: shows [Jd 8d] (a pair of Jacks)
Ag3r0n collected $41.50 from pot
*** SUMMARY ***
Total pot $42 | Rake $0.50
Board [5h 2s Js 9s Tc]
Seat 3: Ag3r0n (big blind) showed [Jd 8d] and won ($41.50) with a pair of Jacks
Seat 5: Dynchik JR (button) (small blind) showed [Qd 6c] and lost with high card Queen


PokerStars Hand #158626138349:  Hold'em Limit ($3/$6 USD) - 2016/09/15 5:12:53 ET
Table 'El Djezair' 6-max Seat #5 is the button
Seat 3: Ag3r0n ($151.28 in chips)
Seat 5: Dynchik JR ($28.69 in chips)
Dynchik JR: posts small blind $1
Ag3r0n: posts big blind $3
*** HOLE CARDS ***
Dynchik JR: calls $2
Ag3r0n: checks
*** FLOP *** [5s 2h 9d]
Ag3r0n: checks
Dynchik JR: bets $3
Ag3r0n: folds
Uncalled bet ($3) returned to Dynchik JR
Dynchik JR collected $5.88 from pot
*** SUMMARY ***
Total pot $6 | Rake $0.12
Board [5s 2h 9d]
Seat 3: Ag3r0n (big blind) folded on the Flop
Seat 5: Dynchik JR (button) (small blind) collected ($5.88)


PokerStars Hand #158626148772:  Hold'em Limit ($3/$6 USD) - 2016/09/15 5:13:23 ET
Table 'El Djezair' 6-max Seat #5 is the button
Seat 3: Ag3r0n ($156.92 in chips)
Seat 5: Dynchik JR ($22.57 in chips)
Dynchik JR: posts small blind $1
Ag3r0n: posts big blind $3
*** HOLE CARDS ***
Dynchik JR: calls $2
Ag3r0n: checks
*** FLOP *** [7h Qc Th]
Ag3r0n: checks
Dynchik JR: bets $3
Ag3r0n: folds
Uncalled bet ($3) returned to Dynchik JR
Dynchik JR collected $5.88 from pot
*** SUMMARY ***
Total pot $6 | Rake $0.12
Board [7h Qc Th]
Seat 3: Ag3r0n (big blind) folded on the Flop
Seat 5: Dynchik JR (button) (small blind) collected ($5.88)


PokerStars Hand #158626142285:  Hold'em Limit ($3/$6 USD) - 2016/09/15 5:13:05 ET
Table 'El Djezair' 6-max Seat #3 is the button
Seat 3: Ag3r0n ($148.28 in chips)
Seat 5: Dynchik JR ($31.57 in chips)
Ag3r0n: posts small blind $1
Dynchik JR: posts big blind $3
*** HOLE CARDS ***
Ag3r0n: raises $3 to $6
Dynchik JR: calls $3
*** FLOP *** [2s Qc As]
Dynchik JR: checks
Ag3r0n: bets $3
Dynchik JR: calls $3
*** TURN *** [2s Qc As] [9h]
Dynchik JR: checks
Ag3r0n: checks
*** RIVER *** [2s Qc As 9h] [Ks]
Dynchik JR: checks
Ag3r0n: bets $6
Dynchik JR: folds
Uncalled bet ($6) returned to Ag3r0n
Ag3r0n collected $17.64 from pot
*** SUMMARY ***
Total pot $18 | Rake $0.36
Board [2s Qc As 9h Ks]
Seat 3: Ag3r0n (button) (small blind) collected ($17.64)
Seat 5: Dynchik JR (big blind) folded on the River


PokerStars Hand #158626151936:  Hold'em Limit ($3/$6 USD) - 2016/09/15 5:13:32 ET
Table 'El Djezair' 6-max Seat #3 is the button
Seat 3: Ag3r0n ($153.92 in chips)
Seat 5: Dynchik JR ($25.45 in chips)
Ag3r0n: posts small blind $1
Dynchik JR: posts big blind $3
*** HOLE CARDS ***
Ag3r0n: calls $2
Dynchik JR: checks
*** FLOP *** [3d 8d 5s]
Dynchik JR: bets $3
Ag3r0n: folds
Uncalled bet ($3) returned to Dynchik JR
Dynchik JR collected $5.88 from pot
*** SUMMARY ***
Total pot $6 | Rake $0.12
Board [3d 8d 5s]
Seat 3: Ag3r0n (button) (small blind) folded on the Flop
Seat 5: Dynchik JR (big blind) collected ($5.88)


PokerStars Hand #158626155647:  Hold'em Limit ($3/$6 USD) - 2016/09/15 5:13:43 ET
Table 'El Djezair' 6-max Seat #5 is the button
Seat 3: Ag3r0n ($150.92 in chips)
Seat 5: Dynchik JR ($28.33 in chips)
Dynchik JR: posts small blind $1
Ag3r0n: posts big blind $3
*** HOLE CARDS ***
Dynchik JR: calls $2
Ag3r0n: checks
*** FLOP *** [Qs 5s Ac]
Ag3r0n: checks
Dynchik JR: checks
*** TURN *** [Qs 5s Ac] [7c]
Ag3r0n: checks
Dynchik JR: bets $6
Ag3r0n: folds
Uncalled bet ($6) returned to Dynchik JR
Dynchik JR collected $5.88 from pot
*** SUMMARY ***
Total pot $6 | Rake $0.12
Board [Qs 5s Ac 7c]
Seat 3: Ag3r0n (big blind) folded on the Turn
Seat 5: Dynchik JR (button) (small blind) collected ($5.88)


PokerStars Hand #158626171405:  Hold'em Limit ($3/$6 USD) - 2016/09/15 5:14:28 ET
Table 'El Djezair' 6-max Seat #5 is the button
Seat 3: Ag3r0n ($156.44 in chips)
Seat 5: Dynchik JR ($21.97 in chips)
Dynchik JR: posts small blind $1
Ag3r0n: posts big blind $3
*** HOLE CARDS ***
Dynchik JR: calls $2
Ag3r0n: raises $3 to $6
Dynchik JR: calls $3
*** FLOP *** [Jc Ks Ac]
Ag3r0n: bets $3
Dynchik JR: calls $3
*** TURN *** [Jc Ks Ac] [8h]
Ag3r0n: checks
Dynchik JR: bets $6
Ag3r0n: calls $6
*** RIVER *** [Jc Ks Ac 8h] [3d]
Ag3r0n: checks
Dynchik JR: bets $6
Ag3r0n: calls $6
*** SHOW DOWN ***
Dynchik JR: shows [As Qd] (a pair of Aces)
Ag3r0n: mucks hand
Dynchik JR collected $41.50 from pot
*** SUMMARY ***
Total pot $42 | Rake $0.50
Board [Jc Ks Ac 8h 3d]
Seat 3: Ag3r0n (big blind) mucked
Seat 5: Dynchik JR (button) (small blind) showed [As Qd] and won ($41.50) with a pair of Aces


PokerStars Hand #158626167863:  Hold'em Limit ($3/$6 USD) - 2016/09/15 5:14:18 ET
Table 'El Djezair' 6-max Seat #3 is the button
Seat 3: Ag3r0n ($162.44 in chips)
Seat 5: Dynchik JR ($16.21 in chips)
Ag3r0n: posts small blind $1
Dynchik JR: posts big blind $3
*** HOLE CARDS ***
Ag3r0n: calls $2
Dynchik JR: raises $3 to $6
Ag3r0n: calls $3
*** FLOP *** [Jh Ah 7d]
Dynchik JR: bets $3
Ag3r0n: folds
Uncalled bet ($3) returned to Dynchik JR
Dynchik JR collected $11.76 from pot
*** SUMMARY ***
Total pot $12 | Rake $0.24
Board [Jh Ah 7d]
Seat 3: Ag3r0n (button) (small blind) folded on the Flop
Seat 5: Dynchik JR (big blind) collected ($11.76)


PokerStars Hand #158626177511:  Hold'em Limit ($3/$6 USD) - 2016/09/15 5:14:45 ET
Table 'El Djezair' 6-max Seat #3 is the button
Seat 3: Ag3r0n ($135.44 in chips)
Seat 5: Dynchik JR ($42.47 in chips)
Ag3r0n: posts small blind $1
Dynchik JR: posts big blind $3
*** HOLE CARDS ***
Ag3r0n: raises $3 to $6
Dynchik JR: calls $3
*** FLOP *** [9c Qc 6d]
Dynchik JR: checks
Ag3r0n: bets $3
Dynchik JR: calls $3
*** TURN *** [9c Qc 6d] [2s]
Dynchik JR: checks
Ag3r0n: bets $6
Dynchik JR: calls $6
*** RIVER *** [9c Qc 6d 2s] [3c]
Dynchik JR: checks
Ag3r0n: checks
*** SHOW DOWN ***
Dynchik JR: shows [3d Ac] (a pair of Threes)
Ag3r0n: shows [7h 7d] (a pair of Sevens)
Ag3r0n collected $29.50 from pot
*** SUMMARY ***
Total pot $30 | Rake $0.50
Board [9c Qc 6d 2s 3c]
Seat 3: Ag3r0n (button) (small blind) showed [7h 7d] and won ($29.50) with a pair of Sevens
Seat 5: Dynchik JR (big blind) showed [3d Ac] and lost with a pair of Threes


PokerStars Hand #158626162135:  Hold'em Limit ($3/$6 USD) - 2016/09/15 5:14:01 ET
Table 'El Djezair' 6-max Seat #5 is the button
Seat 3: Ag3r0n ($150.92 in chips)
Seat 5: Dynchik JR ($28.21 in chips)
Dynchik JR: posts small blind $1
Ag3r0n: posts big blind $3
*** HOLE CARDS ***
Dynchik JR: calls $2
Ag3r0n: checks
*** FLOP *** [Td 4h Ts]
Ag3r0n: bets $3
Dynchik JR: calls $3
*** TURN *** [Td 4h Ts] [8h]
Ag3r0n: checks
Dynchik JR: bets $6
Ag3r0n: calls $6
*** RIVER *** [Td 4h Ts 8h] [Js]
Ag3r0n: checks
Dynchik JR: checks
*** SHOW DOWN ***
Ag3r0n: shows [7c 4s] (two pair, Tens and Fours)
Dynchik JR: mucks hand
Ag3r0n collected $23.52 from pot
*** SUMMARY ***
Total pot $24 | Rake $0.48
Board [Td 4h Ts 8h Js]
Seat 3: Ag3r0n (big blind) showed [7c 4s] and won ($23.52) with two pair, Tens and Fours
Seat 5: Dynchik JR (button) (small blind) mucked


PokerStars Hand #158626201260:  Hold'em Limit ($3/$6 USD) - 2016/09/15 5:15:52 ET
Table 'El Djezair' 6-max Seat #3 is the button
Seat 3: Ag3r0n ($148.58 in chips)
Seat 5: Dynchik JR ($28.11 in chips)
Ag3r0n: posts small blind $1
Dynchik JR: posts big blind $3
*** HOLE CARDS ***
Ag3r0n: folds
Uncalled bet ($2) returned to Dynchik JR
Dynchik JR collected $2 from pot
*** SUMMARY ***
Total pot $2 | Rake $0
Seat 3: Ag3r0n (button) (small blind) folded before Flop
Seat 5: Dynchik JR (big blind) collected ($2)


PokerStars Hand #158626188893:  Hold'em Limit ($3/$6 USD) - 2016/09/15 5:15:17 ET
Table 'El Djezair' 6-max Seat #3 is the button
Seat 3: Ag3r0n ($158.58 in chips)
Seat 5: Dynchik JR ($18.47 in chips)
Ag3r0n: posts small blind $1
Dynchik JR: posts big blind $3
*** HOLE CARDS ***
Ag3r0n: calls $2
Dynchik JR: checks
*** FLOP *** [2c Qh Qs]
Dynchik JR: bets $3
Ag3r0n: folds
Uncalled bet ($3) returned to Dynchik JR
Dynchik JR collected $5.88 from pot
*** SUMMARY ***
Total pot $6 | Rake $0.12
Board [2c Qh Qs]
Seat 3: Ag3r0n (button) (small blind) folded on the Flop
Seat 5: Dynchik JR (big blind) collected ($5.88)


PokerStars Hand #158626202906:  Hold'em Limit ($3/$6 USD) - 2016/09/15 5:15:56 ET
Table 'El Djezair' 6-max Seat #5 is the button
Seat 3: Ag3r0n ($147.58 in chips)
Seat 5: Dynchik JR ($29.11 in chips)
Dynchik JR: posts small blind $1
Ag3r0n: posts big blind $3
*** HOLE CARDS ***
Dynchik JR: calls $2
Ag3r0n: raises $3 to $6
Dynchik JR: calls $3
*** FLOP *** [9s 9c 3s]
Ag3r0n: bets $3
Dynchik JR: calls $3
*** TURN *** [9s 9c 3s] [Js]
Ag3r0n: bets $6
Dynchik JR: calls $6
*** RIVER *** [9s 9c 3s Js] [4h]
Ag3r0n: checks
Dynchik JR: bets $6
Ag3r0n: calls $6
*** SHOW DOWN ***
Dynchik JR: shows [Jd Qh] (two pair, Jacks and Nines)
Ag3r0n: mucks hand
Dynchik JR collected $41.50 from pot
*** SUMMARY ***
Total pot $42 | Rake $0.50
Board [9s 9c 3s Js 4h]
Seat 3: Ag3r0n (big blind) mucked
Seat 5: Dynchik JR (button) (small blind) showed [Jd Qh] and won ($41.50) with two pair, Jacks and Nines


PokerStars Hand #158626183900:  Hold'em Limit ($3/$6 USD) - 2016/09/15 5:15:03 ET
Table 'El Djezair' 6-max Seat #5 is the button
Seat 3: Ag3r0n ($149.94 in chips)
Seat 5: Dynchik JR ($27.47 in chips)
Dynchik JR: posts small blind $1
Ag3r0n: posts big blind $3
*** HOLE CARDS ***
Dynchik JR: calls $2
Ag3r0n: checks
*** FLOP *** [Jd Ad 7h]
Ag3r0n: checks
Dynchik JR: bets $3
Ag3r0n: raises $3 to $6
Dynchik JR: calls $3
*** TURN *** [Jd Ad 7h] [Kd]
Ag3r0n: bets $6
Dynchik JR: folds
Uncalled bet ($6) returned to Ag3r0n
Ag3r0n collected $17.64 from pot
*** SUMMARY ***
Total pot $18 | Rake $0.36
Board [Jd Ad 7h Kd]
Seat 3: Ag3r0n (big blind) collected ($17.64)
Seat 5: Dynchik JR (button) (small blind) folded on the Turn


PokerStars Hand #158626197471:  Hold'em Limit ($3/$6 USD) - 2016/09/15 5:15:41 ET
Table 'El Djezair' 6-max Seat #5 is the button
Seat 3: Ag3r0n ($151.58 in chips)
Seat 5: Dynchik JR ($25.23 in chips)
Dynchik JR: posts small blind $1
Ag3r0n: posts big blind $3
*** HOLE CARDS ***
Dynchik JR: calls $2
Ag3r0n: checks
*** FLOP *** [3h 7s Js]
Ag3r0n: checks
Dynchik JR: checks
*** TURN *** [3h 7s Js] [3d]
Ag3r0n: checks
Dynchik JR: bets $6
Ag3r0n: folds
Uncalled bet ($6) returned to Dynchik JR
Dynchik JR collected $5.88 from pot
*** SUMMARY ***
Total pot $6 | Rake $0.12
Board [3h 7s Js 3d]
Seat 3: Ag3r0n (big blind) folded on the Turn
Seat 5: Dynchik JR (button) (small blind) collected ($5.88)


PokerStars Hand #158626195928:  Hold'em Limit ($3/$6 USD) - 2016/09/15 5:15:37 ET
Table 'El Djezair' 6-max Seat #3 is the button
Seat 3: Ag3r0n ($152.58 in chips)
Seat 5: Dynchik JR ($24.23 in chips)
Ag3r0n: posts small blind $1
Dynchik JR: posts big blind $3
*** HOLE CARDS ***
Ag3r0n: folds
Uncalled bet ($2) returned to Dynchik JR
Dynchik JR collected $2 from pot
*** SUMMARY ***
Total pot $2 | Rake $0
Seat 3: Ag3r0n (button) (small blind) folded before Flop
Seat 5: Dynchik JR (big blind) collected ($2)


PokerStars Hand #158626191945:  Hold'em Limit ($3/$6 USD) - 2016/09/15 5:15:26 ET
Table 'El Djezair' 6-max Seat #5 is the button
Seat 3: Ag3r0n ($155.58 in chips)
Seat 5: Dynchik JR ($21.35 in chips)
Dynchik JR: posts small blind $1
Ag3r0n: posts big blind $3
*** HOLE CARDS ***
Dynchik JR: calls $2
Ag3r0n: checks
*** FLOP *** [7d Kd 8c]
Ag3r0n: checks
Dynchik JR: checks
*** TURN *** [7d Kd 8c] [Kc]
Ag3r0n: checks
Dynchik JR: bets $6
Ag3r0n: folds
Uncalled bet ($6) returned to Dynchik JR
Dynchik JR collected $5.88 from pot
*** SUMMARY ***
Total pot $6 | Rake $0.12
Board [7d Kd 8c Kc]
Seat 3: Ag3r0n (big blind) folded on the Turn
Seat 5: Dynchik JR (button) (small blind) collected ($5.88)


PokerStars Hand #158626208030:  Hold'em Limit ($3/$6 USD) - 2016/09/15 5:16:11 ET
Table 'El Djezair' 6-max Seat #3 is the button
Seat 3: Ag3r0n ($126.58 in chips)
Seat 5: Dynchik JR ($49.61 in chips)
Ag3r0n: posts small blind $1
Dynchik JR: posts big blind $3
*** HOLE CARDS ***
Ag3r0n: raises $3 to $6
Dynchik JR: calls $3
*** FLOP *** [7h Qh 9c]
Dynchik JR: checks
Ag3r0n: checks
*** TURN *** [7h Qh 9c] [5d]
Dynchik JR: bets $6
Ag3r0n: folds
Uncalled bet ($6) returned to Dynchik JR
Dynchik JR collected $11.76 from pot
*** SUMMARY ***
Total pot $12 | Rake $0.24
Board [7h Qh 9c 5d]
Seat 3: Ag3r0n (button) (small blind) folded on the Turn
Seat 5: Dynchik JR (big blind) collected ($11.76)


PokerStars Hand #158626212789:  Hold'em Limit ($3/$6 USD) - 2016/09/15 5:16:24 ET
Table 'El Djezair' 6-max Seat #5 is the button
Seat 3: Ag3r0n ($120.58 in chips)
Seat 5: Dynchik JR ($55.37 in chips)
Dynchik JR: posts small blind $1
Ag3r0n: posts big blind $3
*** HOLE CARDS ***
Dynchik JR: calls $2
Ag3r0n: checks
*** FLOP *** [Qc 4d 6d]
Ag3r0n: bets $3
Dynchik JR: calls $3
*** TURN *** [Qc 4d 6d] [2c]
Ag3r0n: bets $6
Dynchik JR: calls $6
*** RIVER *** [Qc 4d 6d 2c] [2s]
Ag3r0n: checks
Dynchik JR: bets $6
Ag3r0n: calls $6
*** SHOW DOWN ***
Dynchik JR: shows [Ah 7h] (a pair of Deuces)
Ag3r0n: shows [Kd 4h] (two pair, Fours and Deuces)
Ag3r0n collected $35.50 from pot
*** SUMMARY ***
Total pot $36 | Rake $0.50
Board [Qc 4d 6d 2c 2s]
Seat 3: Ag3r0n (big blind) showed [Kd 4h] and won ($35.50) with two pair, Fours and Deuces
Seat 5: Dynchik JR (button) (small blind) showed [Ah 7h] and lost with a pair of Deuces


PokerStars Hand #158626224506:  Hold'em Limit ($3/$6 USD) - 2016/09/15 5:16:57 ET
Table 'El Djezair' 6-max Seat #5 is the button
Seat 3: Ag3r0n ($111.08 in chips)
Seat 5: Dynchik JR ($63.87 in chips)
Dynchik JR: posts small blind $1
Ag3r0n: posts big blind $3
*** HOLE CARDS ***
Dynchik JR: folds
Uncalled bet ($2) returned to Ag3r0n
Ag3r0n collected $2 from pot
*** SUMMARY ***
Total pot $2 | Rake $0
Seat 3: Ag3r0n (big blind) collected ($2)
Seat 5: Dynchik JR (button) (small blind) folded before Flop


PokerStars Hand #158626218137:  Hold'em Limit ($3/$6 USD) - 2016/09/15 5:16:39 ET
Table 'El Djezair' 6-max Seat #3 is the button
Seat 3: Ag3r0n ($138.08 in chips)
Seat 5: Dynchik JR ($37.37 in chips)
Ag3r0n: posts small blind $1
Dynchik JR: posts big blind $3
*** HOLE CARDS ***
Ag3r0n: raises $3 to $6
Dynchik JR: calls $3
*** FLOP *** [Qd Ac 5c]
Dynchik JR: checks
Ag3r0n: bets $3
Dynchik JR: calls $3
*** TURN *** [Qd Ac 5c] [7h]
Dynchik JR: checks
Ag3r0n: bets $6
Dynchik JR: calls $6
*** RIVER *** [Qd Ac 5c 7h] [Tc]
Dynchik JR: checks
Ag3r0n: bets $6
Dynchik JR: raises $6 to $12
Ag3r0n: calls $6
*** SHOW DOWN ***
Dynchik JR: shows [8c Kc] (a flush, Ace high)
Ag3r0n: mucks hand
Dynchik JR collected $53.50 from pot
*** SUMMARY ***
Total pot $54 | Rake $0.50
Board [Qd Ac 5c 7h Tc]
Seat 3: Ag3r0n (button) (small blind) mucked
Seat 5: Dynchik JR (big blind) showed [8c Kc] and won ($53.50) with a flush, Ace high


PokerStars Hand #158626226387:  Hold'em Limit ($3/$6 USD) - 2016/09/15 5:17:02 ET
Table 'El Djezair' 6-max Seat #3 is the button
Seat 3: Ag3r0n ($112.08 in chips)
Seat 5: Dynchik JR ($62.87 in chips)
Ag3r0n: posts small blind $1
Dynchik JR: posts big blind $3
*** HOLE CARDS ***
Ag3r0n: raises $3 to $6
Dynchik JR: calls $3
*** FLOP *** [Qs Kh 6c]
Dynchik JR: checks
Ag3r0n: bets $3
Dynchik JR: calls $3
*** TURN *** [Qs Kh 6c] [3c]
Dynchik JR: checks
Ag3r0n: bets $6
Dynchik JR: calls $6
*** RIVER *** [Qs Kh 6c 3c] [5s]
Dynchik JR: checks
Ag3r0n: bets $6
Dynchik JR: calls $6
sloboda4 joins the table at seat #2
*** SHOW DOWN ***
Ag3r0n: shows [2c Kc] (a pair of Kings)
Dynchik JR: mucks hand
Ag3r0n collected $41.50 from pot
*** SUMMARY ***
Total pot $42 | Rake $0.50
Board [Qs Kh 6c 3c 5s]
Seat 3: Ag3r0n (button) (small blind) showed [2c Kc] and won ($41.50) with a pair of Kings
Seat 5: Dynchik JR (big blind) mucked


PokerStars Hand #158627444387:  Hold'em Limit ($3/$6 USD) - 2016/09/15 6:12:22 ET
Table 'El Djezair' 6-max Seat #4 is the button
Seat 1: TAROT333 ($269.18 in chips)
Seat 4: Ihategambler ($108.54 in chips)
Ihategambler: posts small blind $1
TAROT333: posts big blind $3
*** HOLE CARDS ***
Ihategambler: folds
Uncalled bet ($2) returned to TAROT333
TAROT333 collected $2 from pot
TAROT333: doesn't show hand
*** SUMMARY ***
Total pot $2 | Rake $0
Seat 1: TAROT333 (big blind) collected ($2)
Seat 4: Ihategambler (button) (small blind) folded before Flop


PokerStars Hand #158627449156:  Hold'em Limit ($3/$6 USD) - 2016/09/15 6:12:34 ET
Table 'El Djezair' 6-max Seat #4 is the button
Seat 1: TAROT333 ($273.18 in chips)
Seat 4: Ihategambler ($104.54 in chips)
Ihategambler: posts small blind $1
TAROT333: posts big blind $3
*** HOLE CARDS ***
Ihategambler: folds
Uncalled bet ($2) returned to TAROT333
TAROT333 collected $2 from pot
TAROT333: doesn't show hand
*** SUMMARY ***
Total pot $2 | Rake $0
Seat 1: TAROT333 (big blind) collected ($2)
Seat 4: Ihategambler (button) (small blind) folded before Flop


PokerStars Hand #158627446426:  Hold'em Limit ($3/$6 USD) - 2016/09/15 6:12:27 ET
Table 'El Djezair' 6-max Seat #1 is the button
Seat 1: TAROT333 ($270.18 in chips)
Seat 4: Ihategambler ($107.54 in chips)
TAROT333: posts small blind $1
Ihategambler: posts big blind $3
*** HOLE CARDS ***
TAROT333: raises $3 to $6
Ihategambler: folds
Uncalled bet ($3) returned to TAROT333
TAROT333 collected $6 from pot
TAROT333: doesn't show hand
*** SUMMARY ***
Total pot $6 | Rake $0
Seat 1: TAROT333 (button) (small blind) collected ($6)
Seat 4: Ihategambler (big blind) folded before Flop


PokerStars Hand #158627459082:  Hold'em Limit ($3/$6 USD) - 2016/09/15 6:13:00 ET
Table 'El Djezair' 6-max Seat #4 is the button
Seat 4: Ihategambler ($104.54 in chips)
Seat 5: CatPuppy1999 ($48 in chips)
Ihategambler: posts small blind $1
CatPuppy1999: posts big blind $3
*** HOLE CARDS ***
Ihategambler: calls $2
CatPuppy1999: raises $3 to $6
Ihategambler: calls $3
*** FLOP *** [4c 3c Ks]
CatPuppy1999: bets $3
Actionni13 leaves the table
Ihategambler: calls $3
*** TURN *** [4c 3c Ks] [Jc]
CatPuppy1999: bets $6
Ihategambler: calls $6
*** RIVER *** [4c 3c Ks Jc] [As]
CatPuppy1999: checks
Ihategambler: checks
*** SHOW DOWN ***
CatPuppy1999: shows [Qd 3d] (a pair of Threes)
Ihategambler: shows [4d 5h] (a pair of Fours)
Ihategambler collected $29.50 from pot
*** SUMMARY ***
Total pot $30 | Rake $0.50
Board [4c 3c Ks Jc As]
Seat 4: Ihategambler (button) (small blind) showed [4d 5h] and won ($29.50) with a pair of Fours
Seat 5: CatPuppy1999 (big blind) showed [Qd 3d] and lost with a pair of Threes


PokerStars Hand #158627486864:  Hold'em Limit ($3/$6 USD) - 2016/09/15 6:14:11 ET
Table 'El Djezair' 6-max Seat #4 is the button
Seat 4: Ihategambler ($113.04 in chips)
Seat 5: CatPuppy1999 ($56.25 in chips)
Ihategambler: posts small blind $1
CatPuppy1999: posts big blind $3
*** HOLE CARDS ***
Ihategambler: folds
Uncalled bet ($2) returned to CatPuppy1999
CatPuppy1999 collected $2 from pot
CatPuppy1999: doesn't show hand
*** SUMMARY ***
Total pot $2 | Rake $0
Seat 4: Ihategambler (button) (small blind) folded before Flop
Seat 5: CatPuppy1999 (big blind) collected ($2)


PokerStars Hand #158627473341:  Hold'em Limit ($3/$6 USD) - 2016/09/15 6:13:37 ET
Table 'El Djezair' 6-max Seat #5 is the button
Seat 4: Ihategambler ($119.04 in chips)
Seat 5: CatPuppy1999 ($50.49 in chips)
CatPuppy1999: posts small blind $1
Ihategambler: posts big blind $3
*** HOLE CARDS ***
CatPuppy1999: raises $3 to $6
Ihategambler: calls $3
*** FLOP *** [8h Qh Jc]
Ihategambler: checks
CatPuppy1999: checks
*** TURN *** [8h Qh Jc] [7s]
Ihategambler: checks
CatPuppy1999: checks
*** RIVER *** [8h Qh Jc 7s] [5c]
Ihategambler: checks
CatPuppy1999: bets $6
Ihategambler: folds
Uncalled bet ($6) returned to CatPuppy1999
CatPuppy1999 collected $11.76 from pot
CatPuppy1999: doesn't show hand
*** SUMMARY ***
Total pot $12 | Rake $0.24
Board [8h Qh Jc 7s 5c]
Seat 4: Ihategambler (big blind) folded on the River
Seat 5: CatPuppy1999 (button) (small blind) collected ($11.76)


PokerStars Hand #158627497897:  Hold'em Limit ($3/$6 USD) - 2016/09/15 6:14:40 ET
Table 'El Djezair' 6-max Seat #4 is the button
Seat 4: Ihategambler ($120.68 in chips)
Seat 5: CatPuppy1999 ($48.25 in chips)
Ihategambler: posts small blind $1
CatPuppy1999: posts big blind $3
*** HOLE CARDS ***
Ihategambler: folds
Uncalled bet ($2) returned to CatPuppy1999
CatPuppy1999 collected $2 from pot
CatPuppy1999: doesn't show hand
*** SUMMARY ***
Total pot $2 | Rake $0
Seat 4: Ihategambler (button) (small blind) folded before Flop
Seat 5: CatPuppy1999 (big blind) collected ($2)


PokerStars Hand #158627489753:  Hold'em Limit ($3/$6 USD) - 2016/09/15 6:14:19 ET
Table 'El Djezair' 6-max Seat #5 is the button
Seat 4: Ihategambler ($112.04 in chips)
Seat 5: CatPuppy1999 ($57.25 in chips)
CatPuppy1999: posts small blind $1
Ihategambler: posts big blind $3
*** HOLE CARDS ***
CatPuppy1999: raises $3 to $6
Ihategambler: raises $3 to $9
CatPuppy1999: calls $3
*** FLOP *** [Ad Js Jh]
Ihategambler: bets $3
CatPuppy1999: folds
Uncalled bet ($3) returned to Ihategambler
Ihategambler collected $17.64 from pot
Ihategambler: doesn't show hand
*** SUMMARY ***
Total pot $18 | Rake $0.36
Board [Ad Js Jh]
Seat 4: Ihategambler (big blind) collected ($17.64)
Seat 5: CatPuppy1999 (button) (small blind) folded on the Flop


PokerStars Hand #158627500203:  Hold'em Limit ($3/$6 USD) - 2016/09/15 6:14:46 ET
Table 'El Djezair' 6-max Seat #5 is the button
Seat 4: Ihategambler ($119.68 in chips)
Seat 5: CatPuppy1999 ($49.25 in chips)
CatPuppy1999: posts small blind $1
Ihategambler: posts big blind $3
*** HOLE CARDS ***
CatPuppy1999: raises $3 to $6
Ihategambler: calls $3
*** FLOP *** [Qs Ah Kd]
Ihategambler: checks
CatPuppy1999: bets $3
Ihategambler: calls $3
*** TURN *** [Qs Ah Kd] [Kh]
Ihategambler: checks
CatPuppy1999: checks
*** RIVER *** [Qs Ah Kd Kh] [9d]
Ihategambler: bets $6
CatPuppy1999: folds
Uncalled bet ($6) returned to Ihategambler
Ihategambler collected $17.64 from pot
Ihategambler: doesn't show hand
*** SUMMARY ***
Total pot $18 | Rake $0.36
Board [Qs Ah Kd Kh 9d]
Seat 4: Ihategambler (big blind) collected ($17.64)
Seat 5: CatPuppy1999 (button) (small blind) folded on the River


PokerStars Hand #158627521515:  Hold'em Limit ($3/$6 USD) - 2016/09/15 6:15:40 ET
Table 'El Djezair' 6-max Seat #5 is the button
Seat 4: Ihategambler ($127.32 in chips)
Seat 5: CatPuppy1999 ($41.25 in chips)
CatPuppy1999: posts small blind $1
Ihategambler: posts big blind $3
*** HOLE CARDS ***
CatPuppy1999: folds
Uncalled bet ($2) returned to Ihategambler
Ihategambler collected $2 from pot
Ihategambler: doesn't show hand
*** SUMMARY ***
Total pot $2 | Rake $0
Seat 4: Ihategambler (big blind) collected ($2)
Seat 5: CatPuppy1999 (button) (small blind) folded before Flop


PokerStars Hand #158627518884:  Hold'em Limit ($3/$6 USD) - 2016/09/15 6:15:34 ET
Table 'El Djezair' 6-max Seat #4 is the button
Seat 4: Ihategambler ($128.32 in chips)
Seat 5: CatPuppy1999 ($40.25 in chips)
Ihategambler: posts small blind $1
CatPuppy1999: posts big blind $3
*** HOLE CARDS ***
Ihategambler: folds
Uncalled bet ($2) returned to CatPuppy1999
CatPuppy1999 collected $2 from pot
CatPuppy1999: doesn't show hand
*** SUMMARY ***
Total pot $2 | Rake $0
Seat 4: Ihategambler (button) (small blind) folded before Flop
Seat 5: CatPuppy1999 (big blind) collected ($2)


PokerStars Hand #158627555739:  Hold'em Limit ($3/$6 USD) - 2016/09/15 6:17:08 ET
Table 'El Djezair' 6-max Seat #4 is the button
Seat 4: Ihategambler ($110.08 in chips)
Seat 5: CatPuppy1999 ($57.75 in chips)
Ihategambler: posts small blind $1
CatPuppy1999: posts big blind $3
*** HOLE CARDS ***
Ihategambler: folds
Uncalled bet ($2) returned to CatPuppy1999
CatPuppy1999 collected $2 from pot
CatPuppy1999: doesn't show hand
*** SUMMARY ***
Total pot $2 | Rake $0
Seat 4: Ihategambler (button) (small blind) folded before Flop
Seat 5: CatPuppy1999 (big blind) collected ($2)


PokerStars Hand #158627549945:  Hold'em Limit ($3/$6 USD) - 2016/09/15 6:16:53 ET
Table 'El Djezair' 6-max Seat #4 is the button
Seat 4: Ihategambler ($114.08 in chips)
Seat 5: CatPuppy1999 ($53.75 in chips)
Ihategambler: posts small blind $1
CatPuppy1999: posts big blind $3
*** HOLE CARDS ***
Ihategambler: folds
Uncalled bet ($2) returned to CatPuppy1999
CatPuppy1999 collected $2 from pot
CatPuppy1999: doesn't show hand
*** SUMMARY ***
Total pot $2 | Rake $0
Seat 4: Ihategambler (button) (small blind) folded before Flop
Seat 5: CatPuppy1999 (big blind) collected ($2)


PokerStars Hand #158627539039:  Hold'em Limit ($3/$6 USD) - 2016/09/15 6:16:25 ET
Table 'El Djezair' 6-max Seat #5 is the button
Seat 4: Ihategambler ($110.32 in chips)
Seat 5: CatPuppy1999 ($57.75 in chips)
CatPuppy1999: posts small blind $1
Ihategambler: posts big blind $3
*** HOLE CARDS ***
CatPuppy1999: raises $3 to $6
Ihategambler: folds
Uncalled bet ($3) returned to CatPuppy1999
CatPuppy1999 collected $6 from pot
CatPuppy1999: doesn't show hand
*** SUMMARY ***
Total pot $6 | Rake $0
Seat 4: Ihategambler (big blind) folded before Flop
Seat 5: CatPuppy1999 (button) (small blind) collected ($6)


PokerStars Hand #158627542395:  Hold'em Limit ($3/$6 USD) - 2016/09/15 6:16:34 ET
Table 'El Djezair' 6-max Seat #4 is the button
Seat 4: Ihategambler ($107.32 in chips)
Seat 5: CatPuppy1999 ($60.75 in chips)
Ihategambler: posts small blind $1
CatPuppy1999: posts big blind $3
*** HOLE CARDS ***
Ihategambler: raises $3 to $6
CatPuppy1999: calls $3
*** FLOP *** [Qs 3s Td]
CatPuppy1999: checks
Ihategambler: bets $3
CatPuppy1999: folds
Uncalled bet ($3) returned to Ihategambler
Ihategambler collected $11.76 from pot
Ihategambler: doesn't show hand
*** SUMMARY ***
Total pot $12 | Rake $0.24
Board [Qs 3s Td]
Seat 4: Ihategambler (button) (small blind) collected ($11.76)
Seat 5: CatPuppy1999 (big blind) folded on the Flop


PokerStars Hand #158627551721:  Hold'em Limit ($3/$6 USD) - 2016/09/15 6:16:58 ET
Table 'El Djezair' 6-max Seat #5 is the button
Seat 4: Ihategambler ($113.08 in chips)
Seat 5: CatPuppy1999 ($54.75 in chips)
CatPuppy1999: posts small blind $1
Ihategambler: posts big blind $3
*** HOLE CARDS ***
CatPuppy1999: raises $3 to $6
Ihategambler: folds
Uncalled bet ($3) returned to CatPuppy1999
CatPuppy1999 collected $6 from pot
CatPuppy1999: doesn't show hand
*** SUMMARY ***
Total pot $6 | Rake $0
Seat 4: Ihategambler (big blind) folded before Flop
Seat 5: CatPuppy1999 (button) (small blind) collected ($6)


PokerStars Hand #158627576336:  Hold'em Limit ($3/$6 USD) - 2016/09/15 6:18:01 ET
Table 'El Djezair' 6-max Seat #4 is the button
Seat 4: Ihategambler ($85.08 in chips)
Seat 5: CatPuppy1999 ($82.25 in chips)
Ihategambler: posts small blind $1
CatPuppy1999: posts big blind $3
*** HOLE CARDS ***
Ihategambler: folds
Uncalled bet ($2) returned to CatPuppy1999
CatPuppy1999 collected $2 from pot
CatPuppy1999: doesn't show hand
*** SUMMARY ***
Total pot $2 | Rake $0
Seat 4: Ihategambler (button) (small blind) folded before Flop
Seat 5: CatPuppy1999 (big blind) collected ($2)


PokerStars Hand #158627558694:  Hold'em Limit ($3/$6 USD) - 2016/09/15 6:17:16 ET
Table 'El Djezair' 6-max Seat #5 is the button
Seat 4: Ihategambler ($109.08 in chips)
Seat 5: CatPuppy1999 ($58.75 in chips)
CatPuppy1999: posts small blind $1
Ihategambler: posts big blind $3
*** HOLE CARDS ***
CatPuppy1999: raises $3 to $6
Ihategambler: raises $3 to $9
CatPuppy1999: calls $3
*** FLOP *** [7s 4s Ts]
Ihategambler: bets $3
CatPuppy1999: calls $3
*** TURN *** [7s 4s Ts] [Kh]
Ihategambler: bets $6
CatPuppy1999: raises $6 to $12
Ihategambler: calls $6
*** RIVER *** [7s 4s Ts Kh] [2c]
Ihategambler: checks
CatPuppy1999: bets $6
Ihategambler: folds
Uncalled bet ($6) returned to CatPuppy1999
CatPuppy1999 collected $47.50 from pot
CatPuppy1999: doesn't show hand
*** SUMMARY ***
Total pot $48 | Rake $0.50
Board [7s 4s Ts Kh 2c]
Seat 4: Ihategambler (big blind) folded on the River
Seat 5: CatPuppy1999 (button) (small blind) collected ($47.50)


PokerStars Hand #158627578178:  Hold'em Limit ($3/$6 USD) - 2016/09/15 6:18:06 ET
Table 'El Djezair' 6-max Seat #5 is the button
Seat 4: Ihategambler ($84.08 in chips)
Seat 5: CatPuppy1999 ($83.25 in chips)
CatPuppy1999: posts small blind $1
Ihategambler: posts big blind $3
*** HOLE CARDS ***
CatPuppy1999: raises $3 to $6
Ihategambler: folds
Uncalled bet ($3) returned to CatPuppy1999
CatPuppy1999 collected $6 from pot
CatPuppy1999: doesn't show hand
*** SUMMARY ***
Total pot $6 | Rake $0
Seat 4: Ihategambler (big blind) folded before Flop
Seat 5: CatPuppy1999 (button) (small blind) collected ($6)


PokerStars Hand #158627580242:  Hold'em Limit ($3/$6 USD) - 2016/09/15 6:18:11 ET
Table 'El Djezair' 6-max Seat #4 is the button
Seat 4: Ihategambler ($81.08 in chips)
Seat 5: CatPuppy1999 ($86.25 in chips)
Ihategambler: posts small blind $1
CatPuppy1999: posts big blind $3
*** HOLE CARDS ***
Ihategambler: raises $3 to $6
CatPuppy1999: raises $3 to $9
Ihategambler: calls $3
*** FLOP *** [9d 4s 2c]
CatPuppy1999: bets $3
Ihategambler: calls $3
*** TURN *** [9d 4s 2c] [7c]
CatPuppy1999: checks
Ihategambler: bets $6
Herr Uber joins the table at seat #3
CatPuppy1999: calls $6
*** RIVER *** [9d 4s 2c 7c] [Kh]
CatPuppy1999: checks
Ihategambler: bets $6
CatPuppy1999: calls $6
*** SHOW DOWN ***
Ihategambler: shows [6d Qd] (high card King)
CatPuppy1999: shows [As 8s] (high card Ace)
CatPuppy1999 collected $47.50 from pot
*** SUMMARY ***
Total pot $48 | Rake $0.50
Board [9d 4s 2c 7c Kh]
Seat 4: Ihategambler (button) (small blind) showed [6d Qd] and lost with high card King
Seat 5: CatPuppy1999 (big blind) showed [As 8s] and won ($47.50) with high card Ace


PokerStars Hand #158630582917:  Hold'em Limit ($3/$6 USD) - 2016/09/15 8:16:21 ET
Table 'El Djezair' 6-max Seat #3 is the button
Seat 3: TAROT333 ($272.95 in chips)
Seat 5: Flesh2Flesh ($35.25 in chips)
TAROT333: posts small blind $1
jadajadamasa: is sitting out
Flesh2Flesh: posts big blind $3
*** HOLE CARDS ***
TAROT333: raises $3 to $6
Flesh2Flesh: calls $3
*** FLOP *** [9s 9d Th]
Flesh2Flesh: checks
TAROT333: checks
*** TURN *** [9s 9d Th] [Qc]
Flesh2Flesh: checks
TAROT333: bets $6
Flesh2Flesh: folds
Uncalled bet ($6) returned to TAROT333
TAROT333 collected $11.76 from pot
TAROT333: doesn't show hand
*** SUMMARY ***
Total pot $12 | Rake $0.24
Board [9s 9d Th Qc]
Seat 3: TAROT333 (button) (small blind) collected ($11.76)
Seat 5: Flesh2Flesh (big blind) folded on the Turn


