PokerStars Hand #156053193025:  Hold'em Limit ($3/$6 USD) - 2016/07/16 16:04:28 ET
Table 'Elara' 6-max Seat #4 is the button
Seat 2: thekiing80 ($76.76 in chips)
Seat 4: VolkovDmitri ($121 in chips)
VolkovDmitri: posts small blind $1
thekiing80: posts big blind $3
*** HOLE CARDS ***
bendjamin963 joins the table at seat #1
VolkovDmitri: raises $3 to $6
thekiing80: calls $3
*** FLOP *** [9d Th Kc]
thekiing80: checks
VolkovDmitri: bets $3
thekiing80: calls $3
*** TURN *** [9d Th Kc] [Jc]
Luanto 14 joins the table at seat #3
thekiing80: checks
VolkovDmitri: checks
*** RIVER *** [9d Th Kc Jc] [5s]
thekiing80: checks
VolkovDmitri: checks
*** SHOW DOWN ***
thekiing80: shows [9c 8h] (a pair of Nines)
VolkovDmitri: mucks hand
thekiing80 collected $17.64 from pot
*** SUMMARY ***
Total pot $18 | Rake $0.36
Board [9d Th Kc Jc 5s]
Seat 2: thekiing80 (big blind) showed [9c 8h] and won ($17.64) with a pair of Nines
Seat 4: VolkovDmitri (button) (small blind) mucked


PokerStars Hand #156053188730:  Hold'em Limit ($3/$6 USD) - 2016/07/16 16:04:22 ET
Table 'Elara' 6-max Seat #2 is the button
Seat 2: thekiing80 ($77.76 in chips)
Seat 4: VolkovDmitri ($120 in chips)
thekiing80: posts small blind $1
VolkovDmitri: posts big blind $3
*** HOLE CARDS ***
thekiing80: folds
Uncalled bet ($2) returned to VolkovDmitri
VolkovDmitri collected $2 from pot
VolkovDmitri: doesn't show hand
*** SUMMARY ***
Total pot $2 | Rake $0
Seat 2: thekiing80 (button) (small blind) folded before Flop
Seat 4: VolkovDmitri (big blind) collected ($2)


PokerStars Hand #156053184097:  Hold'em Limit ($3/$6 USD) - 2016/07/16 16:04:16 ET
Table 'Elara' 6-max Seat #4 is the button
Seat 2: thekiing80 ($76.76 in chips)
Seat 4: VolkovDmitri ($120.76 in chips)
VolkovDmitri: posts small blind $1
thekiing80: posts big blind $3
*** HOLE CARDS ***
VolkovDmitri: folds
Uncalled bet ($2) returned to thekiing80
thekiing80 collected $2 from pot
thekiing80: doesn't show hand
*** SUMMARY ***
Total pot $2 | Rake $0
Seat 2: thekiing80 (big blind) collected ($2)
Seat 4: VolkovDmitri (button) (small blind) folded before Flop


PokerStars Hand #156053164745:  Hold'em Limit ($3/$6 USD) - 2016/07/16 16:03:49 ET
Table 'Elara' 6-max Seat #2 is the button
Seat 2: thekiing80 ($71 in chips)
Seat 4: VolkovDmitri ($126.76 in chips)
thekiing80: posts small blind $1
VolkovDmitri: posts big blind $3
*** HOLE CARDS ***
thekiing80: raises $3 to $6
VolkovDmitri: calls $3
*** FLOP *** [Qd 7c Qs]
VolkovDmitri: checks
thekiing80: bets $3
VolkovDmitri: folds
Uncalled bet ($3) returned to thekiing80
thekiing80 collected $11.76 from pot
thekiing80: doesn't show hand
*** SUMMARY ***
Total pot $12 | Rake $0.24
Board [Qd 7c Qs]
Seat 2: thekiing80 (button) (small blind) collected ($11.76)
Seat 4: VolkovDmitri (big blind) folded on the Flop


