PokerStars Hand #168540794548:  Hold'em Limit ($3/$6 USD) - 2017/04/03 18:26:03 ET
Table 'Electra' 6-max Seat #3 is the button
Seat 3: RaisemyNut$ ($192.18 in chips)
Seat 6: LeifiBlomero ($78.11 in chips)
RaisemyNut$: posts small blind $1
B_loJkl: is sitting out
LeifiBlomero: posts big blind $3
*** HOLE CARDS ***
Homasapien leaves the table
B_loJkl leaves the table
RaisemyNut$: folds
Uncalled bet ($2) returned to LeifiBlomero
LeifiBlomero collected $2 from pot
LeifiBlomero: doesn't show hand
*** SUMMARY ***
Total pot $2 | Rake $0
Seat 3: RaisemyNut$ (button) (small blind) folded before Flop
Seat 6: LeifiBlomero (big blind) collected ($2)


PokerStars Hand #168540810604:  Hold'em Limit ($3/$6 USD) - 2017/04/03 18:26:25 ET
Table 'Electra' 6-max Seat #6 is the button
Seat 3: RaisemyNut$ ($191.18 in chips)
Seat 6: LeifiBlomero ($79.11 in chips)
LeifiBlomero: posts small blind $1
RaisemyNut$: posts big blind $3
*** HOLE CARDS ***
LeifiBlomero: folds
Uncalled bet ($2) returned to RaisemyNut$
RaisemyNut$ collected $2 from pot
RaisemyNut$: doesn't show hand
*** SUMMARY ***
Total pot $2 | Rake $0
Seat 3: RaisemyNut$ (big blind) collected ($2)
Seat 6: LeifiBlomero (button) (small blind) folded before Flop


PokerStars Hand #168540984286:  Hold'em Limit ($3/$6 USD) - 2017/04/03 18:30:26 ET
Table 'Electra' 6-max Seat #3 is the button
Seat 2: 007buszek ($58.56 in chips)
Seat 3: RaisemyNut$ ($192.18 in chips)
RaisemyNut$: posts small blind $1
007buszek: posts big blind $3
*** HOLE CARDS ***
RaisemyNut$: raises $3 to $6
007buszek: calls $3
*** FLOP *** [8h 6s Qc]
007buszek: checks
RaisemyNut$: bets $3
007buszek: calls $3
*** TURN *** [8h 6s Qc] [Th]
007buszek: checks
RaisemyNut$: bets $6
007buszek: calls $6
*** RIVER *** [8h 6s Qc Th] [5d]
007buszek: checks
RaisemyNut$: bets $6
007buszek: calls $6
*** SHOW DOWN ***
RaisemyNut$: shows [8d 9h] (a pair of Eights)
007buszek: shows [Kd 8s] (a pair of Eights - King kicker)
007buszek collected $41.50 from pot
*** SUMMARY ***
Total pot $42 | Rake $0.50
Board [8h 6s Qc Th 5d]
Seat 2: 007buszek (big blind) showed [Kd 8s] and won ($41.50) with a pair of Eights
Seat 3: RaisemyNut$ (button) (small blind) showed [8d 9h] and lost with a pair of Eights


PokerStars Hand #168540973245:  Hold'em Limit ($3/$6 USD) - 2017/04/03 18:30:10 ET
Table 'Electra' 6-max Seat #3 is the button
Seat 2: 007buszek ($58.56 in chips)
Seat 3: RaisemyNut$ ($192.18 in chips)
RaisemyNut$: posts small blind $1
007buszek: posts big blind $3
*** HOLE CARDS ***
RaisemyNut$: folds
Uncalled bet ($2) returned to 007buszek
007buszek collected $2 from pot
007buszek: doesn't show hand
*** SUMMARY ***
Total pot $2 | Rake $0
Seat 2: 007buszek (big blind) collected ($2)
Seat 3: RaisemyNut$ (button) (small blind) folded before Flop


PokerStars Hand #168540980752:  Hold'em Limit ($3/$6 USD) - 2017/04/03 18:30:21 ET
Table 'Electra' 6-max Seat #2 is the button
Seat 2: 007buszek ($59.56 in chips)
Seat 3: RaisemyNut$ ($191.18 in chips)
007buszek: posts small blind $1
RaisemyNut$: posts big blind $3
*** HOLE CARDS ***
007buszek: folds
Uncalled bet ($2) returned to RaisemyNut$
RaisemyNut$ collected $2 from pot
RaisemyNut$: doesn't show hand
*** SUMMARY ***
Total pot $2 | Rake $0
Seat 2: 007buszek (button) (small blind) folded before Flop
Seat 3: RaisemyNut$ (big blind) collected ($2)


PokerStars Hand #168541002219:  Hold'em Limit ($3/$6 USD) - 2017/04/03 18:30:51 ET
Table 'Electra' 6-max Seat #2 is the button
Seat 2: 007buszek ($79.06 in chips)
Seat 3: RaisemyNut$ ($171.18 in chips)
007buszek: posts small blind $1
RaisemyNut$: posts big blind $3
*** HOLE CARDS ***
007buszek: raises $3 to $6
RaisemyNut$: calls $3
*** FLOP *** [8d 5c 4d]
RaisemyNut$: checks
007buszek: bets $3
RaisemyNut$: calls $3
*** TURN *** [8d 5c 4d] [9d]
RaisemyNut$: checks
007buszek: bets $6
RaisemyNut$: calls $6
*** RIVER *** [8d 5c 4d 9d] [8c]
RaisemyNut$: checks
007buszek: bets $6
RaisemyNut$: calls $6
*** SHOW DOWN ***
007buszek: shows [Td Th] (two pair, Tens and Eights)
RaisemyNut$: mucks hand
007buszek collected $41.50 from pot
*** SUMMARY ***
Total pot $42 | Rake $0.50
Board [8d 5c 4d 9d 8c]
Seat 2: 007buszek (button) (small blind) showed [Td Th] and won ($41.50) with two pair, Tens and Eights
Seat 3: RaisemyNut$ (big blind) mucked


PokerStars Hand #168541024181:  Hold'em Limit ($3/$6 USD) - 2017/04/03 18:31:21 ET
Table 'Electra' 6-max Seat #3 is the button
Seat 2: 007buszek ($99.56 in chips)
Seat 3: RaisemyNut$ ($150.18 in chips)
RaisemyNut$: posts small blind $1
007buszek: posts big blind $3
*** HOLE CARDS ***
RaisemyNut$: raises $3 to $6
007buszek: calls $3
*** FLOP *** [Qh Ad 4s]
007buszek: checks
RaisemyNut$: bets $3
007buszek: folds
Uncalled bet ($3) returned to RaisemyNut$
RaisemyNut$ collected $11.76 from pot
RaisemyNut$: doesn't show hand
*** SUMMARY ***
Total pot $12 | Rake $0.24
Board [Qh Ad 4s]
Seat 2: 007buszek (big blind) folded on the Flop
Seat 3: RaisemyNut$ (button) (small blind) collected ($11.76)


PokerStars Hand #168541040864:  Hold'em Limit ($3/$6 USD) - 2017/04/03 18:31:45 ET
Table 'Electra' 6-max Seat #2 is the button
Seat 2: 007buszek ($93.56 in chips)
Seat 3: RaisemyNut$ ($155.94 in chips)
007buszek: posts small blind $1
RaisemyNut$: posts big blind $3
*** HOLE CARDS ***
007buszek: calls $2
RaisemyNut$: raises $3 to $6
007buszek: calls $3
*** FLOP *** [2s 5s 8d]
RaisemyNut$: bets $3
007buszek: folds
Uncalled bet ($3) returned to RaisemyNut$
RaisemyNut$ collected $11.76 from pot
RaisemyNut$: doesn't show hand
*** SUMMARY ***
Total pot $12 | Rake $0.24
Board [2s 5s 8d]
Seat 2: 007buszek (button) (small blind) folded on the Flop
Seat 3: RaisemyNut$ (big blind) collected ($11.76)


PokerStars Hand #168541051177:  Hold'em Limit ($3/$6 USD) - 2017/04/03 18:32:00 ET
Table 'Electra' 6-max Seat #3 is the button
Seat 2: 007buszek ($87.56 in chips)
Seat 3: RaisemyNut$ ($161.70 in chips)
RaisemyNut$: posts small blind $1
007buszek: posts big blind $3
*** HOLE CARDS ***
RaisemyNut$: raises $3 to $6
007buszek: calls $3
*** FLOP *** [8h Ad 4s]
007buszek: checks
RaisemyNut$: bets $3
007buszek: calls $3
*** TURN *** [8h Ad 4s] [2h]
007buszek: checks
RaisemyNut$: bets $6
007buszek: calls $6
*** RIVER *** [8h Ad 4s 2h] [5s]
007buszek: checks
RaisemyNut$: checks
*** SHOW DOWN ***
007buszek: shows [4h 9d] (a pair of Fours)
RaisemyNut$: shows [8s Tc] (a pair of Eights)
RaisemyNut$ collected $29.50 from pot
*** SUMMARY ***
Total pot $30 | Rake $0.50
Board [8h Ad 4s 2h 5s]
Seat 2: 007buszek (big blind) showed [4h 9d] and lost with a pair of Fours
Seat 3: RaisemyNut$ (button) (small blind) showed [8s Tc] and won ($29.50) with a pair of Eights


PokerStars Hand #168541081793:  Hold'em Limit ($3/$6 USD) - 2017/04/03 18:32:43 ET
Table 'Electra' 6-max Seat #2 is the button
Seat 2: 007buszek ($72.56 in chips)
Seat 3: RaisemyNut$ ($176.20 in chips)
007buszek: posts small blind $1
RaisemyNut$: posts big blind $3
*** HOLE CARDS ***
007buszek: raises $3 to $6
RaisemyNut$: calls $3
*** FLOP *** [8d Ts 8c]
RaisemyNut$: bets $3
007buszek: calls $3
*** TURN *** [8d Ts 8c] [2d]
RaisemyNut$: bets $6
007buszek: raises $6 to $12
RaisemyNut$: calls $6
*** RIVER *** [8d Ts 8c 2d] [9s]
RaisemyNut$: checks
007buszek: bets $6
RaisemyNut$: calls $6
*** SHOW DOWN ***
007buszek: shows [Th 8h] (a full house, Eights full of Tens)
RaisemyNut$: mucks hand
007buszek collected $53.50 from pot
*** SUMMARY ***
Total pot $54 | Rake $0.50
Board [8d Ts 8c 2d 9s]
Seat 2: 007buszek (button) (small blind) showed [Th 8h] and won ($53.50) with a full house, Eights full of Tens
Seat 3: RaisemyNut$ (big blind) mucked


PokerStars Hand #168541107676:  Hold'em Limit ($3/$6 USD) - 2017/04/03 18:33:19 ET
Table 'Electra' 6-max Seat #2 is the button
Seat 2: 007buszek ($93.06 in chips)
Seat 3: RaisemyNut$ ($154.96 in chips)
007buszek: posts small blind $1
RaisemyNut$: posts big blind $3
*** HOLE CARDS ***
007buszek: folds
Uncalled bet ($2) returned to RaisemyNut$
RaisemyNut$ collected $2 from pot
RaisemyNut$: doesn't show hand
*** SUMMARY ***
Total pot $2 | Rake $0
Seat 2: 007buszek (button) (small blind) folded before Flop
Seat 3: RaisemyNut$ (big blind) collected ($2)


PokerStars Hand #168541098357:  Hold'em Limit ($3/$6 USD) - 2017/04/03 18:33:06 ET
Table 'Electra' 6-max Seat #3 is the button
Seat 2: 007buszek ($99.06 in chips)
Seat 3: RaisemyNut$ ($149.20 in chips)
RaisemyNut$: posts small blind $1
007buszek: posts big blind $3
*** HOLE CARDS ***
RaisemyNut$: raises $3 to $6
007buszek: calls $3
*** FLOP *** [Kd 5c 4d]
007buszek: checks
RaisemyNut$: bets $3
007buszek: folds
Uncalled bet ($3) returned to RaisemyNut$
RaisemyNut$ collected $11.76 from pot
RaisemyNut$: doesn't show hand
*** SUMMARY ***
Total pot $12 | Rake $0.24
Board [Kd 5c 4d]
Seat 2: 007buszek (big blind) folded on the Flop
Seat 3: RaisemyNut$ (button) (small blind) collected ($11.76)


PokerStars Hand #168541111213:  Hold'em Limit ($3/$6 USD) - 2017/04/03 18:33:24 ET
Table 'Electra' 6-max Seat #3 is the button
Seat 2: 007buszek ($92.06 in chips)
Seat 3: RaisemyNut$ ($155.96 in chips)
RaisemyNut$: posts small blind $1
007buszek: posts big blind $3
*** HOLE CARDS ***
RaisemyNut$: raises $3 to $6
007buszek: calls $3
*** FLOP *** [8d Ah 9h]
007buszek: checks
RaisemyNut$: bets $3
007buszek: calls $3
*** TURN *** [8d Ah 9h] [Ks]
007buszek: checks
RaisemyNut$: bets $6
007buszek: calls $6
*** RIVER *** [8d Ah 9h Ks] [6c]
007buszek: checks
RaisemyNut$: checks
*** SHOW DOWN ***
007buszek: shows [9s 4h] (a pair of Nines)
RaisemyNut$: mucks hand
007buszek collected $29.50 from pot
*** SUMMARY ***
Total pot $30 | Rake $0.50
Board [8d Ah 9h Ks 6c]
Seat 2: 007buszek (big blind) showed [9s 4h] and won ($29.50) with a pair of Nines
Seat 3: RaisemyNut$ (button) (small blind) mucked


PokerStars Hand #168541126484:  Hold'em Limit ($3/$6 USD) - 2017/04/03 18:33:46 ET
Table 'Electra' 6-max Seat #2 is the button
Seat 2: 007buszek ($106.56 in chips)
Seat 3: RaisemyNut$ ($140.96 in chips)
007buszek: posts small blind $1
RaisemyNut$: posts big blind $3
*** HOLE CARDS ***
007buszek: calls $2
RaisemyNut$: checks
*** FLOP *** [Jd 2c Qh]
RaisemyNut$: bets $3
007buszek: calls $3
*** TURN *** [Jd 2c Qh] [9c]
RaisemyNut$: bets $6
007buszek: folds
Uncalled bet ($6) returned to RaisemyNut$
RaisemyNut$ collected $11.76 from pot
RaisemyNut$: doesn't show hand
*** SUMMARY ***
Total pot $12 | Rake $0.24
Board [Jd 2c Qh 9c]
Seat 2: 007buszek (button) (small blind) folded on the Turn
Seat 3: RaisemyNut$ (big blind) collected ($11.76)


PokerStars Hand #168541164836:  Hold'em Limit ($3/$6 USD) - 2017/04/03 18:34:41 ET
Table 'Electra' 6-max Seat #3 is the button
Seat 2: 007buszek ($108.56 in chips)
Seat 3: RaisemyNut$ ($138.72 in chips)
RaisemyNut$: posts small blind $1
007buszek: posts big blind $3
*** HOLE CARDS ***
RaisemyNut$: folds
Uncalled bet ($2) returned to 007buszek
007buszek collected $2 from pot
007buszek: doesn't show hand
*** SUMMARY ***
Total pot $2 | Rake $0
Seat 2: 007buszek (big blind) collected ($2)
Seat 3: RaisemyNut$ (button) (small blind) folded before Flop


PokerStars Hand #168541149133:  Hold'em Limit ($3/$6 USD) - 2017/04/03 18:34:18 ET
Table 'Electra' 6-max Seat #2 is the button
Seat 2: 007buszek ($101.56 in chips)
Seat 3: RaisemyNut$ ($145.72 in chips)
007buszek: posts small blind $1
RaisemyNut$: posts big blind $3
*** HOLE CARDS ***
007buszek: raises $3 to $6
RaisemyNut$: folds
Uncalled bet ($3) returned to 007buszek
007buszek collected $6 from pot
007buszek: doesn't show hand
*** SUMMARY ***
Total pot $6 | Rake $0
Seat 2: 007buszek (button) (small blind) collected ($6)
Seat 3: RaisemyNut$ (big blind) folded before Flop


PokerStars Hand #168541143680:  Hold'em Limit ($3/$6 USD) - 2017/04/03 18:34:10 ET
Table 'Electra' 6-max Seat #3 is the button
Seat 2: 007buszek ($100.56 in chips)
Seat 3: RaisemyNut$ ($146.72 in chips)
RaisemyNut$: posts small blind $1
007buszek: posts big blind $3
*** HOLE CARDS ***
RaisemyNut$: folds
Uncalled bet ($2) returned to 007buszek
007buszek collected $2 from pot
007buszek: doesn't show hand
*** SUMMARY ***
Total pot $2 | Rake $0
Seat 2: 007buszek (big blind) collected ($2)
Seat 3: RaisemyNut$ (button) (small blind) folded before Flop


PokerStars Hand #168541153528:  Hold'em Limit ($3/$6 USD) - 2017/04/03 18:34:24 ET
Table 'Electra' 6-max Seat #3 is the button
Seat 2: 007buszek ($104.56 in chips)
Seat 3: RaisemyNut$ ($142.72 in chips)
RaisemyNut$: posts small blind $1
007buszek: posts big blind $3
*** HOLE CARDS ***
RaisemyNut$: folds
Uncalled bet ($2) returned to 007buszek
007buszek collected $2 from pot
007buszek: doesn't show hand
*** SUMMARY ***
Total pot $2 | Rake $0
Seat 2: 007buszek (big blind) collected ($2)
Seat 3: RaisemyNut$ (button) (small blind) folded before Flop


PokerStars Hand #168541158569:  Hold'em Limit ($3/$6 USD) - 2017/04/03 18:34:32 ET
Table 'Electra' 6-max Seat #2 is the button
Seat 2: 007buszek ($105.56 in chips)
Seat 3: RaisemyNut$ ($141.72 in chips)
007buszek: posts small blind $1
RaisemyNut$: posts big blind $3
*** HOLE CARDS ***
007buszek: raises $3 to $6
RaisemyNut$: folds
Uncalled bet ($3) returned to 007buszek
007buszek collected $6 from pot
007buszek: doesn't show hand
*** SUMMARY ***
Total pot $6 | Rake $0
Seat 2: 007buszek (button) (small blind) collected ($6)
Seat 3: RaisemyNut$ (big blind) folded before Flop


PokerStars Hand #168541168645:  Hold'em Limit ($3/$6 USD) - 2017/04/03 18:34:46 ET
Table 'Electra' 6-max Seat #2 is the button
Seat 2: 007buszek ($109.56 in chips)
Seat 3: RaisemyNut$ ($137.72 in chips)
007buszek: posts small blind $1
RaisemyNut$: posts big blind $3
*** HOLE CARDS ***
007buszek: raises $3 to $6
RaisemyNut$: raises $3 to $9
007buszek: calls $3
*** FLOP *** [Th 6d 2d]
RaisemyNut$: bets $3
007buszek: folds
Uncalled bet ($3) returned to RaisemyNut$
RaisemyNut$ collected $17.64 from pot
RaisemyNut$: doesn't show hand
*** SUMMARY ***
Total pot $18 | Rake $0.36
Board [Th 6d 2d]
Seat 2: 007buszek (button) (small blind) folded on the Flop
Seat 3: RaisemyNut$ (big blind) collected ($17.64)


PokerStars Hand #168541180877:  Hold'em Limit ($3/$6 USD) - 2017/04/03 18:35:03 ET
Table 'Electra' 6-max Seat #3 is the button
Seat 2: 007buszek ($100.56 in chips)
Seat 3: RaisemyNut$ ($146.36 in chips)
RaisemyNut$: posts small blind $1
007buszek: posts big blind $3
*** HOLE CARDS ***
RaisemyNut$: raises $3 to $6
007buszek: calls $3
*** FLOP *** [8s 2c 7h]
007buszek: checks
RaisemyNut$: bets $3
007buszek: calls $3
*** TURN *** [8s 2c 7h] [Ad]
007buszek: checks
RaisemyNut$: bets $6
007buszek: folds
Uncalled bet ($6) returned to RaisemyNut$
RaisemyNut$ collected $17.64 from pot
RaisemyNut$: doesn't show hand
*** SUMMARY ***
Total pot $18 | Rake $0.36
Board [8s 2c 7h Ad]
Seat 2: 007buszek (big blind) folded on the Turn
Seat 3: RaisemyNut$ (button) (small blind) collected ($17.64)


PokerStars Hand #168541195498:  Hold'em Limit ($3/$6 USD) - 2017/04/03 18:35:24 ET
Table 'Electra' 6-max Seat #2 is the button
Seat 2: 007buszek ($91.56 in chips)
Seat 3: RaisemyNut$ ($155 in chips)
007buszek: posts small blind $1
RaisemyNut$: posts big blind $3
*** HOLE CARDS ***
007buszek: raises $3 to $6
RaisemyNut$: calls $3
*** FLOP *** [5d 5h 6h]
RaisemyNut$: bets $3
007buszek: calls $3
*** TURN *** [5d 5h 6h] [Ks]
RaisemyNut$: bets $6
007buszek: calls $6
*** RIVER *** [5d 5h 6h Ks] [As]
RaisemyNut$: bets $6
007buszek: raises $6 to $12
RaisemyNut$: folds
Uncalled bet ($6) returned to 007buszek
007buszek collected $41.50 from pot
007buszek: doesn't show hand
*** SUMMARY ***
Total pot $42 | Rake $0.50
Board [5d 5h 6h Ks As]
Seat 2: 007buszek (button) (small blind) collected ($41.50)
Seat 3: RaisemyNut$ (big blind) folded on the River


PokerStars Hand #168541221044:  Hold'em Limit ($3/$6 USD) - 2017/04/03 18:36:00 ET
Table 'Electra' 6-max Seat #3 is the button
Seat 2: 007buszek ($112.06 in chips)
Seat 3: RaisemyNut$ ($134 in chips)
RaisemyNut$: posts small blind $1
007buszek: posts big blind $3
*** HOLE CARDS ***
RaisemyNut$: raises $3 to $6
007buszek: calls $3
*** FLOP *** [5c 4d 8c]
007buszek: checks
RaisemyNut$: bets $3
007buszek: calls $3
*** TURN *** [5c 4d 8c] [Jc]
007buszek: checks
RaisemyNut$: bets $6
007buszek: calls $6
*** RIVER *** [5c 4d 8c Jc] [4s]
007buszek: checks
RaisemyNut$: bets $6
007buszek: calls $6
*** SHOW DOWN ***
RaisemyNut$: shows [Kc Js] (two pair, Jacks and Fours)
007buszek: mucks hand
RaisemyNut$ collected $41.50 from pot
*** SUMMARY ***
Total pot $42 | Rake $0.50
Board [5c 4d 8c Jc 4s]
Seat 2: 007buszek (big blind) mucked
Seat 3: RaisemyNut$ (button) (small blind) showed [Kc Js] and won ($41.50) with two pair, Jacks and Fours


PokerStars Hand #168541238833:  Hold'em Limit ($3/$6 USD) - 2017/04/03 18:36:25 ET
Table 'Electra' 6-max Seat #2 is the button
Seat 2: 007buszek ($91.06 in chips)
Seat 3: RaisemyNut$ ($154.50 in chips)
007buszek: posts small blind $1
RaisemyNut$: posts big blind $3
*** HOLE CARDS ***
007buszek: raises $3 to $6
RaisemyNut$: calls $3
*** FLOP *** [3c Ks 2c]
RaisemyNut$: checks
007buszek: bets $3
RaisemyNut$: folds
Uncalled bet ($3) returned to 007buszek
007buszek collected $11.76 from pot
007buszek: doesn't show hand
*** SUMMARY ***
Total pot $12 | Rake $0.24
Board [3c Ks 2c]
Seat 2: 007buszek (button) (small blind) collected ($11.76)
Seat 3: RaisemyNut$ (big blind) folded on the Flop


PokerStars Hand #168541248953:  Hold'em Limit ($3/$6 USD) - 2017/04/03 18:36:40 ET
Table 'Electra' 6-max Seat #3 is the button
Seat 2: 007buszek ($96.82 in chips)
Seat 3: RaisemyNut$ ($148.50 in chips)
RaisemyNut$: posts small blind $1
007buszek: posts big blind $3
*** HOLE CARDS ***
RaisemyNut$: folds
Uncalled bet ($2) returned to 007buszek
007buszek collected $2 from pot
007buszek: doesn't show hand
*** SUMMARY ***
Total pot $2 | Rake $0
Seat 2: 007buszek (big blind) collected ($2)
Seat 3: RaisemyNut$ (button) (small blind) folded before Flop


PokerStars Hand #168541252964:  Hold'em Limit ($3/$6 USD) - 2017/04/03 18:36:45 ET
Table 'Electra' 6-max Seat #2 is the button
Seat 2: 007buszek ($97.82 in chips)
Seat 3: RaisemyNut$ ($147.50 in chips)
007buszek: posts small blind $1
RaisemyNut$: posts big blind $3
*** HOLE CARDS ***
007buszek: raises $3 to $6
RaisemyNut$: raises $3 to $9
007buszek: calls $3
*** FLOP *** [7s Ts 3d]
RaisemyNut$: bets $3
007buszek: calls $3
*** TURN *** [7s Ts 3d] [2c]
RaisemyNut$: bets $6
007buszek: calls $6
*** RIVER *** [7s Ts 3d 2c] [8s]
RaisemyNut$: checks
007buszek: bets $6
RaisemyNut$: folds
Uncalled bet ($6) returned to 007buszek
007buszek collected $35.50 from pot
007buszek: doesn't show hand
*** SUMMARY ***
Total pot $36 | Rake $0.50
Board [7s Ts 3d 2c 8s]
Seat 2: 007buszek (button) (small blind) collected ($35.50)
Seat 3: RaisemyNut$ (big blind) folded on the River


PokerStars Hand #168541274312:  Hold'em Limit ($3/$6 USD) - 2017/04/03 18:37:16 ET
Table 'Electra' 6-max Seat #3 is the button
Seat 2: 007buszek ($115.32 in chips)
Seat 3: RaisemyNut$ ($129.50 in chips)
RaisemyNut$: posts small blind $1
007buszek: posts big blind $3
*** HOLE CARDS ***
RaisemyNut$: raises $3 to $6
007buszek: calls $3
*** FLOP *** [Qh Jh 7h]
007buszek: checks
RaisemyNut$: bets $3
007buszek: calls $3
*** TURN *** [Qh Jh 7h] [4s]
007buszek: checks
RaisemyNut$: bets $6
007buszek: calls $6
*** RIVER *** [Qh Jh 7h 4s] [Ah]
007buszek: checks
RaisemyNut$: bets $6
007buszek: folds
Uncalled bet ($6) returned to RaisemyNut$
RaisemyNut$ collected $29.50 from pot
RaisemyNut$: doesn't show hand
*** SUMMARY ***
Total pot $30 | Rake $0.50
Board [Qh Jh 7h 4s Ah]
Seat 2: 007buszek (big blind) folded on the River
Seat 3: RaisemyNut$ (button) (small blind) collected ($29.50)


PokerStars Hand #168541326672:  Hold'em Limit ($3/$6 USD) - 2017/04/03 18:38:30 ET
Table 'Electra' 6-max Seat #2 is the button
Seat 2: 007buszek ($90.96 in chips)
Seat 3: RaisemyNut$ ($152.50 in chips)
007buszek: posts small blind $1
RaisemyNut$: posts big blind $3
*** HOLE CARDS ***
007buszek: raises $3 to $6
RaisemyNut$: folds
Uncalled bet ($3) returned to 007buszek
007buszek collected $6 from pot
007buszek: doesn't show hand
*** SUMMARY ***
Total pot $6 | Rake $0
Seat 2: 007buszek (button) (small blind) collected ($6)
Seat 3: RaisemyNut$ (big blind) folded before Flop


PokerStars Hand #168541289525:  Hold'em Limit ($3/$6 USD) - 2017/04/03 18:37:37 ET
Table 'Electra' 6-max Seat #2 is the button
Seat 2: 007buszek ($100.32 in chips)
Seat 3: RaisemyNut$ ($144 in chips)
007buszek: posts small blind $1
RaisemyNut$: posts big blind $3
*** HOLE CARDS ***
007buszek: raises $3 to $6
RaisemyNut$: calls $3
*** FLOP *** [4h 2s 9s]
RaisemyNut$: checks
007buszek: bets $3
RaisemyNut$: calls $3
*** TURN *** [4h 2s 9s] [9h]
RaisemyNut$: checks
007buszek: bets $6
RaisemyNut$: folds
Uncalled bet ($6) returned to 007buszek
007buszek collected $17.64 from pot
007buszek: doesn't show hand
*** SUMMARY ***
Total pot $18 | Rake $0.36
Board [4h 2s 9s 9h]
Seat 2: 007buszek (button) (small blind) collected ($17.64)
Seat 3: RaisemyNut$ (big blind) folded on the Turn


PokerStars Hand #168541310211:  Hold'em Limit ($3/$6 USD) - 2017/04/03 18:38:06 ET
Table 'Electra' 6-max Seat #3 is the button
Seat 2: 007buszek ($108.96 in chips)
Seat 3: RaisemyNut$ ($135 in chips)
RaisemyNut$: posts small blind $1
007buszek: posts big blind $3
*** HOLE CARDS ***
RaisemyNut$: raises $3 to $6
007buszek: calls $3
*** FLOP *** [3h Kh 4s]
007buszek: checks
RaisemyNut$: bets $3
007buszek: raises $3 to $6
RaisemyNut$: calls $3
*** TURN *** [3h Kh 4s] [Ac]
007buszek: checks
RaisemyNut$: checks
*** RIVER *** [3h Kh 4s Ac] [3s]
007buszek: bets $6
RaisemyNut$: calls $6
*** SHOW DOWN ***
007buszek: shows [Qh 2d] (a pair of Threes)
RaisemyNut$: shows [4c Tc] (two pair, Fours and Threes)
RaisemyNut$ collected $35.50 from pot
*** SUMMARY ***
Total pot $36 | Rake $0.50
Board [3h Kh 4s Ac 3s]
Seat 2: 007buszek (big blind) showed [Qh 2d] and lost with a pair of Threes
Seat 3: RaisemyNut$ (button) (small blind) showed [4c Tc] and won ($35.50) with two pair, Fours and Threes


PokerStars Hand #168541348862:  Hold'em Limit ($3/$6 USD) - 2017/04/03 18:39:02 ET
Table 'Electra' 6-max Seat #2 is the button
Seat 2: 007buszek ($102.60 in chips)
Seat 3: RaisemyNut$ ($140.50 in chips)
007buszek: posts small blind $1
RaisemyNut$: posts big blind $3
*** HOLE CARDS ***
007buszek: raises $3 to $6
RaisemyNut$: folds
Uncalled bet ($3) returned to 007buszek
007buszek collected $6 from pot
007buszek: doesn't show hand
*** SUMMARY ***
Total pot $6 | Rake $0
Seat 2: 007buszek (button) (small blind) collected ($6)
Seat 3: RaisemyNut$ (big blind) folded before Flop


PokerStars Hand #168541334503:  Hold'em Limit ($3/$6 USD) - 2017/04/03 18:38:41 ET
Table 'Electra' 6-max Seat #3 is the button
Seat 2: 007buszek ($93.96 in chips)
Seat 3: RaisemyNut$ ($149.50 in chips)
RaisemyNut$: posts small blind $1
007buszek: posts big blind $3
*** HOLE CARDS ***
RaisemyNut$: raises $3 to $6
007buszek: calls $3
*** FLOP *** [Qc Kd 8h]
007buszek: checks
RaisemyNut$: bets $3
007buszek: calls $3
*** TURN *** [Qc Kd 8h] [Jh]
B_loJkl joins the table at seat #4
007buszek: checks
RaisemyNut$: checks
*** RIVER *** [Qc Kd 8h Jh] [7d]
007buszek: bets $6
RaisemyNut$: folds
Uncalled bet ($6) returned to 007buszek
007buszek collected $17.64 from pot
007buszek: doesn't show hand
*** SUMMARY ***
Total pot $18 | Rake $0.36
Board [Qc Kd 8h Jh 7d]
Seat 2: 007buszek (big blind) collected ($17.64)
Seat 3: RaisemyNut$ (button) (small blind) folded on the River


PokerStars Hand #168542989087:  Hold'em Limit ($3/$6 USD) - 2017/04/03 19:21:18 ET
Table 'Electra' 6-max Seat #3 is the button
Seat 3: RaisemyNut$ ($152.83 in chips)
Seat 6: Elements29 ($149.89 in chips)
RaisemyNut$: posts small blind $1
B_loJkl: is sitting out
FTotti333: is sitting out
Elements29: posts big blind $3
*** HOLE CARDS ***
RaisemyNut$: raises $3 to $6
Elements29: calls $3
*** FLOP *** [Ad 9s Qs]
Elements29: checks
RaisemyNut$: bets $3
B_loJkl leaves the table
Elements29: raises $3 to $6
B_loJkl joins the table at seat #1
RaisemyNut$: raises $3 to $9
Elements29: calls $3
*** TURN *** [Ad 9s Qs] [5d]
Elements29: checks
RaisemyNut$: checks
*** RIVER *** [Ad 9s Qs 5d] [6d]
Elements29: checks
Homasapien leaves the table
RaisemyNut$: checks
*** SHOW DOWN ***
Elements29: shows [Td Kh] (high card Ace)
RaisemyNut$: shows [8s 5s] (a pair of Fives)
RaisemyNut$ collected $29.50 from pot
*** SUMMARY ***
Total pot $30 | Rake $0.50
Board [Ad 9s Qs 5d 6d]
Seat 3: RaisemyNut$ (button) (small blind) showed [8s 5s] and won ($29.50) with a pair of Fives
Seat 6: Elements29 (big blind) showed [Td Kh] and lost with high card Ace


