PokerStars Hand #173556225918:  Hold'em Limit ($3/$6 USD) - 2017/07/26 20:06:15 ET
Table 'Elektra' 10-max Seat #5 is the button
Seat 5: simper11 ($120 in chips)
Seat 8: Zubasa07 ($300 in chips)
simper11: posts small blind $1
Zubasa07: posts big blind $3
*** HOLE CARDS ***
simper11: raises $3 to $6
Zubasa07: folds
Uncalled bet ($3) returned to simper11
simper11 collected $6 from pot
simper11: doesn't show hand
*** SUMMARY ***
Total pot $6 | Rake $0
Seat 5: simper11 (button) (small blind) collected ($6)
Seat 8: Zubasa07 (big blind) folded before Flop


PokerStars Hand #173556233801:  Hold'em Limit ($3/$6 USD) - 2017/07/26 20:06:31 ET
Table 'Elektra' 10-max Seat #8 is the button
Seat 5: simper11 ($123 in chips)
Seat 8: Zubasa07 ($297 in chips)
Zubasa07: posts small blind $1
simper11: posts big blind $3
*** HOLE CARDS ***
Zubasa07: raises $3 to $6
simper11: calls $3
*** FLOP *** [8h 4s 5c]
simper11: checks
Zubasa07: bets $3
simper11: raises $3 to $6
Zubasa07: calls $3
*** TURN *** [8h 4s 5c] [3s]
simper11: bets $6
Zubasa07: calls $6
*** RIVER *** [8h 4s 5c 3s] [9h]
simper11: bets $6
Zubasa07: calls $6
*** SHOW DOWN ***
simper11: shows [5s 6c] (a pair of Fives)
Zubasa07: mucks hand
simper11 collected $47.50 from pot
*** SUMMARY ***
Total pot $48 | Rake $0.50
Board [8h 4s 5c 3s 9h]
Seat 5: simper11 (big blind) showed [5s 6c] and won ($47.50) with a pair of Fives
Seat 8: Zubasa07 (button) (small blind) mucked


