PokerStars Hand #167087225637:  Hold'em Limit ($3/$6 USD) - 2017/03/04 4:42:58 ET
Table 'Elektra' 6-max Seat #2 is the button
Seat 2: kudongo ($120 in chips)
Seat 4: Agrotait ($76.64 in chips)
kudongo: posts small blind $1
Agrotait: posts big blind $3
Bubman78 joins the table at seat #5
*** HOLE CARDS ***
kudongo: folds
Uncalled bet ($2) returned to Agrotait
Agrotait collected $2 from pot
Agrotait: doesn't show hand
*** SUMMARY ***
Total pot $2 | Rake $0
Seat 2: kudongo (button) (small blind) folded before Flop
Seat 4: Agrotait (big blind) collected ($2)


PokerStars Hand #167087297363:  Hold'em Limit ($3/$6 USD) - 2017/03/04 4:45:57 ET
Table 'Elektra' 6-max Seat #2 is the button
Seat 2: kudongo ($103 in chips)
Seat 5: Bubman78 ($143.53 in chips)
kudongo: posts small blind $1
Agrotait: is sitting out
Bubman78: posts big blind $3
*** HOLE CARDS ***
kudongo: raises $3 to $6
Bubman78: calls $3
*** FLOP *** [5h 5c Qd]
Bubman78: checks
kudongo: bets $3
Bubman78: folds
Uncalled bet ($3) returned to kudongo
kudongo collected $11.76 from pot
kudongo: doesn't show hand
*** SUMMARY ***
Total pot $12 | Rake $0.24
Board [5h 5c Qd]
Seat 2: kudongo (button) (small blind) collected ($11.76)
Seat 5: Bubman78 (big blind) folded on the Flop


PokerStars Hand #167087302907:  Hold'em Limit ($3/$6 USD) - 2017/03/04 4:46:11 ET
Table 'Elektra' 6-max Seat #5 is the button
Seat 2: kudongo ($108.76 in chips)
Seat 5: Bubman78 ($137.53 in chips)
Bubman78: posts small blind $1
kudongo: posts big blind $3
*** HOLE CARDS ***
Agrotait leaves the table
Bubman78: raises $3 to $6
kudongo: folds
Uncalled bet ($3) returned to Bubman78
Bubman78 collected $6 from pot
Bubman78: doesn't show hand
*** SUMMARY ***
Total pot $6 | Rake $0
Seat 2: kudongo (big blind) folded before Flop
Seat 5: Bubman78 (button) (small blind) collected ($6)


PokerStars Hand #167087308213:  Hold'em Limit ($3/$6 USD) - 2017/03/04 4:46:25 ET
Table 'Elektra' 6-max Seat #2 is the button
Seat 2: kudongo ($105.76 in chips)
Seat 5: Bubman78 ($140.53 in chips)
kudongo: posts small blind $1
Bubman78: posts big blind $3
*** HOLE CARDS ***
kudongo: calls $2
Bubman78: checks
*** FLOP *** [9s 8c 7h]
Bubman78: checks
kudongo: bets $3
Bubman78: calls $3
*** TURN *** [9s 8c 7h] [Ks]
Bubman78: checks
kudongo: checks
*** RIVER *** [9s 8c 7h Ks] [Qs]
Bubman78: checks
kudongo: bets $6
Bubman78: calls $6
*** SHOW DOWN ***
kudongo: shows [3c 5c] (high card King)
Bubman78: shows [7c 5s] (a pair of Sevens)
Bubman78 collected $23.52 from pot
*** SUMMARY ***
Total pot $24 | Rake $0.48
Board [9s 8c 7h Ks Qs]
Seat 2: kudongo (button) (small blind) showed [3c 5c] and lost with high card King
Seat 5: Bubman78 (big blind) showed [7c 5s] and won ($23.52) with a pair of Sevens


PokerStars Hand #167087317669:  Hold'em Limit ($3/$6 USD) - 2017/03/04 4:46:48 ET
Table 'Elektra' 6-max Seat #5 is the button
Seat 2: kudongo ($93.76 in chips)
Seat 5: Bubman78 ($152.05 in chips)
Bubman78: posts small blind $1
kudongo: posts big blind $3
*** HOLE CARDS ***
Bubman78: raises $3 to $6
kudongo: folds
Uncalled bet ($3) returned to Bubman78
Bubman78 collected $6 from pot
Dies1210 joins the table at seat #4
Bubman78: doesn't show hand
*** SUMMARY ***
Total pot $6 | Rake $0
Seat 2: kudongo (big blind) folded before Flop
Seat 5: Bubman78 (button) (small blind) collected ($6)


PokerStars Hand #167087374102:  Hold'em Limit ($3/$6 USD) - 2017/03/04 4:49:08 ET
Table 'Elektra' 6-max Seat #4 is the button
Seat 4: Dies1210 ($131.76 in chips)
Seat 5: Bubman78 ($189.87 in chips)
Dies1210: posts small blind $1
Bubman78: posts big blind $3
*** HOLE CARDS ***
Dies1210: folds
Uncalled bet ($2) returned to Bubman78
Bubman78 collected $2 from pot
Bubman78: doesn't show hand
*** SUMMARY ***
Total pot $2 | Rake $0
Seat 4: Dies1210 (button) (small blind) folded before Flop
Seat 5: Bubman78 (big blind) collected ($2)


PokerStars Hand #167087364287:  Hold'em Limit ($3/$6 USD) - 2017/03/04 4:48:43 ET
Table 'Elektra' 6-max Seat #5 is the button
Seat 4: Dies1210 ($140.76 in chips)
Seat 5: Bubman78 ($181.23 in chips)
Bubman78: posts small blind $1
kudongo: is sitting out
Dies1210: posts big blind $3
*** HOLE CARDS ***
kudongo leaves the table
Bubman78: raises $3 to $6
Dies1210: calls $3
*** FLOP *** [As 7d Td]
Dies1210: checks
Bubman78: bets $3
Dies1210: calls $3
*** TURN *** [As 7d Td] [Jh]
Dies1210: checks
Bubman78: bets $6
Dies1210: folds
Uncalled bet ($6) returned to Bubman78
Bubman78 collected $17.64 from pot
Bubman78: doesn't show hand
*** SUMMARY ***
Total pot $18 | Rake $0.36
Board [As 7d Td Jh]
Seat 4: Dies1210 (big blind) folded on the Turn
Seat 5: Bubman78 (button) (small blind) collected ($17.64)


PokerStars Hand #167087403223:  Hold'em Limit ($3/$6 USD) - 2017/03/04 4:50:20 ET
Table 'Elektra' 6-max Seat #4 is the button
Seat 4: Dies1210 ($150.67 in chips)
Seat 5: Bubman78 ($169.62 in chips)
Dies1210: posts small blind $1
Bubman78: posts big blind $3
*** HOLE CARDS ***
Dies1210: raises $3 to $6
Bubman78: folds
Uncalled bet ($3) returned to Dies1210
Dies1210 collected $6 from pot
Dies1210: doesn't show hand
*** SUMMARY ***
Total pot $6 | Rake $0
Seat 4: Dies1210 (button) (small blind) collected ($6)
Seat 5: Bubman78 (big blind) folded before Flop


PokerStars Hand #167087396126:  Hold'em Limit ($3/$6 USD) - 2017/03/04 4:50:02 ET
Table 'Elektra' 6-max Seat #5 is the button
Seat 4: Dies1210 ($139.15 in chips)
Seat 5: Bubman78 ($181.62 in chips)
Bubman78: posts small blind $1
Dies1210: posts big blind $3
*** HOLE CARDS ***
Bubman78: raises $3 to $6
Dies1210: raises $3 to $9
Bubman78: calls $3
*** FLOP *** [2s Tc 5d]
Dies1210: bets $3
Bubman78: calls $3
*** TURN *** [2s Tc 5d] [9s]
Dies1210: bets $6
Bubman78: folds
Uncalled bet ($6) returned to Dies1210
Dies1210 collected $23.52 from pot
Dies1210: doesn't show hand
*** SUMMARY ***
Total pot $24 | Rake $0.48
Board [2s Tc 5d 9s]
Seat 4: Dies1210 (big blind) collected ($23.52)
Seat 5: Bubman78 (button) (small blind) folded on the Turn


PokerStars Hand #167087387844:  Hold'em Limit ($3/$6 USD) - 2017/03/04 4:49:42 ET
Table 'Elektra' 6-max Seat #4 is the button
Seat 4: Dies1210 ($130.51 in chips)
Seat 5: Bubman78 ($190.62 in chips)
Dies1210: posts small blind $1
Bubman78: posts big blind $3
*** HOLE CARDS ***
Dies1210: raises $3 to $6
Bubman78: calls $3
*** FLOP *** [5d Qd 5s]
Bubman78: checks
Dies1210: bets $3
Bubman78: calls $3
*** TURN *** [5d Qd 5s] [Js]
Bubman78: checks
Dies1210: bets $6
Bubman78: folds
Uncalled bet ($6) returned to Dies1210
Dies1210 collected $17.64 from pot
Dies1210: doesn't show hand
*** SUMMARY ***
Total pot $18 | Rake $0.36
Board [5d Qd 5s Js]
Seat 4: Dies1210 (button) (small blind) collected ($17.64)
Seat 5: Bubman78 (big blind) folded on the Turn


PokerStars Hand #167087376188:  Hold'em Limit ($3/$6 USD) - 2017/03/04 4:49:13 ET
Table 'Elektra' 6-max Seat #5 is the button
Seat 4: Dies1210 ($130.76 in chips)
Seat 5: Bubman78 ($190.87 in chips)
Bubman78: posts small blind $1
Dies1210: posts big blind $3
*** HOLE CARDS ***
Bubman78: raises $3 to $6
Dies1210: calls $3
*** FLOP *** [9d 2c 8c]
Dies1210: checks
Bubman78: bets $3
Dies1210: raises $3 to $6
Bubman78: calls $3
*** TURN *** [9d 2c 8c] [Qd]
Dies1210: checks
Bubman78: bets $6
Dies1210: calls $6
*** RIVER *** [9d 2c 8c Qd] [7h]
Dies1210: checks
Bubman78: bets $6
Dies1210: calls $6
*** SHOW DOWN ***
Bubman78: shows [5h 9c] (a pair of Nines)
Dies1210: shows [9h 4d] (a pair of Nines)
Dies1210 collected $23.75 from pot
Bubman78 collected $23.75 from pot
*** SUMMARY ***
Total pot $48 | Rake $0.50
Board [9d 2c 8c Qd 7h]
Seat 4: Dies1210 (big blind) showed [9h 4d] and won ($23.75) with a pair of Nines
Seat 5: Bubman78 (button) (small blind) showed [5h 9c] and won ($23.75) with a pair of Nines


PokerStars Hand #167087415717:  Hold'em Limit ($3/$6 USD) - 2017/03/04 4:50:51 ET
Table 'Elektra' 6-max Seat #5 is the button
Seat 4: Dies1210 ($167.17 in chips)
Seat 5: Bubman78 ($152.62 in chips)
Bubman78: posts small blind $1
Dies1210: posts big blind $3
*** HOLE CARDS ***
Bubman78: raises $3 to $6
Dies1210: calls $3
*** FLOP *** [Ac 6d 4d]
Dies1210: checks
Bubman78: bets $3
Dies1210: calls $3
*** TURN *** [Ac 6d 4d] [5s]
Dies1210: checks
Bubman78: checks
*** RIVER *** [Ac 6d 4d 5s] [7c]
Dies1210: bets $6
Bubman78: calls $6
*** SHOW DOWN ***
Dies1210: shows [6s 2d] (a pair of Sixes)
Bubman78: shows [Th 7h] (a pair of Sevens)
Bubman78 collected $29.50 from pot
*** SUMMARY ***
Total pot $30 | Rake $0.50
Board [Ac 6d 4d 5s 7c]
Seat 4: Dies1210 (big blind) showed [6s 2d] and lost with a pair of Sixes
Seat 5: Bubman78 (button) (small blind) showed [Th 7h] and won ($29.50) with a pair of Sevens


PokerStars Hand #167087413714:  Hold'em Limit ($3/$6 USD) - 2017/03/04 4:50:46 ET
Table 'Elektra' 6-max Seat #4 is the button
Seat 4: Dies1210 ($168.17 in chips)
Seat 5: Bubman78 ($151.62 in chips)
Dies1210: posts small blind $1
Bubman78: posts big blind $3
*** HOLE CARDS ***
Dies1210: folds
Uncalled bet ($2) returned to Bubman78
Bubman78 collected $2 from pot
Bubman78: doesn't show hand
*** SUMMARY ***
Total pot $2 | Rake $0
Seat 4: Dies1210 (button) (small blind) folded before Flop
Seat 5: Bubman78 (big blind) collected ($2)


PokerStars Hand #167087405848:  Hold'em Limit ($3/$6 USD) - 2017/03/04 4:50:26 ET
Table 'Elektra' 6-max Seat #5 is the button
Seat 4: Dies1210 ($153.67 in chips)
Seat 5: Bubman78 ($166.62 in chips)
Bubman78: posts small blind $1
Dies1210: posts big blind $3
*** HOLE CARDS ***
Bubman78: raises $3 to $6
Dies1210: calls $3
*** FLOP *** [5c 2s 6h]
Dies1210: checks
Bubman78: bets $3
Dies1210: calls $3
*** TURN *** [5c 2s 6h] [4h]
Dies1210: checks
Bubman78: bets $6
Dies1210: raises $6 to $12
Bubman78: folds
Uncalled bet ($6) returned to Dies1210
Dies1210 collected $29.50 from pot
Dies1210: doesn't show hand
*** SUMMARY ***
Total pot $30 | Rake $0.50
Board [5c 2s 6h 4h]
Seat 4: Dies1210 (big blind) collected ($29.50)
Seat 5: Bubman78 (button) (small blind) folded on the Turn


PokerStars Hand #167087423867:  Hold'em Limit ($3/$6 USD) - 2017/03/04 4:51:11 ET
Table 'Elektra' 6-max Seat #4 is the button
Seat 4: Dies1210 ($152.17 in chips)
Seat 5: Bubman78 ($167.12 in chips)
Dies1210: posts small blind $1
Bubman78: posts big blind $3
*** HOLE CARDS ***
Dies1210: raises $3 to $6
Bubman78: calls $3
*** FLOP *** [4s 5s 3s]
Bubman78: checks
Dies1210: bets $3
Bubman78: raises $3 to $6
Dies1210: calls $3
*** TURN *** [4s 5s 3s] [9c]
Bubman78: bets $6
Dies1210: calls $6
*** RIVER *** [4s 5s 3s 9c] [9s]
Bubman78: bets $6
Dies1210: raises $6 to $12
Bubman78: calls $6
*** SHOW DOWN ***
Dies1210: shows [Ac As] (a flush, Ace high)
Bubman78: mucks hand
Dies1210 collected $59.50 from pot
*** SUMMARY ***
Total pot $60 | Rake $0.50
Board [4s 5s 3s 9c 9s]
Seat 4: Dies1210 (button) (small blind) showed [Ac As] and won ($59.50) with a flush, Ace high
Seat 5: Bubman78 (big blind) mucked


PokerStars Hand #167087447119:  Hold'em Limit ($3/$6 USD) - 2017/03/04 4:52:09 ET
Table 'Elektra' 6-max Seat #4 is the button
Seat 4: Dies1210 ($199.17 in chips)
Seat 5: Bubman78 ($119.12 in chips)
Dies1210: posts small blind $1
Bubman78: posts big blind $3
*** HOLE CARDS ***
Dies1210: raises $3 to $6
Bubman78: folds
Uncalled bet ($3) returned to Dies1210
Dies1210 collected $6 from pot
Dies1210: doesn't show hand
*** SUMMARY ***
Total pot $6 | Rake $0
Seat 4: Dies1210 (button) (small blind) collected ($6)
Seat 5: Bubman78 (big blind) folded before Flop


PokerStars Hand #167087434251:  Hold'em Limit ($3/$6 USD) - 2017/03/04 4:51:37 ET
Table 'Elektra' 6-max Seat #5 is the button
Seat 4: Dies1210 ($181.67 in chips)
Seat 5: Bubman78 ($137.12 in chips)
Bubman78: posts small blind $1
Dies1210: posts big blind $3
*** HOLE CARDS ***
Bubman78: raises $3 to $6
Dies1210: calls $3
*** FLOP *** [As 3d 5h]
Dies1210: checks
Bubman78: bets $3
Dies1210: raises $3 to $6
Bubman78: calls $3
*** TURN *** [As 3d 5h] [Qc]
Dies1210: bets $6
Bubman78: calls $6
*** RIVER *** [As 3d 5h Qc] [Qd]
Dies1210: bets $6
Bubman78: folds
Uncalled bet ($6) returned to Dies1210
Dies1210 collected $35.50 from pot
Dies1210: doesn't show hand
*** SUMMARY ***
Total pot $36 | Rake $0.50
Board [As 3d 5h Qc Qd]
Seat 4: Dies1210 (big blind) collected ($35.50)
Seat 5: Bubman78 (button) (small blind) folded on the River


PokerStars Hand #167087449952:  Hold'em Limit ($3/$6 USD) - 2017/03/04 4:52:16 ET
Table 'Elektra' 6-max Seat #5 is the button
Seat 4: Dies1210 ($202.17 in chips)
Seat 5: Bubman78 ($116.12 in chips)
Bubman78: posts small blind $1
Dies1210: posts big blind $3
*** HOLE CARDS ***
Bubman78: raises $3 to $6
Dies1210: calls $3
*** FLOP *** [Ts Ad Jh]
Dies1210: checks
Bubman78: bets $3
Dies1210: calls $3
*** TURN *** [Ts Ad Jh] [2s]
Dies1210: checks
Bubman78: bets $6
Dies1210: calls $6
*** RIVER *** [Ts Ad Jh 2s] [6s]
Dies1210: checks
Bubman78: bets $6
Dies1210: calls $6
*** SHOW DOWN ***
Bubman78: shows [7s 8s] (a flush, Ten high)
Dies1210: mucks hand
Bubman78 collected $41.50 from pot
*** SUMMARY ***
Total pot $42 | Rake $0.50
Board [Ts Ad Jh 2s 6s]
Seat 4: Dies1210 (big blind) mucked
Seat 5: Bubman78 (button) (small blind) showed [7s 8s] and won ($41.50) with a flush, Ten high


PokerStars Hand #167087458236:  Hold'em Limit ($3/$6 USD) - 2017/03/04 4:52:37 ET
Table 'Elektra' 6-max Seat #4 is the button
Seat 4: Dies1210 ($181.17 in chips)
Seat 5: Bubman78 ($136.62 in chips)
Dies1210: posts small blind $1
Bubman78: posts big blind $3
*** HOLE CARDS ***
Dies1210: folds
Uncalled bet ($2) returned to Bubman78
Bubman78 collected $2 from pot
Bubman78: doesn't show hand
*** SUMMARY ***
Total pot $2 | Rake $0
Seat 4: Dies1210 (button) (small blind) folded before Flop
Seat 5: Bubman78 (big blind) collected ($2)


PokerStars Hand #167087465471:  Hold'em Limit ($3/$6 USD) - 2017/03/04 4:52:55 ET
Table 'Elektra' 6-max Seat #4 is the button
Seat 4: Dies1210 ($174.17 in chips)
Seat 5: Bubman78 ($143.38 in chips)
Dies1210: posts small blind $1
Bubman78: posts big blind $3
*** HOLE CARDS ***
Dies1210: raises $3 to $6
Bubman78: calls $3
*** FLOP *** [As 4s 6h]
Bubman78: checks
Dies1210: bets $3
Bubman78: calls $3
*** TURN *** [As 4s 6h] [Kd]
Bubman78: checks
Dies1210: bets $6
Bubman78: calls $6
*** RIVER *** [As 4s 6h Kd] [Ah]
Bubman78: checks
Dies1210: bets $6
Bubman78: calls $6
*** SHOW DOWN ***
Dies1210: shows [Tc Jc] (a pair of Aces)
Bubman78: shows [2d 2h] (two pair, Aces and Deuces)
Bubman78 collected $41.50 from pot
*** SUMMARY ***
Total pot $42 | Rake $0.50
Board [As 4s 6h Kd Ah]
Seat 4: Dies1210 (button) (small blind) showed [Tc Jc] and lost with a pair of Aces
Seat 5: Bubman78 (big blind) showed [2d 2h] and won ($41.50) with two pair, Aces and Deuces


PokerStars Hand #167087492904:  Hold'em Limit ($3/$6 USD) - 2017/03/04 4:54:04 ET
Table 'Elektra' 6-max Seat #4 is the button
Seat 4: Dies1210 ($159.67 in chips)
Seat 5: Bubman78 ($156.52 in chips)
Dies1210: posts small blind $1
Bubman78: posts big blind $3
*** HOLE CARDS ***
Dies1210: raises $3 to $6
Bubman78: calls $3
*** FLOP *** [Ad Tc Ks]
Bubman78: checks
Dies1210: bets $3
Bubman78: calls $3
*** TURN *** [Ad Tc Ks] [9c]
Bubman78: checks
Dies1210: checks
*** RIVER *** [Ad Tc Ks 9c] [4d]
Bubman78: bets $6
Dies1210: folds
Uncalled bet ($6) returned to Bubman78
Bubman78 collected $17.64 from pot
Bubman78: doesn't show hand
*** SUMMARY ***
Total pot $18 | Rake $0.36
Board [Ad Tc Ks 9c 4d]
Seat 4: Dies1210 (button) (small blind) folded on the River
Seat 5: Bubman78 (big blind) collected ($17.64)


PokerStars Hand #167087490555:  Hold'em Limit ($3/$6 USD) - 2017/03/04 4:53:58 ET
Table 'Elektra' 6-max Seat #5 is the button
Seat 4: Dies1210 ($158.67 in chips)
Seat 5: Bubman78 ($157.52 in chips)
Bubman78: posts small blind $1
Dies1210: posts big blind $3
*** HOLE CARDS ***
Bubman78: folds
Uncalled bet ($2) returned to Dies1210
Dies1210 collected $2 from pot
Dies1210: doesn't show hand
*** SUMMARY ***
Total pot $2 | Rake $0
Seat 4: Dies1210 (big blind) collected ($2)
Seat 5: Bubman78 (button) (small blind) folded before Flop


PokerStars Hand #167087483276:  Hold'em Limit ($3/$6 USD) - 2017/03/04 4:53:40 ET
Table 'Elektra' 6-max Seat #4 is the button
Seat 4: Dies1210 ($144.17 in chips)
Seat 5: Bubman78 ($172.52 in chips)
Dies1210: posts small blind $1
Bubman78: posts big blind $3
*** HOLE CARDS ***
Dies1210: raises $3 to $6
Bubman78: calls $3
*** FLOP *** [Tc 8c Jh]
Bubman78: checks
Dies1210: bets $3
Bubman78: calls $3
*** TURN *** [Tc 8c Jh] [Js]
Bubman78: checks
Dies1210: checks
*** RIVER *** [Tc 8c Jh Js] [Jd]
Bubman78: checks
Dies1210: bets $6
Bubman78: calls $6
*** SHOW DOWN ***
Dies1210: shows [Ah 8h] (a full house, Jacks full of Eights)
Bubman78: mucks hand
Dies1210 collected $29.50 from pot
*** SUMMARY ***
Total pot $30 | Rake $0.50
Board [Tc 8c Jh Js Jd]
Seat 4: Dies1210 (button) (small blind) showed [Ah 8h] and won ($29.50) with a full house, Jacks full of Eights
Seat 5: Bubman78 (big blind) mucked


PokerStars Hand #167087476321:  Hold'em Limit ($3/$6 USD) - 2017/03/04 4:53:23 ET
Table 'Elektra' 6-max Seat #5 is the button
Seat 4: Dies1210 ($153.17 in chips)
Seat 5: Bubman78 ($163.88 in chips)
Bubman78: posts small blind $1
Dies1210: posts big blind $3
*** HOLE CARDS ***
Bubman78: raises $3 to $6
Dies1210: calls $3
*** FLOP *** [5d Qc 3d]
Dies1210: checks
Bubman78: bets $3
Dies1210: calls $3
*** TURN *** [5d Qc 3d] [7c]
Dies1210: checks
Bubman78: checks
*** RIVER *** [5d Qc 3d 7c] [Jc]
Dies1210: checks
Bubman78: bets $6
Dies1210: folds
Uncalled bet ($6) returned to Bubman78
Bubman78 collected $17.64 from pot
Bubman78: doesn't show hand
*** SUMMARY ***
Total pot $18 | Rake $0.36
Board [5d Qc 3d 7c Jc]
Seat 4: Dies1210 (big blind) folded on the River
Seat 5: Bubman78 (button) (small blind) collected ($17.64)


PokerStars Hand #167087515140:  Hold'em Limit ($3/$6 USD) - 2017/03/04 4:55:00 ET
Table 'Elektra' 6-max Seat #5 is the button
Seat 4: Dies1210 ($120.67 in chips)
Seat 5: Bubman78 ($194.30 in chips)
Bubman78: posts small blind $1
Dies1210: posts big blind $3
*** HOLE CARDS ***
Bubman78: raises $3 to $6
Dies1210: calls $3
*** FLOP *** [Tc 2s Ac]
Dies1210: checks
Bubman78: bets $3
Dies1210: calls $3
*** TURN *** [Tc 2s Ac] [7c]
Dies1210: checks
Bubman78: checks
*** RIVER *** [Tc 2s Ac 7c] [As]
Dies1210: checks
Bubman78: checks
*** SHOW DOWN ***
Dies1210: shows [Js Qd] (a pair of Aces)
Bubman78: mucks hand
Dies1210 collected $17.64 from pot
*** SUMMARY ***
Total pot $18 | Rake $0.36
Board [Tc 2s Ac 7c As]
Seat 4: Dies1210 (big blind) showed [Js Qd] and won ($17.64) with a pair of Aces
Seat 5: Bubman78 (button) (small blind) mucked


PokerStars Hand #167087507049:  Hold'em Limit ($3/$6 USD) - 2017/03/04 4:54:39 ET
Table 'Elektra' 6-max Seat #4 is the button
Seat 4: Dies1210 ($129.67 in chips)
Seat 5: Bubman78 ($185.66 in chips)
Dies1210: posts small blind $1
Bubman78: posts big blind $3
*** HOLE CARDS ***
Dies1210: raises $3 to $6
Bubman78: calls $3
*** FLOP *** [Ts 7d 4h]
Bubman78: checks
Dies1210: bets $3
Bubman78: calls $3
*** TURN *** [Ts 7d 4h] [4s]
Bubman78: checks
Dies1210: checks
*** RIVER *** [Ts 7d 4h 4s] [Ac]
Bubman78: checks
Dies1210: checks
*** SHOW DOWN ***
Bubman78: shows [Kh 8s] (a pair of Fours)
Dies1210: mucks hand
Bubman78 collected $17.64 from pot
*** SUMMARY ***
Total pot $18 | Rake $0.36
Board [Ts 7d 4h 4s Ac]
Seat 4: Dies1210 (button) (small blind) mucked
Seat 5: Bubman78 (big blind) showed [Kh 8s] and won ($17.64) with a pair of Fours


PokerStars Hand #167087499614:  Hold'em Limit ($3/$6 USD) - 2017/03/04 4:54:21 ET
Table 'Elektra' 6-max Seat #5 is the button
Seat 4: Dies1210 ($150.67 in chips)
Seat 5: Bubman78 ($165.16 in chips)
Bubman78: posts small blind $1
Dies1210: posts big blind $3
*** HOLE CARDS ***
Bubman78: raises $3 to $6
Dies1210: calls $3
*** FLOP *** [8s Ts Tc]
Dies1210: checks
Bubman78: bets $3
Dies1210: calls $3
*** TURN *** [8s Ts Tc] [7h]
Dies1210: checks
Bubman78: bets $6
Dies1210: calls $6
*** RIVER *** [8s Ts Tc 7h] [5c]
Dies1210: checks
Bubman78: bets $6
Dies1210: calls $6
*** SHOW DOWN ***
Bubman78: shows [9d 6s] (a straight, Six to Ten)
Dies1210: mucks hand
Bubman78 collected $41.50 from pot
*** SUMMARY ***
Total pot $42 | Rake $0.50
Board [8s Ts Tc 7h 5c]
Seat 4: Dies1210 (big blind) mucked
Seat 5: Bubman78 (button) (small blind) showed [9d 6s] and won ($41.50) with a straight, Six to Ten


PokerStars Hand #167087538331:  Hold'em Limit ($3/$6 USD) - 2017/03/04 4:56:03 ET
Table 'Elektra' 6-max Seat #4 is the button
Seat 4: Dies1210 ($105.31 in chips)
Seat 5: Bubman78 ($208.56 in chips)
Dies1210: posts small blind $1
Bubman78: posts big blind $3
*** HOLE CARDS ***
Dies1210: raises $3 to $6
Bubman78: raises $3 to $9
Dies1210: raises $3 to $12
Betting is capped
Bubman78: calls $3
*** FLOP *** [2s 3s 8s]
Bubman78: checks
Dies1210: checks
*** TURN *** [2s 3s 8s] [4s]
Bubman78: checks
Dies1210: bets $6
Bubman78: calls $6
*** RIVER *** [2s 3s 8s 4s] [9c]
Bubman78: checks
Dies1210: bets $6
Bubman78: calls $6
*** SHOW DOWN ***
Dies1210: shows [Ks As] (a flush, Ace high)
Bubman78: mucks hand
Dies1210 collected $47.50 from pot
*** SUMMARY ***
Total pot $48 | Rake $0.50
Board [2s 3s 8s 4s 9c]
Seat 4: Dies1210 (button) (small blind) showed [Ks As] and won ($47.50) with a flush, Ace high
Seat 5: Bubman78 (big blind) mucked


PokerStars Hand #167087522576:  Hold'em Limit ($3/$6 USD) - 2017/03/04 4:55:19 ET
Table 'Elektra' 6-max Seat #4 is the button
Seat 4: Dies1210 ($129.31 in chips)
Seat 5: Bubman78 ($185.30 in chips)
Dies1210: posts small blind $1
Bubman78: posts big blind $3
*** HOLE CARDS ***
Dies1210: raises $3 to $6
Bubman78: raises $3 to $9
Dies1210: raises $3 to $12
Betting is capped
Bubman78: calls $3
*** FLOP *** [Jh 6c Qd]
Bubman78: checks
Dies1210: checks
*** TURN *** [Jh 6c Qd] [Jd]
Bubman78: checks
Dies1210: bets $6
Bubman78: calls $6
*** RIVER *** [Jh 6c Qd Jd] [4h]
Bubman78: checks
Dies1210: checks
*** SHOW DOWN ***
Bubman78: shows [6h 5h] (two pair, Jacks and Sixes)
Dies1210: mucks hand
Bubman78 collected $35.50 from pot
*** SUMMARY ***
Total pot $36 | Rake $0.50
Board [Jh 6c Qd Jd 4h]
Seat 4: Dies1210 (button) (small blind) mucked
Seat 5: Bubman78 (big blind) showed [6h 5h] and won ($35.50) with two pair, Jacks and Sixes


PokerStars Hand #167087547007:  Hold'em Limit ($3/$6 USD) - 2017/03/04 4:56:27 ET
Table 'Elektra' 6-max Seat #5 is the button
Seat 4: Dies1210 ($128.81 in chips)
Seat 5: Bubman78 ($184.56 in chips)
Bubman78: posts small blind $1
Dies1210: posts big blind $3
*** HOLE CARDS ***
Bubman78: raises $3 to $6
Dies1210: calls $3
*** FLOP *** [Td 4d Kd]
Dies1210: checks
Bubman78: bets $3
Dies1210: calls $3
*** TURN *** [Td 4d Kd] [2h]
Dies1210: checks
Bubman78: bets $6
Dies1210: calls $6
*** RIVER *** [Td 4d Kd 2h] [2d]
Dies1210: checks
Bubman78: checks
*** SHOW DOWN ***
Dies1210: shows [Qs Kh] (two pair, Kings and Deuces)
Bubman78: mucks hand
Dies1210 collected $29.50 from pot
*** SUMMARY ***
Total pot $30 | Rake $0.50
Board [Td 4d Kd 2h 2d]
Seat 4: Dies1210 (big blind) showed [Qs Kh] and won ($29.50) with two pair, Kings and Deuces
Seat 5: Bubman78 (button) (small blind) mucked


PokerStars Hand #167087561978:  Hold'em Limit ($3/$6 USD) - 2017/03/04 4:57:08 ET
Table 'Elektra' 6-max Seat #5 is the button
Seat 4: Dies1210 ($149.07 in chips)
Seat 5: Bubman78 ($163.56 in chips)
Bubman78: posts small blind $1
Dies1210: posts big blind $3
*** HOLE CARDS ***
Bubman78: raises $3 to $6
Dies1210: calls $3
*** FLOP *** [Tc Ad Kc]
Dies1210: checks
Bubman78: bets $3
Dies1210: calls $3
*** TURN *** [Tc Ad Kc] [Jh]
Dies1210: checks
Bubman78: checks
*** RIVER *** [Tc Ad Kc Jh] [7d]
Dies1210: bets $6
Bubman78: folds
Uncalled bet ($6) returned to Dies1210
Dies1210 collected $17.64 from pot
Dies1210: doesn't show hand
*** SUMMARY ***
Total pot $18 | Rake $0.36
Board [Tc Ad Kc Jh 7d]
Seat 4: Dies1210 (big blind) collected ($17.64)
Seat 5: Bubman78 (button) (small blind) folded on the River


PokerStars Hand #167087580916:  Hold'em Limit ($3/$6 USD) - 2017/03/04 4:58:00 ET
Table 'Elektra' 6-max Seat #4 is the button
Seat 4: Dies1210 ($180.97 in chips)
Seat 5: Bubman78 ($130.56 in chips)
Dies1210: posts small blind $1
Bubman78: posts big blind $3
*** HOLE CARDS ***
Dies1210: folds
Uncalled bet ($2) returned to Bubman78
Bubman78 collected $2 from pot
Bubman78: doesn't show hand
*** SUMMARY ***
Total pot $2 | Rake $0
Seat 4: Dies1210 (button) (small blind) folded before Flop
Seat 5: Bubman78 (big blind) collected ($2)


PokerStars Hand #167087573268:  Hold'em Limit ($3/$6 USD) - 2017/03/04 4:57:39 ET
Table 'Elektra' 6-max Seat #5 is the button
Seat 4: Dies1210 ($163.47 in chips)
Seat 5: Bubman78 ($148.56 in chips)
Bubman78: posts small blind $1
Dies1210: posts big blind $3
*** HOLE CARDS ***
Bubman78: raises $3 to $6
Dies1210: raises $3 to $9
Bubman78: calls $3
*** FLOP *** [9d 5s Ks]
Dies1210: bets $3
Bubman78: calls $3
*** TURN *** [9d 5s Ks] [Kh]
Dies1210: checks
Bubman78: checks
*** RIVER *** [9d 5s Ks Kh] [4d]
Dies1210: bets $6
Bubman78: calls $6
*** SHOW DOWN ***
Dies1210: shows [Ac Ad] (two pair, Aces and Kings)
Bubman78: mucks hand
Dies1210 collected $35.50 from pot
19woody58 joins the table at seat #1
*** SUMMARY ***
Total pot $36 | Rake $0.50
Board [9d 5s Ks Kh 4d]
Seat 4: Dies1210 (big blind) showed [Ac Ad] and won ($35.50) with two pair, Aces and Kings
Seat 5: Bubman78 (button) (small blind) mucked


PokerStars Hand #167087568206:  Hold'em Limit ($3/$6 USD) - 2017/03/04 4:57:25 ET
Table 'Elektra' 6-max Seat #4 is the button
Seat 4: Dies1210 ($157.71 in chips)
Seat 5: Bubman78 ($154.56 in chips)
Dies1210: posts small blind $1
Bubman78: posts big blind $3
*** HOLE CARDS ***
Dies1210: raises $3 to $6
Bubman78: calls $3
*** FLOP *** [Jh Ad 2h]
Bubman78: checks
Dies1210: bets $3
Bubman78: folds
Uncalled bet ($3) returned to Dies1210
Dies1210 collected $11.76 from pot
Dies1210: doesn't show hand
*** SUMMARY ***
Total pot $12 | Rake $0.24
Board [Jh Ad 2h]
Seat 4: Dies1210 (button) (small blind) collected ($11.76)
Seat 5: Bubman78 (big blind) folded on the Flop


PokerStars Hand #167087772843:  Hold'em Limit ($3/$6 USD) - 2017/03/04 5:06:01 ET
Table 'Elektra' 6-max Seat #5 is the button
Seat 4: Dies1210 ($233.47 in chips)
Seat 5: Bubman78 ($80.70 in chips)
Bubman78: posts small blind $1
Pelurile: is sitting out
Dies1210: posts big blind $3
*** HOLE CARDS ***
Bubman78: raises $3 to $6
Dies1210: calls $3
*** FLOP *** [Jd 3s 6h]
Dies1210: checks
Bubman78: bets $3
Dies1210: calls $3
*** TURN *** [Jd 3s 6h] [Jc]
Dies1210: checks
Bubman78: bets $6
Dies1210: calls $6
*** RIVER *** [Jd 3s 6h Jc] [8d]
Dies1210: checks
Bubman78: checks
*** SHOW DOWN ***
Dies1210: shows [Ts Kh] (a pair of Jacks)
Bubman78: shows [7h Ad] (a pair of Jacks - Ace kicker)
Bubman78 collected $29.50 from pot
*** SUMMARY ***
Total pot $30 | Rake $0.50
Board [Jd 3s 6h Jc 8d]
Seat 4: Dies1210 (big blind) showed [Ts Kh] and lost with a pair of Jacks
Seat 5: Bubman78 (button) (small blind) showed [7h Ad] and won ($29.50) with a pair of Jacks


PokerStars Hand #167087784764:  Hold'em Limit ($3/$6 USD) - 2017/03/04 5:06:29 ET
Table 'Elektra' 6-max Seat #5 is the button
Seat 4: Dies1210 ($217.47 in chips)
Seat 5: Bubman78 ($96.20 in chips)
Bubman78: posts small blind $1
Dies1210: posts big blind $3
*** HOLE CARDS ***
Bubman78: raises $3 to $6
Dies1210: calls $3
*** FLOP *** [4s Jh 9c]
Dies1210: checks
Bubman78: bets $3
Dies1210: folds
Uncalled bet ($3) returned to Bubman78
Bubman78 collected $11.76 from pot
Bubman78: doesn't show hand
*** SUMMARY ***
Total pot $12 | Rake $0.24
Board [4s Jh 9c]
Seat 4: Dies1210 (big blind) folded on the Flop
Seat 5: Bubman78 (button) (small blind) collected ($11.76)


PokerStars Hand #167087790402:  Hold'em Limit ($3/$6 USD) - 2017/03/04 5:06:42 ET
Table 'Elektra' 6-max Seat #4 is the button
Seat 4: Dies1210 ($211.47 in chips)
Seat 5: Bubman78 ($101.96 in chips)
Dies1210: posts small blind $1
Bubman78: posts big blind $3
*** HOLE CARDS ***
Dies1210: raises $3 to $6
Bubman78: folds
Uncalled bet ($3) returned to Dies1210
Dies1210 collected $6 from pot
Dies1210: doesn't show hand
*** SUMMARY ***
Total pot $6 | Rake $0
Seat 4: Dies1210 (button) (small blind) collected ($6)
Seat 5: Bubman78 (big blind) folded before Flop


PokerStars Hand #167087793924:  Hold'em Limit ($3/$6 USD) - 2017/03/04 5:06:50 ET
Table 'Elektra' 6-max Seat #5 is the button
Seat 4: Dies1210 ($214.47 in chips)
Seat 5: Bubman78 ($98.96 in chips)
Bubman78: posts small blind $1
Dies1210: posts big blind $3
*** HOLE CARDS ***
Bubman78: raises $3 to $6
Dies1210: calls $3
*** FLOP *** [9s Js 5s]
Dies1210: checks
Bubman78: bets $3
Dies1210: folds
Uncalled bet ($3) returned to Bubman78
Bubman78 collected $11.76 from pot
Bubman78: doesn't show hand
*** SUMMARY ***
Total pot $12 | Rake $0.24
Board [9s Js 5s]
Seat 4: Dies1210 (big blind) folded on the Flop
Seat 5: Bubman78 (button) (small blind) collected ($11.76)


PokerStars Hand #167087799236:  Hold'em Limit ($3/$6 USD) - 2017/03/04 5:07:03 ET
Table 'Elektra' 6-max Seat #4 is the button
Seat 4: Dies1210 ($208.47 in chips)
Seat 5: Bubman78 ($104.72 in chips)
Dies1210: posts small blind $1
Bubman78: posts big blind $3
*** HOLE CARDS ***
Dies1210: folds
Uncalled bet ($2) returned to Bubman78
Bubman78 collected $2 from pot
Bubman78: doesn't show hand
*** SUMMARY ***
Total pot $2 | Rake $0
Seat 4: Dies1210 (button) (small blind) folded before Flop
Seat 5: Bubman78 (big blind) collected ($2)


PokerStars Hand #167087782330:  Hold'em Limit ($3/$6 USD) - 2017/03/04 5:06:23 ET
Table 'Elektra' 6-max Seat #4 is the button
Seat 4: Dies1210 ($218.47 in chips)
Seat 5: Bubman78 ($95.20 in chips)
Dies1210: posts small blind $1
Bubman78: posts big blind $3
*** HOLE CARDS ***
Dies1210: folds
Uncalled bet ($2) returned to Bubman78
Bubman78 collected $2 from pot
Bubman78: doesn't show hand
*** SUMMARY ***
Total pot $2 | Rake $0
Seat 4: Dies1210 (button) (small blind) folded before Flop
Seat 5: Bubman78 (big blind) collected ($2)


PokerStars Hand #167087822251:  Hold'em Limit ($3/$6 USD) - 2017/03/04 5:07:57 ET
Table 'Elektra' 6-max Seat #5 is the button
Seat 4: Dies1210 ($204.99 in chips)
Seat 5: Bubman78 ($107.24 in chips)
Bubman78: posts small blind $1
Dies1210: posts big blind $3
*** HOLE CARDS ***
Bubman78: raises $3 to $6
Dies1210: calls $3
*** FLOP *** [Js Jd 7s]
Dies1210: checks
Bubman78: bets $3
Dies1210: calls $3
*** TURN *** [Js Jd 7s] [Qs]
Dies1210: checks
Bubman78: bets $6
Dies1210: calls $6
*** RIVER *** [Js Jd 7s Qs] [9s]
Dies1210: checks
Bubman78: bets $6
Dies1210: calls $6
*** SHOW DOWN ***
Bubman78: shows [6s Qh] (a flush, Queen high)
Dies1210: mucks hand
Bubman78 collected $41.50 from pot
*** SUMMARY ***
Total pot $42 | Rake $0.50
Board [Js Jd 7s Qs 9s]
Seat 4: Dies1210 (big blind) mucked
Seat 5: Bubman78 (button) (small blind) showed [6s Qh] and won ($41.50) with a flush, Queen high


PokerStars Hand #167087810740:  Hold'em Limit ($3/$6 USD) - 2017/03/04 5:07:30 ET
Table 'Elektra' 6-max Seat #5 is the button
Seat 4: Dies1210 ($217.99 in chips)
Seat 5: Bubman78 ($94.72 in chips)
Bubman78: posts small blind $1
Dies1210: posts big blind $3
*** HOLE CARDS ***
Bubman78: raises $3 to $6
Dies1210: calls $3
*** FLOP *** [8c 7d 6h]
Dies1210: checks
Bubman78: checks
*** TURN *** [8c 7d 6h] [3d]
Dies1210: bets $6
Bubman78: calls $6
*** RIVER *** [8c 7d 6h 3d] [9h]
Dies1210: checks
Bubman78: bets $6
Dies1210: folds
Uncalled bet ($6) returned to Bubman78
Bubman78 collected $23.52 from pot
Bubman78: doesn't show hand
*** SUMMARY ***
Total pot $24 | Rake $0.48
Board [8c 7d 6h 3d 9h]
Seat 4: Dies1210 (big blind) folded on the River
Seat 5: Bubman78 (button) (small blind) collected ($23.52)


PokerStars Hand #167087820183:  Hold'em Limit ($3/$6 USD) - 2017/03/04 5:07:52 ET
Table 'Elektra' 6-max Seat #4 is the button
Seat 4: Dies1210 ($205.99 in chips)
Seat 5: Bubman78 ($106.24 in chips)
Dies1210: posts small blind $1
Bubman78: posts big blind $3
*** HOLE CARDS ***
Dies1210: folds
Uncalled bet ($2) returned to Bubman78
Bubman78 collected $2 from pot
Bubman78: doesn't show hand
*** SUMMARY ***
Total pot $2 | Rake $0
Seat 4: Dies1210 (button) (small blind) folded before Flop
Seat 5: Bubman78 (big blind) collected ($2)


PokerStars Hand #167087808671:  Hold'em Limit ($3/$6 USD) - 2017/03/04 5:07:25 ET
Table 'Elektra' 6-max Seat #4 is the button
Seat 4: Dies1210 ($218.99 in chips)
Seat 5: Bubman78 ($93.72 in chips)
Dies1210: posts small blind $1
Bubman78: posts big blind $3
*** HOLE CARDS ***
Dies1210: folds
Uncalled bet ($2) returned to Bubman78
Bubman78 collected $2 from pot
Bubman78: doesn't show hand
*** SUMMARY ***
Total pot $2 | Rake $0
Seat 4: Dies1210 (button) (small blind) folded before Flop
Seat 5: Bubman78 (big blind) collected ($2)


PokerStars Hand #167087801313:  Hold'em Limit ($3/$6 USD) - 2017/03/04 5:07:08 ET
Table 'Elektra' 6-max Seat #5 is the button
Seat 4: Dies1210 ($207.47 in chips)
Seat 5: Bubman78 ($105.72 in chips)
Bubman78: posts small blind $1
Dies1210: posts big blind $3
*** HOLE CARDS ***
Bubman78: raises $3 to $6
Dies1210: calls $3
*** FLOP *** [6s 4c 7c]
Dies1210: checks
Bubman78: checks
*** TURN *** [6s 4c 7c] [Qc]
Dies1210: bets $6
Bubman78: calls $6
*** RIVER *** [6s 4c 7c Qc] [2s]
Dies1210: bets $6
Bubman78: folds
Uncalled bet ($6) returned to Dies1210
Dies1210 collected $23.52 from pot
Dies1210: doesn't show hand
*** SUMMARY ***
Total pot $24 | Rake $0.48
Board [6s 4c 7c Qc 2s]
Seat 4: Dies1210 (big blind) collected ($23.52)
Seat 5: Bubman78 (button) (small blind) folded on the River


PokerStars Hand #167087830845:  Hold'em Limit ($3/$6 USD) - 2017/03/04 5:08:17 ET
Table 'Elektra' 6-max Seat #4 is the button
Seat 4: Dies1210 ($183.99 in chips)
Seat 5: Bubman78 ($127.74 in chips)
Dies1210: posts small blind $1
Bubman78: posts big blind $3
*** HOLE CARDS ***
Dies1210: raises $3 to $6
Bubman78: calls $3
*** FLOP *** [7c 5d 3c]
Bubman78: checks
Dies1210: bets $3
Bubman78: calls $3
*** TURN *** [7c 5d 3c] [Jh]
Bubman78: checks
Dies1210: checks
*** RIVER *** [7c 5d 3c Jh] [7d]
Bubman78: checks
Dies1210: checks
*** SHOW DOWN ***
Bubman78: shows [Qs Th] (a pair of Sevens)
Dies1210: shows [4h Kd] (a pair of Sevens - King kicker)
Dies1210 collected $17.64 from pot
*** SUMMARY ***
Total pot $18 | Rake $0.36
Board [7c 5d 3c Jh 7d]
Seat 4: Dies1210 (button) (small blind) showed [4h Kd] and won ($17.64) with a pair of Sevens
Seat 5: Bubman78 (big blind) showed [Qs Th] and lost with a pair of Sevens


PokerStars Hand #167087840125:  Hold'em Limit ($3/$6 USD) - 2017/03/04 5:08:39 ET
Table 'Elektra' 6-max Seat #5 is the button
Seat 4: Dies1210 ($192.63 in chips)
Seat 5: Bubman78 ($118.74 in chips)
Bubman78: posts small blind $1
Dies1210: posts big blind $3
*** HOLE CARDS ***
Bubman78: raises $3 to $6
Dies1210: calls $3
*** FLOP *** [Td Kc 3h]
Dies1210: checks
Bubman78: bets $3
Dies1210: folds
Uncalled bet ($3) returned to Bubman78
Bubman78 collected $11.76 from pot
Bubman78: doesn't show hand
*** SUMMARY ***
Total pot $12 | Rake $0.24
Board [Td Kc 3h]
Seat 4: Dies1210 (big blind) folded on the Flop
Seat 5: Bubman78 (button) (small blind) collected ($11.76)


PokerStars Hand #167087844968:  Hold'em Limit ($3/$6 USD) - 2017/03/04 5:08:50 ET
Table 'Elektra' 6-max Seat #4 is the button
Seat 4: Dies1210 ($186.63 in chips)
Seat 5: Bubman78 ($124.50 in chips)
Dies1210: posts small blind $1
Bubman78: posts big blind $3
*** HOLE CARDS ***
Dies1210: raises $3 to $6
Bubman78: calls $3
*** FLOP *** [6h 9c 4c]
Bubman78: checks
Dies1210: bets $3
Bubman78: calls $3
*** TURN *** [6h 9c 4c] [Th]
Bubman78: checks
Dies1210: checks
*** RIVER *** [6h 9c 4c Th] [6d]
Bubman78: bets $6
Dies1210: folds
Uncalled bet ($6) returned to Bubman78
Bubman78 collected $17.64 from pot
Bubman78: doesn't show hand
*** SUMMARY ***
Total pot $18 | Rake $0.36
Board [6h 9c 4c Th 6d]
Seat 4: Dies1210 (button) (small blind) folded on the River
Seat 5: Bubman78 (big blind) collected ($17.64)


PokerStars Hand #167087851888:  Hold'em Limit ($3/$6 USD) - 2017/03/04 5:09:07 ET
Table 'Elektra' 6-max Seat #5 is the button
Seat 4: Dies1210 ($177.63 in chips)
Seat 5: Bubman78 ($133.14 in chips)
Bubman78: posts small blind $1
Dies1210: posts big blind $3
*** HOLE CARDS ***
Bubman78: raises $3 to $6
Dies1210: calls $3
*** FLOP *** [8d 9h 5s]
Dies1210: bets $3
Bubman78: raises $3 to $6
Dies1210: calls $3
*** TURN *** [8d 9h 5s] [7h]
Dies1210: checks
Bubman78: bets $6
Dies1210: folds
Uncalled bet ($6) returned to Bubman78
Bubman78 collected $23.52 from pot
Bubman78: doesn't show hand
*** SUMMARY ***
Total pot $24 | Rake $0.48
Board [8d 9h 5s 7h]
Seat 4: Dies1210 (big blind) folded on the Turn
Seat 5: Bubman78 (button) (small blind) collected ($23.52)


PokerStars Hand #167087858544:  Hold'em Limit ($3/$6 USD) - 2017/03/04 5:09:22 ET
Table 'Elektra' 6-max Seat #4 is the button
Seat 4: Dies1210 ($165.63 in chips)
Seat 5: Bubman78 ($144.66 in chips)
Dies1210: posts small blind $1
Bubman78: posts big blind $3
*** HOLE CARDS ***
Dies1210: raises $3 to $6
Bubman78: raises $3 to $9
Dies1210: calls $3
*** FLOP *** [Ah 8d As]
Bubman78: bets $3
Dies1210: folds
Uncalled bet ($3) returned to Bubman78
Bubman78 collected $17.64 from pot
*** SUMMARY ***
Total pot $18 | Rake $0.36
Board [Ah 8d As]
Seat 4: Dies1210 (button) (small blind) folded on the Flop
Seat 5: Bubman78 (big blind) collected ($17.64)


PokerStars Hand #167087862623:  Hold'em Limit ($3/$6 USD) - 2017/03/04 5:09:31 ET
Table 'Elektra' 6-max Seat #5 is the button
Seat 4: Dies1210 ($156.63 in chips)
Seat 5: Bubman78 ($153.30 in chips)
Bubman78: posts small blind $1
Dies1210: posts big blind $3
*** HOLE CARDS ***
Bubman78: raises $3 to $6
Dies1210: calls $3
*** FLOP *** [3d 5h Th]
Dies1210: checks
Bubman78: bets $3
Dies1210: folds
Uncalled bet ($3) returned to Bubman78
Bubman78 collected $11.76 from pot
Bubman78: doesn't show hand
*** SUMMARY ***
Total pot $12 | Rake $0.24
Board [3d 5h Th]
Seat 4: Dies1210 (big blind) folded on the Flop
Seat 5: Bubman78 (button) (small blind) collected ($11.76)


PokerStars Hand #167087867879:  Hold'em Limit ($3/$6 USD) - 2017/03/04 5:09:44 ET
Table 'Elektra' 6-max Seat #4 is the button
Seat 4: Dies1210 ($150.63 in chips)
Seat 5: Bubman78 ($159.06 in chips)
Dies1210: posts small blind $1
Bubman78: posts big blind $3
*** HOLE CARDS ***
Dies1210: raises $3 to $6
Bubman78: folds
Uncalled bet ($3) returned to Dies1210
Dies1210 collected $6 from pot
Dies1210: doesn't show hand
*** SUMMARY ***
Total pot $6 | Rake $0
Seat 4: Dies1210 (button) (small blind) collected ($6)
Seat 5: Bubman78 (big blind) folded before Flop


PokerStars Hand #167087870765:  Hold'em Limit ($3/$6 USD) - 2017/03/04 5:09:51 ET
Table 'Elektra' 6-max Seat #5 is the button
Seat 4: Dies1210 ($153.63 in chips)
Seat 5: Bubman78 ($156.06 in chips)
Bubman78: posts small blind $1
Dies1210: posts big blind $3
*** HOLE CARDS ***
Bubman78: raises $3 to $6
Dies1210: raises $3 to $9
Bubman78: calls $3
*** FLOP *** [3d 8h 5s]
Dies1210: bets $3
Bubman78: calls $3
*** TURN *** [3d 8h 5s] [7s]
Dies1210: checks
Bubman78: bets $6
Dies1210: calls $6
*** RIVER *** [3d 8h 5s 7s] [4h]
Dies1210: checks
Bubman78: bets $6
Dies1210: calls $6
*** SHOW DOWN ***
Bubman78: shows [8c 5d] (two pair, Eights and Fives)
Dies1210: mucks hand
Bubman78 collected $47.50 from pot
*** SUMMARY ***
Total pot $48 | Rake $0.50
Board [3d 8h 5s 7s 4h]
Seat 4: Dies1210 (big blind) mucked
Seat 5: Bubman78 (button) (small blind) showed [8c 5d] and won ($47.50) with two pair, Eights and Fives


PokerStars Hand #167087879654:  Hold'em Limit ($3/$6 USD) - 2017/03/04 5:10:11 ET
Table 'Elektra' 6-max Seat #4 is the button
Seat 4: Dies1210 ($129.63 in chips)
Seat 5: Bubman78 ($179.56 in chips)
Dies1210: posts small blind $1
Bubman78: posts big blind $3
*** HOLE CARDS ***
Dies1210: raises $3 to $6
Bubman78: calls $3
*** FLOP *** [Th Ah 9s]
Bubman78: checks
Dies1210: bets $3
Bubman78: folds
Uncalled bet ($3) returned to Dies1210
Dies1210 collected $11.76 from pot
Dies1210: doesn't show hand
*** SUMMARY ***
Total pot $12 | Rake $0.24
Board [Th Ah 9s]
Seat 4: Dies1210 (button) (small blind) collected ($11.76)
Seat 5: Bubman78 (big blind) folded on the Flop


PokerStars Hand #167087884512:  Hold'em Limit ($3/$6 USD) - 2017/03/04 5:10:23 ET
Table 'Elektra' 6-max Seat #5 is the button
Seat 4: Dies1210 ($135.39 in chips)
Seat 5: Bubman78 ($173.56 in chips)
Bubman78: posts small blind $1
Dies1210: posts big blind $3
*** HOLE CARDS ***
Bubman78: folds
Uncalled bet ($2) returned to Dies1210
Homasapien joins the table at seat #1
Dies1210 collected $2 from pot
Dies1210: doesn't show hand
*** SUMMARY ***
Total pot $2 | Rake $0
Seat 4: Dies1210 (big blind) collected ($2)
Seat 5: Bubman78 (button) (small blind) folded before Flop


PokerStars Hand #167087887150:  Hold'em Limit ($3/$6 USD) - 2017/03/04 5:10:29 ET
Table 'Elektra' 6-max Seat #4 is the button
Seat 4: Dies1210 ($136.39 in chips)
Seat 5: Bubman78 ($172.56 in chips)
Dies1210: posts small blind $1
Bubman78: posts big blind $3
*** HOLE CARDS ***
Dies1210: raises $3 to $6
Bubman78: calls $3
*** FLOP *** [Qs 6c Ts]
Bubman78: checks
Dies1210: bets $3
Bubman78: raises $3 to $6
Dies1210: raises $3 to $9
Bubman78: calls $3
*** TURN *** [Qs 6c Ts] [8c]
Bubman78: checks
Dies1210: bets $6
Bubman78: calls $6
*** RIVER *** [Qs 6c Ts 8c] [Tc]
Bubman78: checks
Dies1210: checks
*** SHOW DOWN ***
Bubman78: shows [2s 4s] (a pair of Tens)
Dies1210: shows [Ad Ah] (two pair, Aces and Tens)
Dies1210 collected $41.50 from pot
*** SUMMARY ***
Total pot $42 | Rake $0.50
Board [Qs 6c Ts 8c Tc]
Seat 4: Dies1210 (button) (small blind) showed [Ad Ah] and won ($41.50) with two pair, Aces and Tens
Seat 5: Bubman78 (big blind) showed [2s 4s] and lost with a pair of Tens


PokerStars Hand #167087897798:  Hold'em Limit ($3/$6 USD) - 2017/03/04 5:10:53 ET
Table 'Elektra' 6-max Seat #5 is the button
Seat 4: Dies1210 ($156.89 in chips)
Seat 5: Bubman78 ($151.56 in chips)
Bubman78: posts small blind $1
Dies1210: posts big blind $3
*** HOLE CARDS ***
Bubman78: raises $3 to $6
Dies1210: calls $3
*** FLOP *** [As 3d 6d]
Dies1210: checks
Bubman78: bets $3
Dies1210: raises $3 to $6
Bubman78: folds
Uncalled bet ($3) returned to Dies1210
Dies1210 collected $17.64 from pot
Dies1210: doesn't show hand
*** SUMMARY ***
Total pot $18 | Rake $0.36
Board [As 3d 6d]
Seat 4: Dies1210 (big blind) collected ($17.64)
Seat 5: Bubman78 (button) (small blind) folded on the Flop


PokerStars Hand #167087904816:  Hold'em Limit ($3/$6 USD) - 2017/03/04 5:11:10 ET
Table 'Elektra' 6-max Seat #4 is the button
Seat 4: Dies1210 ($165.53 in chips)
Seat 5: Bubman78 ($142.56 in chips)
Dies1210: posts small blind $1
Bubman78: posts big blind $3
*** HOLE CARDS ***
Dies1210: raises $3 to $6
Bubman78: calls $3
*** FLOP *** [5h 7c Tc]
Bubman78: checks
Dies1210: bets $3
Bubman78: calls $3
*** TURN *** [5h 7c Tc] [8s]
Bubman78: checks
Dies1210: bets $6
Bubman78: folds
Uncalled bet ($6) returned to Dies1210
Dies1210 collected $17.64 from pot
Dies1210: doesn't show hand
*** SUMMARY ***
Total pot $18 | Rake $0.36
Board [5h 7c Tc 8s]
Seat 4: Dies1210 (button) (small blind) collected ($17.64)
Seat 5: Bubman78 (big blind) folded on the Turn


PokerStars Hand #167087916207:  Hold'em Limit ($3/$6 USD) - 2017/03/04 5:11:36 ET
Table 'Elektra' 6-max Seat #4 is the button
Seat 4: Dies1210 ($168.17 in chips)
Seat 5: Bubman78 ($139.32 in chips)
Dies1210: posts small blind $1
Bubman78: posts big blind $3
*** HOLE CARDS ***
Dies1210: folds
Uncalled bet ($2) returned to Bubman78
Fabulous108 joins the table at seat #3
Bubman78 collected $2 from pot
Bubman78: doesn't show hand
*** SUMMARY ***
Total pot $2 | Rake $0
Seat 4: Dies1210 (button) (small blind) folded before Flop
Seat 5: Bubman78 (big blind) collected ($2)


PokerStars Hand #167087911737:  Hold'em Limit ($3/$6 USD) - 2017/03/04 5:11:26 ET
Table 'Elektra' 6-max Seat #5 is the button
Seat 4: Dies1210 ($174.17 in chips)
Seat 5: Bubman78 ($133.56 in chips)
Bubman78: posts small blind $1
Dies1210: posts big blind $3
*** HOLE CARDS ***
Bubman78: raises $3 to $6
Dies1210: calls $3
*** FLOP *** [8s 9d 8h]
Dies1210: checks
Bubman78: bets $3
Dies1210: folds
Uncalled bet ($3) returned to Bubman78
Bubman78 collected $11.76 from pot
Bubman78: doesn't show hand
*** SUMMARY ***
Total pot $12 | Rake $0.24
Board [8s 9d 8h]
Seat 4: Dies1210 (big blind) folded on the Flop
Seat 5: Bubman78 (button) (small blind) collected ($11.76)


PokerStars Hand #167087998416:  Hold'em Limit ($3/$6 USD) - 2017/03/04 5:14:48 ET
Table 'Elektra' 6-max Seat #5 is the button
Seat 4: Dies1210 ($168.98 in chips)
Seat 5: Bubman78 ($100.31 in chips)
Bubman78: posts small blind $1
Dies1210: posts big blind $3
*** HOLE CARDS ***
Bubman78: raises $3 to $6
Dies1210: calls $3
*** FLOP *** [Qd 7c 3c]
Dies1210: checks
Bubman78: bets $3
Dies1210: calls $3
*** TURN *** [Qd 7c 3c] [Tc]
Dies1210: checks
Bubman78: bets $6
Dies1210: calls $6
*** RIVER *** [Qd 7c 3c Tc] [4d]
Dies1210: checks
Bubman78: bets $6
Dies1210: folds
Uncalled bet ($6) returned to Bubman78
Bubman78 collected $29.50 from pot
Bubman78: doesn't show hand
*** SUMMARY ***
Total pot $30 | Rake $0.50
Board [Qd 7c 3c Tc 4d]
Seat 4: Dies1210 (big blind) folded on the River
Seat 5: Bubman78 (button) (small blind) collected ($29.50)


PokerStars Hand #167088017186:  Hold'em Limit ($3/$6 USD) - 2017/03/04 5:15:32 ET
Table 'Elektra' 6-max Seat #4 is the button
Seat 4: Dies1210 ($136.98 in chips)
Seat 5: Bubman78 ($131.31 in chips)
Dies1210: posts small blind $1
Bubman78: posts big blind $3
*** HOLE CARDS ***
Dies1210: raises $3 to $6
Bubman78: raises $3 to $9
Dies1210: calls $3
*** FLOP *** [Kd Qh Ad]
Bubman78: bets $3
Dies1210: calls $3
*** TURN *** [Kd Qh Ad] [2c]
Bubman78: checks
Dies1210: bets $6
Bubman78: calls $6
*** RIVER *** [Kd Qh Ad 2c] [Ac]
Bubman78: checks
Dies1210: bets $6
Icecold joins the table at seat #3
Bubman78: calls $6
*** SHOW DOWN ***
Dies1210: shows [Qc 5d] (two pair, Aces and Queens)
Bubman78: shows [9d Qd] (two pair, Aces and Queens)
Bubman78 collected $23.75 from pot
Dies1210 collected $23.75 from pot
*** SUMMARY ***
Total pot $48 | Rake $0.50
Board [Kd Qh Ad 2c Ac]
Seat 4: Dies1210 (button) (small blind) showed [Qc 5d] and won ($23.75) with two pair, Aces and Queens
Seat 5: Bubman78 (big blind) showed [9d Qd] and won ($23.75) with two pair, Aces and Queens


PokerStars Hand #167088014876:  Hold'em Limit ($3/$6 USD) - 2017/03/04 5:15:26 ET
Table 'Elektra' 6-max Seat #5 is the button
Seat 4: Dies1210 ($135.98 in chips)
Seat 5: Bubman78 ($132.31 in chips)
Bubman78: posts small blind $1
Dies1210: posts big blind $3
*** HOLE CARDS ***
Bubman78: folds
Uncalled bet ($2) returned to Dies1210
Dies1210 collected $2 from pot
Dies1210: doesn't show hand
*** SUMMARY ***
Total pot $2 | Rake $0
Seat 4: Dies1210 (big blind) collected ($2)
Seat 5: Bubman78 (button) (small blind) folded before Flop


PokerStars Hand #167088007042:  Hold'em Limit ($3/$6 USD) - 2017/03/04 5:15:08 ET
Table 'Elektra' 6-max Seat #4 is the button
Seat 4: Dies1210 ($153.98 in chips)
Seat 5: Bubman78 ($114.81 in chips)
Dies1210: posts small blind $1
Bubman78: posts big blind $3
*** HOLE CARDS ***
Dies1210: raises $3 to $6
Bubman78: calls $3
*** FLOP *** [9d 5d 8s]
Bubman78: checks
Dies1210: checks
*** TURN *** [9d 5d 8s] [2d]
Bubman78: bets $6
Dies1210: calls $6
*** RIVER *** [9d 5d 8s 2d] [6c]
Bubman78: bets $6
Dies1210: calls $6
*** SHOW DOWN ***
Bubman78: shows [6s 7c] (a straight, Five to Nine)
Dies1210: mucks hand
Bubman78 collected $35.50 from pot
*** SUMMARY ***
Total pot $36 | Rake $0.50
Board [9d 5d 8s 2d 6c]
Seat 4: Dies1210 (button) (small blind) mucked
Seat 5: Bubman78 (big blind) showed [6s 7c] and won ($35.50) with a straight, Five to Nine


PokerStars Hand #167090610800:  Hold'em Limit ($3/$6 USD) - 2017/03/04 6:49:12 ET
Table 'Elektra' 6-max Seat #1 is the button
Seat 1: manly70 ($181.78 in chips)
Seat 5: tilion22 ($141.96 in chips)
manly70: posts small blind $1
boogi: is sitting out
tilion22: posts big blind $3
*** HOLE CARDS ***
manly70: raises $3 to $6
tilion22: folds
Uncalled bet ($3) returned to manly70
boogi leaves the table
manly70 collected $6 from pot
*** SUMMARY ***
Total pot $6 | Rake $0
Seat 1: manly70 (button) (small blind) collected ($6)
Seat 5: tilion22 (big blind) folded before Flop


PokerStars Hand #167090614426:  Hold'em Limit ($3/$6 USD) - 2017/03/04 6:49:20 ET
Table 'Elektra' 6-max Seat #5 is the button
Seat 1: manly70 ($184.78 in chips)
Seat 5: tilion22 ($138.96 in chips)
tilion22: posts small blind $1
manly70: posts big blind $3
*** HOLE CARDS ***
Rus29APX joins the table at seat #4
tilion22: raises $3 to $6
manly70: calls $3
*** FLOP *** [Js 4c Ts]
manly70: checks
tilion22: bets $3
manly70: calls $3
*** TURN *** [Js 4c Ts] [9d]
manly70: checks
tilion22: bets $6
manly70: calls $6
*** RIVER *** [Js 4c Ts 9d] [5s]
manly70: checks
tilion22: bets $6
manly70: folds
Uncalled bet ($6) returned to tilion22
tilion22 collected $29.50 from pot
tilion22: doesn't show hand
*** SUMMARY ***
Total pot $30 | Rake $0.50
Board [Js 4c Ts 9d 5s]
Seat 1: manly70 (big blind) folded on the River
Seat 5: tilion22 (button) (small blind) collected ($29.50)


PokerStars Hand #167091858738:  Hold'em Limit ($3/$6 USD) - 2017/03/04 7:30:25 ET
Table 'Elektra' 6-max Seat #1 is the button
Seat 1: manly70 ($195.41 in chips)
Seat 4: Rus29APX ($222.26 in chips)
manly70: posts small blind $1
Homasapien: is sitting out
Rus29APX: posts big blind $3
*** HOLE CARDS ***
manly70: folds
Uncalled bet ($2) returned to Rus29APX
tilion22 leaves the table
Homasapien leaves the table
Rus29APX collected $2 from pot
Rus29APX: doesn't show hand
*** SUMMARY ***
Total pot $2 | Rake $0
Seat 1: manly70 (button) (small blind) folded before Flop
Seat 4: Rus29APX (big blind) collected ($2)


PokerStars Hand #167091861727:  Hold'em Limit ($3/$6 USD) - 2017/03/04 7:30:31 ET
Table 'Elektra' 6-max Seat #4 is the button
Seat 1: manly70 ($194.41 in chips)
Seat 4: Rus29APX ($223.26 in chips)
Rus29APX: posts small blind $1
manly70: posts big blind $3
*** HOLE CARDS ***
Rus29APX: raises $3 to $6
manly70: calls $3
*** FLOP *** [Jd Tc Ac]
manly70: checks
Rus29APX: bets $3
manly70: calls $3
*** TURN *** [Jd Tc Ac] [Qs]
manly70: checks
Rus29APX: bets $6
manly70: folds
Uncalled bet ($6) returned to Rus29APX
Rus29APX collected $17.64 from pot
Rus29APX: doesn't show hand
*** SUMMARY ***
Total pot $18 | Rake $0.36
Board [Jd Tc Ac Qs]
Seat 1: manly70 (big blind) folded on the Turn
Seat 4: Rus29APX (button) (small blind) collected ($17.64)


PokerStars Hand #167091873158:  Hold'em Limit ($3/$6 USD) - 2017/03/04 7:30:52 ET
Table 'Elektra' 6-max Seat #1 is the button
Seat 1: manly70 ($185.41 in chips)
Seat 4: Rus29APX ($231.90 in chips)
manly70: posts small blind $1
Rus29APX: posts big blind $3
*** HOLE CARDS ***
manly70: raises $3 to $6
carina289 joins the table at seat #3
Rus29APX: calls $3
*** FLOP *** [9s As 2c]
Great_Kang joins the table at seat #2
Rus29APX: checks
manly70: bets $3
Rus29APX: folds
Uncalled bet ($3) returned to manly70
manly70 collected $11.76 from pot
*** SUMMARY ***
Total pot $12 | Rake $0.24
Board [9s As 2c]
Seat 1: manly70 (button) (small blind) collected ($11.76)
Seat 4: Rus29APX (big blind) folded on the Flop


PokerStars Hand #167091886306:  Hold'em Limit ($3/$6 USD) - 2017/03/04 7:31:16 ET
Table 'Elektra' 6-max Seat #4 is the button
Seat 1: manly70 ($191.17 in chips)
Seat 4: Rus29APX ($225.90 in chips)
Rus29APX: posts small blind $1
manly70: posts big blind $3
*** HOLE CARDS ***
Rus29APX: raises $3 to $6
manly70: raises $3 to $9
Rus29APX: calls $3
*** FLOP *** [7d 3d 9s]
manly70: bets $3
Rus29APX: calls $3
*** TURN *** [7d 3d 9s] [8h]
manly70: bets $6
Rus29APX: calls $6
*** RIVER *** [7d 3d 9s 8h] [3c]
manly70: bets $6
Rus29APX: calls $6
*** SHOW DOWN ***
manly70: shows [Kh Ks] (two pair, Kings and Threes)
Rus29APX: mucks hand
manly70 collected $47.50 from pot
*** SUMMARY ***
Total pot $48 | Rake $0.50
Board [7d 3d 9s 8h 3c]
Seat 1: manly70 (big blind) showed [Kh Ks] and won ($47.50) with two pair, Kings and Threes
Seat 4: Rus29APX (button) (small blind) mucked


PokerStars Hand #167098649748:  Hold'em Limit ($3/$6 USD) - 2017/03/04 10:34:40 ET
Table 'Elektra' 6-max Seat #3 is the button
Seat 3: sokol-max-PS ($147.91 in chips)
Seat 4: Krazy90 ($120 in chips)
sokol-max-PS: posts small blind $1
Krazy90: posts big blind $3
*** HOLE CARDS ***
sokol-max-PS: folds
Uncalled bet ($2) returned to Krazy90
Krazy90 collected $2 from pot
Krazy90: doesn't show hand
*** SUMMARY ***
Total pot $2 | Rake $0
Seat 3: sokol-max-PS (button) (small blind) folded before Flop
Seat 4: Krazy90 (big blind) collected ($2)


PokerStars Hand #167098655418:  Hold'em Limit ($3/$6 USD) - 2017/03/04 10:34:48 ET
Table 'Elektra' 6-max Seat #4 is the button
Seat 3: sokol-max-PS ($146.91 in chips)
Seat 4: Krazy90 ($121 in chips)
Krazy90: posts small blind $1
sokol-max-PS: posts big blind $3
*** HOLE CARDS ***
Krazy90: raises $3 to $6
sokol-max-PS: calls $3
*** FLOP *** [As 7h 8h]
sokol-max-PS: checks
Krazy90: bets $3
sokol-max-PS: calls $3
*** TURN *** [As 7h 8h] [4d]
sokol-max-PS: checks
Krazy90: bets $6
sokol-max-PS: calls $6
*** RIVER *** [As 7h 8h 4d] [6s]
sokol-max-PS: checks
Krazy90: bets $6
sokol-max-PS: folds
Uncalled bet ($6) returned to Krazy90
Krazy90 collected $29.50 from pot
Krazy90: doesn't show hand
*** SUMMARY ***
Total pot $30 | Rake $0.50
Board [As 7h 8h 4d 6s]
Seat 3: sokol-max-PS (big blind) folded on the River
Seat 4: Krazy90 (button) (small blind) collected ($29.50)


