PokerStars Hand #147053015038:  Hold'em Limit ($3/$6 USD) - 2016/01/14 19:19:18 ET
Table 'Elektra' 2-max Seat #2 is the button
Seat 1: sarhos706 ($17.74 in chips)
Seat 2: elifnur2008 ($142.28 in chips)
elifnur2008: posts small blind $1
sarhos706: posts big blind $3
*** HOLE CARDS ***
elifnur2008: folds
Uncalled bet ($2) returned to sarhos706
sarhos706 collected $2 from pot
sarhos706: doesn't show hand
*** SUMMARY ***
Total pot $2 | Rake $0
Seat 1: sarhos706 (big blind) collected ($2)
Seat 2: elifnur2008 (button) (small blind) folded before Flop


PokerStars Hand #147053018678:  Hold'em Limit ($3/$6 USD) - 2016/01/14 19:19:23 ET
Table 'Elektra' 2-max Seat #1 is the button
Seat 1: sarhos706 ($18.74 in chips)
Seat 2: elifnur2008 ($141.28 in chips)
sarhos706: posts small blind $1
elifnur2008: posts big blind $3
*** HOLE CARDS ***
sarhos706: raises $3 to $6
elifnur2008: calls $3
*** FLOP *** [6d 2c Qs]
elifnur2008: checks
sarhos706: bets $3
elifnur2008: calls $3
*** TURN *** [6d 2c Qs] [Ks]
elifnur2008: checks
sarhos706: bets $6
elifnur2008: raises $6 to $12
sarhos706: calls $3.74 and is all-in
Uncalled bet ($2.26) returned to elifnur2008
*** RIVER *** [6d 2c Qs Ks] [2h]
*** SHOW DOWN ***
elifnur2008: shows [4c Qc] (two pair, Queens and Deuces)
sarhos706: shows [Ad 5s] (a pair of Deuces)
elifnur2008 collected $36.98 from pot
*** SUMMARY ***
Total pot $37.48 | Rake $0.50
Board [6d 2c Qs Ks 2h]
Seat 1: sarhos706 (button) (small blind) showed [Ad 5s] and lost with a pair of Deuces
Seat 2: elifnur2008 (big blind) showed [4c Qc] and won ($36.98) with two pair, Queens and Deuces


