PokerStars Hand #155127450917:  Hold'em Limit ($3/$6 USD) - 2016/06/24 1:53:04 ET
Table 'Elektra' 10-max Seat #6 is the button
Seat 5: TmsFerreira ($1002.80 in chips)
Seat 6: LifeisagameX ($30 in chips)
LifeisagameX: posts small blind $1
TmsFerreira: posts big blind $3
*** HOLE CARDS ***
LifeisagameX: raises $3 to $6
REZOLUTION84 joins the table at seat #7
TmsFerreira: calls $3
*** FLOP *** [2h Tc Qc]
TmsFerreira: checks
LifeisagameX: bets $3
TmsFerreira: raises $3 to $6
LifeisagameX: calls $3
*** TURN *** [2h Tc Qc] [3d]
TmsFerreira: checks
LifeisagameX: bets $6
TmsFerreira: folds
Uncalled bet ($6) returned to LifeisagameX
LifeisagameX collected $23.52 from pot
LifeisagameX: doesn't show hand
*** SUMMARY ***
Total pot $24 | Rake $0.48
Board [2h Tc Qc 3d]
Seat 5: TmsFerreira (big blind) folded on the Turn
Seat 6: LifeisagameX (button) (small blind) collected ($23.52)


PokerStars Hand #155127490653:  Hold'em Limit ($3/$6 USD) - 2016/06/24 1:55:25 ET
Table 'Elektra' 10-max Seat #6 is the button
Seat 6: LifeisagameX ($61.66 in chips)
Seat 8: BrownieSpy ($72 in chips)
LifeisagameX: posts small blind $1
BrownieSpy: posts big blind $3
*** HOLE CARDS ***
LifeisagameX: raises $3 to $6
BrownieSpy: folds
Uncalled bet ($3) returned to LifeisagameX
LifeisagameX collected $6 from pot
LifeisagameX: doesn't show hand
*** SUMMARY ***
Total pot $6 | Rake $0
Seat 6: LifeisagameX (button) (small blind) collected ($6)
Seat 8: BrownieSpy (big blind) folded before Flop


PokerStars Hand #155127464687:  Hold'em Limit ($3/$6 USD) - 2016/06/24 1:54:03 ET
Table 'Elektra' 10-max Seat #5 is the button
Seat 5: TmsFerreira ($990.80 in chips)
Seat 6: LifeisagameX ($41.52 in chips)
TmsFerreira: posts small blind $1
LifeisagameX: posts big blind $3
*** HOLE CARDS ***
TmsFerreira: raises $3 to $6
LifeisagameX: calls $3
*** FLOP *** [3s Th 8s]
BrownieSpy joins the table at seat #8
LifeisagameX: checks
TmsFerreira: bets $3
LifeisagameX: calls $3
*** TURN *** [3s Th 8s] [8h]
LifeisagameX: checks
TmsFerreira: bets $6
LifeisagameX: calls $6
*** RIVER *** [3s Th 8s 8h] [2h]
LifeisagameX: checks
TmsFerreira: checks
*** SHOW DOWN ***
LifeisagameX: shows [2c Ad] (two pair, Eights and Deuces)
TmsFerreira: mucks hand
LifeisagameX collected $29.50 from pot
*** SUMMARY ***
Total pot $30 | Rake $0.50
Board [3s Th 8s 8h 2h]
Seat 5: TmsFerreira (button) (small blind) mucked
Seat 6: LifeisagameX (big blind) showed [2c Ad] and won ($29.50) with two pair, Eights and Deuces


PokerStars Hand #155127494559:  Hold'em Limit ($3/$6 USD) - 2016/06/24 1:55:44 ET
Table 'Elektra' 10-max Seat #6 is the button
Seat 6: LifeisagameX ($65.66 in chips)
Seat 8: BrownieSpy ($72 in chips)
LifeisagameX: posts small blind $1
BrownieSpy: posts big blind $3
*** HOLE CARDS ***
LifeisagameX: raises $3 to $6
BrownieSpy: calls $3
*** FLOP *** [9s Qd Kc]
BrownieSpy: checks
LifeisagameX: bets $3
BrownieSpy: raises $3 to $6
LifeisagameX: folds
Uncalled bet ($3) returned to BrownieSpy
BrownieSpy collected $17.64 from pot
BrownieSpy: doesn't show hand
*** SUMMARY ***
Total pot $18 | Rake $0.36
Board [9s Qd Kc]
Seat 6: LifeisagameX (button) (small blind) folded on the Flop
Seat 8: BrownieSpy (big blind) collected ($17.64)


PokerStars Hand #155127492601:  Hold'em Limit ($3/$6 USD) - 2016/06/24 1:55:34 ET
Table 'Elektra' 10-max Seat #8 is the button
Seat 6: LifeisagameX ($64.66 in chips)
Seat 8: BrownieSpy ($72 in chips)
BrownieSpy: posts small blind $1
LifeisagameX: posts big blind $3
*** HOLE CARDS ***
BrownieSpy: folds
Uncalled bet ($2) returned to LifeisagameX
LifeisagameX collected $2 from pot
LifeisagameX: doesn't show hand
*** SUMMARY ***
Total pot $2 | Rake $0
Seat 6: LifeisagameX (big blind) collected ($2)
Seat 8: BrownieSpy (button) (small blind) folded before Flop


PokerStars Hand #155127699803:  Hold'em Limit ($3/$6 USD) - 2016/06/24 2:11:05 ET
Table 'Elektra' 10-max Seat #5 is the button
Seat 5: Dron21200 ($30 in chips)
Seat 6: LifeisagameX ($56.66 in chips)
Dron21200: posts small blind $1
LifeisagameX: posts big blind $3
*** HOLE CARDS ***
Dron21200: folds
Uncalled bet ($2) returned to LifeisagameX
LifeisagameX collected $2 from pot
LifeisagameX: doesn't show hand
*** SUMMARY ***
Total pot $2 | Rake $0
Seat 5: Dron21200 (button) (small blind) folded before Flop
Seat 6: LifeisagameX (big blind) collected ($2)


PokerStars Hand #155127702032:  Hold'em Limit ($3/$6 USD) - 2016/06/24 2:11:15 ET
Table 'Elektra' 10-max Seat #6 is the button
Seat 5: Dron21200 ($29 in chips)
Seat 6: LifeisagameX ($57.66 in chips)
LifeisagameX: posts small blind $1
Dron21200: posts big blind $3
*** HOLE CARDS ***
LifeisagameX: folds
Uncalled bet ($2) returned to Dron21200
Dron21200 collected $2 from pot
Dron21200: doesn't show hand
*** SUMMARY ***
Total pot $2 | Rake $0
Seat 5: Dron21200 (big blind) collected ($2)
Seat 6: LifeisagameX (button) (small blind) folded before Flop


PokerStars Hand #155127704479:  Hold'em Limit ($3/$6 USD) - 2016/06/24 2:11:26 ET
Table 'Elektra' 10-max Seat #5 is the button
Seat 5: Dron21200 ($30 in chips)
Seat 6: LifeisagameX ($56.66 in chips)
Dron21200: posts small blind $1
LifeisagameX: posts big blind $3
*** HOLE CARDS ***
Dron21200: raises $3 to $6
LifeisagameX: calls $3
*** FLOP *** [8d 7d 4c]
LifeisagameX: checks
Dron21200: bets $3
LifeisagameX: calls $3
*** TURN *** [8d 7d 4c] [7s]
LifeisagameX: checks
Dron21200: bets $6
LifeisagameX: folds
Uncalled bet ($6) returned to Dron21200
Dron21200 collected $17.64 from pot
Dron21200: doesn't show hand
*** SUMMARY ***
Total pot $18 | Rake $0.36
Board [8d 7d 4c 7s]
Seat 5: Dron21200 (button) (small blind) collected ($17.64)
Seat 6: LifeisagameX (big blind) folded on the Turn


PokerStars Hand #155127709875:  Hold'em Limit ($3/$6 USD) - 2016/06/24 2:11:50 ET
Table 'Elektra' 10-max Seat #6 is the button
Seat 5: Dron21200 ($38.64 in chips)
Seat 6: LifeisagameX ($47.66 in chips)
LifeisagameX: posts small blind $1
Dron21200: posts big blind $3
*** HOLE CARDS ***
LifeisagameX: raises $3 to $6
Dron21200: calls $3
*** FLOP *** [8s Ac Ts]
Dron21200: checks
LifeisagameX: bets $3
BrownieSpy joins the table at seat #7
Dron21200: calls $3
*** TURN *** [8s Ac Ts] [4s]
Dron21200: checks
LifeisagameX: bets $6
Dron21200: calls $6
*** RIVER *** [8s Ac Ts 4s] [2h]
Dron21200: bets $6
LifeisagameX: raises $6 to $12
Dron21200: raises $6 to $18
LifeisagameX: calls $6
*** SHOW DOWN ***
Dron21200: shows [2s 2d] (three of a kind, Deuces)
LifeisagameX: mucks hand
Dron21200 collected $65.50 from pot
*** SUMMARY ***
Total pot $66 | Rake $0.50
Board [8s Ac Ts 4s 2h]
Seat 5: Dron21200 (big blind) showed [2s 2d] and won ($65.50) with three of a kind, Deuces
Seat 6: LifeisagameX (button) (small blind) mucked


PokerStars Hand #155127718081:  Hold'em Limit ($3/$6 USD) - 2016/06/24 2:12:25 ET
Table 'Elektra' 10-max Seat #5 is the button
Seat 5: Dron21200 ($71.14 in chips)
Seat 6: LifeisagameX ($14.66 in chips)
Dron21200: posts small blind $1
LifeisagameX: posts big blind $3
*** HOLE CARDS ***
Dron21200: folds
Uncalled bet ($2) returned to LifeisagameX
LifeisagameX collected $2 from pot
LifeisagameX: doesn't show hand
*** SUMMARY ***
Total pot $2 | Rake $0
Seat 5: Dron21200 (button) (small blind) folded before Flop
Seat 6: LifeisagameX (big blind) collected ($2)


PokerStars Hand #155127730095:  Hold'em Limit ($3/$6 USD) - 2016/06/24 2:13:18 ET
Table 'Elektra' 10-max Seat #7 is the button
Seat 5: Dron21200 ($70.14 in chips)
Seat 7: BrownieSpy ($72 in chips)
BrownieSpy: posts small blind $1
Dron21200: posts big blind $3
*** HOLE CARDS ***
LifeisagameX leaves the table
BrownieSpy: raises $3 to $6
Dron21200: raises $3 to $9
BrownieSpy: calls $3
*** FLOP *** [5c 7c Qs]
Dron21200: bets $3
BrownieSpy: calls $3
*** TURN *** [5c 7c Qs] [Kh]
Dron21200: bets $6
BrownieSpy: raises $6 to $12
Dron21200: calls $6
*** RIVER *** [5c 7c Qs Kh] [3c]
Dron21200: checks
BrownieSpy: bets $6
Dron21200: calls $6
*** SHOW DOWN ***
BrownieSpy: shows [Qc Kc] (a flush, King high)
Dron21200: mucks hand
BrownieSpy collected $59.50 from pot
*** SUMMARY ***
Total pot $60 | Rake $0.50
Board [5c 7c Qs Kh 3c]
Seat 5: Dron21200 (big blind) mucked
Seat 7: BrownieSpy (button) (small blind) showed [Qc Kc] and won ($59.50) with a flush, King high


PokerStars Hand #155127739609:  Hold'em Limit ($3/$6 USD) - 2016/06/24 2:14:00 ET
Table 'Elektra' 10-max Seat #5 is the button
Seat 5: Dron21200 ($40.14 in chips)
Seat 7: BrownieSpy ($101.50 in chips)
Dron21200: posts small blind $1
BrownieSpy: posts big blind $3
*** HOLE CARDS ***
Dron21200: raises $3 to $6
BrownieSpy: raises $3 to $9
Dron21200: calls $3
*** FLOP *** [6s 7d Kc]
BrownieSpy: bets $3
Dron21200: raises $3 to $6
BrownieSpy: calls $3
*** TURN *** [6s 7d Kc] [8d]
BrownieSpy: checks
Dron21200: bets $6
BrownieSpy: calls $6
*** RIVER *** [6s 7d Kc 8d] [9s]
BrownieSpy: bets $6
Dron21200: calls $6
*** SHOW DOWN ***
BrownieSpy: shows [9c 9d] (three of a kind, Nines)
Dron21200: mucks hand
BrownieSpy collected $53.50 from pot
*** SUMMARY ***
Total pot $54 | Rake $0.50
Board [6s 7d Kc 8d 9s]
Seat 5: Dron21200 (button) (small blind) mucked
Seat 7: BrownieSpy (big blind) showed [9c 9d] and won ($53.50) with three of a kind, Nines


PokerStars Hand #155127745458:  Hold'em Limit ($3/$6 USD) - 2016/06/24 2:14:25 ET
Table 'Elektra' 10-max Seat #7 is the button
Seat 5: Dron21200 ($13.14 in chips)
Seat 7: BrownieSpy ($128 in chips)
BrownieSpy: posts small blind $1
Dron21200: posts big blind $3
*** HOLE CARDS ***
BrownieSpy: folds
Uncalled bet ($2) returned to Dron21200
Dron21200 collected $2 from pot
Dron21200: doesn't show hand
*** SUMMARY ***
Total pot $2 | Rake $0
Seat 5: Dron21200 (big blind) collected ($2)
Seat 7: BrownieSpy (button) (small blind) folded before Flop


PokerStars Hand #155127752746:  Hold'em Limit ($3/$6 USD) - 2016/06/24 2:14:57 ET
Table 'Elektra' 10-max Seat #7 is the button
Seat 5: Dron21200 ($8.14 in chips)
Seat 7: BrownieSpy ($132.76 in chips)
BrownieSpy: posts small blind $1
Dron21200: posts big blind $3
*** HOLE CARDS ***
BrownieSpy: folds
Uncalled bet ($2) returned to Dron21200
Dron21200 collected $2 from pot
*** SUMMARY ***
Total pot $2 | Rake $0
Seat 5: Dron21200 (big blind) collected ($2)
Seat 7: BrownieSpy (button) (small blind) folded before Flop


PokerStars Hand #155127749822:  Hold'em Limit ($3/$6 USD) - 2016/06/24 2:14:44 ET
Table 'Elektra' 10-max Seat #5 is the button
Seat 5: Dron21200 ($14.14 in chips)
Seat 7: BrownieSpy ($127 in chips)
Dron21200: posts small blind $1
BrownieSpy: posts big blind $3
*** HOLE CARDS ***
Dron21200: calls $2
BrownieSpy: raises $3 to $6
Dron21200: calls $3
*** FLOP *** [7s Tc 8h]
BrownieSpy: bets $3
Dron21200: folds
Uncalled bet ($3) returned to BrownieSpy
BrownieSpy collected $11.76 from pot
BrownieSpy: doesn't show hand
*** SUMMARY ***
Total pot $12 | Rake $0.24
Board [7s Tc 8h]
Seat 5: Dron21200 (button) (small blind) folded on the Flop
Seat 7: BrownieSpy (big blind) collected ($11.76)


PokerStars Hand #155127754310:  Hold'em Limit ($3/$6 USD) - 2016/06/24 2:15:04 ET
Table 'Elektra' 10-max Seat #5 is the button
Seat 5: Dron21200 ($9.14 in chips)
Seat 7: BrownieSpy ($131.76 in chips)
Dron21200: posts small blind $1
BrownieSpy: posts big blind $3
*** HOLE CARDS ***
Dron21200: folds
Uncalled bet ($2) returned to BrownieSpy
BrownieSpy collected $2 from pot
BrownieSpy: doesn't show hand
*** SUMMARY ***
Total pot $2 | Rake $0
Seat 5: Dron21200 (button) (small blind) folded before Flop
Seat 7: BrownieSpy (big blind) collected ($2)


PokerStars Hand #155127755936:  Hold'em Limit ($3/$6 USD) - 2016/06/24 2:15:12 ET
Table 'Elektra' 10-max Seat #7 is the button
Seat 5: Dron21200 ($8.14 in chips)
Seat 7: BrownieSpy ($132.76 in chips)
BrownieSpy: posts small blind $1
Dron21200: posts big blind $3
*** HOLE CARDS ***
BrownieSpy: folds
Uncalled bet ($2) returned to Dron21200
Dron21200 collected $2 from pot
Dron21200: doesn't show hand
*** SUMMARY ***
Total pot $2 | Rake $0
Seat 5: Dron21200 (big blind) collected ($2)
Seat 7: BrownieSpy (button) (small blind) folded before Flop


PokerStars Hand #155127748444:  Hold'em Limit ($3/$6 USD) - 2016/06/24 2:14:39 ET
Table 'Elektra' 10-max Seat #7 is the button
Seat 5: Dron21200 ($13.14 in chips)
Seat 7: BrownieSpy ($128 in chips)
BrownieSpy: posts small blind $1
Dron21200: posts big blind $3
*** HOLE CARDS ***
BrownieSpy: folds
Uncalled bet ($2) returned to Dron21200
Dron21200 collected $2 from pot
Dron21200: doesn't show hand
*** SUMMARY ***
Total pot $2 | Rake $0
Seat 5: Dron21200 (big blind) collected ($2)
Seat 7: BrownieSpy (button) (small blind) folded before Flop


PokerStars Hand #155127747121:  Hold'em Limit ($3/$6 USD) - 2016/06/24 2:14:33 ET
Table 'Elektra' 10-max Seat #5 is the button
Seat 5: Dron21200 ($14.14 in chips)
Seat 7: BrownieSpy ($127 in chips)
Dron21200: posts small blind $1
BrownieSpy: posts big blind $3
*** HOLE CARDS ***
Dron21200: folds
Uncalled bet ($2) returned to BrownieSpy
BrownieSpy collected $2 from pot
BrownieSpy: doesn't show hand
*** SUMMARY ***
Total pot $2 | Rake $0
Seat 5: Dron21200 (button) (small blind) folded before Flop
Seat 7: BrownieSpy (big blind) collected ($2)


PokerStars Hand #155127764476:  Hold'em Limit ($3/$6 USD) - 2016/06/24 2:15:48 ET
Table 'Elektra' 10-max Seat #5 is the button
Seat 5: Dron21200 ($15.95 in chips)
Seat 7: BrownieSpy ($124.62 in chips)
Dron21200: posts small blind $1
BrownieSpy: posts big blind $3
*** HOLE CARDS ***
Dron21200: folds
Uncalled bet ($2) returned to BrownieSpy
BrownieSpy collected $2 from pot
BrownieSpy: doesn't show hand
*** SUMMARY ***
Total pot $2 | Rake $0
Seat 5: Dron21200 (button) (small blind) folded before Flop
Seat 7: BrownieSpy (big blind) collected ($2)


PokerStars Hand #155127759269:  Hold'em Limit ($3/$6 USD) - 2016/06/24 2:15:26 ET
Table 'Elektra' 10-max Seat #7 is the button
Seat 5: Dron21200 ($8.14 in chips)
Seat 7: BrownieSpy ($132.76 in chips)
BrownieSpy: posts small blind $1
Dron21200: posts big blind $3
*** HOLE CARDS ***
BrownieSpy: raises $3 to $6
Dron21200: raises $2.14 to $8.14 and is all-in
BrownieSpy: calls $2.14
*** FLOP *** [6d Ks 6s]
*** TURN *** [6d Ks 6s] [Kh]
*** RIVER *** [6d Ks 6s Kh] [8c]
*** SHOW DOWN ***
Dron21200: shows [8h 2s] (two pair, Kings and Eights)
BrownieSpy: shows [Th Ac] (two pair, Kings and Sixes)
Dron21200 collected $15.95 from pot
*** SUMMARY ***
Total pot $16.28 | Rake $0.33
Board [6d Ks 6s Kh 8c]
Seat 5: Dron21200 (big blind) showed [8h 2s] and won ($15.95) with two pair, Kings and Eights
Seat 7: BrownieSpy (button) (small blind) showed [Th Ac] and lost with two pair, Kings and Sixes


PokerStars Hand #155127765837:  Hold'em Limit ($3/$6 USD) - 2016/06/24 2:15:54 ET
Table 'Elektra' 10-max Seat #7 is the button
Seat 5: Dron21200 ($14.95 in chips)
Seat 7: BrownieSpy ($125.62 in chips)
BrownieSpy: posts small blind $1
Dron21200: posts big blind $3
*** HOLE CARDS ***
BrownieSpy: folds
Uncalled bet ($2) returned to Dron21200
Dron21200 collected $2 from pot
Dron21200: doesn't show hand
*** SUMMARY ***
Total pot $2 | Rake $0
Seat 5: Dron21200 (big blind) collected ($2)
Seat 7: BrownieSpy (button) (small blind) folded before Flop


PokerStars Hand #155127768211:  Hold'em Limit ($3/$6 USD) - 2016/06/24 2:16:05 ET
Table 'Elektra' 10-max Seat #5 is the button
Seat 5: Dron21200 ($15.95 in chips)
Seat 7: BrownieSpy ($124.62 in chips)
Dron21200: posts small blind $1
BrownieSpy: posts big blind $3
*** HOLE CARDS ***
Dron21200: folds
Uncalled bet ($2) returned to BrownieSpy
BrownieSpy collected $2 from pot
BrownieSpy: doesn't show hand
*** SUMMARY ***
Total pot $2 | Rake $0
Seat 5: Dron21200 (button) (small blind) folded before Flop
Seat 7: BrownieSpy (big blind) collected ($2)


PokerStars Hand #155127775582:  Hold'em Limit ($3/$6 USD) - 2016/06/24 2:16:37 ET
Table 'Elektra' 10-max Seat #5 is the button
Seat 5: Dron21200 ($29.40 in chips)
Seat 7: BrownieSpy ($110.67 in chips)
Dron21200: posts small blind $1
BrownieSpy: posts big blind $3
*** HOLE CARDS ***
Dron21200: calls $2
BrownieSpy: raises $3 to $6
Dron21200: calls $3
*** FLOP *** [5s 9h Jh]
BrownieSpy: bets $3
Dron21200: calls $3
*** TURN *** [5s 9h Jh] [8c]
BrownieSpy: bets $6
Dron21200: calls $6
*** RIVER *** [5s 9h Jh 8c] [5d]
BrownieSpy: bets $6
Dron21200: calls $6
*** SHOW DOWN ***
BrownieSpy: shows [8d Jd] (two pair, Jacks and Eights)
Dron21200: mucks hand
BrownieSpy collected $41.50 from pot
*** SUMMARY ***
Total pot $42 | Rake $0.50
Board [5s 9h Jh 8c 5d]
Seat 5: Dron21200 (button) (small blind) mucked
Seat 7: BrownieSpy (big blind) showed [8d Jd] and won ($41.50) with two pair, Jacks and Eights


PokerStars Hand #155127769632:  Hold'em Limit ($3/$6 USD) - 2016/06/24 2:16:11 ET
Table 'Elektra' 10-max Seat #7 is the button
Seat 5: Dron21200 ($14.95 in chips)
Seat 7: BrownieSpy ($125.62 in chips)
BrownieSpy: posts small blind $1
Dron21200: posts big blind $3
*** HOLE CARDS ***
BrownieSpy: raises $3 to $6
Dron21200: calls $3
*** FLOP *** [2d 5c 8h]
Dron21200: bets $3
BrownieSpy: calls $3
*** TURN *** [2d 5c 8h] [3d]
Dron21200: bets $5.95 and is all-in
BrownieSpy: calls $5.95
*** RIVER *** [2d 5c 8h 3d] [Ks]
*** SHOW DOWN ***
Dron21200: shows [5s 6d] (a pair of Fives)
BrownieSpy: shows [Ah 2h] (a pair of Deuces)
Dron21200 collected $29.40 from pot
*** SUMMARY ***
Total pot $29.90 | Rake $0.50
Board [2d 5c 8h 3d Ks]
Seat 5: Dron21200 (big blind) showed [5s 6d] and won ($29.40) with a pair of Fives
Seat 7: BrownieSpy (button) (small blind) showed [Ah 2h] and lost with a pair of Deuces


PokerStars Hand #155127788359:  Hold'em Limit ($3/$6 USD) - 2016/06/24 2:17:33 ET
Table 'Elektra' 10-max Seat #5 is the button
Seat 5: Dron21200 ($9.40 in chips)
Seat 7: BrownieSpy ($130.17 in chips)
Dron21200: posts small blind $1
BrownieSpy: posts big blind $3
*** HOLE CARDS ***
Dron21200: raises $3 to $6
BrownieSpy: calls $3
*** FLOP *** [Kd Qs Ac]
BrownieSpy: checks
Dron21200: bets $3
BrownieSpy: folds
Uncalled bet ($3) returned to Dron21200
Dron21200 collected $11.76 from pot
Dron21200: doesn't show hand
*** SUMMARY ***
Total pot $12 | Rake $0.24
Board [Kd Qs Ac]
Seat 5: Dron21200 (button) (small blind) collected ($11.76)
Seat 7: BrownieSpy (big blind) folded on the Flop


PokerStars Hand #155127793230:  Hold'em Limit ($3/$6 USD) - 2016/06/24 2:17:55 ET
Table 'Elektra' 10-max Seat #7 is the button
Seat 5: Dron21200 ($15.16 in chips)
Seat 7: BrownieSpy ($124.17 in chips)
BrownieSpy: posts small blind $1
Dron21200: posts big blind $3
*** HOLE CARDS ***
BrownieSpy: folds
Uncalled bet ($2) returned to Dron21200
Dron21200 collected $2 from pot
Dron21200: doesn't show hand
*** SUMMARY ***
Total pot $2 | Rake $0
Seat 5: Dron21200 (big blind) collected ($2)
Seat 7: BrownieSpy (button) (small blind) folded before Flop


PokerStars Hand #155127796239:  Hold'em Limit ($3/$6 USD) - 2016/06/24 2:18:08 ET
Table 'Elektra' 10-max Seat #7 is the button
Seat 5: Dron21200 ($15.16 in chips)
Seat 7: BrownieSpy ($124.17 in chips)
BrownieSpy: posts small blind $1
Dron21200: posts big blind $3
*** HOLE CARDS ***
BrownieSpy: folds
Uncalled bet ($2) returned to Dron21200
Dron21200 collected $2 from pot
Dron21200: doesn't show hand
*** SUMMARY ***
Total pot $2 | Rake $0
Seat 5: Dron21200 (big blind) collected ($2)
Seat 7: BrownieSpy (button) (small blind) folded before Flop


PokerStars Hand #155127794650:  Hold'em Limit ($3/$6 USD) - 2016/06/24 2:18:01 ET
Table 'Elektra' 10-max Seat #5 is the button
Seat 5: Dron21200 ($16.16 in chips)
Seat 7: BrownieSpy ($123.17 in chips)
Dron21200: posts small blind $1
BrownieSpy: posts big blind $3
*** HOLE CARDS ***
Dron21200: folds
Uncalled bet ($2) returned to BrownieSpy
BrownieSpy collected $2 from pot
BrownieSpy: doesn't show hand
*** SUMMARY ***
Total pot $2 | Rake $0
Seat 5: Dron21200 (button) (small blind) folded before Flop
Seat 7: BrownieSpy (big blind) collected ($2)


PokerStars Hand #155127797512:  Hold'em Limit ($3/$6 USD) - 2016/06/24 2:18:14 ET
Table 'Elektra' 10-max Seat #5 is the button
Seat 5: Dron21200 ($16.16 in chips)
Seat 7: BrownieSpy ($123.17 in chips)
Dron21200: posts small blind $1
BrownieSpy: posts big blind $3
*** HOLE CARDS ***
Dron21200: raises $3 to $6
BrownieSpy: calls $3
*** FLOP *** [8c 3h Qs]
BrownieSpy: checks
Dron21200: bets $3
BrownieSpy: folds
Uncalled bet ($3) returned to Dron21200
Dron21200 collected $11.76 from pot
Dron21200: doesn't show hand
*** SUMMARY ***
Total pot $12 | Rake $0.24
Board [8c 3h Qs]
Seat 5: Dron21200 (button) (small blind) collected ($11.76)
Seat 7: BrownieSpy (big blind) folded on the Flop


PokerStars Hand #155127806428:  Hold'em Limit ($3/$6 USD) - 2016/06/24 2:18:52 ET
Table 'Elektra' 10-max Seat #5 is the button
Seat 5: Dron21200 ($22.92 in chips)
Seat 7: BrownieSpy ($116.17 in chips)
Dron21200: posts small blind $1
BrownieSpy: posts big blind $3
*** HOLE CARDS ***
Dron21200: raises $3 to $6
BrownieSpy: calls $3
*** FLOP *** [Ad 8c Ah]
BrownieSpy: checks
Dron21200: bets $3
BrownieSpy: folds
Uncalled bet ($3) returned to Dron21200
Dron21200 collected $11.76 from pot
Dron21200: doesn't show hand
*** SUMMARY ***
Total pot $12 | Rake $0.24
Board [Ad 8c Ah]
Seat 5: Dron21200 (button) (small blind) collected ($11.76)
Seat 7: BrownieSpy (big blind) folded on the Flop


PokerStars Hand #155127804890:  Hold'em Limit ($3/$6 USD) - 2016/06/24 2:18:46 ET
Table 'Elektra' 10-max Seat #7 is the button
Seat 5: Dron21200 ($21.92 in chips)
Seat 7: BrownieSpy ($117.17 in chips)
BrownieSpy: posts small blind $1
Dron21200: posts big blind $3
*** HOLE CARDS ***
BrownieSpy: folds
Uncalled bet ($2) returned to Dron21200
Dron21200 collected $2 from pot
*** SUMMARY ***
Total pot $2 | Rake $0
Seat 5: Dron21200 (big blind) collected ($2)
Seat 7: BrownieSpy (button) (small blind) folded before Flop


PokerStars Hand #155127803415:  Hold'em Limit ($3/$6 USD) - 2016/06/24 2:18:39 ET
Table 'Elektra' 10-max Seat #5 is the button
Seat 5: Dron21200 ($22.92 in chips)
Seat 7: BrownieSpy ($116.17 in chips)
Dron21200: posts small blind $1
BrownieSpy: posts big blind $3
*** HOLE CARDS ***
Dron21200: folds
Uncalled bet ($2) returned to BrownieSpy
BrownieSpy collected $2 from pot
BrownieSpy: doesn't show hand
*** SUMMARY ***
Total pot $2 | Rake $0
Seat 5: Dron21200 (button) (small blind) folded before Flop
Seat 7: BrownieSpy (big blind) collected ($2)


PokerStars Hand #155127824795:  Hold'em Limit ($3/$6 USD) - 2016/06/24 2:20:13 ET
Table 'Elektra' 10-max Seat #5 is the button
Seat 5: Dron21200 ($19.68 in chips)
Seat 7: BrownieSpy ($118.81 in chips)
Dron21200: posts small blind $1
BrownieSpy: posts big blind $3
*** HOLE CARDS ***
Dron21200: folds
Uncalled bet ($2) returned to BrownieSpy
BrownieSpy collected $2 from pot
BrownieSpy: doesn't show hand
*** SUMMARY ***
Total pot $2 | Rake $0
Seat 5: Dron21200 (button) (small blind) folded before Flop
Seat 7: BrownieSpy (big blind) collected ($2)


PokerStars Hand #155127820076:  Hold'em Limit ($3/$6 USD) - 2016/06/24 2:19:52 ET
Table 'Elektra' 10-max Seat #5 is the button
Seat 5: Dron21200 ($19.68 in chips)
Seat 7: BrownieSpy ($118.81 in chips)
Dron21200: posts small blind $1
BrownieSpy: posts big blind $3
*** HOLE CARDS ***
Dron21200: folds
Uncalled bet ($2) returned to BrownieSpy
BrownieSpy collected $2 from pot
BrownieSpy: doesn't show hand
*** SUMMARY ***
Total pot $2 | Rake $0
Seat 5: Dron21200 (button) (small blind) folded before Flop
Seat 7: BrownieSpy (big blind) collected ($2)


PokerStars Hand #155127812249:  Hold'em Limit ($3/$6 USD) - 2016/06/24 2:19:18 ET
Table 'Elektra' 10-max Seat #7 is the button
Seat 5: Dron21200 ($28.68 in chips)
Seat 7: BrownieSpy ($110.17 in chips)
BrownieSpy: posts small blind $1
Dron21200: posts big blind $3
*** HOLE CARDS ***
BrownieSpy: raises $3 to $6
Dron21200: calls $3
*** FLOP *** [Ah 9c 9h]
Dron21200: checks
BrownieSpy: bets $3
Dron21200: calls $3
*** TURN *** [Ah 9c 9h] [3d]
Dron21200: checks
BrownieSpy: checks
*** RIVER *** [Ah 9c 9h 3d] [4s]
Dron21200: checks
BrownieSpy: checks
*** SHOW DOWN ***
Dron21200: shows [7h 2h] (a pair of Nines)
BrownieSpy: shows [Ks Jd] (a pair of Nines - Ace+King kicker)
BrownieSpy collected $17.64 from pot
*** SUMMARY ***
Total pot $18 | Rake $0.36
Board [Ah 9c 9h 3d 4s]
Seat 5: Dron21200 (big blind) showed [7h 2h] and lost with a pair of Nines
Seat 7: BrownieSpy (button) (small blind) showed [Ks Jd] and won ($17.64) with a pair of Nines


PokerStars Hand #155128793672:  Hold'em Limit ($3/$6 USD) - 2016/06/24 3:27:05 ET
Table 'Elektra' 10-max Seat #8 is the button
Seat 3: Dron21200 ($14 in chips)
Seat 8: LifeisagameX ($45.50 in chips)
LifeisagameX: posts small blind $1
Dron21200: posts big blind $3
*** HOLE CARDS ***
LifeisagameX: raises $3 to $6
Dron21200: folds
Uncalled bet ($3) returned to LifeisagameX
LifeisagameX collected $6 from pot
LifeisagameX: doesn't show hand
*** SUMMARY ***
Total pot $6 | Rake $0
Seat 3: Dron21200 (big blind) folded before Flop
Seat 8: LifeisagameX (button) (small blind) collected ($6)


PokerStars Hand #155128792449:  Hold'em Limit ($3/$6 USD) - 2016/06/24 3:27:01 ET
Table 'Elektra' 10-max Seat #3 is the button
Seat 3: Dron21200 ($15 in chips)
Seat 8: LifeisagameX ($44.50 in chips)
Dron21200: posts small blind $1
LifeisagameX: posts big blind $3
*** HOLE CARDS ***
Dron21200: folds
Uncalled bet ($2) returned to LifeisagameX
LifeisagameX collected $2 from pot
LifeisagameX: doesn't show hand
*** SUMMARY ***
Total pot $2 | Rake $0
Seat 3: Dron21200 (button) (small blind) folded before Flop
Seat 8: LifeisagameX (big blind) collected ($2)


PokerStars Hand #155128781548:  Hold'em Limit ($3/$6 USD) - 2016/06/24 3:26:17 ET
Table 'Elektra' 10-max Seat #8 is the button
Seat 3: Dron21200 ($30 in chips)
Seat 8: LifeisagameX ($30 in chips)
LifeisagameX: posts small blind $1
Dron21200: posts big blind $3
*** HOLE CARDS ***
LifeisagameX: raises $3 to $6
Dron21200: calls $3
*** FLOP *** [Qd Js Kc]
Dron21200: checks
LifeisagameX: bets $3
Dron21200: calls $3
*** TURN *** [Qd Js Kc] [3h]
Dron21200: checks
LifeisagameX: bets $6
Dron21200: calls $6
*** RIVER *** [Qd Js Kc 3h] [5c]
Dron21200: checks
LifeisagameX: bets $6
Dron21200: folds
Uncalled bet ($6) returned to LifeisagameX
LifeisagameX collected $29.50 from pot
LifeisagameX: doesn't show hand
*** SUMMARY ***
Total pot $30 | Rake $0.50
Board [Qd Js Kc 3h 5c]
Seat 3: Dron21200 (big blind) folded on the River
Seat 8: LifeisagameX (button) (small blind) collected ($29.50)


PokerStars Hand #155128802597:  Hold'em Limit ($3/$6 USD) - 2016/06/24 3:27:40 ET
Table 'Elektra' 10-max Seat #8 is the button
Seat 3: Dron21200 ($21.56 in chips)
Seat 8: LifeisagameX ($37.50 in chips)
LifeisagameX: posts small blind $1
Dron21200: posts big blind $3
*** HOLE CARDS ***
LifeisagameX: raises $3 to $6
Dron21200: calls $3
*** FLOP *** [Jc 5s Qs]
Dron21200: checks
LifeisagameX: checks
*** TURN *** [Jc 5s Qs] [3c]
Dron21200: bets $6
LifeisagameX: calls $6
*** RIVER *** [Jc 5s Qs 3c] [6d]
Dron21200: bets $6
LifeisagameX: calls $6
*** SHOW DOWN ***
Dron21200: shows [5h As] (a pair of Fives)
LifeisagameX: mucks hand
Dron21200 collected $35.50 from pot
*** SUMMARY ***
Total pot $36 | Rake $0.50
Board [Jc 5s Qs 3c 6d]
Seat 3: Dron21200 (big blind) showed [5h As] and won ($35.50) with a pair of Fives
Seat 8: LifeisagameX (button) (small blind) mucked


PokerStars Hand #155128795858:  Hold'em Limit ($3/$6 USD) - 2016/06/24 3:27:14 ET
Table 'Elektra' 10-max Seat #3 is the button
Seat 3: Dron21200 ($11 in chips)
Seat 8: LifeisagameX ($48.50 in chips)
Dron21200: posts small blind $1
LifeisagameX: posts big blind $3
*** HOLE CARDS ***
Dron21200: raises $3 to $6
LifeisagameX: calls $3
*** FLOP *** [Jc Tc 4d]
LifeisagameX: checks
Dron21200: bets $3
LifeisagameX: raises $3 to $6
Dron21200: calls $2 and is all-in
Uncalled bet ($1) returned to LifeisagameX
*** TURN *** [Jc Tc 4d] [Qh]
*** RIVER *** [Jc Tc 4d Qh] [Ah]
*** SHOW DOWN ***
LifeisagameX: shows [Ts 7s] (a pair of Tens)
Dron21200: shows [As 8c] (a pair of Aces)
Dron21200 collected $21.56 from pot
*** SUMMARY ***
Total pot $22 | Rake $0.44
Board [Jc Tc 4d Qh Ah]
Seat 3: Dron21200 (button) (small blind) showed [As 8c] and won ($21.56) with a pair of Aces
Seat 8: LifeisagameX (big blind) showed [Ts 7s] and lost with a pair of Tens


PokerStars Hand #155128811915:  Hold'em Limit ($3/$6 USD) - 2016/06/24 3:28:17 ET
Table 'Elektra' 10-max Seat #3 is the button
Seat 3: Dron21200 ($39.06 in chips)
Seat 8: LifeisagameX ($19.50 in chips)
Dron21200: posts small blind $1
LifeisagameX: posts big blind $3
*** HOLE CARDS ***
Dron21200: calls $2
LifeisagameX: raises $3 to $6
Dron21200: calls $3
*** FLOP *** [Td 2c Tc]
LifeisagameX: bets $3
Dron21200: calls $3
*** TURN *** [Td 2c Tc] [5c]
LifeisagameX: checks
Dron21200: checks
*** RIVER *** [Td 2c Tc 5c] [9h]
LifeisagameX: checks
Dron21200: checks
*** SHOW DOWN ***
LifeisagameX: shows [Kc 4d] (a pair of Tens)
Dron21200: shows [3h Ks] (a pair of Tens)
LifeisagameX collected $8.82 from pot
Dron21200 collected $8.82 from pot
*** SUMMARY ***
Total pot $18 | Rake $0.36
Board [Td 2c Tc 5c 9h]
Seat 3: Dron21200 (button) (small blind) showed [3h Ks] and won ($8.82) with a pair of Tens
Seat 8: LifeisagameX (big blind) showed [Kc 4d] and won ($8.82) with a pair of Tens


PokerStars Hand #155128828461:  Hold'em Limit ($3/$6 USD) - 2016/06/24 3:29:04 ET
Table 'Elektra' 10-max Seat #8 is the button
Seat 3: Dron21200 ($38.88 in chips)
Seat 8: LifeisagameX ($19.32 in chips)
LifeisagameX: posts small blind $1
Dron21200: posts big blind $3
*** HOLE CARDS ***
LifeisagameX: raises $3 to $6
Dron21200: calls $3
*** FLOP *** [4c 3h Ac]
Dron21200: checks
LifeisagameX: bets $3
Dron21200: calls $3
*** TURN *** [4c 3h Ac] [Tc]
Dron21200: checks
LifeisagameX: bets $6
Dron21200: calls $6
*** RIVER *** [4c 3h Ac Tc] [4h]
Dron21200: checks
LifeisagameX: bets $4.32 and is all-in
Dron21200: folds
Uncalled bet ($4.32) returned to LifeisagameX
LifeisagameX collected $29.50 from pot
LifeisagameX: doesn't show hand
*** SUMMARY ***
Total pot $30 | Rake $0.50
Board [4c 3h Ac Tc 4h]
Seat 3: Dron21200 (big blind) folded on the River
Seat 8: LifeisagameX (button) (small blind) collected ($29.50)


PokerStars Hand #155128850956:  Hold'em Limit ($3/$6 USD) - 2016/06/24 3:30:32 ET
Table 'Elektra' 10-max Seat #8 is the button
Seat 3: Dron21200 ($14.88 in chips)
Seat 8: LifeisagameX ($42.46 in chips)
LifeisagameX: posts small blind $1
Dron21200: posts big blind $3
*** HOLE CARDS ***
LifeisagameX: raises $3 to $6
Dron21200: calls $3
*** FLOP *** [7h Kc 8s]
Dron21200: bets $3
LifeisagameX: folds
Uncalled bet ($3) returned to Dron21200
Dron21200 collected $11.76 from pot
Dron21200: doesn't show hand
*** SUMMARY ***
Total pot $12 | Rake $0.24
Board [7h Kc 8s]
Seat 3: Dron21200 (big blind) collected ($11.76)
Seat 8: LifeisagameX (button) (small blind) folded on the Flop


PokerStars Hand #155128846975:  Hold'em Limit ($3/$6 USD) - 2016/06/24 3:30:16 ET
Table 'Elektra' 10-max Seat #3 is the button
Seat 3: Dron21200 ($23.88 in chips)
Seat 8: LifeisagameX ($33.82 in chips)
Dron21200: posts small blind $1
LifeisagameX: posts big blind $3
*** HOLE CARDS ***
Dron21200: raises $3 to $6
LifeisagameX: raises $3 to $9
Dron21200: calls $3
*** FLOP *** [Ad 7c 2d]
LifeisagameX: bets $3
Dron21200: folds
Uncalled bet ($3) returned to LifeisagameX
LifeisagameX collected $17.64 from pot
LifeisagameX: doesn't show hand
*** SUMMARY ***
Total pot $18 | Rake $0.36
Board [Ad 7c 2d]
Seat 3: Dron21200 (button) (small blind) folded on the Flop
Seat 8: LifeisagameX (big blind) collected ($17.64)


PokerStars Hand #155128858799:  Hold'em Limit ($3/$6 USD) - 2016/06/24 3:31:02 ET
Table 'Elektra' 10-max Seat #3 is the button
Seat 3: Dron21200 ($20.64 in chips)
Seat 8: LifeisagameX ($36.46 in chips)
Dron21200: posts small blind $1
LifeisagameX: posts big blind $3
*** HOLE CARDS ***
Dron21200: calls $2
LifeisagameX: checks
*** FLOP *** [Ah 4s Ac]
LifeisagameX: checks
Dron21200: checks
*** TURN *** [Ah 4s Ac] [3s]
LifeisagameX: checks
Dron21200: checks
*** RIVER *** [Ah 4s Ac 3s] [Th]
LifeisagameX: bets $6
Dron21200: folds
Uncalled bet ($6) returned to LifeisagameX
LifeisagameX collected $5.88 from pot
LifeisagameX: doesn't show hand
*** SUMMARY ***
Total pot $6 | Rake $0.12
Board [Ah 4s Ac 3s Th]
Seat 3: Dron21200 (button) (small blind) folded on the River
Seat 8: LifeisagameX (big blind) collected ($5.88)


PokerStars Hand #155128870496:  Hold'em Limit ($3/$6 USD) - 2016/06/24 3:31:47 ET
Table 'Elektra' 10-max Seat #8 is the button
Seat 3: Dron21200 ($17.64 in chips)
Seat 8: LifeisagameX ($39.34 in chips)
LifeisagameX: posts small blind $1
Dron21200: posts big blind $3
*** HOLE CARDS ***
LifeisagameX: raises $3 to $6
Dron21200: calls $3
*** FLOP *** [6d 8h 6c]
Dron21200: checks
LifeisagameX: bets $3
Dron21200: calls $3
*** TURN *** [6d 8h 6c] [8s]
Dron21200: checks
LifeisagameX: bets $6
Dron21200: raises $2.64 to $8.64 and is all-in
LifeisagameX: calls $2.64
*** RIVER *** [6d 8h 6c 8s] [Ac]
*** SHOW DOWN ***
Dron21200: shows [Tc 6h] (a full house, Sixes full of Eights)
LifeisagameX: shows [Kd 6s] (a full house, Sixes full of Eights)
Dron21200 collected $17.39 from pot
LifeisagameX collected $17.39 from pot
*** SUMMARY ***
Total pot $35.28 | Rake $0.50
Board [6d 8h 6c 8s Ac]
Seat 3: Dron21200 (big blind) showed [Tc 6h] and won ($17.39) with a full house, Sixes full of Eights
Seat 8: LifeisagameX (button) (small blind) showed [Kd 6s] and won ($17.39) with a full house, Sixes full of Eights


PokerStars Hand #155128885755:  Hold'em Limit ($3/$6 USD) - 2016/06/24 3:32:46 ET
Table 'Elektra' 10-max Seat #3 is the button
Seat 3: Dron21200 ($17.39 in chips)
Seat 8: LifeisagameX ($39.09 in chips)
Dron21200: posts small blind $1
LifeisagameX: posts big blind $3
*** HOLE CARDS ***
Dron21200: raises $3 to $6
LifeisagameX: calls $3
*** FLOP *** [9c 2h 4s]
LifeisagameX: checks
Dron21200: bets $3
LifeisagameX: folds
Uncalled bet ($3) returned to Dron21200
Dron21200 collected $11.76 from pot
*** SUMMARY ***
Total pot $12 | Rake $0.24
Board [9c 2h 4s]
Seat 3: Dron21200 (button) (small blind) collected ($11.76)
Seat 8: LifeisagameX (big blind) folded on the Flop


PokerStars Hand #155129012519:  Hold'em Limit ($3/$6 USD) - 2016/06/24 3:40:50 ET
Table 'Elektra' 10-max Seat #8 is the button
Seat 3: Dron21200 ($23.15 in chips)
Seat 8: LifeisagameX ($33.09 in chips)
LifeisagameX: posts small blind $1
Dron21200: posts big blind $3
*** HOLE CARDS ***
LifeisagameX: raises $3 to $6
Dron21200: folds
Uncalled bet ($3) returned to LifeisagameX
LifeisagameX collected $6 from pot
LifeisagameX: doesn't show hand
*** SUMMARY ***
Total pot $6 | Rake $0
Seat 3: Dron21200 (big blind) folded before Flop
Seat 8: LifeisagameX (button) (small blind) collected ($6)


PokerStars Hand #155129018488:  Hold'em Limit ($3/$6 USD) - 2016/06/24 3:41:13 ET
Table 'Elektra' 10-max Seat #3 is the button
Seat 3: Dron21200 ($20.15 in chips)
Seat 8: LifeisagameX ($36.09 in chips)
Dron21200: posts small blind $1
LifeisagameX: posts big blind $3
*** HOLE CARDS ***
Dron21200: raises $3 to $6
LifeisagameX: raises $3 to $9
Dron21200: calls $3
*** FLOP *** [4c 7d 8d]
LifeisagameX: checks
Dron21200: checks
*** TURN *** [4c 7d 8d] [9h]
LifeisagameX: bets $6
Dron21200: calls $6
*** RIVER *** [4c 7d 8d 9h] [Qh]
LifeisagameX: bets $6
Dron21200: folds
Uncalled bet ($6) returned to LifeisagameX
LifeisagameX collected $29.50 from pot
LifeisagameX: doesn't show hand
*** SUMMARY ***
Total pot $30 | Rake $0.50
Board [4c 7d 8d 9h Qh]
Seat 3: Dron21200 (button) (small blind) folded on the River
Seat 8: LifeisagameX (big blind) collected ($29.50)


PokerStars Hand #155129030449:  Hold'em Limit ($3/$6 USD) - 2016/06/24 3:41:57 ET
Table 'Elektra' 10-max Seat #8 is the button
Seat 3: Dron21200 ($5.15 in chips)
Seat 8: LifeisagameX ($50.59 in chips)
LifeisagameX: posts small blind $1
Dron21200: posts big blind $3
*** HOLE CARDS ***
LifeisagameX: raises $3 to $6
Dron21200: calls $2.15 and is all-in
Uncalled bet ($0.85) returned to LifeisagameX
*** FLOP *** [6c 4h 6s]
*** TURN *** [6c 4h 6s] [7d]
*** RIVER *** [6c 4h 6s 7d] [7h]
*** SHOW DOWN ***
Dron21200: shows [Td 2c] (two pair, Sevens and Sixes)
LifeisagameX: shows [2s As] (two pair, Sevens and Sixes - Ace kicker)
LifeisagameX collected $10.09 from pot
*** SUMMARY ***
Total pot $10.30 | Rake $0.21
Board [6c 4h 6s 7d 7h]
Seat 3: Dron21200 (big blind) showed [Td 2c] and lost with two pair, Sevens and Sixes
Seat 8: LifeisagameX (button) (small blind) showed [2s As] and won ($10.09) with two pair, Sevens and Sixes


PokerStars Hand #155132687171:  Hold'em Limit ($3/$6 USD) - 2016/06/24 6:50:08 ET
Table 'Elektra' 10-max Seat #8 is the button
Seat 6: Scorpio Dom ($140.50 in chips)
Seat 8: TinaTurner72 ($99 in chips)
TinaTurner72: posts small blind $1
Scorpio Dom: posts big blind $3
*** HOLE CARDS ***
TinaTurner72: raises $3 to $6
Scorpio Dom: calls $3
*** FLOP *** [As Ah 4c]
Scorpio Dom: checks
TinaTurner72: bets $3
Scorpio Dom: folds
Uncalled bet ($3) returned to TinaTurner72
TinaTurner72 collected $11.76 from pot
TinaTurner72: doesn't show hand
*** SUMMARY ***
Total pot $12 | Rake $0.24
Board [As Ah 4c]
Seat 6: Scorpio Dom (big blind) folded on the Flop
Seat 8: TinaTurner72 (button) (small blind) collected ($11.76)


PokerStars Hand #155132661311:  Hold'em Limit ($3/$6 USD) - 2016/06/24 6:48:59 ET
Table 'Elektra' 10-max Seat #6 is the button
Seat 6: Scorpio Dom ($120 in chips)
Seat 8: TinaTurner72 ($120 in chips)
Scorpio Dom: posts small blind $1
TinaTurner72: posts big blind $3
*** HOLE CARDS ***
Scorpio Dom: calls $2
B_loJkl joins the table at seat #7
TinaTurner72: raises $3 to $6
Scorpio Dom: calls $3
*** FLOP *** [2d Jc 7h]
TinaTurner72: bets $3
Scorpio Dom: calls $3
*** TURN *** [2d Jc 7h] [As]
TinaTurner72: checks
Scorpio Dom: bets $6
TinaTurner72: calls $6
*** RIVER *** [2d Jc 7h As] [3d]
TinaTurner72: checks
Scorpio Dom: bets $6
TinaTurner72: calls $6
*** SHOW DOWN ***
Scorpio Dom: shows [Jd 7s] (two pair, Jacks and Sevens)
TinaTurner72: mucks hand
Scorpio Dom collected $41.50 from pot
*** SUMMARY ***
Total pot $42 | Rake $0.50
Board [2d Jc 7h As 3d]
Seat 6: Scorpio Dom (button) (small blind) showed [Jd 7s] and won ($41.50) with two pair, Jacks and Sevens
Seat 8: TinaTurner72 (big blind) mucked


PokerStars Hand #155132849688:  Hold'em Limit ($3/$6 USD) - 2016/06/24 6:57:09 ET
Table 'Elektra' 10-max Seat #7 is the button
Seat 6: Scorpio Dom ($106.78 in chips)
Seat 7: B_loJkl ($161.36 in chips)
B_loJkl: posts small blind $1
TinaTurner72: is sitting out
Scorpio Dom: posts big blind $3
*** HOLE CARDS ***
TinaTurner72 leaves the table
B_loJkl: raises $3 to $6
Scorpio Dom: calls $3
*** FLOP *** [8c Td Qs]
Scorpio Dom: bets $3
B_loJkl: calls $3
*** TURN *** [8c Td Qs] [7s]
Scorpio Dom: checks
B_loJkl: checks
*** RIVER *** [8c Td Qs 7s] [2d]
Scorpio Dom: checks
B_loJkl: checks
*** SHOW DOWN ***
Scorpio Dom: shows [6c Jh] (high card Queen)
B_loJkl: shows [3d Jc] (high card Queen)
Scorpio Dom collected $8.82 from pot
B_loJkl collected $8.82 from pot
*** SUMMARY ***
Total pot $18 | Rake $0.36
Board [8c Td Qs 7s 2d]
Seat 6: Scorpio Dom (big blind) showed [6c Jh] and won ($8.82) with high card Queen
Seat 7: B_loJkl (button) (small blind) showed [3d Jc] and won ($8.82) with high card Queen


PokerStars Hand #155132865989:  Hold'em Limit ($3/$6 USD) - 2016/06/24 6:57:57 ET
Table 'Elektra' 10-max Seat #6 is the button
Seat 6: Scorpio Dom ($106.60 in chips)
Seat 7: B_loJkl ($161.18 in chips)
Scorpio Dom: posts small blind $1
B_loJkl: posts big blind $3
*** HOLE CARDS ***
Scorpio Dom: raises $3 to $6
B_loJkl: calls $3
*** FLOP *** [8s Qd Jh]
B_loJkl: checks
Scorpio Dom: checks
*** TURN *** [8s Qd Jh] [Kd]
B_loJkl: checks
Scorpio Dom: checks
*** RIVER *** [8s Qd Jh Kd] [9d]
B_loJkl: checks
Scorpio Dom: bets $6
B_loJkl: calls $6
*** SHOW DOWN ***
Scorpio Dom: shows [3s Td] (a straight, Nine to King)
B_loJkl: mucks hand
Scorpio Dom collected $23.52 from pot
*** SUMMARY ***
Total pot $24 | Rake $0.48
Board [8s Qd Jh Kd 9d]
Seat 6: Scorpio Dom (button) (small blind) showed [3s Td] and won ($23.52) with a straight, Nine to King
Seat 7: B_loJkl (big blind) mucked


PokerStars Hand #155132882989:  Hold'em Limit ($3/$6 USD) - 2016/06/24 6:58:46 ET
Table 'Elektra' 10-max Seat #7 is the button
Seat 6: Scorpio Dom ($118.12 in chips)
Seat 7: B_loJkl ($149.18 in chips)
B_loJkl: posts small blind $1
Scorpio Dom: posts big blind $3
*** HOLE CARDS ***
B_loJkl: raises $3 to $6
Scorpio Dom: calls $3
*** FLOP *** [3c 8s 8d]
Scorpio Dom: checks
B_loJkl: bets $3
Scorpio Dom: folds
Uncalled bet ($3) returned to B_loJkl
B_loJkl collected $11.76 from pot
B_loJkl: doesn't show hand
*** SUMMARY ***
Total pot $12 | Rake $0.24
Board [3c 8s 8d]
Seat 6: Scorpio Dom (big blind) folded on the Flop
Seat 7: B_loJkl (button) (small blind) collected ($11.76)


PokerStars Hand #155132910617:  Hold'em Limit ($3/$6 USD) - 2016/06/24 7:00:06 ET
Table 'Elektra' 10-max Seat #7 is the button
Seat 6: Scorpio Dom ($100.12 in chips)
Seat 7: B_loJkl ($166.46 in chips)
B_loJkl: posts small blind $1
Scorpio Dom: posts big blind $3
*** HOLE CARDS ***
B_loJkl: folds
Uncalled bet ($2) returned to Scorpio Dom
Scorpio Dom collected $2 from pot
*** SUMMARY ***
Total pot $2 | Rake $0
Seat 6: Scorpio Dom (big blind) collected ($2)
Seat 7: B_loJkl (button) (small blind) folded before Flop


PokerStars Hand #155132892778:  Hold'em Limit ($3/$6 USD) - 2016/06/24 6:59:15 ET
Table 'Elektra' 10-max Seat #6 is the button
Seat 6: Scorpio Dom ($112.12 in chips)
Seat 7: B_loJkl ($154.94 in chips)
Scorpio Dom: posts small blind $1
B_loJkl: posts big blind $3
*** HOLE CARDS ***
Scorpio Dom: raises $3 to $6
B_loJkl: calls $3
*** FLOP *** [Js 2h Jd]
B_loJkl: checks
Scorpio Dom: bets $3
B_loJkl: raises $3 to $6
Scorpio Dom: calls $3
*** TURN *** [Js 2h Jd] [6h]
B_loJkl: bets $6
Scorpio Dom: folds
Uncalled bet ($6) returned to B_loJkl
B_loJkl collected $23.52 from pot
B_loJkl: doesn't show hand
*** SUMMARY ***
Total pot $24 | Rake $0.48
Board [Js 2h Jd 6h]
Seat 6: Scorpio Dom (button) (small blind) folded on the Turn
Seat 7: B_loJkl (big blind) collected ($23.52)


PokerStars Hand #155132935549:  Hold'em Limit ($3/$6 USD) - 2016/06/24 7:01:15 ET
Table 'Elektra' 10-max Seat #7 is the button
Seat 6: Scorpio Dom ($100.88 in chips)
Seat 7: B_loJkl ($165.22 in chips)
B_loJkl: posts small blind $1
Scorpio Dom: posts big blind $3
*** HOLE CARDS ***
B_loJkl: raises $3 to $6
Scorpio Dom: calls $3
*** FLOP *** [3c Qh Ts]
Scorpio Dom: bets $3
B_loJkl: calls $3
*** TURN *** [3c Qh Ts] [2c]
niknazar joins the table at seat #5
Scorpio Dom: bets $6
B_loJkl: calls $6
*** RIVER *** [3c Qh Ts 2c] [Th]
Scorpio Dom: bets $6
B_loJkl: folds
Uncalled bet ($6) returned to Scorpio Dom
Scorpio Dom collected $29.50 from pot
Scorpio Dom: doesn't show hand
*** SUMMARY ***
Total pot $30 | Rake $0.50
Board [3c Qh Ts 2c Th]
Seat 6: Scorpio Dom (big blind) collected ($29.50)
Seat 7: B_loJkl (button) (small blind) folded on the River


PokerStars Hand #155132915269:  Hold'em Limit ($3/$6 USD) - 2016/06/24 7:00:19 ET
Table 'Elektra' 10-max Seat #6 is the button
Seat 6: Scorpio Dom ($101.12 in chips)
Seat 7: B_loJkl ($165.46 in chips)
Scorpio Dom: posts small blind $1
B_loJkl: posts big blind $3
*** HOLE CARDS ***
Scorpio Dom: raises $3 to $6
B_loJkl: calls $3
*** FLOP *** [Jd Qs Qc]
B_loJkl: checks
Scorpio Dom: checks
*** TURN *** [Jd Qs Qc] [As]
liolilove joins the table at seat #8
B_loJkl: checks
Scorpio Dom: checks
*** RIVER *** [Jd Qs Qc As] [Js]
B_loJkl: bets $6
Scorpio Dom: calls $6
*** SHOW DOWN ***
B_loJkl: shows [7d 9s] (two pair, Queens and Jacks)
Scorpio Dom: shows [6s 7h] (two pair, Queens and Jacks)
B_loJkl collected $11.76 from pot
Scorpio Dom collected $11.76 from pot
*** SUMMARY ***
Total pot $24 | Rake $0.48
Board [Jd Qs Qc As Js]
Seat 6: Scorpio Dom (button) (small blind) showed [6s 7h] and won ($11.76) with two pair, Queens and Jacks
Seat 7: B_loJkl (big blind) showed [7d 9s] and won ($11.76) with two pair, Queens and Jacks


PokerStars Hand #155132948904:  Hold'em Limit ($3/$6 USD) - 2016/06/24 7:01:49 ET
Table 'Elektra' 10-max Seat #6 is the button
Seat 6: Scorpio Dom ($115.38 in chips)
Seat 7: B_loJkl ($150.22 in chips)
Scorpio Dom: posts small blind $1
B_loJkl: posts big blind $3
*** HOLE CARDS ***
Scorpio Dom: calls $2
B_loJkl: checks
*** FLOP *** [5s Ah Ad]
B_loJkl: bets $3
Scorpio Dom: folds
Uncalled bet ($3) returned to B_loJkl
B_loJkl collected $5.88 from pot
B_loJkl: doesn't show hand
*** SUMMARY ***
Total pot $6 | Rake $0.12
Board [5s Ah Ad]
Seat 6: Scorpio Dom (button) (small blind) folded on the Flop
Seat 7: B_loJkl (big blind) collected ($5.88)


PokerStars Hand #155132970888:  Hold'em Limit ($3/$6 USD) - 2016/06/24 7:02:46 ET
Table 'Elektra' 10-max Seat #6 is the button
Seat 6: Scorpio Dom ($113.38 in chips)
Seat 7: B_loJkl ($156.10 in chips)
Scorpio Dom: posts small blind $1
B_loJkl: posts big blind $3
*** HOLE CARDS ***
Scorpio Dom: calls $2
B_loJkl: checks
*** FLOP *** [4h 5h Ks]
B_loJkl: checks
Scorpio Dom: checks
*** TURN *** [4h 5h Ks] [8h]
seurtje joins the table at seat #4
B_loJkl: bets $6
Scorpio Dom: folds
Uncalled bet ($6) returned to B_loJkl
B_loJkl collected $5.88 from pot
B_loJkl: doesn't show hand
*** SUMMARY ***
Total pot $6 | Rake $0.12
Board [4h 5h Ks 8h]
Seat 6: Scorpio Dom (button) (small blind) folded on the Turn
Seat 7: B_loJkl (big blind) collected ($5.88)


PokerStars Hand #155133256135:  Hold'em Limit ($3/$6 USD) - 2016/06/24 7:14:54 ET
Table 'Elektra' 10-max Seat #3 is the button
Seat 3: B_loJkl ($141 in chips)
Seat 10: SALZHERZ ($123.64 in chips)
B_loJkl: posts small blind $1
SALZHERZ: posts big blind $3
*** HOLE CARDS ***
B_loJkl: raises $3 to $6
SALZHERZ: folds
Uncalled bet ($3) returned to B_loJkl
B_loJkl collected $6 from pot
B_loJkl: doesn't show hand
*** SUMMARY ***
Total pot $6 | Rake $0
Seat 3: B_loJkl (button) (small blind) collected ($6)
Seat 10: SALZHERZ (big blind) folded before Flop


PokerStars Hand #155133247969:  Hold'em Limit ($3/$6 USD) - 2016/06/24 7:14:33 ET
Table 'Elektra' 10-max Seat #10 is the button
Seat 3: B_loJkl ($150 in chips)
Seat 10: SALZHERZ ($115 in chips)
SALZHERZ: posts small blind $1
B_loJkl: posts big blind $3
*** HOLE CARDS ***
TopDJTex leaves the table
SALZHERZ: raises $3 to $6
B_loJkl: calls $3
*** FLOP *** [Jd 3h 6d]
B_loJkl: checks
SALZHERZ: bets $3
B_loJkl: calls $3
*** TURN *** [Jd 3h 6d] [4s]
B_loJkl: checks
SALZHERZ: checks
*** RIVER *** [Jd 3h 6d 4s] [Kd]
niknazar leaves the table
B_loJkl: checks
SALZHERZ: checks
*** SHOW DOWN ***
B_loJkl: shows [2c 2d] (a pair of Deuces)
SALZHERZ: shows [9d Js] (a pair of Jacks)
SALZHERZ collected $17.64 from pot
*** SUMMARY ***
Total pot $18 | Rake $0.36
Board [Jd 3h 6d 4s Kd]
Seat 3: B_loJkl (big blind) showed [2c 2d] and lost with a pair of Deuces
Seat 10: SALZHERZ (button) (small blind) showed [9d Js] and won ($17.64) with a pair of Jacks


PokerStars Hand #155133258753:  Hold'em Limit ($3/$6 USD) - 2016/06/24 7:15:01 ET
Table 'Elektra' 10-max Seat #10 is the button
Seat 3: B_loJkl ($144 in chips)
Seat 10: SALZHERZ ($120.64 in chips)
SALZHERZ: posts small blind $1
B_loJkl: posts big blind $3
*** HOLE CARDS ***
SALZHERZ: raises $3 to $6
B_loJkl: calls $3
*** FLOP *** [7s Ad 3c]
B_loJkl: checks
SALZHERZ: bets $3
B_loJkl: folds
Uncalled bet ($3) returned to SALZHERZ
SALZHERZ collected $11.76 from pot
SALZHERZ: doesn't show hand
*** SUMMARY ***
Total pot $12 | Rake $0.24
Board [7s Ad 3c]
Seat 3: B_loJkl (big blind) folded on the Flop
Seat 10: SALZHERZ (button) (small blind) collected ($11.76)


PokerStars Hand #155133273957:  Hold'em Limit ($3/$6 USD) - 2016/06/24 7:15:40 ET
Table 'Elektra' 10-max Seat #10 is the button
Seat 3: B_loJkl ($152.50 in chips)
Seat 10: SALZHERZ ($111.40 in chips)
SALZHERZ: posts small blind $1
B_loJkl: posts big blind $3
*** HOLE CARDS ***
SALZHERZ: folds
Uncalled bet ($2) returned to B_loJkl
B_loJkl collected $2 from pot
B_loJkl: doesn't show hand
*** SUMMARY ***
Total pot $2 | Rake $0
Seat 3: B_loJkl (big blind) collected ($2)
Seat 10: SALZHERZ (button) (small blind) folded before Flop


PokerStars Hand #155133263813:  Hold'em Limit ($3/$6 USD) - 2016/06/24 7:15:13 ET
Table 'Elektra' 10-max Seat #3 is the button
Seat 3: B_loJkl ($138 in chips)
Seat 10: SALZHERZ ($126.40 in chips)
B_loJkl: posts small blind $1
SALZHERZ: posts big blind $3
*** HOLE CARDS ***
B_loJkl: raises $3 to $6
SALZHERZ: raises $3 to $9
B_loJkl: calls $3
*** FLOP *** [6s 3d 6h]
SALZHERZ: checks
B_loJkl: checks
*** TURN *** [6s 3d 6h] [Kc]
SALZHERZ: bets $6
B_loJkl: calls $6
*** RIVER *** [6s 3d 6h Kc] [Kd]
SALZHERZ: checks
B_loJkl: checks
*** SHOW DOWN ***
SALZHERZ: shows [Th 7h] (two pair, Kings and Sixes)
B_loJkl: shows [Qc Jc] (two pair, Kings and Sixes - Queen kicker)
B_loJkl collected $29.50 from pot
*** SUMMARY ***
Total pot $30 | Rake $0.50
Board [6s 3d 6h Kc Kd]
Seat 3: B_loJkl (button) (small blind) showed [Qc Jc] and won ($29.50) with two pair, Kings and Sixes
Seat 10: SALZHERZ (big blind) showed [Th 7h] and lost with two pair, Kings and Sixes


PokerStars Hand #155133292139:  Hold'em Limit ($3/$6 USD) - 2016/06/24 7:16:26 ET
Table 'Elektra' 10-max Seat #10 is the button
Seat 3: B_loJkl ($162.14 in chips)
Seat 10: SALZHERZ ($101.40 in chips)
SALZHERZ: posts small blind $1
B_loJkl: posts big blind $3
*** HOLE CARDS ***
SALZHERZ: folds
Uncalled bet ($2) returned to B_loJkl
B_loJkl collected $2 from pot
B_loJkl: doesn't show hand
*** SUMMARY ***
Total pot $2 | Rake $0
Seat 3: B_loJkl (big blind) collected ($2)
Seat 10: SALZHERZ (button) (small blind) folded before Flop


PokerStars Hand #155133275759:  Hold'em Limit ($3/$6 USD) - 2016/06/24 7:15:44 ET
Table 'Elektra' 10-max Seat #3 is the button
Seat 3: B_loJkl ($153.50 in chips)
Seat 10: SALZHERZ ($110.40 in chips)
B_loJkl: posts small blind $1
SALZHERZ: posts big blind $3
*** HOLE CARDS ***
B_loJkl: raises $3 to $6
SALZHERZ: calls $3
*** FLOP *** [2d 7c 5c]
SALZHERZ: checks
B_loJkl: bets $3
SALZHERZ: calls $3
*** TURN *** [2d 7c 5c] [5s]
SALZHERZ: checks
B_loJkl: bets $6
SALZHERZ: folds
Uncalled bet ($6) returned to B_loJkl
B_loJkl collected $17.64 from pot
B_loJkl: doesn't show hand
*** SUMMARY ***
Total pot $18 | Rake $0.36
Board [2d 7c 5c 5s]
Seat 3: B_loJkl (button) (small blind) collected ($17.64)
Seat 10: SALZHERZ (big blind) folded on the Turn


PokerStars Hand #155133294014:  Hold'em Limit ($3/$6 USD) - 2016/06/24 7:16:30 ET
Table 'Elektra' 10-max Seat #3 is the button
Seat 3: B_loJkl ($163.14 in chips)
Seat 10: SALZHERZ ($100.40 in chips)
B_loJkl: posts small blind $1
SALZHERZ: posts big blind $3
*** HOLE CARDS ***
B_loJkl: raises $3 to $6
SALZHERZ: raises $3 to $9
B_loJkl: calls $3
*** FLOP *** [9h 8c 5d]
SALZHERZ: bets $3
B_loJkl: calls $3
*** TURN *** [9h 8c 5d] [5h]
SALZHERZ: bets $6
B_loJkl: calls $6
*** RIVER *** [9h 8c 5d 5h] [8s]
SALZHERZ: bets $6
B_loJkl: folds
Uncalled bet ($6) returned to SALZHERZ
liolilove leaves the table
SALZHERZ collected $35.50 from pot
SALZHERZ: doesn't show hand
*** SUMMARY ***
Total pot $36 | Rake $0.50
Board [9h 8c 5d 5h 8s]
Seat 3: B_loJkl (button) (small blind) folded on the River
Seat 10: SALZHERZ (big blind) collected ($35.50)


PokerStars Hand #155133303737:  Hold'em Limit ($3/$6 USD) - 2016/06/24 7:16:55 ET
Table 'Elektra' 10-max Seat #10 is the button
Seat 3: B_loJkl ($145.14 in chips)
Seat 10: SALZHERZ ($117.90 in chips)
SALZHERZ: posts small blind $1
B_loJkl: posts big blind $3
*** HOLE CARDS ***
SALZHERZ: raises $3 to $6
B_loJkl: calls $3
*** FLOP *** [4d Ad 4s]
B_loJkl: checks
SALZHERZ: checks
*** TURN *** [4d Ad 4s] [Jc]
B_loJkl: bets $6
SALZHERZ: folds
Uncalled bet ($6) returned to B_loJkl
B_loJkl collected $11.76 from pot
B_loJkl: doesn't show hand
*** SUMMARY ***
Total pot $12 | Rake $0.24
Board [4d Ad 4s Jc]
Seat 3: B_loJkl (big blind) collected ($11.76)
Seat 10: SALZHERZ (button) (small blind) folded on the Turn


PokerStars Hand #155133311458:  Hold'em Limit ($3/$6 USD) - 2016/06/24 7:17:15 ET
Table 'Elektra' 10-max Seat #3 is the button
Seat 3: B_loJkl ($150.90 in chips)
Seat 10: SALZHERZ ($111.90 in chips)
B_loJkl: posts small blind $1
SALZHERZ: posts big blind $3
*** HOLE CARDS ***
B_loJkl: raises $3 to $6
SALZHERZ: calls $3
*** FLOP *** [9h Jh Qs]
SALZHERZ: checks
B_loJkl: bets $3
SALZHERZ: folds
Uncalled bet ($3) returned to B_loJkl
B_loJkl collected $11.76 from pot
B_loJkl: doesn't show hand
*** SUMMARY ***
Total pot $12 | Rake $0.24
Board [9h Jh Qs]
Seat 3: B_loJkl (button) (small blind) collected ($11.76)
Seat 10: SALZHERZ (big blind) folded on the Flop


PokerStars Hand #155133334348:  Hold'em Limit ($3/$6 USD) - 2016/06/24 7:18:13 ET
Table 'Elektra' 10-max Seat #3 is the button
Seat 3: B_loJkl ($150.66 in chips)
Seat 10: SALZHERZ ($111.66 in chips)
B_loJkl: posts small blind $1
SALZHERZ: posts big blind $3
*** HOLE CARDS ***
B_loJkl: raises $3 to $6
SALZHERZ: calls $3
*** FLOP *** [6s 5c Js]
SALZHERZ: bets $3
B_loJkl: calls $3
*** TURN *** [6s 5c Js] [8d]
SALZHERZ: bets $6
B_loJkl: calls $6
*** RIVER *** [6s 5c Js 8d] [Ac]
SALZHERZ: checks
B_loJkl: bets $6
SALZHERZ: calls $6
*** SHOW DOWN ***
B_loJkl: shows [Jh 4h] (a pair of Jacks)
SALZHERZ: shows [3d Jd] (a pair of Jacks)
SALZHERZ collected $20.75 from pot
B_loJkl collected $20.75 from pot
*** SUMMARY ***
Total pot $42 | Rake $0.50
Board [6s 5c Js 8d Ac]
Seat 3: B_loJkl (button) (small blind) showed [Jh 4h] and won ($20.75) with a pair of Jacks
Seat 10: SALZHERZ (big blind) showed [3d Jd] and won ($20.75) with a pair of Jacks


PokerStars Hand #155133318985:  Hold'em Limit ($3/$6 USD) - 2016/06/24 7:17:34 ET
Table 'Elektra' 10-max Seat #10 is the button
Seat 3: B_loJkl ($156.66 in chips)
Seat 10: SALZHERZ ($105.90 in chips)
SALZHERZ: posts small blind $1
B_loJkl: posts big blind $3
*** HOLE CARDS ***
SALZHERZ: raises $3 to $6
B_loJkl: calls $3
*** FLOP *** [7c 7d 6c]
B_loJkl: checks
SALZHERZ: checks
*** TURN *** [7c 7d 6c] [Ks]
BuzovaPro joins the table at seat #1
B_loJkl: checks
SALZHERZ: bets $6
B_loJkl: folds
Uncalled bet ($6) returned to SALZHERZ
SALZHERZ collected $11.76 from pot
SALZHERZ: doesn't show hand
*** SUMMARY ***
Total pot $12 | Rake $0.24
Board [7c 7d 6c Ks]
Seat 3: B_loJkl (big blind) folded on the Turn
Seat 10: SALZHERZ (button) (small blind) collected ($11.76)


PokerStars Hand #155133455194:  Hold'em Limit ($3/$6 USD) - 2016/06/24 7:23:21 ET
Table 'Elektra' 10-max Seat #1 is the button
Seat 1: BuzovaPro ($72 in chips)
Seat 7: B_loJkl ($117 in chips)
HAL9QQQ will be allowed to play after the button
BuzovaPro: posts small blind $1
B_loJkl: posts big blind $3
*** HOLE CARDS ***
BuzovaPro: raises $3 to $6
B_loJkl: folds
Uncalled bet ($3) returned to BuzovaPro
BuzovaPro collected $6 from pot
BuzovaPro: doesn't show hand
*** SUMMARY ***
Total pot $6 | Rake $0
Seat 1: BuzovaPro (button) (small blind) collected ($6)
Seat 7: B_loJkl (big blind) folded before Flop


PokerStars Hand #155138897581:  Hold'em Limit ($3/$6 USD) - 2016/06/24 10:34:35 ET
Table 'Elektra' 10-max Seat #4 is the button
Seat 4: partyalex92 ($68.32 in chips)
Seat 5: simper11 ($123.39 in chips)
partyalex92: posts small blind $1
simper11: posts big blind $3
*** HOLE CARDS ***
partyalex92: folds
Uncalled bet ($2) returned to simper11
simper11 collected $2 from pot
simper11: doesn't show hand
*** SUMMARY ***
Total pot $2 | Rake $0
Seat 4: partyalex92 (button) (small blind) folded before Flop
Seat 5: simper11 (big blind) collected ($2)


PokerStars Hand #155138889293:  Hold'em Limit ($3/$6 USD) - 2016/06/24 10:34:19 ET
Table 'Elektra' 10-max Seat #5 is the button
Seat 4: partyalex92 ($53.82 in chips)
Seat 5: simper11 ($138.39 in chips)
simper11: posts small blind $1
B_loJkl: is sitting out
partyalex92: posts big blind $3
*** HOLE CARDS ***
simper11: raises $3 to $6
partyalex92: raises $3 to $9
simper11: calls $3
*** FLOP *** [Kd 6c As]
partyalex92: checks
simper11: checks
*** TURN *** [Kd 6c As] [Qc]
partyalex92: bets $6
simper11: calls $6
*** RIVER *** [Kd 6c As Qc] [3s]
partyalex92: checks
simper11: checks
*** SHOW DOWN ***
partyalex92: shows [9h 9d] (a pair of Nines)
simper11: mucks hand
partyalex92 collected $29.50 from pot
*** SUMMARY ***
Total pot $30 | Rake $0.50
Board [Kd 6c As Qc 3s]
Seat 4: partyalex92 (big blind) showed [9h 9d] and won ($29.50) with a pair of Nines
Seat 5: simper11 (button) (small blind) mucked


