PokerStars Hand #167235543468:  Hold'em Limit ($3/$6 USD) - 2017/03/07 4:12:03 ET
Table 'Elektra' 10-max Seat #1 is the button
Seat 1: megabaitt ($128.64 in chips)
Seat 10: MTails ($111 in chips)
megabaitt: posts small blind $1
MTails: posts big blind $3
*** HOLE CARDS ***
megabaitt: folds
Uncalled bet ($2) returned to MTails
megabaitt leaves the table
MTails collected $2 from pot
*** SUMMARY ***
Total pot $2 | Rake $0
Seat 1: megabaitt (button) (small blind) folded before Flop
Seat 10: MTails (big blind) collected ($2)


PokerStars Hand #167235534296:  Hold'em Limit ($3/$6 USD) - 2017/03/07 4:11:35 ET
Table 'Elektra' 10-max Seat #10 is the button
Seat 1: megabaitt ($120 in chips)
Seat 10: MTails ($120 in chips)
MTails: posts small blind $1
megabaitt: posts big blind $3
*** HOLE CARDS ***
MTails: raises $3 to $6
megabaitt: calls $3
*** FLOP *** [Qs 2c 3h]
megabaitt: checks
MTails: bets $3
megabaitt: calls $3
*** TURN *** [Qs 2c 3h] [8d]
megabaitt: checks
MTails: checks
*** RIVER *** [Qs 2c 3h 8d] [Kc]
megabaitt: bets $6
MTails: folds
Uncalled bet ($6) returned to megabaitt
megabaitt collected $17.64 from pot
megabaitt: doesn't show hand
*** SUMMARY ***
Total pot $18 | Rake $0.36
Board [Qs 2c 3h 8d Kc]
Seat 1: megabaitt (big blind) collected ($17.64)
Seat 10: MTails (button) (small blind) folded on the River


PokerStars Hand #167235570885:  Hold'em Limit ($3/$6 USD) - 2017/03/07 4:13:25 ET
Table 'Elektra' 10-max Seat #10 is the button
Seat 2: megabaitt ($120 in chips)
Seat 10: MTails ($112 in chips)
MTails: posts small blind $1
megabaitt: posts big blind $3
*** HOLE CARDS ***
MTails: raises $3 to $6
megabaitt: folds
Uncalled bet ($3) returned to MTails
MTails collected $6 from pot
*** SUMMARY ***
Total pot $6 | Rake $0
Seat 2: megabaitt (big blind) folded before Flop
Seat 10: MTails (button) (small blind) collected ($6)


PokerStars Hand #167235573667:  Hold'em Limit ($3/$6 USD) - 2017/03/07 4:13:33 ET
Table 'Elektra' 10-max Seat #2 is the button
Seat 2: megabaitt ($117 in chips)
Seat 10: MTails ($115 in chips)
megabaitt: posts small blind $1
MTails: posts big blind $3
*** HOLE CARDS ***
megabaitt: raises $3 to $6
MTails: folds
Uncalled bet ($3) returned to megabaitt
megabaitt collected $6 from pot
megabaitt: doesn't show hand
*** SUMMARY ***
Total pot $6 | Rake $0
Seat 2: megabaitt (button) (small blind) collected ($6)
Seat 10: MTails (big blind) folded before Flop


PokerStars Hand #167235586565:  Hold'em Limit ($3/$6 USD) - 2017/03/07 4:14:12 ET
Table 'Elektra' 10-max Seat #2 is the button
Seat 2: megabaitt ($105 in chips)
Seat 10: MTails ($126.50 in chips)
megabaitt: posts small blind $1
MTails: posts big blind $3
*** HOLE CARDS ***
megabaitt: raises $3 to $6
MTails: calls $3
*** FLOP *** [Jc Ah 6h]
MTails: checks
megabaitt: bets $3
MTails: calls $3
*** TURN *** [Jc Ah 6h] [9s]
MTails: checks
megabaitt: checks
*** RIVER *** [Jc Ah 6h 9s] [Qs]
MTails: bets $6
megabaitt: calls $6
*** SHOW DOWN ***
MTails: shows [2c Qc] (a pair of Queens)
megabaitt: mucks hand
MTails collected $29.50 from pot
*** SUMMARY ***
Total pot $30 | Rake $0.50
Board [Jc Ah 6h 9s Qs]
Seat 2: megabaitt (button) (small blind) mucked
Seat 10: MTails (big blind) showed [2c Qc] and won ($29.50) with a pair of Queens


PokerStars Hand #167235577428:  Hold'em Limit ($3/$6 USD) - 2017/03/07 4:13:45 ET
Table 'Elektra' 10-max Seat #10 is the button
Seat 2: megabaitt ($120 in chips)
Seat 10: MTails ($112 in chips)
MTails: posts small blind $1
megabaitt: posts big blind $3
*** HOLE CARDS ***
MTails: raises $3 to $6
megabaitt: calls $3
*** FLOP *** [9h 5s Kh]
megabaitt: checks
MTails: bets $3
megabaitt: calls $3
*** TURN *** [9h 5s Kh] [Qc]
megabaitt: checks
MTails: checks
*** RIVER *** [9h 5s Kh Qc] [Jd]
megabaitt: checks
MTails: bets $6
megabaitt: calls $6
*** SHOW DOWN ***
MTails: shows [Qh 7h] (a pair of Queens)
megabaitt: mucks hand
MTails collected $29.50 from pot
*** SUMMARY ***
Total pot $30 | Rake $0.50
Board [9h 5s Kh Qc Jd]
Seat 2: megabaitt (big blind) mucked
Seat 10: MTails (button) (small blind) showed [Qh 7h] and won ($29.50) with a pair of Queens


PokerStars Hand #167235596479:  Hold'em Limit ($3/$6 USD) - 2017/03/07 4:14:42 ET
Table 'Elektra' 10-max Seat #10 is the button
Seat 2: megabaitt ($90 in chips)
Seat 10: MTails ($141 in chips)
MTails: posts small blind $1
megabaitt: posts big blind $3
*** HOLE CARDS ***
MTails: raises $3 to $6
megabaitt: raises $3 to $9
MTails: calls $3
*** FLOP *** [5h 7h Tc]
megabaitt: bets $3
MTails: calls $3
*** TURN *** [5h 7h Tc] [Js]
megabaitt: bets $6
MTails: raises $6 to $12
megabaitt: calls $6
*** RIVER *** [5h 7h Tc Js] [4c]
megabaitt: checks
MTails: bets $6
megabaitt: calls $6
*** SHOW DOWN ***
MTails: shows [Jd Qd] (a pair of Jacks)
megabaitt: mucks hand
MTails collected $59.50 from pot
*** SUMMARY ***
Total pot $60 | Rake $0.50
Board [5h 7h Tc Js 4c]
Seat 2: megabaitt (big blind) mucked
Seat 10: MTails (button) (small blind) showed [Jd Qd] and won ($59.50) with a pair of Jacks


PokerStars Hand #167235618158:  Hold'em Limit ($3/$6 USD) - 2017/03/07 4:15:46 ET
Table 'Elektra' 10-max Seat #2 is the button
Seat 2: megabaitt ($68.50 in chips)
Seat 10: MTails ($161.26 in chips)
megabaitt: posts small blind $1
MTails: posts big blind $3
*** HOLE CARDS ***
megabaitt: raises $3 to $6
MTails: calls $3
*** FLOP *** [Kd 5c Ac]
MTails: checks
megabaitt: bets $3
MTails: folds
Uncalled bet ($3) returned to megabaitt
megabaitt collected $11.76 from pot
megabaitt: doesn't show hand
*** SUMMARY ***
Total pot $12 | Rake $0.24
Board [Kd 5c Ac]
Seat 2: megabaitt (button) (small blind) collected ($11.76)
Seat 10: MTails (big blind) folded on the Flop


PokerStars Hand #167235613441:  Hold'em Limit ($3/$6 USD) - 2017/03/07 4:15:32 ET
Table 'Elektra' 10-max Seat #10 is the button
Seat 2: megabaitt ($74.50 in chips)
Seat 10: MTails ($155.50 in chips)
MTails: posts small blind $1
megabaitt: posts big blind $3
*** HOLE CARDS ***
MTails: raises $3 to $6
megabaitt: calls $3
*** FLOP *** [Qc 2d 6d]
megabaitt: checks
MTails: bets $3
megabaitt: folds
Uncalled bet ($3) returned to MTails
MTails collected $11.76 from pot
*** SUMMARY ***
Total pot $12 | Rake $0.24
Board [Qc 2d 6d]
Seat 2: megabaitt (big blind) folded on the Flop
Seat 10: MTails (button) (small blind) collected ($11.76)


PokerStars Hand #167235606276:  Hold'em Limit ($3/$6 USD) - 2017/03/07 4:15:10 ET
Table 'Elektra' 10-max Seat #2 is the button
Seat 2: megabaitt ($60 in chips)
Seat 10: MTails ($170.50 in chips)
megabaitt: posts small blind $1
MTails: posts big blind $3
*** HOLE CARDS ***
megabaitt: raises $3 to $6
MTails: calls $3
*** FLOP *** [2s Js 8d]
MTails: checks
megabaitt: bets $3
MTails: calls $3
*** TURN *** [2s Js 8d] [5s]
MTails: checks
megabaitt: bets $6
MTails: calls $6
*** RIVER *** [2s Js 8d 5s] [2h]
MTails: checks
megabaitt: checks
*** SHOW DOWN ***
MTails: shows [Th 7d] (a pair of Deuces)
megabaitt: shows [Ah 9s] (a pair of Deuces - Ace kicker)
megabaitt collected $29.50 from pot
*** SUMMARY ***
Total pot $30 | Rake $0.50
Board [2s Js 8d 5s 2h]
Seat 2: megabaitt (button) (small blind) showed [Ah 9s] and won ($29.50) with a pair of Deuces
Seat 10: MTails (big blind) showed [Th 7d] and lost with a pair of Deuces


PokerStars Hand #167235622429:  Hold'em Limit ($3/$6 USD) - 2017/03/07 4:15:58 ET
Table 'Elektra' 10-max Seat #10 is the button
Seat 2: megabaitt ($74.26 in chips)
Seat 10: MTails ($155.26 in chips)
MTails: posts small blind $1
megabaitt: posts big blind $3
*** HOLE CARDS ***
MTails: raises $3 to $6
megabaitt: calls $3
*** FLOP *** [Qs Jd 8c]
megabaitt: checks
MTails: bets $3
megabaitt: folds
Uncalled bet ($3) returned to MTails
MTails collected $11.76 from pot
*** SUMMARY ***
Total pot $12 | Rake $0.24
Board [Qs Jd 8c]
Seat 2: megabaitt (big blind) folded on the Flop
Seat 10: MTails (button) (small blind) collected ($11.76)


PokerStars Hand #167235626885:  Hold'em Limit ($3/$6 USD) - 2017/03/07 4:16:12 ET
Table 'Elektra' 10-max Seat #2 is the button
Seat 2: megabaitt ($68.26 in chips)
Seat 10: MTails ($161.02 in chips)
megabaitt: posts small blind $1
MTails: posts big blind $3
*** HOLE CARDS ***
megabaitt: raises $3 to $6
MTails: raises $3 to $9
megabaitt: raises $3 to $12
Betting is capped
MTails: calls $3
*** FLOP *** [5d Js 7h]
MTails: checks
megabaitt: bets $3
MTails: calls $3
*** TURN *** [5d Js 7h] [Kc]
MTails: checks
megabaitt: bets $6
MTails: calls $6
*** RIVER *** [5d Js 7h Kc] [Kh]
MTails: checks
megabaitt: bets $6
MTails: calls $6
*** SHOW DOWN ***
megabaitt: shows [Jc Ac] (two pair, Kings and Jacks)
MTails: mucks hand
megabaitt collected $53.50 from pot
*** SUMMARY ***
Total pot $54 | Rake $0.50
Board [5d Js 7h Kc Kh]
Seat 2: megabaitt (button) (small blind) showed [Jc Ac] and won ($53.50) with two pair, Kings and Jacks
Seat 10: MTails (big blind) mucked


PokerStars Hand #167235636651:  Hold'em Limit ($3/$6 USD) - 2017/03/07 4:16:40 ET
Table 'Elektra' 10-max Seat #10 is the button
Seat 2: megabaitt ($94.76 in chips)
Seat 10: MTails ($134.02 in chips)
MTails: posts small blind $1
megabaitt: posts big blind $3
*** HOLE CARDS ***
MTails: raises $3 to $6
megabaitt: calls $3
*** FLOP *** [5h Qs Jc]
megabaitt: checks
MTails: bets $3
megabaitt: calls $3
*** TURN *** [5h Qs Jc] [6h]
megabaitt: checks
MTails: bets $6
megabaitt: calls $6
*** RIVER *** [5h Qs Jc 6h] [Qc]
megabaitt: bets $6
MTails: raises $6 to $12
megabaitt: folds
Uncalled bet ($6) returned to MTails
MTails collected $41.50 from pot
*** SUMMARY ***
Total pot $42 | Rake $0.50
Board [5h Qs Jc 6h Qc]
Seat 2: megabaitt (big blind) folded on the River
Seat 10: MTails (button) (small blind) collected ($41.50)


PokerStars Hand #167235646928:  Hold'em Limit ($3/$6 USD) - 2017/03/07 4:17:10 ET
Table 'Elektra' 10-max Seat #2 is the button
Seat 2: megabaitt ($73.76 in chips)
Seat 10: MTails ($154.52 in chips)
megabaitt: posts small blind $1
MTails: posts big blind $3
*** HOLE CARDS ***
megabaitt: raises $3 to $6
MTails: raises $3 to $9
megabaitt: raises $3 to $12
Betting is capped
MTails: calls $3
*** FLOP *** [Jc 5s Td]
MTails: checks
megabaitt: bets $3
MTails: calls $3
*** TURN *** [Jc 5s Td] [5h]
MTails: checks
megabaitt: bets $6
MTails: raises $6 to $12
megabaitt: calls $6
*** RIVER *** [Jc 5s Td 5h] [9d]
MTails: bets $6
megabaitt: calls $6
*** SHOW DOWN ***
MTails: shows [Th Tc] (a full house, Tens full of Fives)
megabaitt: mucks hand
MTails collected $65.50 from pot
*** SUMMARY ***
Total pot $66 | Rake $0.50
Board [Jc 5s Td 5h 9d]
Seat 2: megabaitt (button) (small blind) mucked
Seat 10: MTails (big blind) showed [Th Tc] and won ($65.50) with a full house, Tens full of Fives


PokerStars Hand #167235675056:  Hold'em Limit ($3/$6 USD) - 2017/03/07 4:18:32 ET
Table 'Elektra' 10-max Seat #2 is the button
Seat 2: megabaitt ($74.26 in chips)
Seat 10: MTails ($153.02 in chips)
megabaitt: posts small blind $1
MTails: posts big blind $3
*** HOLE CARDS ***
megabaitt: folds
Uncalled bet ($2) returned to MTails
MTails collected $2 from pot
*** SUMMARY ***
Total pot $2 | Rake $0
Seat 2: megabaitt (button) (small blind) folded before Flop
Seat 10: MTails (big blind) collected ($2)


PokerStars Hand #167235676884:  Hold'em Limit ($3/$6 USD) - 2017/03/07 4:18:38 ET
Table 'Elektra' 10-max Seat #10 is the button
Seat 2: megabaitt ($73.26 in chips)
Seat 10: MTails ($154.02 in chips)
MTails: posts small blind $1
megabaitt: posts big blind $3
*** HOLE CARDS ***
MTails: raises $3 to $6
megabaitt: calls $3
*** FLOP *** [5h 9h 9c]
megabaitt: checks
MTails: bets $3
megabaitt: folds
Uncalled bet ($3) returned to MTails
MTails collected $11.76 from pot
*** SUMMARY ***
Total pot $12 | Rake $0.24
Board [5h 9h 9c]
Seat 2: megabaitt (big blind) folded on the Flop
Seat 10: MTails (button) (small blind) collected ($11.76)


PokerStars Hand #167235681167:  Hold'em Limit ($3/$6 USD) - 2017/03/07 4:18:51 ET
Table 'Elektra' 10-max Seat #2 is the button
Seat 2: megabaitt ($67.26 in chips)
Seat 10: MTails ($159.78 in chips)
megabaitt: posts small blind $1
MTails: posts big blind $3
*** HOLE CARDS ***
megabaitt: folds
Uncalled bet ($2) returned to MTails
MTails collected $2 from pot
*** SUMMARY ***
Total pot $2 | Rake $0
Seat 2: megabaitt (button) (small blind) folded before Flop
Seat 10: MTails (big blind) collected ($2)


PokerStars Hand #167235669356:  Hold'em Limit ($3/$6 USD) - 2017/03/07 4:18:16 ET
Table 'Elektra' 10-max Seat #10 is the button
Seat 2: megabaitt ($77.26 in chips)
Seat 10: MTails ($150.02 in chips)
MTails: posts small blind $1
megabaitt: posts big blind $3
*** HOLE CARDS ***
MTails: raises $3 to $6
megabaitt: folds
Uncalled bet ($3) returned to MTails
MTails collected $6 from pot
*** SUMMARY ***
Total pot $6 | Rake $0
Seat 2: megabaitt (big blind) folded before Flop
Seat 10: MTails (button) (small blind) collected ($6)


PokerStars Hand #167235658727:  Hold'em Limit ($3/$6 USD) - 2017/03/07 4:17:45 ET
Table 'Elektra' 10-max Seat #2 is the button
Seat 2: megabaitt ($41.76 in chips)
Seat 10: MTails ($186.02 in chips)
megabaitt: posts small blind $1
MTails: posts big blind $3
*** HOLE CARDS ***
megabaitt: raises $3 to $6
MTails: calls $3
*** FLOP *** [3d Ks 5s]
MTails: checks
megabaitt: bets $3
MTails: raises $3 to $6
megabaitt: raises $3 to $9
MTails: raises $3 to $12
Betting is capped
megabaitt: calls $3
*** TURN *** [3d Ks 5s] [9c]
MTails: bets $6
megabaitt: calls $6
*** RIVER *** [3d Ks 5s 9c] [2c]
MTails: bets $6
megabaitt: raises $6 to $12
MTails: calls $6
*** SHOW DOWN ***
megabaitt: shows [Ac 4d] (a straight, Ace to Five)
MTails: mucks hand
megabaitt collected $71.50 from pot
*** SUMMARY ***
Total pot $72 | Rake $0.50
Board [3d Ks 5s 9c 2c]
Seat 2: megabaitt (button) (small blind) showed [Ac 4d] and won ($71.50) with a straight, Ace to Five
Seat 10: MTails (big blind) mucked


PokerStars Hand #167235702148:  Hold'em Limit ($3/$6 USD) - 2017/03/07 4:19:53 ET
Table 'Elektra' 10-max Seat #2 is the button
Seat 2: megabaitt ($32.26 in chips)
Seat 10: MTails ($193.92 in chips)
megabaitt: posts small blind $1
MTails: posts big blind $3
*** HOLE CARDS ***
megabaitt: folds
Uncalled bet ($2) returned to MTails
MTails collected $2 from pot
MTails: doesn't show hand
*** SUMMARY ***
Total pot $2 | Rake $0
Seat 2: megabaitt (button) (small blind) folded before Flop
Seat 10: MTails (big blind) collected ($2)


PokerStars Hand #167235692255:  Hold'em Limit ($3/$6 USD) - 2017/03/07 4:19:24 ET
Table 'Elektra' 10-max Seat #10 is the button
Seat 2: megabaitt ($56.26 in chips)
Seat 10: MTails ($170.42 in chips)
MTails: posts small blind $1
megabaitt: posts big blind $3
*** HOLE CARDS ***
MTails: raises $3 to $6
megabaitt: calls $3
*** FLOP *** [Ah 5s 5h]
megabaitt: checks
MTails: bets $3
megabaitt: raises $3 to $6
MTails: raises $3 to $9
megabaitt: raises $3 to $12
Betting is capped
MTails: calls $3
*** TURN *** [Ah 5s 5h] [2c]
megabaitt: bets $6
MTails: raises $6 to $12
megabaitt: folds
Uncalled bet ($6) returned to MTails
MTails collected $47.50 from pot
*** SUMMARY ***
Total pot $48 | Rake $0.50
Board [Ah 5s 5h 2c]
Seat 2: megabaitt (big blind) folded on the Turn
Seat 10: MTails (button) (small blind) collected ($47.50)


PokerStars Hand #167235690352:  Hold'em Limit ($3/$6 USD) - 2017/03/07 4:19:18 ET
Table 'Elektra' 10-max Seat #2 is the button
Seat 2: megabaitt ($57.26 in chips)
Seat 10: MTails ($169.42 in chips)
megabaitt: posts small blind $1
MTails: posts big blind $3
*** HOLE CARDS ***
megabaitt: folds
Uncalled bet ($2) returned to MTails
MTails collected $2 from pot
MTails: doesn't show hand
*** SUMMARY ***
Total pot $2 | Rake $0
Seat 2: megabaitt (button) (small blind) folded before Flop
Seat 10: MTails (big blind) collected ($2)


PokerStars Hand #167235683044:  Hold'em Limit ($3/$6 USD) - 2017/03/07 4:18:56 ET
Table 'Elektra' 10-max Seat #10 is the button
Seat 2: megabaitt ($66.26 in chips)
Seat 10: MTails ($160.78 in chips)
MTails: posts small blind $1
megabaitt: posts big blind $3
*** HOLE CARDS ***
MTails: raises $3 to $6
megabaitt: calls $3
*** FLOP *** [3s 2d 5c]
megabaitt: checks
MTails: bets $3
megabaitt: calls $3
*** TURN *** [3s 2d 5c] [Jc]
megabaitt: checks
MTails: bets $6
megabaitt: folds
Uncalled bet ($6) returned to MTails
MTails collected $17.64 from pot
*** SUMMARY ***
Total pot $18 | Rake $0.36
Board [3s 2d 5c Jc]
Seat 2: megabaitt (big blind) folded on the Turn
Seat 10: MTails (button) (small blind) collected ($17.64)


PokerStars Hand #167235714386:  Hold'em Limit ($3/$6 USD) - 2017/03/07 4:20:29 ET
Table 'Elektra' 10-max Seat #2 is the button
Seat 2: megabaitt ($4.26 in chips)
Seat 10: MTails ($221.42 in chips)
megabaitt: posts small blind $1
MTails: posts big blind $3
*** HOLE CARDS ***
megabaitt: raises $1.26 to $4.26 and is all-in
MTails: calls $1.26
*** FLOP *** [Jh Th Tc]
*** TURN *** [Jh Th Tc] [Ad]
*** RIVER *** [Jh Th Tc Ad] [3s]
*** SHOW DOWN ***
MTails: shows [2d 3c] (two pair, Tens and Threes)
megabaitt: shows [6s 9s] (a pair of Tens)
MTails collected $8.35 from pot
*** SUMMARY ***
Total pot $8.52 | Rake $0.17
Board [Jh Th Tc Ad 3s]
Seat 2: megabaitt (button) (small blind) showed [6s 9s] and lost with a pair of Tens
Seat 10: MTails (big blind) showed [2d 3c] and won ($8.35) with two pair, Tens and Threes


PokerStars Hand #167235703930:  Hold'em Limit ($3/$6 USD) - 2017/03/07 4:19:58 ET
Table 'Elektra' 10-max Seat #10 is the button
Seat 2: megabaitt ($31.26 in chips)
Seat 10: MTails ($194.92 in chips)
MTails: posts small blind $1
megabaitt: posts big blind $3
*** HOLE CARDS ***
MTails: raises $3 to $6
megabaitt: calls $3
*** FLOP *** [7d 5d Ac]
megabaitt: checks
MTails: bets $3
megabaitt: calls $3
*** TURN *** [7d 5d Ac] [6c]
megabaitt: checks
MTails: bets $6
megabaitt: raises $6 to $12
MTails: calls $6
*** RIVER *** [7d 5d Ac 6c] [6s]
megabaitt: bets $6
MTails: calls $6
*** SHOW DOWN ***
megabaitt: shows [3c 5c] (two pair, Sixes and Fives)
MTails: shows [Kh As] (two pair, Aces and Sixes)
MTails collected $53.50 from pot
*** SUMMARY ***
Total pot $54 | Rake $0.50
Board [7d 5d Ac 6c 6s]
Seat 2: megabaitt (big blind) showed [3c 5c] and lost with two pair, Sixes and Fives
Seat 10: MTails (button) (small blind) showed [Kh As] and won ($53.50) with two pair, Aces and Sixes


