PokerStars Hand #148033701765:  Hold'em Limit ($3/$6 USD) - 2016/01/31 22:35:12 ET
Table 'Elektra' 6-max Seat #4 is the button
Seat 3: ruthless848 ($123 in chips)
Seat 4: AzureCaper ($72 in chips)
AzureCaper: posts small blind $1
ruthless848: posts big blind $3
*** HOLE CARDS ***
AzureCaper: folds
Uncalled bet ($2) returned to ruthless848
ruthless848 collected $2 from pot
ruthless848: doesn't show hand
*** SUMMARY ***
Total pot $2 | Rake $0
Seat 3: ruthless848 (big blind) collected ($2)
Seat 4: AzureCaper (button) (small blind) folded before Flop


PokerStars Hand #148033695803:  Hold'em Limit ($3/$6 USD) - 2016/01/31 22:34:56 ET
Table 'Elektra' 6-max Seat #3 is the button
Seat 3: ruthless848 ($120 in chips)
Seat 4: AzureCaper ($72 in chips)
ruthless848: posts small blind $1
AzureCaper: posts big blind $3
*** HOLE CARDS ***
ruthless848: raises $3 to $6
AzureCaper: folds
Uncalled bet ($3) returned to ruthless848
ruthless848 collected $6 from pot
ruthless848: doesn't show hand
*** SUMMARY ***
Total pot $6 | Rake $0
Seat 3: ruthless848 (button) (small blind) collected ($6)
Seat 4: AzureCaper (big blind) folded before Flop


PokerStars Hand #148033719136:  Hold'em Limit ($3/$6 USD) - 2016/01/31 22:35:59 ET
Table 'Elektra' 6-max Seat #3 is the button
Seat 3: ruthless848 ($141.50 in chips)
Seat 4: AzureCaper ($72 in chips)
ruthless848: posts small blind $1
AzureCaper: posts big blind $3
*** HOLE CARDS ***
ruthless848: raises $3 to $6
AzureCaper: folds
Uncalled bet ($3) returned to ruthless848
ruthless848 collected $6 from pot
ruthless848: doesn't show hand
*** SUMMARY ***
Total pot $6 | Rake $0
Seat 3: ruthless848 (button) (small blind) collected ($6)
Seat 4: AzureCaper (big blind) folded before Flop


PokerStars Hand #148033706351:  Hold'em Limit ($3/$6 USD) - 2016/01/31 22:35:24 ET
Table 'Elektra' 6-max Seat #4 is the button
Seat 3: ruthless848 ($127 in chips)
Seat 4: AzureCaper ($72 in chips)
AzureCaper: posts small blind $1
ruthless848: posts big blind $3
*** HOLE CARDS ***
AzureCaper: raises $3 to $6
LWNS joins the table at seat #5
ruthless848: calls $3
*** FLOP *** [Kh Qs 9d]
ruthless848: checks
AzureCaper: bets $3
ruthless848: calls $3
*** TURN *** [Kh Qs 9d] [9h]
ruthless848: checks
AzureCaper: checks
*** RIVER *** [Kh Qs 9d 9h] [2c]
ruthless848: bets $6
AzureCaper: calls $6
*** SHOW DOWN ***
ruthless848: shows [5h Kd] (two pair, Kings and Nines)
AzureCaper: mucks hand
ruthless848 collected $29.50 from pot
*** SUMMARY ***
Total pot $30 | Rake $0.50
Board [Kh Qs 9d 9h 2c]
Seat 3: ruthless848 (big blind) showed [5h Kd] and won ($29.50) with two pair, Kings and Nines
Seat 4: AzureCaper (button) (small blind) mucked


PokerStars Hand #148033703425:  Hold'em Limit ($3/$6 USD) - 2016/01/31 22:35:16 ET
Table 'Elektra' 6-max Seat #3 is the button
Seat 3: ruthless848 ($124 in chips)
Seat 4: AzureCaper ($72 in chips)
ruthless848: posts small blind $1
AzureCaper: posts big blind $3
*** HOLE CARDS ***
ruthless848: raises $3 to $6
AzureCaper: folds
Uncalled bet ($3) returned to ruthless848
ruthless848 collected $6 from pot
ruthless848: doesn't show hand
*** SUMMARY ***
Total pot $6 | Rake $0
Seat 3: ruthless848 (button) (small blind) collected ($6)
Seat 4: AzureCaper (big blind) folded before Flop


PokerStars Hand #148033745200:  Hold'em Limit ($3/$6 USD) - 2016/01/31 22:37:10 ET
Table 'Elektra' 6-max Seat #5 is the button
Seat 3: ruthless848 ($125.50 in chips)
Seat 5: LWNS ($70.92 in chips)
LWNS: posts small blind $1
ruthless848: posts big blind $3
*** HOLE CARDS ***
LWNS: raises $3 to $6
ruthless848: folds
Uncalled bet ($3) returned to LWNS
LWNS collected $6 from pot
LWNS: doesn't show hand
*** SUMMARY ***
Total pot $6 | Rake $0
Seat 3: ruthless848 (big blind) folded before Flop
Seat 5: LWNS (button) (small blind) collected ($6)


PokerStars Hand #148033742569:  Hold'em Limit ($3/$6 USD) - 2016/01/31 22:37:03 ET
Table 'Elektra' 6-max Seat #3 is the button
Seat 3: ruthless848 ($126.50 in chips)
Seat 5: LWNS ($69.92 in chips)
ruthless848: posts small blind $1
LWNS: posts big blind $3
*** HOLE CARDS ***
ruthless848: folds
Uncalled bet ($2) returned to LWNS
LWNS collected $2 from pot
LWNS: doesn't show hand
*** SUMMARY ***
Total pot $2 | Rake $0
Seat 3: ruthless848 (button) (small blind) folded before Flop
Seat 5: LWNS (big blind) collected ($2)


PokerStars Hand #148033747875:  Hold'em Limit ($3/$6 USD) - 2016/01/31 22:37:17 ET
Table 'Elektra' 6-max Seat #3 is the button
Seat 3: ruthless848 ($122.50 in chips)
Seat 5: LWNS ($73.92 in chips)
ruthless848: posts small blind $1
LWNS: posts big blind $3
*** HOLE CARDS ***
ruthless848: raises $3 to $6
LWNS: raises $3 to $9
ruthless848: raises $3 to $12
Betting is capped
LWNS: calls $3
*** FLOP *** [Js Jh Ah]
LWNS: checks
ruthless848: bets $3
LWNS: calls $3
*** TURN *** [Js Jh Ah] [2s]
LWNS: checks
ruthless848: checks
*** RIVER *** [Js Jh Ah 2s] [5d]
LWNS: bets $6
ruthless848: folds
Uncalled bet ($6) returned to LWNS
LWNS collected $29.50 from pot
LWNS: doesn't show hand
*** SUMMARY ***
Total pot $30 | Rake $0.50
Board [Js Jh Ah 2s 5d]
Seat 3: ruthless848 (button) (small blind) folded on the River
Seat 5: LWNS (big blind) collected ($29.50)


