PokerStars Hand #167838937551:  Hold'em Limit ($3/$6 USD) - 2017/03/19 23:09:30 ET
Table 'Eleonora' 6-max Seat #4 is the button
Seat 3: KingYang2008 ($108 in chips)
Seat 4: AzureCaper ($83.40 in chips)
AzureCaper: posts small blind $1
KingYang2008: posts big blind $3
*** HOLE CARDS ***
AzureCaper: folds
Uncalled bet ($2) returned to KingYang2008
KingYang2008 collected $2 from pot
KingYang2008: doesn't show hand
*** SUMMARY ***
Total pot $2 | Rake $0
Seat 3: KingYang2008 (big blind) collected ($2)
Seat 4: AzureCaper (button) (small blind) folded before Flop


PokerStars Hand #167838934758:  Hold'em Limit ($3/$6 USD) - 2017/03/19 23:09:21 ET
Table 'Eleonora' 6-max Seat #3 is the button
Seat 3: KingYang2008 ($105 in chips)
Seat 4: AzureCaper ($86.40 in chips)
KingYang2008: posts small blind $1
AzureCaper: posts big blind $3
*** HOLE CARDS ***
KingYang2008: raises $3 to $6
AzureCaper: folds
Uncalled bet ($3) returned to KingYang2008
KingYang2008 collected $6 from pot
KingYang2008: doesn't show hand
*** SUMMARY ***
Total pot $6 | Rake $0
Seat 3: KingYang2008 (button) (small blind) collected ($6)
Seat 4: AzureCaper (big blind) folded before Flop


PokerStars Hand #167838927532:  Hold'em Limit ($3/$6 USD) - 2017/03/19 23:08:59 ET
Table 'Eleonora' 6-max Seat #4 is the button
Seat 3: KingYang2008 ($114 in chips)
Seat 4: AzureCaper ($77.76 in chips)
AzureCaper: posts small blind $1
KingYang2008: posts big blind $3
*** HOLE CARDS ***
AzureCaper: raises $3 to $6
KingYang2008: calls $3
*** FLOP *** [7h 6h 5c]
KingYang2008: checks
AzureCaper: bets $3
KingYang2008: calls $3
*** TURN *** [7h 6h 5c] [9c]
KingYang2008: checks
AzureCaper: bets $6
KingYang2008: folds
Uncalled bet ($6) returned to AzureCaper
AzureCaper collected $17.64 from pot
AzureCaper: doesn't show hand
*** SUMMARY ***
Total pot $18 | Rake $0.36
Board [7h 6h 5c 9c]
Seat 3: KingYang2008 (big blind) folded on the Turn
Seat 4: AzureCaper (button) (small blind) collected ($17.64)


PokerStars Hand #167838961427:  Hold'em Limit ($3/$6 USD) - 2017/03/19 23:10:42 ET
Table 'Eleonora' 6-max Seat #4 is the button
Seat 3: KingYang2008 ($115.50 in chips)
Seat 4: AzureCaper ($74.90 in chips)
AzureCaper: posts small blind $1
KingYang2008: posts big blind $3
*** HOLE CARDS ***
AzureCaper: folds
Uncalled bet ($2) returned to KingYang2008
KingYang2008 collected $2 from pot
KingYang2008: doesn't show hand
*** SUMMARY ***
Total pot $2 | Rake $0
Seat 3: KingYang2008 (big blind) collected ($2)
Seat 4: AzureCaper (button) (small blind) folded before Flop


PokerStars Hand #167838950428:  Hold'em Limit ($3/$6 USD) - 2017/03/19 23:10:09 ET
Table 'Eleonora' 6-max Seat #3 is the button
Seat 3: KingYang2008 ($86 in chips)
Seat 4: AzureCaper ($104.90 in chips)
KingYang2008: posts small blind $1
AzureCaper: posts big blind $3
*** HOLE CARDS ***
KingYang2008: raises $3 to $6
AzureCaper: calls $3
*** FLOP *** [5s As 2d]
AzureCaper: checks
KingYang2008: bets $3
AzureCaper: raises $3 to $6
KingYang2008: calls $3
*** TURN *** [5s As 2d] [3d]
AzureCaper: bets $6
KingYang2008: raises $6 to $12
AzureCaper: calls $6
*** RIVER *** [5s As 2d 3d] [Jd]
AzureCaper: checks
KingYang2008: bets $6
AzureCaper: calls $6
*** SHOW DOWN ***
KingYang2008: shows [4s Jc] (a straight, Ace to Five)
AzureCaper: mucks hand
KingYang2008 collected $59.50 from pot
*** SUMMARY ***
Total pot $60 | Rake $0.50
Board [5s As 2d 3d Jd]
Seat 3: KingYang2008 (button) (small blind) showed [4s Jc] and won ($59.50) with a straight, Ace to Five
Seat 4: AzureCaper (big blind) mucked


PokerStars Hand #167838948813:  Hold'em Limit ($3/$6 USD) - 2017/03/19 23:10:03 ET
Table 'Eleonora' 6-max Seat #4 is the button
Seat 3: KingYang2008 ($85 in chips)
Seat 4: AzureCaper ($105.90 in chips)
AzureCaper: posts small blind $1
KingYang2008: posts big blind $3
*** HOLE CARDS ***
AzureCaper: folds
Uncalled bet ($2) returned to KingYang2008
KingYang2008 collected $2 from pot
KingYang2008: doesn't show hand
*** SUMMARY ***
Total pot $2 | Rake $0
Seat 3: KingYang2008 (big blind) collected ($2)
Seat 4: AzureCaper (button) (small blind) folded before Flop


PokerStars Hand #167838939249:  Hold'em Limit ($3/$6 USD) - 2017/03/19 23:09:35 ET
Table 'Eleonora' 6-max Seat #3 is the button
Seat 3: KingYang2008 ($109 in chips)
Seat 4: AzureCaper ($82.40 in chips)
KingYang2008: posts small blind $1
AzureCaper: posts big blind $3
*** HOLE CARDS ***
KingYang2008: raises $3 to $6
AzureCaper: raises $3 to $9
KingYang2008: calls $3
*** FLOP *** [9c Qh Js]
AzureCaper: bets $3
KingYang2008: calls $3
*** TURN *** [9c Qh Js] [3c]
AzureCaper: bets $6
KingYang2008: calls $6
*** RIVER *** [9c Qh Js 3c] [7d]
AzureCaper: bets $6
KingYang2008: calls $6
*** SHOW DOWN ***
AzureCaper: shows [Kd Ks] (a pair of Kings)
KingYang2008: mucks hand
AzureCaper collected $47.50 from pot
*** SUMMARY ***
Total pot $48 | Rake $0.50
Board [9c Qh Js 3c 7d]
Seat 3: KingYang2008 (button) (small blind) mucked
Seat 4: AzureCaper (big blind) showed [Kd Ks] and won ($47.50) with a pair of Kings


PokerStars Hand #167838978049:  Hold'em Limit ($3/$6 USD) - 2017/03/19 23:11:32 ET
Table 'Eleonora' 6-max Seat #4 is the button
Seat 3: KingYang2008 ($137 in chips)
Seat 4: AzureCaper ($73 in chips)
AzureCaper: posts small blind $1
KingYang2008: posts big blind $3
*** HOLE CARDS ***
AzureCaper: folds
Uncalled bet ($2) returned to KingYang2008
KingYang2008 collected $2 from pot
KingYang2008: doesn't show hand
*** SUMMARY ***
Total pot $2 | Rake $0
Seat 3: KingYang2008 (big blind) collected ($2)
Seat 4: AzureCaper (button) (small blind) folded before Flop


PokerStars Hand #167838976352:  Hold'em Limit ($3/$6 USD) - 2017/03/19 23:11:27 ET
Table 'Eleonora' 6-max Seat #3 is the button
Seat 3: KingYang2008 ($138 in chips)
Seat 4: AzureCaper ($72 in chips)
KingYang2008: posts small blind $1
AzureCaper: posts big blind $3
*** HOLE CARDS ***
KingYang2008: folds
Uncalled bet ($2) returned to AzureCaper
AzureCaper collected $2 from pot
AzureCaper: doesn't show hand
*** SUMMARY ***
Total pot $2 | Rake $0
Seat 3: KingYang2008 (button) (small blind) folded before Flop
Seat 4: AzureCaper (big blind) collected ($2)


PokerStars Hand #167838974604:  Hold'em Limit ($3/$6 USD) - 2017/03/19 23:11:22 ET
Table 'Eleonora' 6-max Seat #4 is the button
Seat 3: KingYang2008 ($137 in chips)
Seat 4: AzureCaper ($72 in chips)
AzureCaper: posts small blind $1
KingYang2008: posts big blind $3
*** HOLE CARDS ***
AzureCaper: folds
Uncalled bet ($2) returned to KingYang2008
KingYang2008 collected $2 from pot
KingYang2008: doesn't show hand
*** SUMMARY ***
Total pot $2 | Rake $0
Seat 3: KingYang2008 (big blind) collected ($2)
Seat 4: AzureCaper (button) (small blind) folded before Flop


PokerStars Hand #167838963239:  Hold'em Limit ($3/$6 USD) - 2017/03/19 23:10:48 ET
Table 'Eleonora' 6-max Seat #3 is the button
Seat 3: KingYang2008 ($116.50 in chips)
Seat 4: AzureCaper ($73.90 in chips)
KingYang2008: posts small blind $1
AzureCaper: posts big blind $3
*** HOLE CARDS ***
KingYang2008: raises $3 to $6
AzureCaper: calls $3
*** FLOP *** [8s 6s 8c]
AzureCaper: checks
KingYang2008: bets $3
AzureCaper: calls $3
*** TURN *** [8s 6s 8c] [9d]
AzureCaper: checks
KingYang2008: bets $6
AzureCaper: calls $6
*** RIVER *** [8s 6s 8c 9d] [2h]
AzureCaper: checks
KingYang2008: bets $6
AzureCaper: calls $6
*** SHOW DOWN ***
KingYang2008: shows [As Ah] (two pair, Aces and Eights)
AzureCaper: mucks hand
KingYang2008 collected $41.50 from pot
*** SUMMARY ***
Total pot $42 | Rake $0.50
Board [8s 6s 8c 9d 2h]
Seat 3: KingYang2008 (button) (small blind) showed [As Ah] and won ($41.50) with two pair, Aces and Eights
Seat 4: AzureCaper (big blind) mucked


PokerStars Hand #167838988207:  Hold'em Limit ($3/$6 USD) - 2017/03/19 23:12:03 ET
Table 'Eleonora' 6-max Seat #3 is the button
Seat 3: KingYang2008 ($123 in chips)
Seat 4: AzureCaper ($86.52 in chips)
KingYang2008: posts small blind $1
AzureCaper: posts big blind $3
*** HOLE CARDS ***
KingYang2008: raises $3 to $6
AzureCaper: raises $3 to $9
KingYang2008: calls $3
*** FLOP *** [5c Th Qh]
AzureCaper: bets $3
KingYang2008: calls $3
*** TURN *** [5c Th Qh] [7s]
AzureCaper: bets $6
KingYang2008: calls $6
*** RIVER *** [5c Th Qh 7s] [Jc]
AzureCaper: bets $6
KingYang2008: calls $6
*** SHOW DOWN ***
AzureCaper: shows [Qd Kd] (a pair of Queens)
KingYang2008: mucks hand
AzureCaper collected $47.50 from pot
*** SUMMARY ***
Total pot $48 | Rake $0.50
Board [5c Th Qh 7s Jc]
Seat 3: KingYang2008 (button) (small blind) mucked
Seat 4: AzureCaper (big blind) showed [Qd Kd] and won ($47.50) with a pair of Queens


PokerStars Hand #167838986208:  Hold'em Limit ($3/$6 USD) - 2017/03/19 23:11:57 ET
Table 'Eleonora' 6-max Seat #4 is the button
Seat 3: KingYang2008 ($126 in chips)
Seat 4: AzureCaper ($83.52 in chips)
AzureCaper: posts small blind $1
KingYang2008: posts big blind $3
*** HOLE CARDS ***
AzureCaper: raises $3 to $6
KingYang2008: folds
Uncalled bet ($3) returned to AzureCaper
AzureCaper collected $6 from pot
AzureCaper: doesn't show hand
*** SUMMARY ***
Total pot $6 | Rake $0
Seat 3: KingYang2008 (big blind) folded before Flop
Seat 4: AzureCaper (button) (small blind) collected ($6)


PokerStars Hand #167838979697:  Hold'em Limit ($3/$6 USD) - 2017/03/19 23:11:37 ET
Table 'Eleonora' 6-max Seat #3 is the button
Seat 3: KingYang2008 ($138 in chips)
Seat 4: AzureCaper ($72 in chips)
KingYang2008: posts small blind $1
AzureCaper: posts big blind $3
*** HOLE CARDS ***
KingYang2008: raises $3 to $6
AzureCaper: calls $3
*** FLOP *** [6d Jd Qh]
AzureCaper: checks
KingYang2008: checks
*** TURN *** [6d Jd Qh] [8c]
AzureCaper: bets $6
KingYang2008: calls $6
*** RIVER *** [6d Jd Qh 8c] [6c]
AzureCaper: bets $6
KingYang2008: folds
Uncalled bet ($6) returned to AzureCaper
AzureCaper collected $23.52 from pot
AzureCaper: doesn't show hand
*** SUMMARY ***
Total pot $24 | Rake $0.48
Board [6d Jd Qh 8c 6c]
Seat 3: KingYang2008 (button) (small blind) folded on the River
Seat 4: AzureCaper (big blind) collected ($23.52)


PokerStars Hand #167838996159:  Hold'em Limit ($3/$6 USD) - 2017/03/19 23:12:28 ET
Table 'Eleonora' 6-max Seat #4 is the button
Seat 3: KingYang2008 ($99 in chips)
Seat 4: AzureCaper ($110.02 in chips)
AzureCaper: posts small blind $1
KingYang2008: posts big blind $3
*** HOLE CARDS ***
AzureCaper: folds
Uncalled bet ($2) returned to KingYang2008
KingYang2008 collected $2 from pot
KingYang2008: doesn't show hand
*** SUMMARY ***
Total pot $2 | Rake $0
Seat 3: KingYang2008 (big blind) collected ($2)
Seat 4: AzureCaper (button) (small blind) folded before Flop


PokerStars Hand #167839006477:  Hold'em Limit ($3/$6 USD) - 2017/03/19 23:13:00 ET
Table 'Eleonora' 6-max Seat #4 is the button
Seat 3: KingYang2008 ($73 in chips)
Seat 4: AzureCaper ($135.52 in chips)
AzureCaper: posts small blind $1
KingYang2008: posts big blind $3
*** HOLE CARDS ***
AzureCaper: raises $3 to $6
KingYang2008: calls $3
*** FLOP *** [Qd 4h Jc]
KingYang2008: checks
AzureCaper: bets $3
KingYang2008: folds
Uncalled bet ($3) returned to AzureCaper
AzureCaper collected $11.76 from pot
AzureCaper: doesn't show hand
*** SUMMARY ***
Total pot $12 | Rake $0.24
Board [Qd 4h Jc]
Seat 3: KingYang2008 (big blind) folded on the Flop
Seat 4: AzureCaper (button) (small blind) collected ($11.76)


PokerStars Hand #167838997869:  Hold'em Limit ($3/$6 USD) - 2017/03/19 23:12:33 ET
Table 'Eleonora' 6-max Seat #3 is the button
Seat 3: KingYang2008 ($100 in chips)
Seat 4: AzureCaper ($109.02 in chips)
KingYang2008: posts small blind $1
AzureCaper: posts big blind $3
*** HOLE CARDS ***
KingYang2008: raises $3 to $6
AzureCaper: calls $3
*** FLOP *** [8d 2h 5h]
AzureCaper: checks
KingYang2008: bets $3
AzureCaper: calls $3
*** TURN *** [8d 2h 5h] [Tc]
AzureCaper: checks
KingYang2008: bets $6
AzureCaper: raises $6 to $12
KingYang2008: calls $6
*** RIVER *** [8d 2h 5h Tc] [4c]
AzureCaper: bets $6
KingYang2008: calls $6
*** SHOW DOWN ***
AzureCaper: shows [Js Td] (a pair of Tens)
KingYang2008: mucks hand
AzureCaper collected $53.50 from pot
*** SUMMARY ***
Total pot $54 | Rake $0.50
Board [8d 2h 5h Tc 4c]
Seat 3: KingYang2008 (button) (small blind) mucked
Seat 4: AzureCaper (big blind) showed [Js Td] and won ($53.50) with a pair of Tens


PokerStars Hand #167839010543:  Hold'em Limit ($3/$6 USD) - 2017/03/19 23:13:12 ET
Table 'Eleonora' 6-max Seat #3 is the button
Seat 3: KingYang2008 ($67 in chips)
Seat 4: AzureCaper ($141.28 in chips)
KingYang2008: posts small blind $1
AzureCaper: posts big blind $3
*** HOLE CARDS ***
KingYang2008: folds
Uncalled bet ($2) returned to AzureCaper
AzureCaper collected $2 from pot
AzureCaper: doesn't show hand
*** SUMMARY ***
Total pot $2 | Rake $0
Seat 3: KingYang2008 (button) (small blind) folded before Flop
Seat 4: AzureCaper (big blind) collected ($2)


PokerStars Hand #167839012188:  Hold'em Limit ($3/$6 USD) - 2017/03/19 23:13:18 ET
Table 'Eleonora' 6-max Seat #4 is the button
Seat 3: KingYang2008 ($66 in chips)
Seat 4: AzureCaper ($142.28 in chips)
AzureCaper: posts small blind $1
KingYang2008: posts big blind $3
*** HOLE CARDS ***
AzureCaper: folds
Uncalled bet ($2) returned to KingYang2008
KingYang2008 collected $2 from pot
KingYang2008: doesn't show hand
*** SUMMARY ***
Total pot $2 | Rake $0
Seat 3: KingYang2008 (big blind) collected ($2)
Seat 4: AzureCaper (button) (small blind) folded before Flop


PokerStars Hand #167839023868:  Hold'em Limit ($3/$6 USD) - 2017/03/19 23:13:54 ET
Table 'Eleonora' 6-max Seat #4 is the button
Seat 3: KingYang2008 ($78.52 in chips)
Seat 4: AzureCaper ($129.28 in chips)
AzureCaper: posts small blind $1
KingYang2008: posts big blind $3
*** HOLE CARDS ***
AzureCaper: folds
Uncalled bet ($2) returned to KingYang2008
KingYang2008 collected $2 from pot
KingYang2008: doesn't show hand
*** SUMMARY ***
Total pot $2 | Rake $0
Seat 3: KingYang2008 (big blind) collected ($2)
Seat 4: AzureCaper (button) (small blind) folded before Flop


PokerStars Hand #167839013776:  Hold'em Limit ($3/$6 USD) - 2017/03/19 23:13:23 ET
Table 'Eleonora' 6-max Seat #3 is the button
Seat 3: KingYang2008 ($67 in chips)
Seat 4: AzureCaper ($141.28 in chips)
KingYang2008: posts small blind $1
AzureCaper: posts big blind $3
*** HOLE CARDS ***
KingYang2008: raises $3 to $6
AzureCaper: raises $3 to $9
KingYang2008: calls $3
*** FLOP *** [5s Th 3d]
AzureCaper: bets $3
KingYang2008: calls $3
*** TURN *** [5s Th 3d] [8c]
AzureCaper: checks
KingYang2008: bets $6
AzureCaper: folds
Uncalled bet ($6) returned to KingYang2008
KingYang2008 collected $23.52 from pot
KingYang2008: doesn't show hand
*** SUMMARY ***
Total pot $24 | Rake $0.48
Board [5s Th 3d 8c]
Seat 3: KingYang2008 (button) (small blind) collected ($23.52)
Seat 4: AzureCaper (big blind) folded on the Turn


PokerStars Hand #167839030201:  Hold'em Limit ($3/$6 USD) - 2017/03/19 23:14:14 ET
Table 'Eleonora' 6-max Seat #4 is the button
Seat 3: KingYang2008 ($82.52 in chips)
Seat 4: AzureCaper ($125.28 in chips)
AzureCaper: posts small blind $1
KingYang2008: posts big blind $3
*** HOLE CARDS ***
AzureCaper: folds
Uncalled bet ($2) returned to KingYang2008
KingYang2008 collected $2 from pot
KingYang2008: doesn't show hand
*** SUMMARY ***
Total pot $2 | Rake $0
Seat 3: KingYang2008 (big blind) collected ($2)
Seat 4: AzureCaper (button) (small blind) folded before Flop


PokerStars Hand #167839026239:  Hold'em Limit ($3/$6 USD) - 2017/03/19 23:14:01 ET
Table 'Eleonora' 6-max Seat #3 is the button
Seat 3: KingYang2008 ($79.52 in chips)
Seat 4: AzureCaper ($128.28 in chips)
KingYang2008: posts small blind $1
AzureCaper: posts big blind $3
*** HOLE CARDS ***
KingYang2008: raises $3 to $6
AzureCaper: folds
Uncalled bet ($3) returned to KingYang2008
KingYang2008 collected $6 from pot
KingYang2008: doesn't show hand
*** SUMMARY ***
Total pot $6 | Rake $0
Seat 3: KingYang2008 (button) (small blind) collected ($6)
Seat 4: AzureCaper (big blind) folded before Flop


PokerStars Hand #167839032312:  Hold'em Limit ($3/$6 USD) - 2017/03/19 23:14:21 ET
Table 'Eleonora' 6-max Seat #3 is the button
Seat 3: KingYang2008 ($83.52 in chips)
Seat 4: AzureCaper ($124.28 in chips)
KingYang2008: posts small blind $1
AzureCaper: posts big blind $3
*** HOLE CARDS ***
KingYang2008: raises $3 to $6
AzureCaper: raises $3 to $9
KingYang2008: calls $3
*** FLOP *** [3d Td 9s]
AzureCaper: bets $3
KingYang2008: raises $3 to $6
AzureCaper: raises $3 to $9
KingYang2008: calls $3
*** TURN *** [3d Td 9s] [5d]
AzureCaper: bets $6
KingYang2008: calls $6
*** RIVER *** [3d Td 9s 5d] [Tc]
AzureCaper: bets $6
KingYang2008: folds
Uncalled bet ($6) returned to AzureCaper
AzureCaper collected $47.50 from pot
AzureCaper: doesn't show hand
*** SUMMARY ***
Total pot $48 | Rake $0.50
Board [3d Td 9s 5d Tc]
Seat 3: KingYang2008 (button) (small blind) folded on the River
Seat 4: AzureCaper (big blind) collected ($47.50)


PokerStars Hand #167839045855:  Hold'em Limit ($3/$6 USD) - 2017/03/19 23:15:03 ET
Table 'Eleonora' 6-max Seat #4 is the button
Seat 3: KingYang2008 ($59.52 in chips)
Seat 4: AzureCaper ($147.78 in chips)
AzureCaper: posts small blind $1
KingYang2008: posts big blind $3
*** HOLE CARDS ***
AzureCaper: folds
Uncalled bet ($2) returned to KingYang2008
KingYang2008 collected $2 from pot
KingYang2008: doesn't show hand
*** SUMMARY ***
Total pot $2 | Rake $0
Seat 3: KingYang2008 (big blind) collected ($2)
Seat 4: AzureCaper (button) (small blind) folded before Flop


PokerStars Hand #167839052834:  Hold'em Limit ($3/$6 USD) - 2017/03/19 23:15:24 ET
Table 'Eleonora' 6-max Seat #4 is the button
Seat 3: KingYang2008 ($51.52 in chips)
Seat 4: AzureCaper ($155.42 in chips)
AzureCaper: posts small blind $1
KingYang2008: posts big blind $3
*** HOLE CARDS ***
AzureCaper: folds
Uncalled bet ($2) returned to KingYang2008
KingYang2008 collected $2 from pot
KingYang2008: doesn't show hand
*** SUMMARY ***
Total pot $2 | Rake $0
Seat 3: KingYang2008 (big blind) collected ($2)
Seat 4: AzureCaper (button) (small blind) folded before Flop


PokerStars Hand #167839047564:  Hold'em Limit ($3/$6 USD) - 2017/03/19 23:15:08 ET
Table 'Eleonora' 6-max Seat #3 is the button
Seat 3: KingYang2008 ($60.52 in chips)
Seat 4: AzureCaper ($146.78 in chips)
KingYang2008: posts small blind $1
AzureCaper: posts big blind $3
*** HOLE CARDS ***
KingYang2008: raises $3 to $6
AzureCaper: calls $3
*** FLOP *** [8d 3c 9d]
AzureCaper: checks
KingYang2008: bets $3
AzureCaper: raises $3 to $6
KingYang2008: folds
Uncalled bet ($3) returned to AzureCaper
AzureCaper collected $17.64 from pot
AzureCaper: doesn't show hand
*** SUMMARY ***
Total pot $18 | Rake $0.36
Board [8d 3c 9d]
Seat 3: KingYang2008 (button) (small blind) folded on the Flop
Seat 4: AzureCaper (big blind) collected ($17.64)


PokerStars Hand #167839054458:  Hold'em Limit ($3/$6 USD) - 2017/03/19 23:15:29 ET
Table 'Eleonora' 6-max Seat #3 is the button
Seat 3: KingYang2008 ($52.52 in chips)
Seat 4: AzureCaper ($154.42 in chips)
KingYang2008: posts small blind $1
AzureCaper: posts big blind $3
*** HOLE CARDS ***
KingYang2008: raises $3 to $6
AzureCaper: calls $3
*** FLOP *** [7c 3h 3c]
AzureCaper: checks
KingYang2008: bets $3
AzureCaper: raises $3 to $6
KingYang2008: calls $3
*** TURN *** [7c 3h 3c] [Kd]
AzureCaper: bets $6
clickmehot joins the table at seat #2
KingYang2008: calls $6
*** RIVER *** [7c 3h 3c Kd] [2d]
AzureCaper: bets $6
KingYang2008: calls $6
*** SHOW DOWN ***
AzureCaper: shows [5h 7d] (two pair, Sevens and Threes)
KingYang2008: shows [Ts Td] (two pair, Tens and Threes)
KingYang2008 collected $47.50 from pot
*** SUMMARY ***
Total pot $48 | Rake $0.50
Board [7c 3h 3c Kd 2d]
Seat 3: KingYang2008 (button) (small blind) showed [Ts Td] and won ($47.50) with two pair, Tens and Threes
Seat 4: AzureCaper (big blind) showed [5h 7d] and lost with two pair, Sevens and Threes


PokerStars Hand #167839085747:  Hold'em Limit ($3/$6 USD) - 2017/03/19 23:17:07 ET
Table 'Eleonora' 6-max Seat #2 is the button
Seat 2: clickmehot ($88.83 in chips)
Seat 4: AzureCaper ($133.42 in chips)
clickmehot: posts small blind $1
AzureCaper: posts big blind $3
*** HOLE CARDS ***
KingYang2008 leaves the table
clickmehot: calls $2
AzureCaper: checks
*** FLOP *** [Jd 4h 4c]
AzureCaper: bets $3
clickmehot: calls $3
*** TURN *** [Jd 4h 4c] [Qd]
AzureCaper: bets $6
clickmehot: calls $6
*** RIVER *** [Jd 4h 4c Qd] [Ac]
AzureCaper: bets $6
clickmehot: calls $6
*** SHOW DOWN ***
AzureCaper: shows [6d 4d] (three of a kind, Fours)
clickmehot: mucks hand
AzureCaper collected $35.50 from pot
*** SUMMARY ***
Total pot $36 | Rake $0.50
Board [Jd 4h 4c Qd Ac]
Seat 2: clickmehot (button) (small blind) mucked
Seat 4: AzureCaper (big blind) showed [6d 4d] and won ($35.50) with three of a kind, Fours


PokerStars Hand #167839100266:  Hold'em Limit ($3/$6 USD) - 2017/03/19 23:17:53 ET
Table 'Eleonora' 6-max Seat #4 is the button
Seat 2: clickmehot ($70.83 in chips)
Seat 4: AzureCaper ($150.92 in chips)
AzureCaper: posts small blind $1
clickmehot: posts big blind $3
*** HOLE CARDS ***
AzureCaper: folds
Uncalled bet ($2) returned to clickmehot
clickmehot collected $2 from pot
clickmehot: doesn't show hand
*** SUMMARY ***
Total pot $2 | Rake $0
Seat 2: clickmehot (big blind) collected ($2)
Seat 4: AzureCaper (button) (small blind) folded before Flop


PokerStars Hand #167839102516:  Hold'em Limit ($3/$6 USD) - 2017/03/19 23:18:00 ET
Table 'Eleonora' 6-max Seat #2 is the button
Seat 2: clickmehot ($71.83 in chips)
Seat 4: AzureCaper ($149.92 in chips)
clickmehot: posts small blind $1
AzureCaper: posts big blind $3
*** HOLE CARDS ***
clickmehot: calls $2
AzureCaper: checks
*** FLOP *** [Th Kc 9s]
AzureCaper: bets $3
clickmehot: calls $3
*** TURN *** [Th Kc 9s] [8c]
AzureCaper: bets $6
clickmehot: calls $6
*** RIVER *** [Th Kc 9s 8c] [7d]
AzureCaper: bets $6
clickmehot: calls $6
*** SHOW DOWN ***
AzureCaper: shows [5c Kh] (a pair of Kings)
clickmehot: shows [Kd Ts] (two pair, Kings and Tens)
clickmehot collected $35.50 from pot
*** SUMMARY ***
Total pot $36 | Rake $0.50
Board [Th Kc 9s 8c 7d]
Seat 2: clickmehot (button) (small blind) showed [Kd Ts] and won ($35.50) with two pair, Kings and Tens
Seat 4: AzureCaper (big blind) showed [5c Kh] and lost with a pair of Kings


PokerStars Hand #167839109430:  Hold'em Limit ($3/$6 USD) - 2017/03/19 23:18:22 ET
Table 'Eleonora' 6-max Seat #4 is the button
Seat 2: clickmehot ($89.33 in chips)
Seat 4: AzureCaper ($131.92 in chips)
AzureCaper: posts small blind $1
clickmehot: posts big blind $3
*** HOLE CARDS ***
AzureCaper: raises $3 to $6
clickmehot: calls $3
*** FLOP *** [2s Jc 3c]
clickmehot: checks
AzureCaper: bets $3
clickmehot: calls $3
*** TURN *** [2s Jc 3c] [5c]
clickmehot: checks
AzureCaper: checks
*** RIVER *** [2s Jc 3c 5c] [5d]
clickmehot: bets $6
AzureCaper: folds
Uncalled bet ($6) returned to clickmehot
clickmehot collected $17.64 from pot
clickmehot: doesn't show hand
*** SUMMARY ***
Total pot $18 | Rake $0.36
Board [2s Jc 3c 5c 5d]
Seat 2: clickmehot (big blind) collected ($17.64)
Seat 4: AzureCaper (button) (small blind) folded on the River


PokerStars Hand #167839120327:  Hold'em Limit ($3/$6 USD) - 2017/03/19 23:18:57 ET
Table 'Eleonora' 6-max Seat #4 is the button
Seat 2: clickmehot ($82.97 in chips)
Seat 4: AzureCaper ($137.42 in chips)
AzureCaper: posts small blind $1
clickmehot: posts big blind $3
*** HOLE CARDS ***
AzureCaper: folds
Uncalled bet ($2) returned to clickmehot
clickmehot collected $2 from pot
*** SUMMARY ***
Total pot $2 | Rake $0
Seat 2: clickmehot (big blind) collected ($2)
Seat 4: AzureCaper (button) (small blind) folded before Flop


PokerStars Hand #167839114099:  Hold'em Limit ($3/$6 USD) - 2017/03/19 23:18:37 ET
Table 'Eleonora' 6-max Seat #2 is the button
Seat 2: clickmehot ($97.97 in chips)
Seat 4: AzureCaper ($122.92 in chips)
clickmehot: posts small blind $1
AzureCaper: posts big blind $3
*** HOLE CARDS ***
clickmehot: calls $2
AzureCaper: raises $3 to $6
clickmehot: calls $3
*** FLOP *** [6c Th 8c]
AzureCaper: bets $3
clickmehot: calls $3
*** TURN *** [6c Th 8c] [Qh]
AzureCaper: bets $6
clickmehot: calls $6
*** RIVER *** [6c Th 8c Qh] [8d]
AzureCaper: bets $6
clickmehot: folds
Uncalled bet ($6) returned to AzureCaper
AzureCaper collected $29.50 from pot
AzureCaper: doesn't show hand
*** SUMMARY ***
Total pot $30 | Rake $0.50
Board [6c Th 8c Qh 8d]
Seat 2: clickmehot (button) (small blind) folded on the River
Seat 4: AzureCaper (big blind) collected ($29.50)


PokerStars Hand #167839122014:  Hold'em Limit ($3/$6 USD) - 2017/03/19 23:19:03 ET
Table 'Eleonora' 6-max Seat #2 is the button
Seat 2: clickmehot ($83.97 in chips)
Seat 4: AzureCaper ($136.42 in chips)
clickmehot: posts small blind $1
AzureCaper: posts big blind $3
*** HOLE CARDS ***
clickmehot: calls $2
AzureCaper: raises $3 to $6
clickmehot: calls $3
*** FLOP *** [8d 9s 4h]
AzureCaper: bets $3
clickmehot: calls $3
*** TURN *** [8d 9s 4h] [Qs]
AzureCaper: bets $6
clickmehot: folds
Uncalled bet ($6) returned to AzureCaper
AzureCaper collected $17.64 from pot
AzureCaper: doesn't show hand
*** SUMMARY ***
Total pot $18 | Rake $0.36
Board [8d 9s 4h Qs]
Seat 2: clickmehot (button) (small blind) folded on the Turn
Seat 4: AzureCaper (big blind) collected ($17.64)


PokerStars Hand #167839127399:  Hold'em Limit ($3/$6 USD) - 2017/03/19 23:19:19 ET
Table 'Eleonora' 6-max Seat #4 is the button
Seat 2: clickmehot ($74.97 in chips)
Seat 4: AzureCaper ($145.06 in chips)
AzureCaper: posts small blind $1
clickmehot: posts big blind $3
*** HOLE CARDS ***
AzureCaper: folds
Uncalled bet ($2) returned to clickmehot
clickmehot collected $2 from pot
clickmehot: doesn't show hand
*** SUMMARY ***
Total pot $2 | Rake $0
Seat 2: clickmehot (big blind) collected ($2)
Seat 4: AzureCaper (button) (small blind) folded before Flop


PokerStars Hand #167839138168:  Hold'em Limit ($3/$6 USD) - 2017/03/19 23:19:54 ET
Table 'Eleonora' 6-max Seat #4 is the button
Seat 2: clickmehot ($66.97 in chips)
Seat 4: AzureCaper ($152.70 in chips)
AzureCaper: posts small blind $1
clickmehot: posts big blind $3
*** HOLE CARDS ***
AzureCaper: folds
Uncalled bet ($2) returned to clickmehot
clickmehot collected $2 from pot
clickmehot: doesn't show hand
*** SUMMARY ***
Total pot $2 | Rake $0
Seat 2: clickmehot (big blind) collected ($2)
Seat 4: AzureCaper (button) (small blind) folded before Flop


PokerStars Hand #167839129180:  Hold'em Limit ($3/$6 USD) - 2017/03/19 23:19:25 ET
Table 'Eleonora' 6-max Seat #2 is the button
Seat 2: clickmehot ($75.97 in chips)
Seat 4: AzureCaper ($144.06 in chips)
clickmehot: posts small blind $1
AzureCaper: posts big blind $3
*** HOLE CARDS ***
clickmehot: calls $2
AzureCaper: checks
*** FLOP *** [Jc Ks Qh]
AzureCaper: checks
clickmehot: checks
*** TURN *** [Jc Ks Qh] [Jd]
AzureCaper: checks
clickmehot: checks
*** RIVER *** [Jc Ks Qh Jd] [7c]
AzureCaper: bets $6
clickmehot: calls $6
*** SHOW DOWN ***
AzureCaper: shows [7h 8c] (two pair, Jacks and Sevens)
clickmehot: mucks hand
AzureCaper collected $17.64 from pot
*** SUMMARY ***
Total pot $18 | Rake $0.36
Board [Jc Ks Qh Jd 7c]
Seat 2: clickmehot (button) (small blind) mucked
Seat 4: AzureCaper (big blind) showed [7h 8c] and won ($17.64) with two pair, Jacks and Sevens


PokerStars Hand #167839140116:  Hold'em Limit ($3/$6 USD) - 2017/03/19 23:20:00 ET
Table 'Eleonora' 6-max Seat #2 is the button
Seat 2: clickmehot ($67.97 in chips)
Seat 4: AzureCaper ($151.70 in chips)
clickmehot: posts small blind $1
AzureCaper: posts big blind $3
*** HOLE CARDS ***
clickmehot: calls $2
AzureCaper: checks
*** FLOP *** [Qd 4s As]
AzureCaper: checks
clickmehot: checks
*** TURN *** [Qd 4s As] [Th]
AzureCaper: checks
clickmehot: checks
*** RIVER *** [Qd 4s As Th] [5h]
AzureCaper: checks
clickmehot: bets $6
AzureCaper: folds
Uncalled bet ($6) returned to clickmehot
clickmehot collected $5.88 from pot
clickmehot: doesn't show hand
*** SUMMARY ***
Total pot $6 | Rake $0.12
Board [Qd 4s As Th 5h]
Seat 2: clickmehot (button) (small blind) collected ($5.88)
Seat 4: AzureCaper (big blind) folded on the River


PokerStars Hand #167839157294:  Hold'em Limit ($3/$6 USD) - 2017/03/19 23:20:35 ET
Table 'Eleonora' 6-max Seat #4 is the button
Seat 2: clickmehot ($70.85 in chips)
Seat 4: AzureCaper ($148.70 in chips)
AzureCaper: posts small blind $1
clickmehot: posts big blind $3
*** HOLE CARDS ***
AzureCaper: raises $3 to $6
clickmehot: calls $3
*** FLOP *** [Tc Ts 6c]
clickmehot: checks
AzureCaper: bets $3
clickmehot: calls $3
*** TURN *** [Tc Ts 6c] [5c]
clickmehot: checks
AzureCaper: bets $6
clickmehot: folds
Uncalled bet ($6) returned to AzureCaper
AzureCaper collected $17.64 from pot
AzureCaper: doesn't show hand
*** SUMMARY ***
Total pot $18 | Rake $0.36
Board [Tc Ts 6c 5c]
Seat 2: clickmehot (big blind) folded on the Turn
Seat 4: AzureCaper (button) (small blind) collected ($17.64)


PokerStars Hand #167839161923:  Hold'em Limit ($3/$6 USD) - 2017/03/19 23:20:50 ET
Table 'Eleonora' 6-max Seat #2 is the button
Seat 2: clickmehot ($61.85 in chips)
Seat 4: AzureCaper ($157.34 in chips)
clickmehot: posts small blind $1
AzureCaper: posts big blind $3
*** HOLE CARDS ***
clickmehot: calls $2
AzureCaper: checks
*** FLOP *** [9h 5d 8c]
AzureCaper: checks
clickmehot: checks
*** TURN *** [9h 5d 8c] [2h]
AzureCaper: bets $6
clickmehot: calls $6
*** RIVER *** [9h 5d 8c 2h] [4s]
masterblstr8 joins the table at seat #3
AzureCaper: bets $6
clickmehot: calls $6
*** SHOW DOWN ***
AzureCaper: shows [2s 4d] (two pair, Fours and Deuces)
clickmehot: mucks hand
AzureCaper collected $29.50 from pot
*** SUMMARY ***
Total pot $30 | Rake $0.50
Board [9h 5d 8c 2h 4s]
Seat 2: clickmehot (button) (small blind) mucked
Seat 4: AzureCaper (big blind) showed [2s 4d] and won ($29.50) with two pair, Fours and Deuces


PokerStars Hand #167839168523:  Hold'em Limit ($3/$6 USD) - 2017/03/19 23:21:12 ET
Table 'Eleonora' 6-max Seat #4 is the button
Seat 2: clickmehot ($46.85 in chips)
Seat 4: AzureCaper ($171.84 in chips)
AzureCaper: posts small blind $1
clickmehot: posts big blind $3
*** HOLE CARDS ***
AzureCaper: raises $3 to $6
clickmehot: calls $3
*** FLOP *** [Kh 7h 2c]
clickmehot: checks
AzureCaper: bets $3
clickmehot: calls $3
*** TURN *** [Kh 7h 2c] [3h]
clickmehot: checks
AzureCaper: bets $6
clickmehot: calls $6
*** RIVER *** [Kh 7h 2c 3h] [Td]
clickmehot: checks
AzureCaper: bets $6
clickmehot: calls $6
*** SHOW DOWN ***
AzureCaper: shows [Js Kd] (a pair of Kings)
clickmehot: mucks hand
AzureCaper collected $41.50 from pot
*** SUMMARY ***
Total pot $42 | Rake $0.50
Board [Kh 7h 2c 3h Td]
Seat 2: clickmehot (big blind) mucked
Seat 4: AzureCaper (button) (small blind) showed [Js Kd] and won ($41.50) with a pair of Kings


PokerStars Hand #167839212630:  Hold'em Limit ($3/$6 USD) - 2017/03/19 23:23:34 ET
Table 'Eleonora' 6-max Seat #5 is the button
Seat 4: AzureCaper ($177.34 in chips)
Seat 5: ragz2riche5 ($156.46 in chips)
ragz2riche5: posts small blind $1
masterblstr8: is sitting out
clickmehot leaves the table
AzureCaper: posts big blind $3
*** HOLE CARDS ***
ragz2riche5: raises $3 to $6
AzureCaper: folds
Uncalled bet ($3) returned to ragz2riche5
ragz2riche5 collected $6 from pot
ragz2riche5: doesn't show hand
*** SUMMARY ***
Total pot $6 | Rake $0
Seat 4: AzureCaper (big blind) folded before Flop
Seat 5: ragz2riche5 (button) (small blind) collected ($6)


