PokerStars Hand #145061192179:  Hold'em Limit ($3/$6 USD) - 2015/12/09 3:49:30 ET
Table 'Eleonora II' 6-max Seat #4 is the button
Seat 1: _fayzulllo_ ($92.50 in chips)
Seat 4: Actionni13 ($150 in chips)
Actionni13: posts small blind $1
_fayzulllo_: posts big blind $3
*** HOLE CARDS ***
Actionni13: folds
Uncalled bet ($2) returned to _fayzulllo_
_fayzulllo_ collected $2 from pot
*** SUMMARY ***
Total pot $2 | Rake $0
Seat 1: _fayzulllo_ (big blind) collected ($2)
Seat 4: Actionni13 (button) (small blind) folded before Flop


PokerStars Hand #145061183731:  Hold'em Limit ($3/$6 USD) - 2015/12/09 3:49:05 ET
Table 'Eleonora II' 6-max Seat #1 is the button
Seat 1: _fayzulllo_ ($72 in chips)
Seat 4: Actionni13 ($150 in chips)
_fayzulllo_: posts small blind $1
Actionni13: posts big blind $3
*** HOLE CARDS ***
_fayzulllo_: raises $3 to $6
Actionni13: raises $3 to $9
_fayzulllo_: calls $3
*** FLOP *** [6h 8h 4d]
Actionni13: checks
_fayzulllo_: checks
*** TURN *** [6h 8h 4d] [5h]
Actionni13: bets $6
_fayzulllo_: calls $6
*** RIVER *** [6h 8h 4d 5h] [5d]
Actionni13: bets $6
_fayzulllo_: calls $6
*** SHOW DOWN ***
Actionni13: shows [Js Qs] (a pair of Fives)
_fayzulllo_: shows [4h Ac] (two pair, Fives and Fours)
_fayzulllo_ collected $41.50 from pot
*** SUMMARY ***
Total pot $42 | Rake $0.50
Board [6h 8h 4d 5h 5d]
Seat 1: _fayzulllo_ (button) (small blind) showed [4h Ac] and won ($41.50) with two pair, Fives and Fours
Seat 4: Actionni13 (big blind) showed [Js Qs] and lost with a pair of Fives


PokerStars Hand #145061193901:  Hold'em Limit ($3/$6 USD) - 2015/12/09 3:49:36 ET
Table 'Eleonora II' 6-max Seat #1 is the button
Seat 1: _fayzulllo_ ($93.50 in chips)
Seat 4: Actionni13 ($150 in chips)
_fayzulllo_: posts small blind $1
Actionni13: posts big blind $3
*** HOLE CARDS ***
_fayzulllo_: folds
Uncalled bet ($2) returned to Actionni13
Actionni13 collected $2 from pot
Actionni13: doesn't show hand
*** SUMMARY ***
Total pot $2 | Rake $0
Seat 1: _fayzulllo_ (button) (small blind) folded before Flop
Seat 4: Actionni13 (big blind) collected ($2)


PokerStars Hand #145061198171:  Hold'em Limit ($3/$6 USD) - 2015/12/09 3:49:48 ET
Table 'Eleonora II' 6-max Seat #1 is the button
Seat 1: _fayzulllo_ ($89.50 in chips)
Seat 4: Actionni13 ($154 in chips)
_fayzulllo_: posts small blind $1
Actionni13: posts big blind $3
*** HOLE CARDS ***
_fayzulllo_: raises $3 to $6
Actionni13: folds
Uncalled bet ($3) returned to _fayzulllo_
_fayzulllo_ collected $6 from pot
_fayzulllo_: doesn't show hand
*** SUMMARY ***
Total pot $6 | Rake $0
Seat 1: _fayzulllo_ (button) (small blind) collected ($6)
Seat 4: Actionni13 (big blind) folded before Flop


PokerStars Hand #145061195694:  Hold'em Limit ($3/$6 USD) - 2015/12/09 3:49:41 ET
Table 'Eleonora II' 6-max Seat #4 is the button
Seat 1: _fayzulllo_ ($92.50 in chips)
Seat 4: Actionni13 ($151 in chips)
Actionni13: posts small blind $1
_fayzulllo_: posts big blind $3
*** HOLE CARDS ***
Actionni13: raises $3 to $6
_fayzulllo_: folds
Uncalled bet ($3) returned to Actionni13
Actionni13 collected $6 from pot
Actionni13: doesn't show hand
*** SUMMARY ***
Total pot $6 | Rake $0
Seat 1: _fayzulllo_ (big blind) folded before Flop
Seat 4: Actionni13 (button) (small blind) collected ($6)


PokerStars Hand #145061200754:  Hold'em Limit ($3/$6 USD) - 2015/12/09 3:49:56 ET
Table 'Eleonora II' 6-max Seat #4 is the button
Seat 1: _fayzulllo_ ($92.50 in chips)
Seat 4: Actionni13 ($151 in chips)
Actionni13: posts small blind $1
_fayzulllo_: posts big blind $3
*** HOLE CARDS ***
Actionni13: raises $3 to $6
_fayzulllo_: folds
Uncalled bet ($3) returned to Actionni13
Actionni13 collected $6 from pot
Actionni13: doesn't show hand
*** SUMMARY ***
Total pot $6 | Rake $0
Seat 1: _fayzulllo_ (big blind) folded before Flop
Seat 4: Actionni13 (button) (small blind) collected ($6)


PokerStars Hand #145061203653:  Hold'em Limit ($3/$6 USD) - 2015/12/09 3:50:05 ET
Table 'Eleonora II' 6-max Seat #1 is the button
Seat 1: _fayzulllo_ ($89.50 in chips)
Seat 4: Actionni13 ($154 in chips)
_fayzulllo_: posts small blind $1
Actionni13: posts big blind $3
*** HOLE CARDS ***
_fayzulllo_: raises $3 to $6
Actionni13: calls $3
*** FLOP *** [9c 5d 6c]
Actionni13: bets $3
_fayzulllo_: calls $3
*** TURN *** [9c 5d 6c] [5h]
Actionni13: bets $6
_fayzulllo_: calls $6
*** RIVER *** [9c 5d 6c 5h] [Jh]
Actionni13: bets $6
_fayzulllo_: calls $6
*** SHOW DOWN ***
Actionni13: shows [Tc 4c] (a pair of Fives)
_fayzulllo_: shows [8d Js] (two pair, Jacks and Fives)
_fayzulllo_ collected $41.50 from pot
*** SUMMARY ***
Total pot $42 | Rake $0.50
Board [9c 5d 6c 5h Jh]
Seat 1: _fayzulllo_ (button) (small blind) showed [8d Js] and won ($41.50) with two pair, Jacks and Fives
Seat 4: Actionni13 (big blind) showed [Tc 4c] and lost with a pair of Fives


PokerStars Hand #145061212919:  Hold'em Limit ($3/$6 USD) - 2015/12/09 3:50:33 ET
Table 'Eleonora II' 6-max Seat #4 is the button
Seat 1: _fayzulllo_ ($110 in chips)
Seat 4: Actionni13 ($150 in chips)
Actionni13: posts small blind $1
_fayzulllo_: posts big blind $3
*** HOLE CARDS ***
Actionni13: raises $3 to $6
_fayzulllo_: calls $3
*** FLOP *** [8d 4s 3s]
_fayzulllo_: checks
Actionni13: checks
*** TURN *** [8d 4s 3s] [5h]
_fayzulllo_: checks
Actionni13: checks
*** RIVER *** [8d 4s 3s 5h] [Ks]
_fayzulllo_: bets $6
Actionni13: folds
Uncalled bet ($6) returned to _fayzulllo_
_fayzulllo_ collected $11.76 from pot
*** SUMMARY ***
Total pot $12 | Rake $0.24
Board [8d 4s 3s 5h Ks]
Seat 1: _fayzulllo_ (big blind) collected ($11.76)
Seat 4: Actionni13 (button) (small blind) folded on the River


PokerStars Hand #145061226988:  Hold'em Limit ($3/$6 USD) - 2015/12/09 3:51:15 ET
Table 'Eleonora II' 6-max Seat #1 is the button
Seat 1: _fayzulllo_ ($111.76 in chips)
Seat 4: Actionni13 ($154 in chips)
_fayzulllo_: posts small blind $1
Actionni13: posts big blind $3
*** HOLE CARDS ***
_fayzulllo_: calls $2
Actionni13: checks
*** FLOP *** [Js Th Td]
Actionni13: checks
_fayzulllo_: bets $3
Actionni13: folds
Uncalled bet ($3) returned to _fayzulllo_
_fayzulllo_ collected $5.88 from pot
_fayzulllo_: doesn't show hand
*** SUMMARY ***
Total pot $6 | Rake $0.12
Board [Js Th Td]
Seat 1: _fayzulllo_ (button) (small blind) collected ($5.88)
Seat 4: Actionni13 (big blind) folded on the Flop


PokerStars Hand #145061231948:  Hold'em Limit ($3/$6 USD) - 2015/12/09 3:51:31 ET
Table 'Eleonora II' 6-max Seat #4 is the button
Seat 1: _fayzulllo_ ($114.64 in chips)
Seat 4: Actionni13 ($151 in chips)
Actionni13: posts small blind $1
_fayzulllo_: posts big blind $3
*** HOLE CARDS ***
Actionni13: raises $3 to $6
_fayzulllo_: folds
Uncalled bet ($3) returned to Actionni13
Actionni13 collected $6 from pot
Actionni13: doesn't show hand
*** SUMMARY ***
Total pot $6 | Rake $0
Seat 1: _fayzulllo_ (big blind) folded before Flop
Seat 4: Actionni13 (button) (small blind) collected ($6)


PokerStars Hand #145061224485:  Hold'em Limit ($3/$6 USD) - 2015/12/09 3:51:08 ET
Table 'Eleonora II' 6-max Seat #4 is the button
Seat 1: _fayzulllo_ ($114.76 in chips)
Seat 4: Actionni13 ($151 in chips)
Actionni13: posts small blind $1
_fayzulllo_: posts big blind $3
*** HOLE CARDS ***
Actionni13: raises $3 to $6
_fayzulllo_: folds
Uncalled bet ($3) returned to Actionni13
Actionni13 collected $6 from pot
Actionni13: doesn't show hand
*** SUMMARY ***
Total pot $6 | Rake $0
Seat 1: _fayzulllo_ (big blind) folded before Flop
Seat 4: Actionni13 (button) (small blind) collected ($6)


PokerStars Hand #145061221955:  Hold'em Limit ($3/$6 USD) - 2015/12/09 3:51:00 ET
Table 'Eleonora II' 6-max Seat #1 is the button
Seat 1: _fayzulllo_ ($115.76 in chips)
Seat 4: Actionni13 ($150 in chips)
_fayzulllo_: posts small blind $1
Actionni13: posts big blind $3
*** HOLE CARDS ***
_fayzulllo_: folds
Uncalled bet ($2) returned to Actionni13
Actionni13 collected $2 from pot
Actionni13: doesn't show hand
*** SUMMARY ***
Total pot $2 | Rake $0
Seat 1: _fayzulllo_ (button) (small blind) folded before Flop
Seat 4: Actionni13 (big blind) collected ($2)


PokerStars Hand #145061243479:  Hold'em Limit ($3/$6 USD) - 2015/12/09 3:52:05 ET
Table 'Eleonora II' 6-max Seat #4 is the button
Seat 1: _fayzulllo_ ($120.28 in chips)
Seat 4: Actionni13 ($150 in chips)
Actionni13: posts small blind $1
_fayzulllo_: posts big blind $3
*** HOLE CARDS ***
scorpio04 joins the table at seat #3
Actionni13: raises $3 to $6
_fayzulllo_: folds
Uncalled bet ($3) returned to Actionni13
Actionni13 collected $6 from pot
Actionni13: doesn't show hand
*** SUMMARY ***
Total pot $6 | Rake $0
Seat 1: _fayzulllo_ (big blind) folded before Flop
Seat 4: Actionni13 (button) (small blind) collected ($6)


PokerStars Hand #145061234765:  Hold'em Limit ($3/$6 USD) - 2015/12/09 3:51:39 ET
Table 'Eleonora II' 6-max Seat #1 is the button
Seat 1: _fayzulllo_ ($111.64 in chips)
Seat 4: Actionni13 ($154 in chips)
_fayzulllo_: posts small blind $1
Actionni13: posts big blind $3
*** HOLE CARDS ***
B_loJkl joins the table at seat #2
_fayzulllo_: raises $3 to $6
Actionni13: calls $3
*** FLOP *** [5d As Ah]
Actionni13: checks
_fayzulllo_: bets $3
Actionni13: calls $3
*** TURN *** [5d As Ah] [6c]
Actionni13: checks
_fayzulllo_: checks
*** RIVER *** [5d As Ah 6c] [Qs]
Actionni13: checks
_fayzulllo_: checks
*** SHOW DOWN ***
Actionni13: shows [8d 9c] (a pair of Aces)
_fayzulllo_: shows [Tc Jc] (a pair of Aces - Queen+Jack kicker)
_fayzulllo_ collected $17.64 from pot
*** SUMMARY ***
Total pot $18 | Rake $0.36
Board [5d As Ah 6c Qs]
Seat 1: _fayzulllo_ (button) (small blind) showed [Tc Jc] and won ($17.64) with a pair of Aces
Seat 4: Actionni13 (big blind) showed [8d 9c] and lost with a pair of Aces


