PokerStars Hand #163226047576:  Hold'em Limit ($3/$6 USD) - 2016/12/20 0:02:46 ET
Table 'Elephenor' 6-max Seat #1 is the button
Seat 1: ToDaFelt ($144.50 in chips)
Seat 2: jacobkimm ($95 in chips)
ToDaFelt: posts small blind $1
jacobkimm: posts big blind $3
*** HOLE CARDS ***
ToDaFelt: raises $3 to $6
jacobkimm: raises $3 to $9
ToDaFelt: calls $3
*** FLOP *** [Th 2s Jc]
jacobkimm: bets $3
ToDaFelt: calls $3
*** TURN *** [Th 2s Jc] [Ad]
jacobkimm: bets $6
ToDaFelt: calls $6
*** RIVER *** [Th 2s Jc Ad] [Tc]
jacobkimm: bets $6
ToDaFelt: calls $6
*** SHOW DOWN ***
jacobkimm: shows [Js Kh] (two pair, Jacks and Tens)
ToDaFelt: shows [6c Jh] (two pair, Jacks and Tens)
jacobkimm collected $23.75 from pot
ToDaFelt collected $23.75 from pot
*** SUMMARY ***
Total pot $48 | Rake $0.50
Board [Th 2s Jc Ad Tc]
Seat 1: ToDaFelt (button) (small blind) showed [6c Jh] and won ($23.75) with two pair, Jacks and Tens
Seat 2: jacobkimm (big blind) showed [Js Kh] and won ($23.75) with two pair, Jacks and Tens


PokerStars Hand #163226045900:  Hold'em Limit ($3/$6 USD) - 2016/12/20 0:02:40 ET
Table 'Elephenor' 6-max Seat #2 is the button
Seat 1: ToDaFelt ($143.50 in chips)
Seat 2: jacobkimm ($96 in chips)
jacobkimm: posts small blind $1
ToDaFelt: posts big blind $3
*** HOLE CARDS ***
jacobkimm: folds
Uncalled bet ($2) returned to ToDaFelt
ToDaFelt collected $2 from pot
ToDaFelt: doesn't show hand
*** SUMMARY ***
Total pot $2 | Rake $0
Seat 1: ToDaFelt (big blind) collected ($2)
Seat 2: jacobkimm (button) (small blind) folded before Flop


PokerStars Hand #163226030141:  Hold'em Limit ($3/$6 USD) - 2016/12/20 0:01:43 ET
Table 'Elephenor' 6-max Seat #1 is the button
Seat 1: ToDaFelt ($120 in chips)
Seat 2: jacobkimm ($120 in chips)
ToDaFelt: posts small blind $1
jacobkimm: posts big blind $3
*** HOLE CARDS ***
ToDaFelt: raises $3 to $6
jacobkimm: calls $3
*** FLOP *** [9c Js 5d]
jacobkimm: checks
ToDaFelt: bets $3
jacobkimm: raises $3 to $6
ToDaFelt: calls $3
*** TURN *** [9c Js 5d] [9s]
jacobkimm: bets $6
ToDaFelt: calls $6
*** RIVER *** [9c Js 5d 9s] [2c]
jacobkimm: bets $6
ToDaFelt: raises $6 to $12
jacobkimm: folds
Uncalled bet ($6) returned to ToDaFelt
ToDaFelt collected $47.50 from pot
ToDaFelt: doesn't show hand
*** SUMMARY ***
Total pot $48 | Rake $0.50
Board [9c Js 5d 9s 2c]
Seat 1: ToDaFelt (button) (small blind) collected ($47.50)
Seat 2: jacobkimm (big blind) folded on the River


PokerStars Hand #163226055972:  Hold'em Limit ($3/$6 USD) - 2016/12/20 0:03:16 ET
Table 'Elephenor' 6-max Seat #2 is the button
Seat 1: ToDaFelt ($144.25 in chips)
Seat 2: jacobkimm ($94.75 in chips)
jacobkimm: posts small blind $1
ToDaFelt: posts big blind $3
*** HOLE CARDS ***
jacobkimm: raises $3 to $6
ToDaFelt: calls $3
*** FLOP *** [Ts 8h 7d]
ToDaFelt: checks
jacobkimm: bets $3
ToDaFelt: calls $3
*** TURN *** [Ts 8h 7d] [5s]
ToDaFelt: checks
jacobkimm: bets $6
ToDaFelt: calls $6
*** RIVER *** [Ts 8h 7d 5s] [4c]
ToDaFelt: checks
jacobkimm: bets $6
ToDaFelt: calls $6
*** SHOW DOWN ***
jacobkimm: shows [Qh 7h] (a pair of Sevens)
ToDaFelt: shows [7c Qc] (a pair of Sevens)
ToDaFelt collected $20.75 from pot
jacobkimm collected $20.75 from pot
*** SUMMARY ***
Total pot $42 | Rake $0.50
Board [Ts 8h 7d 5s 4c]
Seat 1: ToDaFelt (big blind) showed [7c Qc] and won ($20.75) with a pair of Sevens
Seat 2: jacobkimm (button) (small blind) showed [Qh 7h] and won ($20.75) with a pair of Sevens


PokerStars Hand #163226066953:  Hold'em Limit ($3/$6 USD) - 2016/12/20 0:03:57 ET
Table 'Elephenor' 6-max Seat #1 is the button
Seat 1: ToDaFelt ($144 in chips)
Seat 2: jacobkimm ($94.50 in chips)
ToDaFelt: posts small blind $1
jacobkimm: posts big blind $3
*** HOLE CARDS ***
ToDaFelt: raises $3 to $6
jacobkimm: raises $3 to $9
ToDaFelt: calls $3
*** FLOP *** [5s Qs Ah]
jacobkimm: bets $3
ToDaFelt: calls $3
*** TURN *** [5s Qs Ah] [2d]
jacobkimm: bets $6
ToDaFelt: calls $6
*** RIVER *** [5s Qs Ah 2d] [4c]
jacobkimm: bets $6
ToDaFelt: calls $6
boriskloris joins the table at seat #3
*** SHOW DOWN ***
jacobkimm: shows [9d Td] (high card Ace)
ToDaFelt: shows [Qc 8d] (a pair of Queens)
ToDaFelt collected $47.50 from pot
*** SUMMARY ***
Total pot $48 | Rake $0.50
Board [5s Qs Ah 2d 4c]
Seat 1: ToDaFelt (button) (small blind) showed [Qc 8d] and won ($47.50) with a pair of Queens
Seat 2: jacobkimm (big blind) showed [9d Td] and lost with high card Ace


PokerStars Hand #163226186541:  Hold'em Limit ($3/$6 USD) - 2016/12/20 0:11:13 ET
Table 'Elephenor' 6-max Seat #2 is the button
Seat 1: ToDaFelt ($215.46 in chips)
Seat 2: jacobkimm ($104.97 in chips)
jacobkimm: posts small blind $1
ToDaFelt: posts big blind $3
*** HOLE CARDS ***
jacobkimm: raises $3 to $6
ToDaFelt: calls $3
*** FLOP *** [Js 2s Th]
boriskloris leaves the table
ToDaFelt: checks
jacobkimm: bets $3
ToDaFelt: raises $3 to $6
jacobkimm: raises $3 to $9
ToDaFelt: raises $3 to $12
Betting is capped
jacobkimm: calls $3
*** TURN *** [Js 2s Th] [7d]
ToDaFelt: bets $6
jacobkimm: calls $6
*** RIVER *** [Js 2s Th 7d] [5h]
ToDaFelt: bets $6
jacobkimm: calls $6
*** SHOW DOWN ***
ToDaFelt: shows [Jd 6d] (a pair of Jacks)
jacobkimm: mucks hand
ToDaFelt collected $59.50 from pot
*** SUMMARY ***
Total pot $60 | Rake $0.50
Board [Js 2s Th 7d 5h]
Seat 1: ToDaFelt (big blind) showed [Jd 6d] and won ($59.50) with a pair of Jacks
Seat 2: jacobkimm (button) (small blind) mucked


PokerStars Hand #163226213248:  Hold'em Limit ($3/$6 USD) - 2016/12/20 0:12:50 ET
Table 'Elephenor' 6-max Seat #2 is the button
Seat 1: ToDaFelt ($272.46 in chips)
Seat 2: jacobkimm ($46.97 in chips)
jacobkimm: posts small blind $1
ToDaFelt: posts big blind $3
*** HOLE CARDS ***
jacobkimm: raises $3 to $6
ToDaFelt: calls $3
*** FLOP *** [6c 8h 7h]
ToDaFelt: checks
jacobkimm: bets $3
ToDaFelt: raises $3 to $6
jacobkimm: calls $3
*** TURN *** [6c 8h 7h] [Ah]
ToDaFelt: bets $6
jacobkimm: folds
Uncalled bet ($6) returned to ToDaFelt
ToDaFelt collected $23.52 from pot
ToDaFelt: doesn't show hand
*** SUMMARY ***
Total pot $24 | Rake $0.48
Board [6c 8h 7h Ah]
Seat 1: ToDaFelt (big blind) collected ($23.52)
Seat 2: jacobkimm (button) (small blind) folded on the Turn


PokerStars Hand #163226199286:  Hold'em Limit ($3/$6 USD) - 2016/12/20 0:11:59 ET
Table 'Elephenor' 6-max Seat #1 is the button
Seat 1: ToDaFelt ($244.96 in chips)
Seat 2: jacobkimm ($74.97 in chips)
ToDaFelt: posts small blind $1
jacobkimm: posts big blind $3
*** HOLE CARDS ***
ToDaFelt: raises $3 to $6
jacobkimm: calls $3
*** FLOP *** [Ts 3c 8h]
jacobkimm: checks
ToDaFelt: bets $3
jacobkimm: raises $3 to $6
ToDaFelt: calls $3
*** TURN *** [Ts 3c 8h] [Kc]
jacobkimm: bets $6
ToDaFelt: calls $6
*** RIVER *** [Ts 3c 8h Kc] [5d]
jacobkimm: bets $6
ToDaFelt: calls $6
*** SHOW DOWN ***
jacobkimm: shows [Jc 8d] (a pair of Eights)
ToDaFelt: shows [9c 9d] (a pair of Nines)
ToDaFelt collected $47.50 from pot
*** SUMMARY ***
Total pot $48 | Rake $0.50
Board [Ts 3c 8h Kc 5d]
Seat 1: ToDaFelt (button) (small blind) showed [9c 9d] and won ($47.50) with a pair of Nines
Seat 2: jacobkimm (big blind) showed [Jc 8d] and lost with a pair of Eights


PokerStars Hand #163226209495:  Hold'em Limit ($3/$6 USD) - 2016/12/20 0:12:36 ET
Table 'Elephenor' 6-max Seat #2 is the button
Seat 1: ToDaFelt ($268.46 in chips)
Seat 2: jacobkimm ($50.97 in chips)
jacobkimm: posts small blind $1
ToDaFelt: posts big blind $3
*** HOLE CARDS ***
jacobkimm: folds
Uncalled bet ($2) returned to ToDaFelt
ToDaFelt collected $2 from pot
ToDaFelt: doesn't show hand
*** SUMMARY ***
Total pot $2 | Rake $0
Seat 1: ToDaFelt (big blind) collected ($2)
Seat 2: jacobkimm (button) (small blind) folded before Flop


PokerStars Hand #163226211225:  Hold'em Limit ($3/$6 USD) - 2016/12/20 0:12:42 ET
Table 'Elephenor' 6-max Seat #1 is the button
Seat 1: ToDaFelt ($269.46 in chips)
Seat 2: jacobkimm ($49.97 in chips)
ToDaFelt: posts small blind $1
jacobkimm: posts big blind $3
*** HOLE CARDS ***
ToDaFelt: raises $3 to $6
jacobkimm: folds
Uncalled bet ($3) returned to ToDaFelt
ToDaFelt collected $6 from pot
ToDaFelt: doesn't show hand
*** SUMMARY ***
Total pot $6 | Rake $0
Seat 1: ToDaFelt (button) (small blind) collected ($6)
Seat 2: jacobkimm (big blind) folded before Flop


PokerStars Hand #163226221666:  Hold'em Limit ($3/$6 USD) - 2016/12/20 0:13:21 ET
Table 'Elephenor' 6-max Seat #1 is the button
Seat 1: ToDaFelt ($283.98 in chips)
Seat 2: jacobkimm ($34.97 in chips)
ToDaFelt: posts small blind $1
jacobkimm: posts big blind $3
*** HOLE CARDS ***
ToDaFelt: raises $3 to $6
jacobkimm: calls $3
*** FLOP *** [Jc 8c 5c]
jacobkimm: checks
ToDaFelt: bets $3
jacobkimm: raises $3 to $6
ToDaFelt: calls $3
*** TURN *** [Jc 8c 5c] [6h]
jacobkimm: bets $6
ToDaFelt: raises $6 to $12
jacobkimm: calls $6
*** RIVER *** [Jc 8c 5c 6h] [5d]
jacobkimm: checks
ToDaFelt: bets $6
jacobkimm: calls $6
*** SHOW DOWN ***
ToDaFelt: shows [Jd 7s] (two pair, Jacks and Fives)
jacobkimm: shows [9d Jh] (two pair, Jacks and Fives - Nine kicker)
jacobkimm collected $59.50 from pot
*** SUMMARY ***
Total pot $60 | Rake $0.50
Board [Jc 8c 5c 6h 5d]
Seat 1: ToDaFelt (button) (small blind) showed [Jd 7s] and lost with two pair, Jacks and Fives
Seat 2: jacobkimm (big blind) showed [9d Jh] and won ($59.50) with two pair, Jacks and Fives


PokerStars Hand #163226234485:  Hold'em Limit ($3/$6 USD) - 2016/12/20 0:14:07 ET
Table 'Elephenor' 6-max Seat #2 is the button
Seat 1: ToDaFelt ($253.98 in chips)
Seat 2: jacobkimm ($64.47 in chips)
jacobkimm: posts small blind $1
ToDaFelt: posts big blind $3
*** HOLE CARDS ***
jacobkimm: raises $3 to $6
ToDaFelt: calls $3
*** FLOP *** [Ts Ad 2d]
ToDaFelt: checks
jacobkimm: bets $3
ToDaFelt: calls $3
*** TURN *** [Ts Ad 2d] [7s]
ToDaFelt: checks
jacobkimm said, "510?"
jacobkimm: bets $6
ToDaFelt: calls $6
*** RIVER *** [Ts Ad 2d 7s] [6s]
ToDaFelt: checks
jacobkimm: checks
*** SHOW DOWN ***
ToDaFelt: shows [8s Kc] (high card Ace)
jacobkimm: shows [2h Kd] (a pair of Deuces)
jacobkimm collected $29.50 from pot
*** SUMMARY ***
Total pot $30 | Rake $0.50
Board [Ts Ad 2d 7s 6s]
Seat 1: ToDaFelt (big blind) showed [8s Kc] and lost with high card Ace
Seat 2: jacobkimm (button) (small blind) showed [2h Kd] and won ($29.50) with a pair of Deuces


PokerStars Hand #163226266149:  Hold'em Limit ($3/$6 USD) - 2016/12/20 0:16:04 ET
Table 'Elephenor' 6-max Seat #2 is the button
Seat 1: ToDaFelt ($268.48 in chips)
Seat 2: jacobkimm ($48.97 in chips)
jacobkimm: posts small blind $1
ToDaFelt: posts big blind $3
*** HOLE CARDS ***
jacobkimm: folds
Uncalled bet ($2) returned to ToDaFelt
ToDaFelt collected $2 from pot
ToDaFelt: doesn't show hand
*** SUMMARY ***
Total pot $2 | Rake $0
Seat 1: ToDaFelt (big blind) collected ($2)
Seat 2: jacobkimm (button) (small blind) folded before Flop


PokerStars Hand #163226249480:  Hold'em Limit ($3/$6 USD) - 2016/12/20 0:15:02 ET
Table 'Elephenor' 6-max Seat #1 is the button
Seat 1: ToDaFelt ($238.98 in chips)
Seat 2: jacobkimm ($78.97 in chips)
ToDaFelt: posts small blind $1
jacobkimm: posts big blind $3
*** HOLE CARDS ***
ToDaFelt: raises $3 to $6
jacobkimm: calls $3
*** FLOP *** [Jd Qs 7s]
jacobkimm: checks
ToDaFelt: bets $3
jacobkimm: raises $3 to $6
ToDaFelt: calls $3
*** TURN *** [Jd Qs 7s] [4c]
jacobkimm: bets $6
ToDaFelt: raises $6 to $12
jacobkimm: calls $6
*** RIVER *** [Jd Qs 7s 4c] [Ad]
jacobkimm: checks
ToDaFelt: bets $6
jacobkimm: calls $6
*** SHOW DOWN ***
ToDaFelt: shows [8d Qc] (a pair of Queens)
jacobkimm: mucks hand
ToDaFelt collected $59.50 from pot
*** SUMMARY ***
Total pot $60 | Rake $0.50
Board [Jd Qs 7s 4c Ad]
Seat 1: ToDaFelt (button) (small blind) showed [8d Qc] and won ($59.50) with a pair of Queens
Seat 2: jacobkimm (big blind) mucked


PokerStars Hand #163226278872:  Hold'em Limit ($3/$6 USD) - 2016/12/20 0:16:51 ET
Table 'Elephenor' 6-max Seat #2 is the button
Seat 1: ToDaFelt ($257.48 in chips)
Seat 2: jacobkimm ($59.49 in chips)
jacobkimm: posts small blind $1
ToDaFelt: posts big blind $3
*** HOLE CARDS ***
jacobkimm: raises $3 to $6
ToDaFelt: folds
Uncalled bet ($3) returned to jacobkimm
jacobkimm collected $6 from pot
*** SUMMARY ***
Total pot $6 | Rake $0
Seat 1: ToDaFelt (big blind) folded before Flop
Seat 2: jacobkimm (button) (small blind) collected ($6)


PokerStars Hand #163226267922:  Hold'em Limit ($3/$6 USD) - 2016/12/20 0:16:10 ET
Table 'Elephenor' 6-max Seat #1 is the button
Seat 1: ToDaFelt ($269.48 in chips)
Seat 2: jacobkimm ($47.97 in chips)
ToDaFelt: posts small blind $1
jacobkimm: posts big blind $3
*** HOLE CARDS ***
ToDaFelt: raises $3 to $6
jacobkimm: raises $3 to $9
ToDaFelt: calls $3
*** FLOP *** [Td 6c 9s]
jacobkimm: bets $3
ToDaFelt: calls $3
*** TURN *** [Td 6c 9s] [9h]
jacobkimm: bets $6
ToDaFelt: folds
Uncalled bet ($6) returned to jacobkimm
jacobkimm collected $23.52 from pot
*** SUMMARY ***
Total pot $24 | Rake $0.48
Board [Td 6c 9s 9h]
Seat 1: ToDaFelt (button) (small blind) folded on the Turn
Seat 2: jacobkimm (big blind) collected ($23.52)


PokerStars Hand #163226295097:  Hold'em Limit ($3/$6 USD) - 2016/12/20 0:17:50 ET
Table 'Elephenor' 6-max Seat #2 is the button
Seat 1: ToDaFelt ($227.48 in chips)
Seat 2: jacobkimm ($88.99 in chips)
jacobkimm: posts small blind $1
ToDaFelt: posts big blind $3
*** HOLE CARDS ***
jacobkimm: folds
Uncalled bet ($2) returned to ToDaFelt
ToDaFelt collected $2 from pot
ToDaFelt: doesn't show hand
*** SUMMARY ***
Total pot $2 | Rake $0
Seat 1: ToDaFelt (big blind) collected ($2)
Seat 2: jacobkimm (button) (small blind) folded before Flop


PokerStars Hand #163226283838:  Hold'em Limit ($3/$6 USD) - 2016/12/20 0:17:09 ET
Table 'Elephenor' 6-max Seat #1 is the button
Seat 1: ToDaFelt ($254.48 in chips)
Seat 2: jacobkimm ($62.49 in chips)
ToDaFelt: posts small blind $1
jacobkimm: posts big blind $3
*** HOLE CARDS ***
ToDaFelt: raises $3 to $6
jacobkimm: calls $3
*** FLOP *** [Tc 6s 7d]
jacobkimm: checks
ToDaFelt: bets $3
jacobkimm: calls $3
*** TURN *** [Tc 6s 7d] [8c]
jacobkimm: checks
ToDaFelt: bets $6
jacobkimm: raises $6 to $12
ToDaFelt: calls $6
*** RIVER *** [Tc 6s 7d 8c] [Kc]
jacobkimm: bets $6
ToDaFelt: calls $6
*** SHOW DOWN ***
jacobkimm: shows [9h 8h] (a straight, Six to Ten)
ToDaFelt: mucks hand
jacobkimm collected $53.50 from pot
*** SUMMARY ***
Total pot $54 | Rake $0.50
Board [Tc 6s 7d 8c Kc]
Seat 1: ToDaFelt (button) (small blind) mucked
Seat 2: jacobkimm (big blind) showed [9h 8h] and won ($53.50) with a straight, Six to Ten


PokerStars Hand #163226296504:  Hold'em Limit ($3/$6 USD) - 2016/12/20 0:17:55 ET
Table 'Elephenor' 6-max Seat #1 is the button
Seat 1: ToDaFelt ($228.48 in chips)
Seat 2: jacobkimm ($87.99 in chips)
ToDaFelt: posts small blind $1
jacobkimm: posts big blind $3
*** HOLE CARDS ***
ToDaFelt: raises $3 to $6
jacobkimm: folds
Uncalled bet ($3) returned to ToDaFelt
ToDaFelt collected $6 from pot
ToDaFelt: doesn't show hand
*** SUMMARY ***
Total pot $6 | Rake $0
Seat 1: ToDaFelt (button) (small blind) collected ($6)
Seat 2: jacobkimm (big blind) folded before Flop


PokerStars Hand #163226313201:  Hold'em Limit ($3/$6 USD) - 2016/12/20 0:18:56 ET
Table 'Elephenor' 6-max Seat #1 is the button
Seat 1: ToDaFelt ($245.98 in chips)
Seat 2: jacobkimm ($69.99 in chips)
ToDaFelt: posts small blind $1
jacobkimm: posts big blind $3
*** HOLE CARDS ***
ToDaFelt: folds
Uncalled bet ($2) returned to jacobkimm
jacobkimm collected $2 from pot
*** SUMMARY ***
Total pot $2 | Rake $0
Seat 1: ToDaFelt (button) (small blind) folded before Flop
Seat 2: jacobkimm (big blind) collected ($2)


PokerStars Hand #163226300982:  Hold'em Limit ($3/$6 USD) - 2016/12/20 0:18:12 ET
Table 'Elephenor' 6-max Seat #2 is the button
Seat 1: ToDaFelt ($231.48 in chips)
Seat 2: jacobkimm ($84.99 in chips)
jacobkimm: posts small blind $1
ToDaFelt: posts big blind $3
*** HOLE CARDS ***
jacobkimm: raises $3 to $6
ToDaFelt: calls $3
*** FLOP *** [Ac 9h 9d]
ToDaFelt: checks
jacobkimm: bets $3
ToDaFelt: calls $3
*** TURN *** [Ac 9h 9d] [9s]
ToDaFelt: checks
jacobkimm: bets $6
ToDaFelt: raises $6 to $12
jacobkimm: folds
Uncalled bet ($6) returned to ToDaFelt
ToDaFelt collected $29.50 from pot
ToDaFelt: doesn't show hand
*** SUMMARY ***
Total pot $30 | Rake $0.50
Board [Ac 9h 9d 9s]
Seat 1: ToDaFelt (big blind) collected ($29.50)
Seat 2: jacobkimm (button) (small blind) folded on the Turn


