PokerStars Hand #152470276513:  Hold'em Limit ($3/$6 USD) - 2016/04/26 9:45:45 ET
Table 'Elephenor II' 6-max Seat #1 is the button
Seat 1: HAOYUN88888 ($97.08 in chips)
Seat 2: assitoni ($111.50 in chips)
HAOYUN88888: posts small blind $1
assitoni: posts big blind $3
*** HOLE CARDS ***
HAOYUN88888: folds
Uncalled bet ($2) returned to assitoni
assitoni collected $2 from pot
assitoni: doesn't show hand
*** SUMMARY ***
Total pot $2 | Rake $0
Seat 1: HAOYUN88888 (button) (small blind) folded before Flop
Seat 2: assitoni (big blind) collected ($2)


PokerStars Hand #152470241183:  Hold'em Limit ($3/$6 USD) - 2016/04/26 9:44:47 ET
Table 'Elephenor II' 6-max Seat #2 is the button
Seat 1: HAOYUN88888 ($121.08 in chips)
Seat 2: assitoni ($88 in chips)
assitoni: posts small blind $1
HAOYUN88888: posts big blind $3
*** HOLE CARDS ***
assitoni: raises $3 to $6
HAOYUN88888: calls $3
*** FLOP *** [2h 9c 3s]
HAOYUN88888: checks
assitoni: bets $3
HAOYUN88888: raises $3 to $6
assitoni: calls $3
*** TURN *** [2h 9c 3s] [Tc]
HAOYUN88888: bets $6
assitoni: calls $6
*** RIVER *** [2h 9c 3s Tc] [4h]
HAOYUN88888: bets $6
assitoni: calls $6
*** SHOW DOWN ***
HAOYUN88888: shows [Jc Qh] (high card Queen)
assitoni: shows [Ks 2d] (a pair of Deuces)
assitoni collected $47.50 from pot
*** SUMMARY ***
Total pot $48 | Rake $0.50
Board [2h 9c 3s Tc 4h]
Seat 1: HAOYUN88888 (big blind) showed [Jc Qh] and lost with high card Queen
Seat 2: assitoni (button) (small blind) showed [Ks 2d] and won ($47.50) with a pair of Deuces


PokerStars Hand #152470306668:  Hold'em Limit ($3/$6 USD) - 2016/04/26 9:46:34 ET
Table 'Elephenor II' 6-max Seat #1 is the button
Seat 1: HAOYUN88888 ($69.08 in chips)
Seat 2: assitoni ($139 in chips)
HAOYUN88888: posts small blind $1
assitoni: posts big blind $3
*** HOLE CARDS ***
HAOYUN88888: raises $3 to $6
assitoni: calls $3
*** FLOP *** [Qs 8d 4h]
assitoni: checks
HAOYUN88888: bets $3
assitoni: raises $3 to $6
HAOYUN88888: calls $3
*** TURN *** [Qs 8d 4h] [5h]
assitoni: bets $6
HAOYUN88888: calls $6
*** RIVER *** [Qs 8d 4h 5h] [Jd]
assitoni: checks
HAOYUN88888: bets $6
assitoni: folds
Uncalled bet ($6) returned to HAOYUN88888
HAOYUN88888 collected $35.50 from pot
HAOYUN88888: doesn't show hand
*** SUMMARY ***
Total pot $36 | Rake $0.50
Board [Qs 8d 4h 5h Jd]
Seat 1: HAOYUN88888 (button) (small blind) collected ($35.50)
Seat 2: assitoni (big blind) folded on the River


PokerStars Hand #152470282027:  Hold'em Limit ($3/$6 USD) - 2016/04/26 9:45:54 ET
Table 'Elephenor II' 6-max Seat #2 is the button
Seat 1: HAOYUN88888 ($96.08 in chips)
Seat 2: assitoni ($112.50 in chips)
assitoni: posts small blind $1
HAOYUN88888: posts big blind $3
*** HOLE CARDS ***
assitoni: raises $3 to $6
HAOYUN88888: calls $3
*** FLOP *** [Jd 7s Kd]
HAOYUN88888: checks
assitoni: bets $3
HAOYUN88888: raises $3 to $6
assitoni: raises $3 to $9
HAOYUN88888: calls $3
*** TURN *** [Jd 7s Kd] [8h]
HAOYUN88888: checks
assitoni: bets $6
HAOYUN88888: calls $6
*** RIVER *** [Jd 7s Kd 8h] [Qc]
HAOYUN88888: checks
assitoni: bets $6
HAOYUN88888: calls $6
*** SHOW DOWN ***
assitoni: shows [9d Td] (a straight, Nine to King)
HAOYUN88888: mucks hand
assitoni collected $53.50 from pot
*** SUMMARY ***
Total pot $54 | Rake $0.50
Board [Jd 7s Kd 8h Qc]
Seat 1: HAOYUN88888 (big blind) mucked
Seat 2: assitoni (button) (small blind) showed [9d Td] and won ($53.50) with a straight, Nine to King


PokerStars Hand #152470342684:  Hold'em Limit ($3/$6 USD) - 2016/04/26 9:47:19 ET
Table 'Elephenor II' 6-max Seat #2 is the button
Seat 1: HAOYUN88888 ($86.58 in chips)
Seat 2: assitoni ($121 in chips)
assitoni: posts small blind $1
HAOYUN88888: posts big blind $3
*** HOLE CARDS ***
assitoni: raises $3 to $6
HAOYUN88888: raises $3 to $9
assitoni: calls $3
*** FLOP *** [Kc Jh 9d]
HAOYUN88888: bets $3
assitoni: folds
Uncalled bet ($3) returned to HAOYUN88888
HAOYUN88888 collected $17.64 from pot
HAOYUN88888: doesn't show hand
*** SUMMARY ***
Total pot $18 | Rake $0.36
Board [Kc Jh 9d]
Seat 1: HAOYUN88888 (big blind) collected ($17.64)
Seat 2: assitoni (button) (small blind) folded on the Flop


PokerStars Hand #152470390664:  Hold'em Limit ($3/$6 USD) - 2016/04/26 9:48:23 ET
Table 'Elephenor II' 6-max Seat #2 is the button
Seat 1: HAOYUN88888 ($127.72 in chips)
Seat 2: assitoni ($79 in chips)
assitoni: posts small blind $1
HAOYUN88888: posts big blind $3
*** HOLE CARDS ***
assitoni: folds
Uncalled bet ($2) returned to HAOYUN88888
HAOYUN88888 collected $2 from pot
HAOYUN88888: doesn't show hand
*** SUMMARY ***
Total pot $2 | Rake $0
Seat 1: HAOYUN88888 (big blind) collected ($2)
Seat 2: assitoni (button) (small blind) folded before Flop


PokerStars Hand #152470362177:  Hold'em Limit ($3/$6 USD) - 2016/04/26 9:47:40 ET
Table 'Elephenor II' 6-max Seat #1 is the button
Seat 1: HAOYUN88888 ($95.22 in chips)
Seat 2: assitoni ($112 in chips)
HAOYUN88888: posts small blind $1
assitoni: posts big blind $3
*** HOLE CARDS ***
HAOYUN88888: raises $3 to $6
assitoni: raises $3 to $9
HAOYUN88888: calls $3
*** FLOP *** [9d Ah 3d]
assitoni: bets $3
HAOYUN88888: raises $3 to $6
assitoni: raises $3 to $9
HAOYUN88888: raises $3 to $12
Betting is capped
assitoni: calls $3
*** TURN *** [9d Ah 3d] [7h]
assitoni: checks
HAOYUN88888: bets $6
assitoni: calls $6
*** RIVER *** [9d Ah 3d 7h] [Js]
assitoni: checks
HAOYUN88888: bets $6
assitoni: calls $6
*** SHOW DOWN ***
HAOYUN88888: shows [3c 3h] (three of a kind, Threes)
assitoni: mucks hand
HAOYUN88888 collected $65.50 from pot
*** SUMMARY ***
Total pot $66 | Rake $0.50
Board [9d Ah 3d 7h Js]
Seat 1: HAOYUN88888 (button) (small blind) showed [3c 3h] and won ($65.50) with three of a kind, Threes
Seat 2: assitoni (big blind) mucked


PokerStars Hand #152470395051:  Hold'em Limit ($3/$6 USD) - 2016/04/26 9:48:30 ET
Table 'Elephenor II' 6-max Seat #1 is the button
Seat 1: HAOYUN88888 ($128.72 in chips)
Seat 2: assitoni ($78 in chips)
HAOYUN88888: posts small blind $1
assitoni: posts big blind $3
*** HOLE CARDS ***
HAOYUN88888: raises $3 to $6
assitoni: calls $3
*** FLOP *** [Ts 6d 7d]
Capone_TS joins the table at seat #4
assitoni: checks
HAOYUN88888: bets $3
assitoni: raises $3 to $6
HAOYUN88888: raises $3 to $9
assitoni: calls $3
*** TURN *** [Ts 6d 7d] [3s]
DismasX joins the table at seat #5
assitoni: checks
HAOYUN88888: bets $6
EMH55 joins the table at seat #6
assitoni: calls $6
*** RIVER *** [Ts 6d 7d 3s] [Ah]
assitoni: checks
HAOYUN88888: bets $6
assitoni: calls $6
*** SHOW DOWN ***
HAOYUN88888: shows [Ks As] (a pair of Aces)
assitoni: mucks hand
HAOYUN88888 collected $53.50 from pot
*** SUMMARY ***
Total pot $54 | Rake $0.50
Board [Ts 6d 7d 3s Ah]
Seat 1: HAOYUN88888 (button) (small blind) showed [Ks As] and won ($53.50) with a pair of Aces
Seat 2: assitoni (big blind) mucked


PokerStars Hand #152471768802:  Hold'em Limit ($3/$6 USD) - 2016/04/26 10:25:47 ET
Table 'Elephenor II' 6-max Seat #4 is the button
Seat 3: LolDnkaments ($232.82 in chips)
Seat 4: ABATAPP ($119.31 in chips)
ABATAPP: posts small blind $1
assitoni: is sitting out
LolDnkaments: posts big blind $3
*** HOLE CARDS ***
ABATAPP: raises $3 to $6
LolDnkaments: calls $3
*** FLOP *** [Js Th 9c]
LolDnkaments: checks
EMH55 leaves the table
assitoni leaves the table
ABATAPP: bets $3
LolDnkaments: calls $3
*** TURN *** [Js Th 9c] [6s]
LolDnkaments: checks
ABATAPP: checks
*** RIVER *** [Js Th 9c 6s] [3c]
LolDnkaments: bets $6
ABATAPP: calls $6
*** SHOW DOWN ***
LolDnkaments: shows [6h Ad] (a pair of Sixes)
ABATAPP: shows [Kd Tc] (a pair of Tens)
ABATAPP collected $29.50 from pot
*** SUMMARY ***
Total pot $30 | Rake $0.50
Board [Js Th 9c 6s 3c]
Seat 3: LolDnkaments (big blind) showed [6h Ad] and lost with a pair of Sixes
Seat 4: ABATAPP (button) (small blind) showed [Kd Tc] and won ($29.50) with a pair of Tens


