PokerStars Hand #156633380466:  Hold'em Limit ($3/$6 USD) - 2016/07/30 10:07:39 ET
Table 'Eleutheria' 6-max Seat #2 is the button
Seat 2: TinaTurner72 ($120 in chips)
Seat 5: Airbag999 ($120 in chips)
TinaTurner72: posts small blind $1
Airbag999: posts big blind $3
*** HOLE CARDS ***
TinaTurner72: raises $3 to $6
Airbag999: raises $3 to $9
TinaTurner72: calls $3
*** FLOP *** [Kc 5c 8h]
Airbag999: bets $3
TinaTurner72: folds
Uncalled bet ($3) returned to Airbag999
Airbag999 collected $17.64 from pot
Airbag999: doesn't show hand
*** SUMMARY ***
Total pot $18 | Rake $0.36
Board [Kc 5c 8h]
Seat 2: TinaTurner72 (button) (small blind) folded on the Flop
Seat 5: Airbag999 (big blind) collected ($17.64)


PokerStars Hand #156633424458:  Hold'em Limit ($3/$6 USD) - 2016/07/30 10:08:56 ET
Table 'Eleutheria' 6-max Seat #5 is the button
Seat 5: Airbag999 ($137.16 in chips)
Seat 6: PinkTaxa ($76.13 in chips)
Airbag999: posts small blind $1
PinkTaxa: posts big blind $3
*** HOLE CARDS ***
Airbag999: folds
Uncalled bet ($2) returned to PinkTaxa
PinkTaxa collected $2 from pot
PinkTaxa: doesn't show hand
*** SUMMARY ***
Total pot $2 | Rake $0
Seat 5: Airbag999 (button) (small blind) folded before Flop
Seat 6: PinkTaxa (big blind) collected ($2)


PokerStars Hand #156633413237:  Hold'em Limit ($3/$6 USD) - 2016/07/30 10:08:37 ET
Table 'Eleutheria' 6-max Seat #6 is the button
Seat 5: Airbag999 ($140.16 in chips)
Seat 6: PinkTaxa ($73.25 in chips)
PinkTaxa: posts small blind $1
Airbag999: posts big blind $3
*** HOLE CARDS ***
PinkTaxa: calls $2
Airbag999: checks
*** FLOP *** [Jd 6h Kd]
Airbag999: checks
PinkTaxa: bets $3
vestimokrec joins the table at seat #1
Airbag999: folds
Uncalled bet ($3) returned to PinkTaxa
PinkTaxa collected $5.88 from pot
PinkTaxa: doesn't show hand
*** SUMMARY ***
Total pot $6 | Rake $0.12
Board [Jd 6h Kd]
Seat 5: Airbag999 (big blind) folded on the Flop
Seat 6: PinkTaxa (button) (small blind) collected ($5.88)


PokerStars Hand #156633392281:  Hold'em Limit ($3/$6 USD) - 2016/07/30 10:08:00 ET
Table 'Eleutheria' 6-max Seat #5 is the button
Seat 2: TinaTurner72 ($111 in chips)
Seat 5: Airbag999 ($128.64 in chips)
Airbag999: posts small blind $1
TinaTurner72: posts big blind $3
*** HOLE CARDS ***
Airbag999: raises $3 to $6
TinaTurner72: calls $3
*** FLOP *** [2h Jh 9h]
TinaTurner72: checks
Airbag999: bets $3
TinaTurner72: raises $3 to $6
Airbag999: calls $3
*** TURN *** [2h Jh 9h] [Kc]
TinaTurner72: checks
Airbag999: checks
*** RIVER *** [2h Jh 9h Kc] [7d]
TinaTurner72: checks
Airbag999: bets $6
TinaTurner72: folds
Uncalled bet ($6) returned to Airbag999
Airbag999 collected $23.52 from pot
Airbag999: doesn't show hand
*** SUMMARY ***
Total pot $24 | Rake $0.48
Board [2h Jh 9h Kc 7d]
Seat 2: TinaTurner72 (big blind) folded on the River
Seat 5: Airbag999 (button) (small blind) collected ($23.52)


PokerStars Hand #156634181719:  Hold'em Limit ($3/$6 USD) - 2016/07/30 10:30:19 ET
Table 'Eleutheria' 6-max Seat #3 is the button
Seat 3: silja4 ($383.38 in chips)
Seat 4: GarryMcCoy ($254.93 in chips)
silja4: posts small blind $1
GarryMcCoy: posts big blind $3
*** HOLE CARDS ***
silja4: raises $3 to $6
GarryMcCoy: calls $3
*** FLOP *** [6c 5d Td]
GarryMcCoy: checks
kolaz03 joins the table at seat #1
silja4: checks
*** TURN *** [6c 5d Td] [Ad]
GarryMcCoy: bets $6
viviangle joins the table at seat #6
silja4: raises $6 to $12
kolaz03 leaves the table
GarryMcCoy: calls $6
*** RIVER *** [6c 5d Td Ad] [7h]
GarryMcCoy: checks
silja4: checks
*** SHOW DOWN ***
GarryMcCoy: shows [Qh Tc] (a pair of Tens)
silja4: mucks hand
GarryMcCoy collected $35.50 from pot
*** SUMMARY ***
Total pot $36 | Rake $0.50
Board [6c 5d Td Ad 7h]
Seat 3: silja4 (button) (small blind) mucked
Seat 4: GarryMcCoy (big blind) showed [Qh Tc] and won ($35.50) with a pair of Tens


PokerStars Hand #156635161585:  Hold'em Limit ($3/$6 USD) - 2016/07/30 10:58:48 ET
Table 'Eleutheria' 6-max Seat #6 is the button
Seat 2: Murrrr_@T ($215.72 in chips)
Seat 6: viviangle ($36.78 in chips)
viviangle: posts small blind $1
Murrrr_@T: posts big blind $3
*** HOLE CARDS ***
kKANGA500 leaves the table
viviangle: folds
Uncalled bet ($2) returned to Murrrr_@T
Murrrr_@T collected $2 from pot
Murrrr_@T: doesn't show hand
*** SUMMARY ***
Total pot $2 | Rake $0
Seat 2: Murrrr_@T (big blind) collected ($2)
Seat 6: viviangle (button) (small blind) folded before Flop


PokerStars Hand #156635158005:  Hold'em Limit ($3/$6 USD) - 2016/07/30 10:58:41 ET
Table 'Eleutheria' 6-max Seat #2 is the button
Seat 2: Murrrr_@T ($216.72 in chips)
Seat 6: viviangle ($35.78 in chips)
Murrrr_@T: posts small blind $1
kKANGA500: is sitting out
viviangle: posts big blind $3
*** HOLE CARDS ***
Murrrr_@T: folds
Uncalled bet ($2) returned to viviangle
viviangle collected $2 from pot
viviangle: doesn't show hand
*** SUMMARY ***
Total pot $2 | Rake $0
Seat 2: Murrrr_@T (button) (small blind) folded before Flop
Seat 6: viviangle (big blind) collected ($2)


PokerStars Hand #156635180308:  Hold'em Limit ($3/$6 USD) - 2016/07/30 10:59:26 ET
Table 'Eleutheria' 6-max Seat #2 is the button
Seat 2: Murrrr_@T ($235.22 in chips)
Seat 6: viviangle ($16.78 in chips)
Murrrr_@T: posts small blind $1
viviangle: posts big blind $3
*** HOLE CARDS ***
Murrrr_@T: raises $3 to $6
viviangle: raises $3 to $9
Murrrr_@T: calls $3
*** FLOP *** [Td 2c 3c]
viviangle: bets $3
Murrrr_@T: calls $3
*** TURN *** [Td 2c 3c] [9s]
viviangle: bets $4.78 and is all-in
Murrrr_@T: calls $4.78
*** RIVER *** [Td 2c 3c 9s] [9d]
*** SHOW DOWN ***
viviangle: shows [5d 5h] (two pair, Nines and Fives)
Murrrr_@T: shows [8d Tc] (two pair, Tens and Nines)
Murrrr_@T collected $33.06 from pot
*** SUMMARY ***
Total pot $33.56 | Rake $0.50
Board [Td 2c 3c 9s 9d]
Seat 2: Murrrr_@T (button) (small blind) showed [8d Tc] and won ($33.06) with two pair, Tens and Nines
Seat 6: viviangle (big blind) showed [5d 5h] and lost with two pair, Nines and Fives


PokerStars Hand #156635177831:  Hold'em Limit ($3/$6 USD) - 2016/07/30 10:59:21 ET
Table 'Eleutheria' 6-max Seat #6 is the button
Seat 2: Murrrr_@T ($234.22 in chips)
Seat 6: viviangle ($17.78 in chips)
viviangle: posts small blind $1
Murrrr_@T: posts big blind $3
*** HOLE CARDS ***
viviangle: folds
Uncalled bet ($2) returned to Murrrr_@T
Murrrr_@T collected $2 from pot
Murrrr_@T: doesn't show hand
*** SUMMARY ***
Total pot $2 | Rake $0
Seat 2: Murrrr_@T (big blind) collected ($2)
Seat 6: viviangle (button) (small blind) folded before Flop


PokerStars Hand #156635164022:  Hold'em Limit ($3/$6 USD) - 2016/07/30 10:58:53 ET
Table 'Eleutheria' 6-max Seat #2 is the button
Seat 2: Murrrr_@T ($216.72 in chips)
Seat 6: viviangle ($35.78 in chips)
Murrrr_@T: posts small blind $1
viviangle: posts big blind $3
*** HOLE CARDS ***
Murrrr_@T: raises $3 to $6
viviangle: calls $3
*** FLOP *** [6h 8s 7d]
viviangle: checks
Murrrr_@T: bets $3
viviangle: raises $3 to $6
Murrrr_@T: calls $3
*** TURN *** [6h 8s 7d] [8h]
viviangle: bets $6
Murrrr_@T: calls $6
*** RIVER *** [6h 8s 7d 8h] [7s]
viviangle: checks
Murrrr_@T: checks
*** SHOW DOWN ***
viviangle: shows [9s Qh] (two pair, Eights and Sevens)
Murrrr_@T: shows [9h Ah] (two pair, Eights and Sevens - Ace kicker)
Murrrr_@T collected $35.50 from pot
*** SUMMARY ***
Total pot $36 | Rake $0.50
Board [6h 8s 7d 8h 7s]
Seat 2: Murrrr_@T (button) (small blind) showed [9h Ah] and won ($35.50) with two pair, Eights and Sevens
Seat 6: viviangle (big blind) showed [9s Qh] and lost with two pair, Eights and Sevens


PokerStars Hand #156637952610:  Hold'em Limit ($3/$6 USD) - 2016/07/30 12:15:11 ET
Table 'Eleutheria' 6-max Seat #2 is the button
Seat 1: 7moneymaster ($270 in chips)
Seat 2: asino222 ($89.50 in chips)
asino222: posts small blind $1
7moneymaster: posts big blind $3
*** HOLE CARDS ***
asino222: raises $3 to $6
7moneymaster: calls $3
*** FLOP *** [9c 3d Tc]
7moneymaster: checks
asino222: bets $3
7moneymaster: calls $3
*** TURN *** [9c 3d Tc] [3h]
7moneymaster: checks
asino222: bets $6
7moneymaster: folds
Uncalled bet ($6) returned to asino222
asino222 collected $17.64 from pot
asino222: doesn't show hand
*** SUMMARY ***
Total pot $18 | Rake $0.36
Board [9c 3d Tc 3h]
Seat 1: 7moneymaster (big blind) folded on the Turn
Seat 2: asino222 (button) (small blind) collected ($17.64)


PokerStars Hand #156637936896:  Hold'em Limit ($3/$6 USD) - 2016/07/30 12:14:47 ET
Table 'Eleutheria' 6-max Seat #1 is the button
Seat 1: 7moneymaster ($300 in chips)
Seat 2: asino222 ($60 in chips)
7moneymaster: posts small blind $1
asino222: posts big blind $3
*** HOLE CARDS ***
7moneymaster: raises $3 to $6
asino222: calls $3
*** FLOP *** [4c 7s 6d]
asino222: checks
7moneymaster: bets $3
asino222: raises $3 to $6
7moneymaster: raises $3 to $9
asino222: raises $3 to $12
Betting is capped
7moneymaster: calls $3
*** TURN *** [4c 7s 6d] [Tc]
asino222: bets $6
7moneymaster: calls $6
*** RIVER *** [4c 7s 6d Tc] [Qd]
asino222: bets $6
7moneymaster: calls $6
*** SHOW DOWN ***
asino222: shows [7c 4d] (two pair, Sevens and Fours)
7moneymaster: mucks hand
asino222 collected $59.50 from pot
*** SUMMARY ***
Total pot $60 | Rake $0.50
Board [4c 7s 6d Tc Qd]
Seat 1: 7moneymaster (button) (small blind) mucked
Seat 2: asino222 (big blind) showed [7c 4d] and won ($59.50) with two pair, Sevens and Fours


PokerStars Hand #156637963043:  Hold'em Limit ($3/$6 USD) - 2016/07/30 12:15:26 ET
Table 'Eleutheria' 6-max Seat #1 is the button
Seat 1: 7moneymaster ($261 in chips)
Seat 2: asino222 ($98.14 in chips)
7moneymaster: posts small blind $1
asino222: posts big blind $3
*** HOLE CARDS ***
7moneymaster: raises $3 to $6
asino222: raises $3 to $9
7moneymaster: calls $3
*** FLOP *** [7h Kd 6h]
asino222: bets $3
7moneymaster: calls $3
*** TURN *** [7h Kd 6h] [5d]
asino222: bets $6
7moneymaster: raises $6 to $12
asino222: folds
Uncalled bet ($6) returned to 7moneymaster
7moneymaster collected $35.50 from pot
7moneymaster: doesn't show hand
*** SUMMARY ***
Total pot $36 | Rake $0.50
Board [7h Kd 6h 5d]
Seat 1: 7moneymaster (button) (small blind) collected ($35.50)
Seat 2: asino222 (big blind) folded on the Turn


PokerStars Hand #156638015325:  Hold'em Limit ($3/$6 USD) - 2016/07/30 12:16:45 ET
Table 'Eleutheria' 6-max Seat #2 is the button
Seat 1: 7moneymaster ($339.26 in chips)
Seat 2: asino222 ($18.14 in chips)
asino222: posts small blind $1
7moneymaster: posts big blind $3
*** HOLE CARDS ***
asino222: folds
Uncalled bet ($2) returned to 7moneymaster
7moneymaster collected $2 from pot
7moneymaster: doesn't show hand
*** SUMMARY ***
Total pot $2 | Rake $0
Seat 1: 7moneymaster (big blind) collected ($2)
Seat 2: asino222 (button) (small blind) folded before Flop


PokerStars Hand #156638011558:  Hold'em Limit ($3/$6 USD) - 2016/07/30 12:16:40 ET
Table 'Eleutheria' 6-max Seat #1 is the button
Seat 1: 7moneymaster ($340.26 in chips)
Seat 2: asino222 ($17.14 in chips)
7moneymaster: posts small blind $1
asino222: posts big blind $3
*** HOLE CARDS ***
7moneymaster: folds
Uncalled bet ($2) returned to asino222
asino222 collected $2 from pot
asino222: doesn't show hand
*** SUMMARY ***
Total pot $2 | Rake $0
Seat 1: 7moneymaster (button) (small blind) folded before Flop
Seat 2: asino222 (big blind) collected ($2)


PokerStars Hand #156637996387:  Hold'em Limit ($3/$6 USD) - 2016/07/30 12:16:17 ET
Table 'Eleutheria' 6-max Seat #2 is the button
Seat 1: 7moneymaster ($313.76 in chips)
Seat 2: asino222 ($44.14 in chips)
asino222: posts small blind $1
7moneymaster: posts big blind $3
*** HOLE CARDS ***
asino222: raises $3 to $6
7moneymaster: raises $3 to $9
asino222: raises $3 to $12
Betting is capped
7moneymaster: calls $3
*** FLOP *** [7c 7h Kc]
7moneymaster: checks
asino222: bets $3
7moneymaster: raises $3 to $6
asino222: raises $3 to $9
7moneymaster: calls $3
*** TURN *** [7c 7h Kc] [Js]
7moneymaster: checks
asino222: checks
*** RIVER *** [7c 7h Kc Js] [2h]
7moneymaster: bets $6
asino222: calls $6
*** SHOW DOWN ***
7moneymaster: shows [Ks 9s] (two pair, Kings and Sevens)
asino222: mucks hand
7moneymaster collected $53.50 from pot
*** SUMMARY ***
Total pot $54 | Rake $0.50
Board [7c 7h Kc Js 2h]
Seat 1: 7moneymaster (big blind) showed [Ks 9s] and won ($53.50) with two pair, Kings and Sevens
Seat 2: asino222 (button) (small blind) mucked


PokerStars Hand #156637989750:  Hold'em Limit ($3/$6 USD) - 2016/07/30 12:16:07 ET
Table 'Eleutheria' 6-max Seat #1 is the button
Seat 1: 7moneymaster ($308 in chips)
Seat 2: asino222 ($50.14 in chips)
7moneymaster: posts small blind $1
asino222: posts big blind $3
*** HOLE CARDS ***
7moneymaster: raises $3 to $6
asino222: calls $3
*** FLOP *** [9c Ac 7d]
asino222: checks
7moneymaster: bets $3
asino222: folds
Uncalled bet ($3) returned to 7moneymaster
7moneymaster collected $11.76 from pot
7moneymaster: doesn't show hand
*** SUMMARY ***
Total pot $12 | Rake $0.24
Board [9c Ac 7d]
Seat 1: 7moneymaster (button) (small blind) collected ($11.76)
Seat 2: asino222 (big blind) folded on the Flop


PokerStars Hand #156637976029:  Hold'em Limit ($3/$6 USD) - 2016/07/30 12:15:46 ET
Table 'Eleutheria' 6-max Seat #2 is the button
Seat 1: 7moneymaster ($278.50 in chips)
Seat 2: asino222 ($80.14 in chips)
asino222: posts small blind $1
7moneymaster: posts big blind $3
*** HOLE CARDS ***
asino222: raises $3 to $6
7moneymaster: raises $3 to $9
asino222: calls $3
*** FLOP *** [2c 7h Td]
7moneymaster: bets $3
asino222: calls $3
*** TURN *** [2c 7h Td] [5s]
7moneymaster: bets $6
asino222: calls $6
*** RIVER *** [2c 7h Td 5s] [9c]
7moneymaster: checks
asino222: bets $6
7moneymaster: raises $6 to $12
asino222: calls $6
*** SHOW DOWN ***
7moneymaster: shows [Qd Qs] (a pair of Queens)
asino222: mucks hand
7moneymaster collected $59.50 from pot
*** SUMMARY ***
Total pot $60 | Rake $0.50
Board [2c 7h Td 5s 9c]
Seat 1: 7moneymaster (big blind) showed [Qd Qs] and won ($59.50) with a pair of Queens
Seat 2: asino222 (button) (small blind) mucked


PokerStars Hand #156638017951:  Hold'em Limit ($3/$6 USD) - 2016/07/30 12:16:49 ET
Table 'Eleutheria' 6-max Seat #1 is the button
Seat 1: 7moneymaster ($340.26 in chips)
Seat 2: asino222 ($17.14 in chips)
7moneymaster: posts small blind $1
asino222: posts big blind $3
*** HOLE CARDS ***
7moneymaster: raises $3 to $6
asino222: folds
Uncalled bet ($3) returned to 7moneymaster
7moneymaster collected $6 from pot
7moneymaster: doesn't show hand
*** SUMMARY ***
Total pot $6 | Rake $0
Seat 1: 7moneymaster (button) (small blind) collected ($6)
Seat 2: asino222 (big blind) folded before Flop


PokerStars Hand #156638021266:  Hold'em Limit ($3/$6 USD) - 2016/07/30 12:16:54 ET
Table 'Eleutheria' 6-max Seat #2 is the button
Seat 1: 7moneymaster ($343.26 in chips)
Seat 2: asino222 ($14.14 in chips)
asino222: posts small blind $1
7moneymaster: posts big blind $3
*** HOLE CARDS ***
asino222: folds
Uncalled bet ($2) returned to 7moneymaster
7moneymaster collected $2 from pot
7moneymaster: doesn't show hand
*** SUMMARY ***
Total pot $2 | Rake $0
Seat 1: 7moneymaster (big blind) collected ($2)
Seat 2: asino222 (button) (small blind) folded before Flop


PokerStars Hand #156638042433:  Hold'em Limit ($3/$6 USD) - 2016/07/30 12:17:26 ET
Table 'Eleutheria' 6-max Seat #2 is the button
Seat 1: 7moneymaster ($338.26 in chips)
Seat 2: asino222 ($60.90 in chips)
asino222: posts small blind $1
7moneymaster: posts big blind $3
*** HOLE CARDS ***
asino222: raises $3 to $6
7moneymaster: calls $3
*** FLOP *** [Ad Th Qh]
7moneymaster: checks
asino222: bets $3
7moneymaster: folds
Uncalled bet ($3) returned to asino222
asino222 collected $11.76 from pot
asino222: doesn't show hand
*** SUMMARY ***
Total pot $12 | Rake $0.24
Board [Ad Th Qh]
Seat 1: 7moneymaster (big blind) folded on the Flop
Seat 2: asino222 (button) (small blind) collected ($11.76)


PokerStars Hand #156638026556:  Hold'em Limit ($3/$6 USD) - 2016/07/30 12:17:02 ET
Table 'Eleutheria' 6-max Seat #1 is the button
Seat 1: 7moneymaster ($344.26 in chips)
Seat 2: asino222 ($13.14 in chips)
7moneymaster: posts small blind $1
asino222: posts big blind $3
*** HOLE CARDS ***
7moneymaster: raises $3 to $6
asino222: calls $3
*** FLOP *** [Qd 8h Td]
asino222: checks
7moneymaster: checks
*** TURN *** [Qd 8h Td] [Js]
asino222: bets $6
7moneymaster: folds
Uncalled bet ($6) returned to asino222
asino222 collected $11.76 from pot
asino222: doesn't show hand
*** SUMMARY ***
Total pot $12 | Rake $0.24
Board [Qd 8h Td Js]
Seat 1: 7moneymaster (button) (small blind) folded on the Turn
Seat 2: asino222 (big blind) collected ($11.76)


PokerStars Hand #156638048768:  Hold'em Limit ($3/$6 USD) - 2016/07/30 12:17:36 ET
Table 'Eleutheria' 6-max Seat #1 is the button
Seat 1: 7moneymaster ($332.26 in chips)
Seat 2: asino222 ($66.66 in chips)
7moneymaster: posts small blind $1
asino222: posts big blind $3
*** HOLE CARDS ***
7moneymaster: raises $3 to $6
asino222: calls $3
*** FLOP *** [Kd 7d 8h]
asino222: checks
7moneymaster: bets $3
asino222: raises $3 to $6
7moneymaster: folds
Uncalled bet ($3) returned to asino222
asino222 collected $17.64 from pot
asino222: doesn't show hand
*** SUMMARY ***
Total pot $18 | Rake $0.36
Board [Kd 7d 8h]
Seat 1: 7moneymaster (button) (small blind) folded on the Flop
Seat 2: asino222 (big blind) collected ($17.64)


PokerStars Hand #156638070149:  Hold'em Limit ($3/$6 USD) - 2016/07/30 12:18:08 ET
Table 'Eleutheria' 6-max Seat #1 is the button
Seat 1: 7moneymaster ($299.26 in chips)
Seat 2: asino222 ($98.80 in chips)
7moneymaster: posts small blind $1
asino222: posts big blind $3
*** HOLE CARDS ***
7moneymaster: raises $3 to $6
asino222: calls $3
*** FLOP *** [Kc 3d 9d]
asino222: checks
7moneymaster: bets $3
asino222: raises $3 to $6
7moneymaster: folds
Uncalled bet ($3) returned to asino222
asino222 collected $17.64 from pot
asino222: doesn't show hand
*** SUMMARY ***
Total pot $18 | Rake $0.36
Board [Kc 3d 9d]
Seat 1: 7moneymaster (button) (small blind) folded on the Flop
Seat 2: asino222 (big blind) collected ($17.64)


PokerStars Hand #156638055895:  Hold'em Limit ($3/$6 USD) - 2016/07/30 12:17:46 ET
Table 'Eleutheria' 6-max Seat #2 is the button
Seat 1: 7moneymaster ($323.26 in chips)
Seat 2: asino222 ($75.30 in chips)
asino222: posts small blind $1
7moneymaster: posts big blind $3
*** HOLE CARDS ***
asino222: raises $3 to $6
7moneymaster: raises $3 to $9
asino222: calls $3
*** FLOP *** [6s 9c 8c]
7moneymaster: bets $3
asino222: calls $3
*** TURN *** [6s 9c 8c] [9d]
7moneymaster: bets $6
GarryMcCoy joins the table at seat #3
asino222: calls $6
*** RIVER *** [6s 9c 8c 9d] [3h]
7moneymaster: bets $6
asino222: calls $6
*** SHOW DOWN ***
7moneymaster: shows [Jc Tc] (a pair of Nines)
asino222: shows [Kc 4d] (a pair of Nines - King kicker)
asino222 collected $47.50 from pot
*** SUMMARY ***
Total pot $48 | Rake $0.50
Board [6s 9c 8c 9d 3h]
Seat 1: 7moneymaster (big blind) showed [Jc Tc] and lost with a pair of Nines
Seat 2: asino222 (button) (small blind) showed [Kc 4d] and won ($47.50) with a pair of Nines


PokerStars Hand #156639253290:  Hold'em Limit ($3/$6 USD) - 2016/07/30 12:46:27 ET
Table 'Eleutheria' 6-max Seat #6 is the button
Seat 4: I M GOIN OFF ($190.09 in chips)
Seat 6: doppelff ($165.92 in chips)
doppelff: posts small blind $1
I M GOIN OFF: posts big blind $3
*** HOLE CARDS ***
doppelff: raises $3 to $6
I M GOIN OFF: raises $3 to $9
doppelff: calls $3
*** FLOP *** [9s 4d 4c]
I M GOIN OFF: bets $3
doppelff: calls $3
*** TURN *** [9s 4d 4c] [5d]
I M GOIN OFF: bets $6
doppelff: folds
Uncalled bet ($6) returned to I M GOIN OFF
I M GOIN OFF collected $23.52 from pot
I M GOIN OFF: doesn't show hand
*** SUMMARY ***
Total pot $24 | Rake $0.48
Board [9s 4d 4c 5d]
Seat 4: I M GOIN OFF (big blind) collected ($23.52)
Seat 6: doppelff (button) (small blind) folded on the Turn


PokerStars Hand #156639241937:  Hold'em Limit ($3/$6 USD) - 2016/07/30 12:46:11 ET
Table 'Eleutheria' 6-max Seat #4 is the button
Seat 4: I M GOIN OFF ($191.09 in chips)
Seat 6: doppelff ($164.92 in chips)
I M GOIN OFF: posts small blind $1
doppelff: posts big blind $3
*** HOLE CARDS ***
I M GOIN OFF: folds
Uncalled bet ($2) returned to doppelff
doppelff collected $2 from pot
*** SUMMARY ***
Total pot $2 | Rake $0
Seat 4: I M GOIN OFF (button) (small blind) folded before Flop
Seat 6: doppelff (big blind) collected ($2)


PokerStars Hand #156639217388:  Hold'em Limit ($3/$6 USD) - 2016/07/30 12:45:36 ET
Table 'Eleutheria' 6-max Seat #6 is the button
Seat 4: I M GOIN OFF ($209.09 in chips)
Seat 6: doppelff ($147.42 in chips)
doppelff: posts small blind $1
I M GOIN OFF: posts big blind $3
*** HOLE CARDS ***
doppelff: raises $3 to $6
I M GOIN OFF: raises $3 to $9
Jigorek1989 leaves the table
doppelff: calls $3
*** FLOP *** [Kd 9s 5h]
I M GOIN OFF: bets $3
7moneymaster leaves the table
doppelff: calls $3
*** TURN *** [Kd 9s 5h] [6h]
I M GOIN OFF: bets $6
doppelff: calls $6
*** RIVER *** [Kd 9s 5h 6h] [2s]
I M GOIN OFF: checks
doppelff: bets $6
I M GOIN OFF: folds
Uncalled bet ($6) returned to doppelff
doppelff collected $35.50 from pot
*** SUMMARY ***
Total pot $36 | Rake $0.50
Board [Kd 9s 5h 6h 2s]
Seat 4: I M GOIN OFF (big blind) folded on the River
Seat 6: doppelff (button) (small blind) collected ($35.50)


PokerStars Hand #156639267199:  Hold'em Limit ($3/$6 USD) - 2016/07/30 12:46:47 ET
Table 'Eleutheria' 6-max Seat #4 is the button
Seat 4: I M GOIN OFF ($201.61 in chips)
Seat 6: doppelff ($153.92 in chips)
I M GOIN OFF: posts small blind $1
doppelff: posts big blind $3
*** HOLE CARDS ***
I M GOIN OFF: raises $3 to $6
MissEKAmouse joins the table at seat #5
doppelff: calls $3
*** FLOP *** [4c 9h Jd]
doppelff: checks
I M GOIN OFF: checks
*** TURN *** [4c 9h Jd] [6d]
doppelff: checks
I M GOIN OFF: bets $6
doppelff: calls $6
*** RIVER *** [4c 9h Jd 6d] [8c]
doppelff: checks
I M GOIN OFF: bets $6
doppelff: folds
Uncalled bet ($6) returned to I M GOIN OFF
I M GOIN OFF collected $23.52 from pot
I M GOIN OFF: doesn't show hand
*** SUMMARY ***
Total pot $24 | Rake $0.48
Board [4c 9h Jd 6d 8c]
Seat 4: I M GOIN OFF (button) (small blind) collected ($23.52)
Seat 6: doppelff (big blind) folded on the River


PokerStars Hand #156639291717:  Hold'em Limit ($3/$6 USD) - 2016/07/30 12:47:20 ET
Table 'Eleutheria' 6-max Seat #6 is the button
Seat 4: I M GOIN OFF ($213.13 in chips)
Seat 6: doppelff ($141.92 in chips)
doppelff: posts small blind $1
I M GOIN OFF: posts big blind $3
*** HOLE CARDS ***
doppelff: raises $3 to $6
I M GOIN OFF: calls $3
*** FLOP *** [8h 6s 3c]
I M GOIN OFF: checks
doppelff: checks
*** TURN *** [8h 6s 3c] [Td]
I M GOIN OFF: checks
doppelff: checks
*** RIVER *** [8h 6s 3c Td] [7c]
I M GOIN OFF: checks
doppelff: bets $6
I M GOIN OFF: folds
Uncalled bet ($6) returned to doppelff
doppelff collected $11.76 from pot
*** SUMMARY ***
Total pot $12 | Rake $0.24
Board [8h 6s 3c Td 7c]
Seat 4: I M GOIN OFF (big blind) folded on the River
Seat 6: doppelff (button) (small blind) collected ($11.76)


PokerStars Hand #156639494391:  Hold'em Limit ($3/$6 USD) - 2016/07/30 12:51:52 ET
Table 'Eleutheria' 6-max Seat #6 is the button
Seat 5: MissEKAmouse ($195.84 in chips)
Seat 6: doppelff ($120 in chips)
doppelff: posts small blind $1
I M GOIN OFF: is sitting out
MissEKAmouse: posts big blind $3
*** HOLE CARDS ***
doppelff: raises $3 to $6
MissEKAmouse: folds
Uncalled bet ($3) returned to doppelff
I M GOIN OFF leaves the table
doppelff collected $6 from pot
*** SUMMARY ***
Total pot $6 | Rake $0
Seat 5: MissEKAmouse (big blind) folded before Flop
Seat 6: doppelff (button) (small blind) collected ($6)


PokerStars Hand #156639501552:  Hold'em Limit ($3/$6 USD) - 2016/07/30 12:52:02 ET
Table 'Eleutheria' 6-max Seat #5 is the button
Seat 5: MissEKAmouse ($192.84 in chips)
Seat 6: doppelff ($123 in chips)
MissEKAmouse: posts small blind $1
doppelff: posts big blind $3
*** HOLE CARDS ***
MissEKAmouse: raises $3 to $6
doppelff: calls $3
*** FLOP *** [6c 8h Kd]
doppelff: checks
MissEKAmouse: bets $3
doppelff: raises $3 to $6
MissEKAmouse: folds
Uncalled bet ($3) returned to doppelff
doppelff collected $17.64 from pot
*** SUMMARY ***
Total pot $18 | Rake $0.36
Board [6c 8h Kd]
Seat 5: MissEKAmouse (button) (small blind) folded on the Flop
Seat 6: doppelff (big blind) collected ($17.64)


PokerStars Hand #156641013946:  Hold'em Limit ($3/$6 USD) - 2016/07/30 13:27:13 ET
Table 'Eleutheria' 6-max Seat #3 is the button
Seat 3: Ultrafranke ($120 in chips)
Seat 6: doppelff ($131.64 in chips)
Ultrafranke: posts small blind $1
doppelff: posts big blind $3
*** HOLE CARDS ***
Ultrafranke: raises $3 to $6
TheU10 joins the table at seat #4
B_loJkl joins the table at seat #5
doppelff: raises $3 to $9
Ultrafranke: calls $3
*** FLOP *** [5s 2d 9d]
doppelff: bets $3
Ultrafranke: calls $3
*** TURN *** [5s 2d 9d] [Qh]
doppelff: bets $6
Ultrafranke: folds
Uncalled bet ($6) returned to doppelff
doppelff collected $23.52 from pot
*** SUMMARY ***
Total pot $24 | Rake $0.48
Board [5s 2d 9d Qh]
Seat 3: Ultrafranke (button) (small blind) folded on the Turn
Seat 6: doppelff (big blind) collected ($23.52)


PokerStars Hand #156641522838:  Hold'em Limit ($3/$6 USD) - 2016/07/30 13:38:09 ET
Table 'Eleutheria' 6-max Seat #6 is the button
Seat 3: Ultrafranke ($119.76 in chips)
Seat 6: doppelff ($172.18 in chips)
doppelff: posts small blind $1
Ultrafranke: posts big blind $3
*** HOLE CARDS ***
doppelff: raises $3 to $6
Ultrafranke: calls $3
*** FLOP *** [6d 7h Td]
Ultrafranke: bets $3
doppelff: folds
Uncalled bet ($3) returned to Ultrafranke
Ultrafranke collected $11.76 from pot
*** SUMMARY ***
Total pot $12 | Rake $0.24
Board [6d 7h Td]
Seat 3: Ultrafranke (big blind) collected ($11.76)
Seat 6: doppelff (button) (small blind) folded on the Flop


PokerStars Hand #156641513265:  Hold'em Limit ($3/$6 USD) - 2016/07/30 13:37:56 ET
Table 'Eleutheria' 6-max Seat #3 is the button
Seat 3: Ultrafranke ($114 in chips)
Seat 6: doppelff ($178.18 in chips)
Ultrafranke: posts small blind $1
doppelff: posts big blind $3
*** HOLE CARDS ***
Ultrafranke: raises $3 to $6
doppelff: calls $3
*** FLOP *** [8d 7h 4s]
doppelff: checks
Ultrafranke: bets $3
B_loJkl joins the table at seat #4
doppelff: folds
Uncalled bet ($3) returned to Ultrafranke
Ultrafranke collected $11.76 from pot
*** SUMMARY ***
Total pot $12 | Rake $0.24
Board [8d 7h 4s]
Seat 3: Ultrafranke (button) (small blind) collected ($11.76)
Seat 6: doppelff (big blind) folded on the Flop


PokerStars Hand #156641502194:  Hold'em Limit ($3/$6 USD) - 2016/07/30 13:37:41 ET
Table 'Eleutheria' 6-max Seat #6 is the button
Seat 3: Ultrafranke ($120 in chips)
Seat 6: doppelff ($172.42 in chips)
doppelff: posts small blind $1
Ultrafranke: posts big blind $3
*** HOLE CARDS ***
doppelff: raises $3 to $6
Ultrafranke: calls $3
*** FLOP *** [8d Ah 2d]
Ultrafranke: checks
doppelff: bets $3
Ultrafranke: folds
Uncalled bet ($3) returned to doppelff
doppelff collected $11.76 from pot
*** SUMMARY ***
Total pot $12 | Rake $0.24
Board [8d Ah 2d]
Seat 3: Ultrafranke (big blind) folded on the Flop
Seat 6: doppelff (button) (small blind) collected ($11.76)


PokerStars Hand #156641737356:  Hold'em Limit ($3/$6 USD) - 2016/07/30 13:42:56 ET
Table 'Eleutheria' 6-max Seat #4 is the button
Seat 4: B_loJkl ($132.53 in chips)
Seat 6: doppelff ($148.50 in chips)
B_loJkl: posts small blind $1
doppelff: posts big blind $3
*** HOLE CARDS ***
B_loJkl: folds
Uncalled bet ($2) returned to doppelff
doppelff collected $2 from pot
*** SUMMARY ***
Total pot $2 | Rake $0
Seat 4: B_loJkl (button) (small blind) folded before Flop
Seat 6: doppelff (big blind) collected ($2)


PokerStars Hand #156641715018:  Hold'em Limit ($3/$6 USD) - 2016/07/30 13:42:26 ET
Table 'Eleutheria' 6-max Seat #6 is the button
Seat 4: B_loJkl ($138.53 in chips)
Seat 6: doppelff ($142.74 in chips)
doppelff: posts small blind $1
Ultrafranke: is sitting out
B_loJkl: posts big blind $3
*** HOLE CARDS ***
doppelff: raises $3 to $6
B_loJkl: calls $3
*** FLOP *** [6s Qs 8s]
B_loJkl: checks
doppelff: bets $3
B_loJkl: folds
Uncalled bet ($3) returned to doppelff
doppelff collected $11.76 from pot
*** SUMMARY ***
Total pot $12 | Rake $0.24
Board [6s Qs 8s]
Seat 4: B_loJkl (big blind) folded on the Flop
Seat 6: doppelff (button) (small blind) collected ($11.76)


