PokerStars Hand #162854383988:  Hold'em Limit ($3/$6 USD) - 2016/12/12 18:59:57 ET
Table 'Eliane' 6-max Seat #6 is the button
Seat 5: RaisemyNut$ ($129.17 in chips)
Seat 6: kusznak ($130.14 in chips)
kusznak: posts small blind $1
RaisemyNut$: posts big blind $3
*** HOLE CARDS ***
kusznak: folds
Uncalled bet ($2) returned to RaisemyNut$
RaisemyNut$ collected $2 from pot
RaisemyNut$: doesn't show hand
*** SUMMARY ***
Total pot $2 | Rake $0
Seat 5: RaisemyNut$ (big blind) collected ($2)
Seat 6: kusznak (button) (small blind) folded before Flop


PokerStars Hand #162854378010:  Hold'em Limit ($3/$6 USD) - 2016/12/12 18:59:47 ET
Table 'Eliane' 6-max Seat #5 is the button
Seat 5: RaisemyNut$ ($123.41 in chips)
Seat 6: kusznak ($136.14 in chips)
RaisemyNut$: posts small blind $1
kusznak: posts big blind $3
*** HOLE CARDS ***
RaisemyNut$: raises $3 to $6
kusznak: calls $3
*** FLOP *** [Qd 2c 9c]
kusznak: checks
RaisemyNut$: bets $3
kusznak: folds
Uncalled bet ($3) returned to RaisemyNut$
RaisemyNut$ collected $11.76 from pot
RaisemyNut$: doesn't show hand
*** SUMMARY ***
Total pot $12 | Rake $0.24
Board [Qd 2c 9c]
Seat 5: RaisemyNut$ (button) (small blind) collected ($11.76)
Seat 6: kusznak (big blind) folded on the Flop


PokerStars Hand #162854366413:  Hold'em Limit ($3/$6 USD) - 2016/12/12 18:59:29 ET
Table 'Eliane' 6-max Seat #6 is the button
Seat 5: RaisemyNut$ ($147.41 in chips)
Seat 6: kusznak ($112.64 in chips)
kusznak: posts small blind $1
AzureCaper: is sitting out
GRAILKO: is sitting out
RaisemyNut$: posts big blind $3
*** HOLE CARDS ***
kusznak: raises $3 to $6
RaisemyNut$: calls $3
*** FLOP *** [5c Qc Kc]
GRAILKO leaves the table
RaisemyNut$: checks
kusznak: bets $3
AzureCaper leaves the table
RaisemyNut$: raises $3 to $6
kusznak: calls $3
*** TURN *** [5c Qc Kc] [2h]
RaisemyNut$: bets $6
kusznak: calls $6
*** RIVER *** [5c Qc Kc 2h] [7h]
RaisemyNut$: bets $6
kusznak: calls $6
*** SHOW DOWN ***
RaisemyNut$: shows [Jc Ts] (high card King)
kusznak: shows [Td Ad] (high card Ace)
kusznak collected $47.50 from pot
*** SUMMARY ***
Total pot $48 | Rake $0.50
Board [5c Qc Kc 2h 7h]
Seat 5: RaisemyNut$ (big blind) showed [Jc Ts] and lost with high card King
Seat 6: kusznak (button) (small blind) showed [Td Ad] and won ($47.50) with high card Ace


