PokerStars Hand #149079379638:  Hold'em Limit ($3/$6 USD) - 2016/02/19 15:19:23 ET
Table 'Elinor' 10-max Seat #1 is the button
Seat 1: SmellyToes4u ($58.82 in chips)
Seat 8: Vaboss63 ($85 in chips)
SmellyToes4u: posts small blind $1
GRAILKO: is sitting out
Vaboss63: posts big blind $3
*** HOLE CARDS ***
SmellyToes4u: folds
Uncalled bet ($2) returned to Vaboss63
GRAILKO leaves the table
Vaboss63 collected $2 from pot
Vaboss63: doesn't show hand
*** SUMMARY ***
Total pot $2 | Rake $0
Seat 1: SmellyToes4u (button) (small blind) folded before Flop
Seat 8: Vaboss63 (big blind) collected ($2)


PokerStars Hand #149079418181:  Hold'em Limit ($3/$6 USD) - 2016/02/19 15:19:59 ET
Table 'Elinor' 10-max Seat #1 is the button
Seat 1: SmellyToes4u ($56 in chips)
Seat 8: Vaboss63 ($88.88 in chips)
SmellyToes4u: posts small blind $1
Vaboss63: posts big blind $3
*** HOLE CARDS ***
SmellyToes4u: folds
Uncalled bet ($2) returned to Vaboss63
Vaboss63 collected $2 from pot
Vaboss63: doesn't show hand
*** SUMMARY ***
Total pot $2 | Rake $0
Seat 1: SmellyToes4u (button) (small blind) folded before Flop
Seat 8: Vaboss63 (big blind) collected ($2)


PokerStars Hand #149079388018:  Hold'em Limit ($3/$6 USD) - 2016/02/19 15:19:30 ET
Table 'Elinor' 10-max Seat #8 is the button
Seat 1: SmellyToes4u ($57.82 in chips)
Seat 8: Vaboss63 ($86 in chips)
Vaboss63: posts small blind $1
SmellyToes4u: posts big blind $3
*** HOLE CARDS ***
Vaboss63: calls $2
GRAILKO joins the table at seat #9
SmellyToes4u: checks
*** FLOP *** [5s Jh 8d]
SmellyToes4u: checks
Vaboss63: checks
*** TURN *** [5s Jh 8d] [9s]
SmellyToes4u: checks
Vaboss63: checks
*** RIVER *** [5s Jh 8d 9s] [6h]
SmellyToes4u: checks
Vaboss63: checks
*** SHOW DOWN ***
SmellyToes4u: shows [5d 2s] (a pair of Fives)
Vaboss63: shows [Kh 5h] (a pair of Fives - King kicker)
Vaboss63 collected $5.88 from pot
*** SUMMARY ***
Total pot $6 | Rake $0.12
Board [5s Jh 8d 9s 6h]
Seat 1: SmellyToes4u (big blind) showed [5d 2s] and lost with a pair of Fives
Seat 8: Vaboss63 (button) (small blind) showed [Kh 5h] and won ($5.88) with a pair of Fives


