PokerStars Hand #164409969106:  Hold'em Limit ($3/$6 USD) - 2017/01/11 13:16:06 ET
Table 'Elinor II' 6-max Seat #3 is the button
Seat 3: dalton135 ($54.63 in chips)
Seat 5: volkovsky ($171.11 in chips)
dalton135: posts small blind $1
volkovsky: posts big blind $3
*** HOLE CARDS ***
dalton135: raises $3 to $6
volkovsky: folds
Uncalled bet ($3) returned to dalton135
dalton135 collected $6 from pot
dalton135: doesn't show hand
*** SUMMARY ***
Total pot $6 | Rake $0
Seat 3: dalton135 (button) (small blind) collected ($6)
Seat 5: volkovsky (big blind) folded before Flop


PokerStars Hand #164409975248:  Hold'em Limit ($3/$6 USD) - 2017/01/11 13:16:12 ET
Table 'Elinor II' 6-max Seat #5 is the button
Seat 3: dalton135 ($57.63 in chips)
Seat 5: volkovsky ($168.11 in chips)
volkovsky: posts small blind $1
dalton135: posts big blind $3
*** HOLE CARDS ***
volkovsky: raises $3 to $6
dalton135: calls $3
*** FLOP *** [4d Jd 8d]
dalton135: checks
volkovsky: bets $3
dalton135: calls $3
*** TURN *** [4d Jd 8d] [7c]
dalton135: checks
volkovsky: bets $6
dalton135: calls $6
*** RIVER *** [4d Jd 8d 7c] [Ad]
dalton135: bets $6
volkovsky: calls $6
*** SHOW DOWN ***
dalton135: shows [7s Kd] (a flush, Ace high)
volkovsky: mucks hand
dalton135 collected $41.50 from pot
*** SUMMARY ***
Total pot $42 | Rake $0.50
Board [4d Jd 8d 7c Ad]
Seat 3: dalton135 (big blind) showed [7s Kd] and won ($41.50) with a flush, Ace high
Seat 5: volkovsky (button) (small blind) mucked


PokerStars Hand #164412897933:  Hold'em Limit ($3/$6 USD) - 2017/01/11 14:08:07 ET
Table 'Elinor II' 6-max Seat #1 is the button
Seat 1: Fabulous108 ($142.92 in chips)
Seat 4: olavike ($141.77 in chips)
Fabulous108: posts small blind $1
Apanage: is sitting out
olavike: posts big blind $3
*** HOLE CARDS ***
Fabulous108: folds
Uncalled bet ($2) returned to olavike
Apanage leaves the table
olavike collected $2 from pot
olavike: doesn't show hand
*** SUMMARY ***
Total pot $2 | Rake $0
Seat 1: Fabulous108 (button) (small blind) folded before Flop
Seat 4: olavike (big blind) collected ($2)


PokerStars Hand #164413421400:  Hold'em Limit ($3/$6 USD) - 2017/01/11 14:17:10 ET
Table 'Elinor II' 6-max Seat #4 is the button
Seat 2: pedro69420 ($23.50 in chips)
Seat 4: GRAILKO ($205.50 in chips)
GRAILKO: posts small blind $1
pedro69420: posts big blind $3
*** HOLE CARDS ***
GRAILKO: raises $3 to $6
pedro69420: raises $3 to $9
GRAILKO: calls $3
*** FLOP *** [7c 6d Js]
pedro69420: bets $3
GRAILKO: calls $3
*** TURN *** [7c 6d Js] [Tc]
pedro69420: bets $6
GRAILKO: raises $6 to $12
pedro69420: folds
Uncalled bet ($6) returned to GRAILKO
GRAILKO collected $35.50 from pot
GRAILKO: doesn't show hand
*** SUMMARY ***
Total pot $36 | Rake $0.50
Board [7c 6d Js Tc]
Seat 2: pedro69420 (big blind) folded on the Turn
Seat 4: GRAILKO (button) (small blind) collected ($35.50)


PokerStars Hand #164413439878:  Hold'em Limit ($3/$6 USD) - 2017/01/11 14:17:30 ET
Table 'Elinor II' 6-max Seat #2 is the button
Seat 2: pedro69420 ($5.50 in chips)
Seat 4: GRAILKO ($223 in chips)
pedro69420: posts small blind $1
GRAILKO: posts big blind $3
*** HOLE CARDS ***
pedro69420: folds
Uncalled bet ($2) returned to GRAILKO
GRAILKO collected $2 from pot
GRAILKO: doesn't show hand
*** SUMMARY ***
Total pot $2 | Rake $0
Seat 2: pedro69420 (button) (small blind) folded before Flop
Seat 4: GRAILKO (big blind) collected ($2)


PokerStars Hand #164413446954:  Hold'em Limit ($3/$6 USD) - 2017/01/11 14:17:37 ET
Table 'Elinor II' 6-max Seat #4 is the button
Seat 2: pedro69420 ($4.50 in chips)
Seat 4: GRAILKO ($224 in chips)
GRAILKO: posts small blind $1
pedro69420: posts big blind $3
*** HOLE CARDS ***
GRAILKO: raises $3 to $6
pedro69420: calls $1.50 and is all-in
Uncalled bet ($1.50) returned to GRAILKO
*** FLOP *** [Js 4d 7d]
*** TURN *** [Js 4d 7d] [5h]
*** RIVER *** [Js 4d 7d 5h] [5s]
*** SHOW DOWN ***
pedro69420: shows [Ks 2s] (a pair of Fives)
GRAILKO: shows [7h Kd] (two pair, Sevens and Fives)
GRAILKO collected $8.82 from pot
*** SUMMARY ***
Total pot $9 | Rake $0.18
Board [Js 4d 7d 5h 5s]
Seat 2: pedro69420 (big blind) showed [Ks 2s] and lost with a pair of Fives
Seat 4: GRAILKO (button) (small blind) showed [7h Kd] and won ($8.82) with two pair, Sevens and Fives


