PokerStars Hand #163509896651:  Hold'em Limit ($3/$6 USD) - 2016/12/25 15:16:44 ET
Table 'Elisabetha II' 6-max Seat #3 is the button
Seat 3: Gjaido ($51.43 in chips)
Seat 4: VolkovDmitri ($120 in chips)
Gjaido: posts small blind $1
VolkovDmitri: posts big blind $3
*** HOLE CARDS ***
Gjaido: raises $3 to $6
VolkovDmitri: raises $3 to $9
Gjaido: calls $3
*** FLOP *** [Ts 2h 5c]
VolkovDmitri: bets $3
Gjaido: raises $3 to $6
VolkovDmitri: calls $3
*** TURN *** [Ts 2h 5c] [9s]
VolkovDmitri: checks
Gjaido: bets $6
VolkovDmitri: calls $6
*** RIVER *** [Ts 2h 5c 9s] [As]
VolkovDmitri: bets $6
Gjaido: calls $6
*** SHOW DOWN ***
VolkovDmitri: shows [Ac Js] (a pair of Aces)
Gjaido: mucks hand
VolkovDmitri collected $53.50 from pot
*** SUMMARY ***
Total pot $54 | Rake $0.50
Board [Ts 2h 5c 9s As]
Seat 3: Gjaido (button) (small blind) mucked
Seat 4: VolkovDmitri (big blind) showed [Ac Js] and won ($53.50) with a pair of Aces


PokerStars Hand #163509994864:  Hold'em Limit ($3/$6 USD) - 2016/12/25 15:18:12 ET
Table 'Elisabetha II' 6-max Seat #3 is the button
Seat 3: Gjaido ($56.36 in chips)
Seat 4: VolkovDmitri ($120 in chips)
Gjaido: posts small blind $1
VolkovDmitri: posts big blind $3
*** HOLE CARDS ***
Gjaido: calls $2
VolkovDmitri: raises $3 to $6
Gjaido: calls $3
*** FLOP *** [Ad Kd 5c]
VolkovDmitri: bets $3
Gjaido: calls $3
*** TURN *** [Ad Kd 5c] [Kh]
VolkovDmitri: bets $6
Gjaido: raises $6 to $12
VolkovDmitri: folds
Uncalled bet ($6) returned to Gjaido
Gjaido collected $29.50 from pot
Gjaido: doesn't show hand
*** SUMMARY ***
Total pot $30 | Rake $0.50
Board [Ad Kd 5c Kh]
Seat 3: Gjaido (button) (small blind) collected ($29.50)
Seat 4: VolkovDmitri (big blind) folded on the Turn


PokerStars Hand #163509965946:  Hold'em Limit ($3/$6 USD) - 2016/12/25 15:17:45 ET
Table 'Elisabetha II' 6-max Seat #4 is the button
Seat 3: Gjaido ($28.43 in chips)
Seat 4: VolkovDmitri ($142.50 in chips)
VolkovDmitri: posts small blind $1
Gjaido: posts big blind $3
*** HOLE CARDS ***
VolkovDmitri: raises $3 to $6
Gjaido: raises $3 to $9
VolkovDmitri: calls $3
*** FLOP *** [4s 5c Tc]
Gjaido: bets $3
VolkovDmitri: raises $3 to $6
Gjaido: raises $3 to $9
VolkovDmitri: calls $3
*** TURN *** [4s 5c Tc] [Ah]
Gjaido: bets $6
VolkovDmitri: raises $6 to $12
Gjaido: calls $4.43 and is all-in
Uncalled bet ($1.57) returned to VolkovDmitri
*** RIVER *** [4s 5c Tc Ah] [2h]
*** SHOW DOWN ***
Gjaido: shows [Kc Ks] (a pair of Kings)
VolkovDmitri: shows [9c 5h] (a pair of Fives)
Gjaido collected $56.36 from pot
*** SUMMARY ***
Total pot $56.86 | Rake $0.50
Board [4s 5c Tc Ah 2h]
Seat 3: Gjaido (big blind) showed [Kc Ks] and won ($56.36) with a pair of Kings
Seat 4: VolkovDmitri (button) (small blind) showed [9c 5h] and lost with a pair of Fives


PokerStars Hand #163509957099:  Hold'em Limit ($3/$6 USD) - 2016/12/25 15:17:38 ET
Table 'Elisabetha II' 6-max Seat #3 is the button
Seat 3: Gjaido ($25.43 in chips)
Seat 4: VolkovDmitri ($145.50 in chips)
Gjaido: posts small blind $1
VolkovDmitri: posts big blind $3
*** HOLE CARDS ***
Gjaido: raises $3 to $6
VolkovDmitri: folds
Uncalled bet ($3) returned to Gjaido
Gjaido collected $6 from pot
Gjaido: doesn't show hand
*** SUMMARY ***
Total pot $6 | Rake $0
Seat 3: Gjaido (button) (small blind) collected ($6)
Seat 4: VolkovDmitri (big blind) folded before Flop


PokerStars Hand #163509944496:  Hold'em Limit ($3/$6 USD) - 2016/12/25 15:17:26 ET
Table 'Elisabetha II' 6-max Seat #4 is the button
Seat 3: Gjaido ($24.43 in chips)
Seat 4: VolkovDmitri ($146.50 in chips)
VolkovDmitri: posts small blind $1
Gjaido: posts big blind $3
*** HOLE CARDS ***
VolkovDmitri: folds
Uncalled bet ($2) returned to Gjaido
Gjaido collected $2 from pot
Gjaido: doesn't show hand
*** SUMMARY ***
Total pot $2 | Rake $0
Seat 3: Gjaido (big blind) collected ($2)
Seat 4: VolkovDmitri (button) (small blind) folded before Flop


PokerStars Hand #163510014299:  Hold'em Limit ($3/$6 USD) - 2016/12/25 15:18:30 ET
Table 'Elisabetha II' 6-max Seat #4 is the button
Seat 3: Gjaido ($70.86 in chips)
Seat 4: VolkovDmitri ($120 in chips)
VolkovDmitri: posts small blind $1
Gjaido: posts big blind $3
*** HOLE CARDS ***
VolkovDmitri: raises $3 to $6
Gjaido: calls $3
*** FLOP *** [6s Ad 7h]
Gjaido: checks
VolkovDmitri: bets $3
Gjaido: raises $3 to $6
VolkovDmitri: calls $3
*** TURN *** [6s Ad 7h] [Jc]
Gjaido: bets $6
VolkovDmitri: calls $6
*** RIVER *** [6s Ad 7h Jc] [8d]
Gjaido: bets $6
VolkovDmitri: folds
Uncalled bet ($6) returned to Gjaido
Gjaido collected $35.50 from pot
Gjaido: doesn't show hand
*** SUMMARY ***
Total pot $36 | Rake $0.50
Board [6s Ad 7h Jc 8d]
Seat 3: Gjaido (big blind) collected ($35.50)
Seat 4: VolkovDmitri (button) (small blind) folded on the River


PokerStars Hand #163510088131:  Hold'em Limit ($3/$6 USD) - 2016/12/25 15:19:38 ET
Table 'Elisabetha II' 6-max Seat #4 is the button
Seat 3: Gjaido ($70.36 in chips)
Seat 4: VolkovDmitri ($137.50 in chips)
VolkovDmitri: posts small blind $1
Gjaido: posts big blind $3
*** HOLE CARDS ***
VolkovDmitri: raises $3 to $6
Gjaido: calls $3
*** FLOP *** [5s 8c 3c]
Gjaido: bets $3
VolkovDmitri: calls $3
*** TURN *** [5s 8c 3c] [Js]
Gjaido: bets $6
VolkovDmitri: calls $6
*** RIVER *** [5s 8c 3c Js] [Qd]
Gjaido: bets $6
VolkovDmitri: calls $6
*** SHOW DOWN ***
Gjaido: shows [7h 8d] (a pair of Eights)
VolkovDmitri: mucks hand
Gjaido collected $41.50 from pot
*** SUMMARY ***
Total pot $42 | Rake $0.50
Board [5s 8c 3c Js Qd]
Seat 3: Gjaido (big blind) showed [7h 8d] and won ($41.50) with a pair of Eights
Seat 4: VolkovDmitri (button) (small blind) mucked


PokerStars Hand #163510048380:  Hold'em Limit ($3/$6 USD) - 2016/12/25 15:19:02 ET
Table 'Elisabetha II' 6-max Seat #3 is the button
Seat 3: Gjaido ($88.36 in chips)
Seat 4: VolkovDmitri ($120 in chips)
Gjaido: posts small blind $1
VolkovDmitri: posts big blind $3
*** HOLE CARDS ***
Gjaido: raises $3 to $6
VolkovDmitri: raises $3 to $9
Gjaido: calls $3
*** FLOP *** [Jh 4s 3h]
VolkovDmitri: bets $3
Gjaido: calls $3
*** TURN *** [Jh 4s 3h] [8d]
VolkovDmitri: bets $6
Gjaido: calls $6
*** RIVER *** [Jh 4s 3h 8d] [Kd]
VolkovDmitri: bets $6
Gjaido: folds
Uncalled bet ($6) returned to VolkovDmitri
VolkovDmitri collected $35.50 from pot
VolkovDmitri: doesn't show hand
*** SUMMARY ***
Total pot $36 | Rake $0.50
Board [Jh 4s 3h 8d Kd]
Seat 3: Gjaido (button) (small blind) folded on the River
Seat 4: VolkovDmitri (big blind) collected ($35.50)


PokerStars Hand #163510181163:  Hold'em Limit ($3/$6 USD) - 2016/12/25 15:21:03 ET
Table 'Elisabetha II' 6-max Seat #3 is the button
Seat 3: Gjaido ($57.86 in chips)
Seat 4: VolkovDmitri ($152.26 in chips)
Gjaido: posts small blind $1
VolkovDmitri: posts big blind $3
*** HOLE CARDS ***
Gjaido: folds
Uncalled bet ($2) returned to VolkovDmitri
VolkovDmitri collected $2 from pot
VolkovDmitri: doesn't show hand
*** SUMMARY ***
Total pot $2 | Rake $0
Seat 3: Gjaido (button) (small blind) folded before Flop
Seat 4: VolkovDmitri (big blind) collected ($2)


PokerStars Hand #163510159883:  Hold'em Limit ($3/$6 USD) - 2016/12/25 15:20:43 ET
Table 'Elisabetha II' 6-max Seat #4 is the button
Seat 3: Gjaido ($63.86 in chips)
Seat 4: VolkovDmitri ($146.50 in chips)
VolkovDmitri: posts small blind $1
Gjaido: posts big blind $3
*** HOLE CARDS ***
VolkovDmitri: raises $3 to $6
Gjaido: calls $3
*** FLOP *** [8s Kh 3c]
Gjaido: checks
VolkovDmitri: bets $3
Gjaido: folds
Uncalled bet ($3) returned to VolkovDmitri
VolkovDmitri collected $11.76 from pot
VolkovDmitri: doesn't show hand
*** SUMMARY ***
Total pot $12 | Rake $0.24
Board [8s Kh 3c]
Seat 3: Gjaido (big blind) folded on the Flop
Seat 4: VolkovDmitri (button) (small blind) collected ($11.76)


PokerStars Hand #163510118243:  Hold'em Limit ($3/$6 USD) - 2016/12/25 15:20:05 ET
Table 'Elisabetha II' 6-max Seat #3 is the button
Seat 3: Gjaido ($90.86 in chips)
Seat 4: VolkovDmitri ($120 in chips)
Gjaido: posts small blind $1
VolkovDmitri: posts big blind $3
*** HOLE CARDS ***
Gjaido: raises $3 to $6
VolkovDmitri: calls $3
*** FLOP *** [3d Td Jd]
VolkovDmitri: bets $3
Gjaido: raises $3 to $6
VolkovDmitri: raises $3 to $9
Gjaido: calls $3
*** TURN *** [3d Td Jd] [4c]
VolkovDmitri: bets $6
Gjaido: calls $6
*** RIVER *** [3d Td Jd 4c] [8c]
VolkovDmitri: checks
Gjaido: bets $6
VolkovDmitri: calls $6
*** SHOW DOWN ***
Gjaido: shows [Qh Ks] (high card King)
VolkovDmitri: shows [Js 6h] (a pair of Jacks)
VolkovDmitri collected $53.50 from pot
*** SUMMARY ***
Total pot $54 | Rake $0.50
Board [3d Td Jd 4c 8c]
Seat 3: Gjaido (button) (small blind) showed [Qh Ks] and lost with high card King
Seat 4: VolkovDmitri (big blind) showed [Js 6h] and won ($53.50) with a pair of Jacks


PokerStars Hand #163510251204:  Hold'em Limit ($3/$6 USD) - 2016/12/25 15:22:07 ET
Table 'Elisabetha II' 6-max Seat #3 is the button
Seat 3: Gjaido ($34.50 in chips)
Seat 4: VolkovDmitri ($174.76 in chips)
Gjaido: posts small blind $1
VolkovDmitri: posts big blind $3
*** HOLE CARDS ***
Gjaido: folds
Uncalled bet ($2) returned to VolkovDmitri
VolkovDmitri collected $2 from pot
VolkovDmitri: doesn't show hand
*** SUMMARY ***
Total pot $2 | Rake $0
Seat 3: Gjaido (button) (small blind) folded before Flop
Seat 4: VolkovDmitri (big blind) collected ($2)


PokerStars Hand #163510225054:  Hold'em Limit ($3/$6 USD) - 2016/12/25 15:21:43 ET
Table 'Elisabetha II' 6-max Seat #4 is the button
Seat 3: Gjaido ($25.86 in chips)
Seat 4: VolkovDmitri ($183.76 in chips)
VolkovDmitri: posts small blind $1
Gjaido: posts big blind $3
*** HOLE CARDS ***
VolkovDmitri: raises $3 to $6
Gjaido: raises $3 to $9
VolkovDmitri: calls $3
*** FLOP *** [Tc 9s Th]
Gjaido: bets $3
VolkovDmitri: folds
Uncalled bet ($3) returned to Gjaido
Gjaido collected $17.64 from pot
Gjaido: doesn't show hand
*** SUMMARY ***
Total pot $18 | Rake $0.36
Board [Tc 9s Th]
Seat 3: Gjaido (big blind) collected ($17.64)
Seat 4: VolkovDmitri (button) (small blind) folded on the Flop


PokerStars Hand #163510219246:  Hold'em Limit ($3/$6 USD) - 2016/12/25 15:21:38 ET
Table 'Elisabetha II' 6-max Seat #3 is the button
Seat 3: Gjaido ($26.86 in chips)
Seat 4: VolkovDmitri ($182.76 in chips)
Gjaido: posts small blind $1
VolkovDmitri: posts big blind $3
*** HOLE CARDS ***
Gjaido: folds
Uncalled bet ($2) returned to VolkovDmitri
VolkovDmitri collected $2 from pot
VolkovDmitri: doesn't show hand
*** SUMMARY ***
Total pot $2 | Rake $0
Seat 3: Gjaido (button) (small blind) folded before Flop
Seat 4: VolkovDmitri (big blind) collected ($2)


PokerStars Hand #163510187696:  Hold'em Limit ($3/$6 USD) - 2016/12/25 15:21:09 ET
Table 'Elisabetha II' 6-max Seat #4 is the button
Seat 3: Gjaido ($56.86 in chips)
Seat 4: VolkovDmitri ($153.26 in chips)
VolkovDmitri: posts small blind $1
Gjaido: posts big blind $3
*** HOLE CARDS ***
VolkovDmitri: raises $3 to $6
Gjaido: calls $3
*** FLOP *** [2d 3s 3d]
Gjaido: checks
VolkovDmitri: bets $3
Gjaido: raises $3 to $6
VolkovDmitri: calls $3
*** TURN *** [2d 3s 3d] [5c]
Gjaido: bets $6
VolkovDmitri: calls $6
*** RIVER *** [2d 3s 3d 5c] [Js]
Gjaido: bets $6
VolkovDmitri: raises $6 to $12
Gjaido: calls $6
*** SHOW DOWN ***
VolkovDmitri: shows [Jd 4s] (two pair, Jacks and Threes)
Gjaido: mucks hand
VolkovDmitri collected $59.50 from pot
*** SUMMARY ***
Total pot $60 | Rake $0.50
Board [2d 3s 3d 5c Js]
Seat 3: Gjaido (big blind) mucked
Seat 4: VolkovDmitri (button) (small blind) showed [Jd 4s] and won ($59.50) with two pair, Jacks and Threes


PokerStars Hand #163510305554:  Hold'em Limit ($3/$6 USD) - 2016/12/25 15:22:58 ET
Table 'Elisabetha II' 6-max Seat #3 is the button
Seat 3: Gjaido ($24.50 in chips)
Seat 4: VolkovDmitri ($184.40 in chips)
Gjaido: posts small blind $1
VolkovDmitri: posts big blind $3
*** HOLE CARDS ***
Gjaido: raises $3 to $6
VolkovDmitri: calls $3
*** FLOP *** [5s 8d 9c]
VolkovDmitri: checks
Gjaido: bets $3
VolkovDmitri: calls $3
*** TURN *** [5s 8d 9c] [7h]
VolkovDmitri: checks
Gjaido: bets $6
VolkovDmitri: calls $6
*** RIVER *** [5s 8d 9c 7h] [Ah]
VolkovDmitri: checks
Gjaido: bets $6
VolkovDmitri: calls $6
*** SHOW DOWN ***
Gjaido: shows [4c 3c] (high card Ace)
VolkovDmitri: shows [7s Jc] (a pair of Sevens)
VolkovDmitri collected $41.50 from pot
*** SUMMARY ***
Total pot $42 | Rake $0.50
Board [5s 8d 9c 7h Ah]
Seat 3: Gjaido (button) (small blind) showed [4c 3c] and lost with high card Ace
Seat 4: VolkovDmitri (big blind) showed [7s Jc] and won ($41.50) with a pair of Sevens


PokerStars Hand #163510258030:  Hold'em Limit ($3/$6 USD) - 2016/12/25 15:22:14 ET
Table 'Elisabetha II' 6-max Seat #4 is the button
Seat 3: Gjaido ($33.50 in chips)
Seat 4: VolkovDmitri ($175.76 in chips)
VolkovDmitri: posts small blind $1
Gjaido: posts big blind $3
*** HOLE CARDS ***
VolkovDmitri: raises $3 to $6
Gjaido: calls $3
*** FLOP *** [As 3s 9c]
Gjaido: checks
VolkovDmitri: bets $3
Gjaido: calls $3
*** TURN *** [As 3s 9c] [Ad]
Gjaido: checks
VolkovDmitri: checks
*** RIVER *** [As 3s 9c Ad] [9h]
Gjaido: checks
VolkovDmitri: bets $6
Gjaido: folds
Uncalled bet ($6) returned to VolkovDmitri
VolkovDmitri collected $17.64 from pot
VolkovDmitri: doesn't show hand
*** SUMMARY ***
Total pot $18 | Rake $0.36
Board [As 3s 9c Ad 9h]
Seat 3: Gjaido (big blind) folded on the River
Seat 4: VolkovDmitri (button) (small blind) collected ($17.64)


PokerStars Hand #163510355898:  Hold'em Limit ($3/$6 USD) - 2016/12/25 15:23:39 ET
Table 'Elisabetha II' 6-max Seat #3 is the button
Seat 3: Gjaido ($6.86 in chips)
Seat 4: VolkovDmitri ($201.40 in chips)
Gjaido: posts small blind $1
VolkovDmitri: posts big blind $3
*** HOLE CARDS ***
Gjaido: raises $3 to $6
VolkovDmitri: raises $3 to $9
Gjaido: calls $0.86 and is all-in
Uncalled bet ($2.14) returned to VolkovDmitri
*** FLOP *** [8h Qd 6h]
*** TURN *** [8h Qd 6h] [7c]
*** RIVER *** [8h Qd 6h 7c] [Ks]
*** SHOW DOWN ***
VolkovDmitri: shows [6s Qs] (two pair, Queens and Sixes)
Gjaido: shows [2s 3c] (high card King)
VolkovDmitri collected $13.45 from pot
*** SUMMARY ***
Total pot $13.72 | Rake $0.27
Board [8h Qd 6h 7c Ks]
Seat 3: Gjaido (button) (small blind) showed [2s 3c] and lost with high card King
Seat 4: VolkovDmitri (big blind) showed [6s Qs] and won ($13.45) with two pair, Queens and Sixes


PokerStars Hand #163510341056:  Hold'em Limit ($3/$6 USD) - 2016/12/25 15:23:26 ET
Table 'Elisabetha II' 6-max Seat #4 is the button
Seat 3: Gjaido ($3.50 in chips)
Seat 4: VolkovDmitri ($204.90 in chips)
VolkovDmitri: posts small blind $1
Gjaido: posts big blind $3
*** HOLE CARDS ***
VolkovDmitri: raises $3 to $6
Gjaido: calls $0.50 and is all-in
Uncalled bet ($2.50) returned to VolkovDmitri
*** FLOP *** [Jc Ah Qh]
*** TURN *** [Jc Ah Qh] [Ad]
*** RIVER *** [Jc Ah Qh Ad] [7h]
*** SHOW DOWN ***
Gjaido: shows [Ks Td] (a straight, Ten to Ace)
VolkovDmitri: shows [8s As] (three of a kind, Aces)
Gjaido collected $6.86 from pot
*** SUMMARY ***
Total pot $7 | Rake $0.14
Board [Jc Ah Qh Ad 7h]
Seat 3: Gjaido (big blind) showed [Ks Td] and won ($6.86) with a straight, Ten to Ace
Seat 4: VolkovDmitri (button) (small blind) showed [8s As] and lost with three of a kind, Aces


