PokerStars Hand #171768661461:  Hold'em Limit ($3/$6 USD) - 2017/06/14 12:47:44 ET
Table 'Elisabetha' 6-max Seat #3 is the button
Seat 3: chebob ($87 in chips)
Seat 4: Actionni13 ($150 in chips)
chebob: posts small blind $1
Actionni13: posts big blind $3
*** HOLE CARDS ***
chebob: raises $3 to $6
Actionni13: raises $3 to $9
chebob: calls $3
*** FLOP *** [7d 4d Kh]
Actionni13: bets $3
chebob: calls $3
*** TURN *** [7d 4d Kh] [5s]
Actionni13: checks
chebob: bets $6
Actionni13: folds
Uncalled bet ($6) returned to chebob
chebob collected $23.52 from pot
chebob: doesn't show hand
*** SUMMARY ***
Total pot $24 | Rake $0.48
Board [7d 4d Kh 5s]
Seat 3: chebob (button) (small blind) collected ($23.52)
Seat 4: Actionni13 (big blind) folded on the Turn


PokerStars Hand #171768654787:  Hold'em Limit ($3/$6 USD) - 2017/06/14 12:47:34 ET
Table 'Elisabetha' 6-max Seat #4 is the button
Seat 3: chebob ($86 in chips)
Seat 4: Actionni13 ($151 in chips)
Actionni13: posts small blind $1
chebob: posts big blind $3
*** HOLE CARDS ***
Actionni13: folds
Uncalled bet ($2) returned to chebob
chebob collected $2 from pot
chebob: doesn't show hand
*** SUMMARY ***
Total pot $2 | Rake $0
Seat 3: chebob (big blind) collected ($2)
Seat 4: Actionni13 (button) (small blind) folded before Flop


PokerStars Hand #171768685297:  Hold'em Limit ($3/$6 USD) - 2017/06/14 12:48:21 ET
Table 'Elisabetha' 6-max Seat #3 is the button
Seat 3: chebob ($107.16 in chips)
Seat 4: Actionni13 ($150 in chips)
chebob: posts small blind $1
Actionni13: posts big blind $3
*** HOLE CARDS ***
chebob: raises $3 to $6
Actionni13: calls $3
*** FLOP *** [Jh Qd Ac]
Actionni13: checks
CatPuppy1999 joins the table at seat #5
chebob: checks
*** TURN *** [Jh Qd Ac] [2s]
Actionni13: checks
chebob: checks
*** RIVER *** [Jh Qd Ac 2s] [3c]
Actionni13: checks
chebob: checks
*** SHOW DOWN ***
Actionni13: shows [6d 9s] (high card Ace)
chebob: shows [Kd 5c] (high card Ace - King kicker)
chebob collected $11.76 from pot
*** SUMMARY ***
Total pot $12 | Rake $0.24
Board [Jh Qd Ac 2s 3c]
Seat 3: chebob (button) (small blind) showed [Kd 5c] and won ($11.76) with high card Ace
Seat 4: Actionni13 (big blind) showed [6d 9s] and lost with high card Ace


PokerStars Hand #171768672807:  Hold'em Limit ($3/$6 USD) - 2017/06/14 12:48:01 ET
Table 'Elisabetha' 6-max Seat #4 is the button
Seat 3: chebob ($98.52 in chips)
Seat 4: Actionni13 ($150 in chips)
Actionni13: posts small blind $1
chebob: posts big blind $3
*** HOLE CARDS ***
Actionni13: raises $3 to $6
chebob: calls $3
*** FLOP *** [6h 3d Ts]
chebob: checks
Actionni13: bets $3
chebob: calls $3
*** TURN *** [6h 3d Ts] [Ks]
chebob: checks
Actionni13: checks
*** RIVER *** [6h 3d Ts Ks] [Ac]
chebob: bets $6
Actionni13: folds
Uncalled bet ($6) returned to chebob
chebob collected $17.64 from pot
chebob: doesn't show hand
*** SUMMARY ***
Total pot $18 | Rake $0.36
Board [6h 3d Ts Ks Ac]
Seat 3: chebob (big blind) collected ($17.64)
Seat 4: Actionni13 (button) (small blind) folded on the River


PokerStars Hand #171769309308:  Hold'em Limit ($3/$6 USD) - 2017/06/14 13:05:10 ET
Table 'Elisabetha' 6-max Seat #4 is the button
Seat 2: scorpio04 ($150 in chips)
Seat 4: krytalex ($134.80 in chips)
krytalex: posts small blind $1
CatPuppy1999: is sitting out
scorpio04: posts big blind $3
*** HOLE CARDS ***
CatPuppy1999 leaves the table
vestimokrec leaves the table
krytalex: folds
Uncalled bet ($2) returned to scorpio04
scorpio04 collected $2 from pot
scorpio04: doesn't show hand
*** SUMMARY ***
Total pot $2 | Rake $0
Seat 2: scorpio04 (big blind) collected ($2)
Seat 4: krytalex (button) (small blind) folded before Flop


