PokerStars Hand #164439742074:  Hold'em Limit ($3/$6 USD) - 2017/01/12 1:53:54 ET
Table 'Elisabetha' 10-max Seat #5 is the button
Seat 5: aploshik ($113.22 in chips)
Seat 6: Agrotait ($72 in chips)
aploshik: posts small blind $1
Agrotait: posts big blind $3
*** HOLE CARDS ***
aploshik: raises $3 to $6
Agrotait: calls $3
*** FLOP *** [9s Jh 4s]
Agrotait: checks
aploshik: bets $3
Agrotait: folds
Uncalled bet ($3) returned to aploshik
aploshik collected $11.76 from pot
aploshik: doesn't show hand
*** SUMMARY ***
Total pot $12 | Rake $0.24
Board [9s Jh 4s]
Seat 5: aploshik (button) (small blind) collected ($11.76)
Seat 6: Agrotait (big blind) folded on the Flop


PokerStars Hand #164439749601:  Hold'em Limit ($3/$6 USD) - 2017/01/12 1:54:22 ET
Table 'Elisabetha' 10-max Seat #6 is the button
Seat 5: aploshik ($118.98 in chips)
Seat 6: Agrotait ($66 in chips)
Agrotait: posts small blind $1
aploshik: posts big blind $3
*** HOLE CARDS ***
Agrotait: raises $3 to $6
aploshik: raises $3 to $9
Agrotait: calls $3
*** FLOP *** [6c Qc 3s]
aploshik: checks
Agrotait: bets $3
aploshik: folds
Uncalled bet ($3) returned to Agrotait
Agrotait collected $17.64 from pot
Agrotait: doesn't show hand
*** SUMMARY ***
Total pot $18 | Rake $0.36
Board [6c Qc 3s]
Seat 5: aploshik (big blind) folded on the Flop
Seat 6: Agrotait (button) (small blind) collected ($17.64)


PokerStars Hand #164439756713:  Hold'em Limit ($3/$6 USD) - 2017/01/12 1:54:50 ET
Table 'Elisabetha' 10-max Seat #5 is the button
Seat 5: aploshik ($109.98 in chips)
Seat 6: Agrotait ($74.64 in chips)
aploshik: posts small blind $1
Agrotait: posts big blind $3
*** HOLE CARDS ***
aploshik: raises $3 to $6
Agrotait: calls $3
*** FLOP *** [3s 2c 6h]
Agrotait: checks
aploshik: bets $3
Agrotait: calls $3
*** TURN *** [3s 2c 6h] [2d]
Agrotait: checks
aploshik: bets $6
Agrotait: folds
Uncalled bet ($6) returned to aploshik
aploshik collected $17.64 from pot
aploshik: doesn't show hand
*** SUMMARY ***
Total pot $18 | Rake $0.36
Board [3s 2c 6h 2d]
Seat 5: aploshik (button) (small blind) collected ($17.64)
Seat 6: Agrotait (big blind) folded on the Turn


PokerStars Hand #164439766664:  Hold'em Limit ($3/$6 USD) - 2017/01/12 1:55:31 ET
Table 'Elisabetha' 10-max Seat #5 is the button
Seat 5: aploshik ($115.62 in chips)
Seat 6: Agrotait ($68.64 in chips)
aploshik: posts small blind $1
Agrotait: posts big blind $3
*** HOLE CARDS ***
aploshik: raises $3 to $6
Agrotait: calls $3
*** FLOP *** [4h Ah 8c]
Agrotait: checks
aploshik: bets $3
Agrotait: calls $3
*** TURN *** [4h Ah 8c] [2h]
Agrotait: checks
aploshik: bets $6
Agrotait: folds
Uncalled bet ($6) returned to aploshik
aploshik collected $17.64 from pot
aploshik: doesn't show hand
*** SUMMARY ***
Total pot $18 | Rake $0.36
Board [4h Ah 8c 2h]
Seat 5: aploshik (button) (small blind) collected ($17.64)
Seat 6: Agrotait (big blind) folded on the Turn


PokerStars Hand #164439764740:  Hold'em Limit ($3/$6 USD) - 2017/01/12 1:55:22 ET
Table 'Elisabetha' 10-max Seat #6 is the button
Seat 5: aploshik ($118.62 in chips)
Seat 6: Agrotait ($65.64 in chips)
Agrotait: posts small blind $1
aploshik: posts big blind $3
*** HOLE CARDS ***
Agrotait: raises $3 to $6
aploshik: folds
Uncalled bet ($3) returned to Agrotait
Agrotait collected $6 from pot
Agrotait: doesn't show hand
*** SUMMARY ***
Total pot $6 | Rake $0
Seat 5: aploshik (big blind) folded before Flop
Seat 6: Agrotait (button) (small blind) collected ($6)


PokerStars Hand #164439771066:  Hold'em Limit ($3/$6 USD) - 2017/01/12 1:55:50 ET
Table 'Elisabetha' 10-max Seat #6 is the button
Seat 5: aploshik ($124.26 in chips)
Seat 6: Agrotait ($72 in chips)
Agrotait: posts small blind $1
aploshik: posts big blind $3
*** HOLE CARDS ***
Agrotait: raises $3 to $6
aploshik: calls $3
*** FLOP *** [Qs 9d Ah]
aploshik: bets $3
Agrotait: folds
Uncalled bet ($3) returned to aploshik
aploshik collected $11.76 from pot
aploshik: doesn't show hand
*** SUMMARY ***
Total pot $12 | Rake $0.24
Board [Qs 9d Ah]
Seat 5: aploshik (big blind) collected ($11.76)
Seat 6: Agrotait (button) (small blind) folded on the Flop


PokerStars Hand #164439780195:  Hold'em Limit ($3/$6 USD) - 2017/01/12 1:56:03 ET
Table 'Elisabetha' 10-max Seat #5 is the button
Seat 5: aploshik ($130.02 in chips)
Seat 6: Agrotait ($66 in chips)
aploshik: posts small blind $1
Agrotait: posts big blind $3
*** HOLE CARDS ***
aploshik: raises $3 to $6
Agrotait: raises $3 to $9
aploshik: calls $3
*** FLOP *** [6h 2s 4d]
Agrotait: bets $3
aploshik: raises $3 to $6
Agrotait: calls $3
*** TURN *** [6h 2s 4d] [3d]
Agrotait: checks
aploshik: bets $6
Agrotait: folds
Uncalled bet ($6) returned to aploshik
aploshik collected $29.50 from pot
aploshik: doesn't show hand
*** SUMMARY ***
Total pot $30 | Rake $0.50
Board [6h 2s 4d 3d]
Seat 5: aploshik (button) (small blind) collected ($29.50)
Seat 6: Agrotait (big blind) folded on the Turn


PokerStars Hand #164439784466:  Hold'em Limit ($3/$6 USD) - 2017/01/12 1:56:21 ET
Table 'Elisabetha' 10-max Seat #6 is the button
Seat 5: aploshik ($144.52 in chips)
Seat 6: Agrotait ($72 in chips)
Agrotait: posts small blind $1
aploshik: posts big blind $3
*** HOLE CARDS ***
Agrotait: raises $3 to $6
aploshik: raises $3 to $9
Agrotait: calls $3
*** FLOP *** [Js 9h 4c]
aploshik: bets $3
Agrotait: calls $3
*** TURN *** [Js 9h 4c] [6c]
aploshik: bets $6
Agrotait: calls $6
*** RIVER *** [Js 9h 4c 6c] [7h]
aploshik: checks
Agrotait: checks
*** SHOW DOWN ***
aploshik: shows [7d 8d] (a pair of Sevens)
Agrotait: mucks hand
aploshik collected $35.50 from pot
*** SUMMARY ***
Total pot $36 | Rake $0.50
Board [Js 9h 4c 6c 7h]
Seat 5: aploshik (big blind) showed [7d 8d] and won ($35.50) with a pair of Sevens
Seat 6: Agrotait (button) (small blind) mucked


PokerStars Hand #164439802331:  Hold'em Limit ($3/$6 USD) - 2017/01/12 1:57:37 ET
Table 'Elisabetha' 10-max Seat #5 is the button
Seat 5: aploshik ($206.02 in chips)
Seat 6: Agrotait ($72 in chips)
aploshik: posts small blind $1
Agrotait: posts big blind $3
*** HOLE CARDS ***
aploshik: raises $3 to $6
Agrotait: calls $3
*** FLOP *** [6c 7c Ks]
Agrotait: checks
aploshik: bets $3
Agrotait: raises $3 to $6
aploshik: raises $3 to $9
Agrotait: calls $3
*** TURN *** [6c 7c Ks] [Ah]
Agrotait: checks
aploshik: bets $6
Agrotait: calls $6
*** RIVER *** [6c 7c Ks Ah] [2h]
Agrotait: checks
aploshik: bets $6
Agrotait: calls $6
*** SHOW DOWN ***
aploshik: shows [Ad 7d] (two pair, Aces and Sevens)
Agrotait: mucks hand
aploshik collected $53.50 from pot
*** SUMMARY ***
Total pot $54 | Rake $0.50
Board [6c 7c Ks Ah 2h]
Seat 5: aploshik (button) (small blind) showed [Ad 7d] and won ($53.50) with two pair, Aces and Sevens
Seat 6: Agrotait (big blind) mucked


PokerStars Hand #164439789597:  Hold'em Limit ($3/$6 USD) - 2017/01/12 1:56:42 ET
Table 'Elisabetha' 10-max Seat #5 is the button
Seat 5: aploshik ($162.02 in chips)
Seat 6: Agrotait ($72 in chips)
aploshik: posts small blind $1
Agrotait: posts big blind $3
*** HOLE CARDS ***
aploshik: raises $3 to $6
Agrotait: calls $3
*** FLOP *** [8d 7h 9d]
Agrotait: checks
aploshik: bets $3
Agrotait: calls $3
*** TURN *** [8d 7h 9d] [Th]
Agrotait: checks
aploshik: bets $6
Agrotait: raises $6 to $12
aploshik: calls $6
*** RIVER *** [8d 7h 9d Th] [4d]
Agrotait: checks
aploshik: checks
*** SHOW DOWN ***
Agrotait: shows [2h 5h] (high card Ten)
aploshik: shows [6s 7d] (a straight, Six to Ten)
aploshik collected $41.50 from pot
*** SUMMARY ***
Total pot $42 | Rake $0.50
Board [8d 7h 9d Th 4d]
Seat 5: aploshik (button) (small blind) showed [6s 7d] and won ($41.50) with a straight, Six to Ten
Seat 6: Agrotait (big blind) showed [2h 5h] and lost with high card Ten


PokerStars Hand #164439796389:  Hold'em Limit ($3/$6 USD) - 2017/01/12 1:57:11 ET
Table 'Elisabetha' 10-max Seat #6 is the button
Seat 5: aploshik ($182.52 in chips)
Seat 6: Agrotait ($72 in chips)
Agrotait: posts small blind $1
aploshik: posts big blind $3
*** HOLE CARDS ***
Agrotait: raises $3 to $6
aploshik: raises $3 to $9
Agrotait: calls $3
*** FLOP *** [2h Jh Js]
aploshik: bets $3
Agrotait: calls $3
*** TURN *** [2h Jh Js] [4s]
aploshik: checks
Agrotait: bets $6
aploshik: calls $6
*** RIVER *** [2h Jh Js 4s] [Td]
aploshik: checks
Agrotait: bets $6
aploshik: calls $6
*** SHOW DOWN ***
Agrotait: shows [8c 5d] (a pair of Jacks)
aploshik: shows [7d Qd] (a pair of Jacks - Queen kicker)
aploshik collected $47.50 from pot
*** SUMMARY ***
Total pot $48 | Rake $0.50
Board [2h Jh Js 4s Td]
Seat 5: aploshik (big blind) showed [7d Qd] and won ($47.50) with a pair of Jacks
Seat 6: Agrotait (button) (small blind) showed [8c 5d] and lost with a pair of Jacks


PokerStars Hand #164439815488:  Hold'em Limit ($3/$6 USD) - 2017/01/12 1:58:32 ET
Table 'Elisabetha' 10-max Seat #5 is the button
Seat 5: aploshik ($253.02 in chips)
Seat 6: Agrotait ($72 in chips)
aploshik: posts small blind $1
Agrotait: posts big blind $3
*** HOLE CARDS ***
aploshik: raises $3 to $6
Agrotait: raises $3 to $9
aploshik: calls $3
*** FLOP *** [Ah Qc 9c]
Agrotait: bets $3
aploshik: calls $3
*** TURN *** [Ah Qc 9c] [Ad]
Agrotait: bets $6
aploshik: raises $6 to $12
Agrotait: raises $6 to $18
aploshik: calls $6
*** RIVER *** [Ah Qc 9c Ad] [Th]
Agrotait: bets $6
aploshik: calls $6
*** SHOW DOWN ***
Agrotait: shows [9h 9d] (a full house, Nines full of Aces)
aploshik: mucks hand
Agrotait collected $71.50 from pot
*** SUMMARY ***
Total pot $72 | Rake $0.50
Board [Ah Qc 9c Ad Th]
Seat 5: aploshik (button) (small blind) mucked
Seat 6: Agrotait (big blind) showed [9h 9d] and won ($71.50) with a full house, Nines full of Aces


PokerStars Hand #164439807962:  Hold'em Limit ($3/$6 USD) - 2017/01/12 1:58:00 ET
Table 'Elisabetha' 10-max Seat #6 is the button
Seat 5: aploshik ($232.52 in chips)
Seat 6: Agrotait ($72 in chips)
Agrotait: posts small blind $1
aploshik: posts big blind $3
*** HOLE CARDS ***
Agrotait: raises $3 to $6
aploshik: raises $3 to $9
Agrotait: calls $3
*** FLOP *** [5h Kc Js]
aploshik: bets $3
Agrotait: raises $3 to $6
aploshik: calls $3
*** TURN *** [5h Kc Js] [5c]
aploshik: checks
Agrotait: bets $6
aploshik: calls $6
*** RIVER *** [5h Kc Js 5c] [2d]
aploshik: checks
Agrotait: checks
*** SHOW DOWN ***
aploshik: shows [Ah 9d] (a pair of Fives)
Agrotait: mucks hand
aploshik collected $41.50 from pot
*** SUMMARY ***
Total pot $42 | Rake $0.50
Board [5h Kc Js 5c 2d]
Seat 5: aploshik (big blind) showed [Ah 9d] and won ($41.50) with a pair of Fives
Seat 6: Agrotait (button) (small blind) mucked


PokerStars Hand #164439829438:  Hold'em Limit ($3/$6 USD) - 2017/01/12 1:59:31 ET
Table 'Elisabetha' 10-max Seat #6 is the button
Seat 5: aploshik ($213.02 in chips)
Seat 6: Agrotait ($111.50 in chips)
Agrotait: posts small blind $1
aploshik: posts big blind $3
*** HOLE CARDS ***
Agrotait: raises $3 to $6
aploshik: calls $3
*** FLOP *** [Qh Kd Th]
aploshik: checks
Agrotait: bets $3
aploshik: folds
Uncalled bet ($3) returned to Agrotait
Agrotait collected $11.76 from pot
Agrotait: doesn't show hand
*** SUMMARY ***
Total pot $12 | Rake $0.24
Board [Qh Kd Th]
Seat 5: aploshik (big blind) folded on the Flop
Seat 6: Agrotait (button) (small blind) collected ($11.76)


PokerStars Hand #164439821065:  Hold'em Limit ($3/$6 USD) - 2017/01/12 1:58:55 ET
Table 'Elisabetha' 10-max Seat #6 is the button
Seat 5: aploshik ($217.02 in chips)
Seat 6: Agrotait ($107.50 in chips)
Agrotait: posts small blind $1
aploshik: posts big blind $3
*** HOLE CARDS ***
Agrotait: raises $3 to $6
aploshik: folds
Uncalled bet ($3) returned to Agrotait
Agrotait said, "spasibo"
Agrotait collected $6 from pot
Agrotait: doesn't show hand
*** SUMMARY ***
Total pot $6 | Rake $0
Seat 5: aploshik (big blind) folded before Flop
Seat 6: Agrotait (button) (small blind) collected ($6)


PokerStars Hand #164439828155:  Hold'em Limit ($3/$6 USD) - 2017/01/12 1:59:25 ET
Table 'Elisabetha' 10-max Seat #5 is the button
Seat 5: aploshik ($214.02 in chips)
Seat 6: Agrotait ($110.50 in chips)
aploshik: posts small blind $1
Agrotait: posts big blind $3
*** HOLE CARDS ***
aploshik: folds
Uncalled bet ($2) returned to Agrotait
Agrotait collected $2 from pot
Agrotait: doesn't show hand
*** SUMMARY ***
Total pot $2 | Rake $0
Seat 5: aploshik (button) (small blind) folded before Flop
Seat 6: Agrotait (big blind) collected ($2)


PokerStars Hand #164439834088:  Hold'em Limit ($3/$6 USD) - 2017/01/12 1:59:50 ET
Table 'Elisabetha' 10-max Seat #5 is the button
Seat 5: aploshik ($207.02 in chips)
Seat 6: Agrotait ($117.26 in chips)
aploshik: posts small blind $1
Agrotait: posts big blind $3
*** HOLE CARDS ***
aploshik: raises $3 to $6
Agrotait: calls $3
*** FLOP *** [8d Jh 4s]
Agrotait: checks
aploshik: bets $3
Agrotait: calls $3
*** TURN *** [8d Jh 4s] [7s]
Agrotait: checks
aploshik said, "AA"
aploshik: bets $6
Agrotait: calls $6
*** RIVER *** [8d Jh 4s 7s] [2h]
Agrotait: checks
aploshik: bets $6
Agrotait: calls $6
*** SHOW DOWN ***
aploshik: shows [Ah As] (a pair of Aces)
Agrotait: mucks hand
aploshik collected $41.50 from pot
*** SUMMARY ***
Total pot $42 | Rake $0.50
Board [8d Jh 4s 7s 2h]
Seat 5: aploshik (button) (small blind) showed [Ah As] and won ($41.50) with a pair of Aces
Seat 6: Agrotait (big blind) mucked


PokerStars Hand #164439844361:  Hold'em Limit ($3/$6 USD) - 2017/01/12 2:00:33 ET
Table 'Elisabetha' 10-max Seat #5 is the button
Seat 5: aploshik ($228.52 in chips)
Seat 6: Agrotait ($95.26 in chips)
aploshik: posts small blind $1
Agrotait: posts big blind $3
*** HOLE CARDS ***
aploshik: raises $3 to $6
Agrotait: raises $3 to $9
aploshik: calls $3
*** FLOP *** [Qd 9s 9h]
Agrotait: bets $3
aploshik: calls $3
*** TURN *** [Qd 9s 9h] [9d]
Agrotait: checks
aploshik: bets $6
Agrotait: calls $6
*** RIVER *** [Qd 9s 9h 9d] [8d]
Agrotait: checks
aploshik: bets $6
Agrotait: folds
Uncalled bet ($6) returned to aploshik
aploshik collected $35.50 from pot
aploshik: doesn't show hand
*** SUMMARY ***
Total pot $36 | Rake $0.50
Board [Qd 9s 9h 9d 8d]
Seat 5: aploshik (button) (small blind) collected ($35.50)
Seat 6: Agrotait (big blind) folded on the River


PokerStars Hand #164439842968:  Hold'em Limit ($3/$6 USD) - 2017/01/12 2:00:27 ET
Table 'Elisabetha' 10-max Seat #6 is the button
Seat 5: aploshik ($227.52 in chips)
Seat 6: Agrotait ($96.26 in chips)
Agrotait: posts small blind $1
aploshik: posts big blind $3
*** HOLE CARDS ***
Agrotait: folds
Uncalled bet ($2) returned to aploshik
aploshik collected $2 from pot
aploshik: doesn't show hand
*** SUMMARY ***
Total pot $2 | Rake $0
Seat 5: aploshik (big blind) collected ($2)
Seat 6: Agrotait (button) (small blind) folded before Flop


PokerStars Hand #164439856258:  Hold'em Limit ($3/$6 USD) - 2017/01/12 2:01:20 ET
Table 'Elisabetha' 10-max Seat #5 is the button
Seat 5: aploshik ($240.02 in chips)
Seat 6: Agrotait ($83.02 in chips)
aploshik: posts small blind $1
Agrotait: posts big blind $3
*** HOLE CARDS ***
aploshik: folds
Uncalled bet ($2) returned to Agrotait
Agrotait collected $2 from pot
Agrotait: doesn't show hand
*** SUMMARY ***
Total pot $2 | Rake $0
Seat 5: aploshik (button) (small blind) folded before Flop
Seat 6: Agrotait (big blind) collected ($2)


PokerStars Hand #164439850978:  Hold'em Limit ($3/$6 USD) - 2017/01/12 2:01:00 ET
Table 'Elisabetha' 10-max Seat #6 is the button
Seat 5: aploshik ($246.02 in chips)
Seat 6: Agrotait ($77.26 in chips)
Agrotait: posts small blind $1
aploshik: posts big blind $3
*** HOLE CARDS ***
Agrotait: raises $3 to $6
aploshik: calls $3
*** FLOP *** [8h 4s Ts]
aploshik: checks
Agrotait: bets $3
aploshik: folds
Uncalled bet ($3) returned to Agrotait
Agrotait collected $11.76 from pot
Agrotait: doesn't show hand
*** SUMMARY ***
Total pot $12 | Rake $0.24
Board [8h 4s Ts]
Seat 5: aploshik (big blind) folded on the Flop
Seat 6: Agrotait (button) (small blind) collected ($11.76)


