PokerStars Hand #154302287316:  Hold'em Limit ($3/$6 USD) - 2016/06/04 20:28:07 ET
Table 'Elisabetha' 6-max Seat #5 is the button
Seat 1: ukmevolution ($47 in chips)
Seat 5: RaisemyNut$ ($264.10 in chips)
RaisemyNut$: posts small blind $1
ukmevolution: posts big blind $3
*** HOLE CARDS ***
RaisemyNut$: raises $3 to $6
ukmevolution: calls $3
*** FLOP *** [Qh 5h Th]
ukmevolution: checks
RaisemyNut$: bets $3
ukmevolution: folds
Uncalled bet ($3) returned to RaisemyNut$
RaisemyNut$ collected $11.76 from pot
RaisemyNut$: doesn't show hand
*** SUMMARY ***
Total pot $12 | Rake $0.24
Board [Qh 5h Th]
Seat 1: ukmevolution (big blind) folded on the Flop
Seat 5: RaisemyNut$ (button) (small blind) collected ($11.76)


PokerStars Hand #154302292823:  Hold'em Limit ($3/$6 USD) - 2016/06/04 20:28:19 ET
Table 'Elisabetha' 6-max Seat #1 is the button
Seat 1: ukmevolution ($41 in chips)
Seat 5: RaisemyNut$ ($269.86 in chips)
ukmevolution: posts small blind $1
RaisemyNut$: posts big blind $3
*** HOLE CARDS ***
ukmevolution: folds
Uncalled bet ($2) returned to RaisemyNut$
RaisemyNut$ collected $2 from pot
RaisemyNut$: doesn't show hand
*** SUMMARY ***
Total pot $2 | Rake $0
Seat 1: ukmevolution (button) (small blind) folded before Flop
Seat 5: RaisemyNut$ (big blind) collected ($2)


PokerStars Hand #154302295364:  Hold'em Limit ($3/$6 USD) - 2016/06/04 20:28:24 ET
Table 'Elisabetha' 6-max Seat #5 is the button
Seat 1: ukmevolution ($40 in chips)
Seat 5: RaisemyNut$ ($270.86 in chips)
RaisemyNut$: posts small blind $1
ukmevolution: posts big blind $3
*** HOLE CARDS ***
RaisemyNut$: raises $3 to $6
ukmevolution: calls $3
*** FLOP *** [Qh 2s 9d]
ukmevolution: checks
RaisemyNut$: bets $3
ukmevolution: folds
Uncalled bet ($3) returned to RaisemyNut$
RaisemyNut$ collected $11.76 from pot
RaisemyNut$: doesn't show hand
*** SUMMARY ***
Total pot $12 | Rake $0.24
Board [Qh 2s 9d]
Seat 1: ukmevolution (big blind) folded on the Flop
Seat 5: RaisemyNut$ (button) (small blind) collected ($11.76)


PokerStars Hand #154302320642:  Hold'em Limit ($3/$6 USD) - 2016/06/04 20:29:16 ET
Table 'Elisabetha' 6-max Seat #1 is the button
Seat 1: ukmevolution ($42.50 in chips)
Seat 5: RaisemyNut$ ($267.26 in chips)
ukmevolution: posts small blind $1
RaisemyNut$: posts big blind $3
*** HOLE CARDS ***
ukmevolution: raises $3 to $6
RaisemyNut$: calls $3
*** FLOP *** [5s 5h 8s]
RaisemyNut$: checks
ukmevolution: bets $3
RaisemyNut$: calls $3
*** TURN *** [5s 5h 8s] [9d]
RaisemyNut$: checks
ukmevolution: checks
*** RIVER *** [5s 5h 8s 9d] [8h]
RaisemyNut$: bets $6
ukmevolution: calls $6
*** SHOW DOWN ***
RaisemyNut$: shows [3s Ac] (two pair, Eights and Fives)
ukmevolution: shows [Ad 7h] (two pair, Eights and Fives)
RaisemyNut$ collected $14.75 from pot
ukmevolution collected $14.75 from pot
*** SUMMARY ***
Total pot $30 | Rake $0.50
Board [5s 5h 8s 9d 8h]
Seat 1: ukmevolution (button) (small blind) showed [Ad 7h] and won ($14.75) with two pair, Eights and Fives
Seat 5: RaisemyNut$ (big blind) showed [3s Ac] and won ($14.75) with two pair, Eights and Fives


PokerStars Hand #154302309532:  Hold'em Limit ($3/$6 USD) - 2016/06/04 20:28:53 ET
Table 'Elisabetha' 6-max Seat #5 is the button
Seat 1: ukmevolution ($25 in chips)
Seat 5: RaisemyNut$ ($285.26 in chips)
RaisemyNut$: posts small blind $1
ukmevolution: posts big blind $3
*** HOLE CARDS ***
RaisemyNut$: raises $3 to $6
ukmevolution: raises $3 to $9
RaisemyNut$: calls $3
*** FLOP *** [Js Ah 5s]
ukmevolution: bets $3
RaisemyNut$: calls $3
*** TURN *** [Js Ah 5s] [Tc]
ukmevolution: bets $6
RaisemyNut$: calls $6
*** RIVER *** [Js Ah 5s Tc] [Ts]
ukmevolution: bets $6
RaisemyNut$: folds
Uncalled bet ($6) returned to ukmevolution
ukmevolution collected $35.50 from pot
ukmevolution: doesn't show hand
*** SUMMARY ***
Total pot $36 | Rake $0.50
Board [Js Ah 5s Tc Ts]
Seat 1: ukmevolution (big blind) collected ($35.50)
Seat 5: RaisemyNut$ (button) (small blind) folded on the River


PokerStars Hand #154302301192:  Hold'em Limit ($3/$6 USD) - 2016/06/04 20:28:36 ET
Table 'Elisabetha' 6-max Seat #1 is the button
Seat 1: ukmevolution ($34 in chips)
Seat 5: RaisemyNut$ ($276.62 in chips)
ukmevolution: posts small blind $1
RaisemyNut$: posts big blind $3
*** HOLE CARDS ***
ukmevolution: calls $2
RaisemyNut$: checks
*** FLOP *** [6d 3h 4d]
RaisemyNut$: checks
ukmevolution: checks
*** TURN *** [6d 3h 4d] [7s]
RaisemyNut$: bets $6
ukmevolution: calls $6
*** RIVER *** [6d 3h 4d 7s] [8c]
RaisemyNut$: checks
ukmevolution: checks
*** SHOW DOWN ***
RaisemyNut$: shows [3s Jd] (a pair of Threes)
ukmevolution: mucks hand
RaisemyNut$ collected $17.64 from pot
*** SUMMARY ***
Total pot $18 | Rake $0.36
Board [6d 3h 4d 7s 8c]
Seat 1: ukmevolution (button) (small blind) mucked
Seat 5: RaisemyNut$ (big blind) showed [3s Jd] and won ($17.64) with a pair of Threes


PokerStars Hand #154302356449:  Hold'em Limit ($3/$6 USD) - 2016/06/04 20:30:30 ET
Table 'Elisabetha' 6-max Seat #5 is the button
Seat 1: ukmevolution ($12.25 in chips)
Seat 5: RaisemyNut$ ($296.03 in chips)
RaisemyNut$: posts small blind $1
ukmevolution: posts big blind $3
*** HOLE CARDS ***
RaisemyNut$: raises $3 to $6
ukmevolution: folds
Uncalled bet ($3) returned to RaisemyNut$
RaisemyNut$ collected $6 from pot
RaisemyNut$: doesn't show hand
*** SUMMARY ***
Total pot $6 | Rake $0
Seat 1: ukmevolution (big blind) folded before Flop
Seat 5: RaisemyNut$ (button) (small blind) collected ($6)


PokerStars Hand #154302349282:  Hold'em Limit ($3/$6 USD) - 2016/06/04 20:30:15 ET
Table 'Elisabetha' 6-max Seat #1 is the button
Seat 1: ukmevolution ($24.25 in chips)
Seat 5: RaisemyNut$ ($284.51 in chips)
ukmevolution: posts small blind $1
RaisemyNut$: posts big blind $3
*** HOLE CARDS ***
ukmevolution: raises $3 to $6
RaisemyNut$: raises $3 to $9
ukmevolution: calls $3
*** FLOP *** [Jc 8s 8d]
RaisemyNut$: bets $3
ukmevolution: calls $3
*** TURN *** [Jc 8s 8d] [2d]
RaisemyNut$: bets $6
ukmevolution: folds
Uncalled bet ($6) returned to RaisemyNut$
RaisemyNut$ collected $23.52 from pot
RaisemyNut$: doesn't show hand
*** SUMMARY ***
Total pot $24 | Rake $0.48
Board [Jc 8s 8d 2d]
Seat 1: ukmevolution (button) (small blind) folded on the Turn
Seat 5: RaisemyNut$ (big blind) collected ($23.52)


PokerStars Hand #154302347055:  Hold'em Limit ($3/$6 USD) - 2016/06/04 20:30:10 ET
Table 'Elisabetha' 6-max Seat #5 is the button
Seat 1: ukmevolution ($23.25 in chips)
Seat 5: RaisemyNut$ ($285.51 in chips)
RaisemyNut$: posts small blind $1
ukmevolution: posts big blind $3
*** HOLE CARDS ***
RaisemyNut$: folds
Uncalled bet ($2) returned to ukmevolution
ukmevolution collected $2 from pot
ukmevolution: doesn't show hand
*** SUMMARY ***
Total pot $2 | Rake $0
Seat 1: ukmevolution (big blind) collected ($2)
Seat 5: RaisemyNut$ (button) (small blind) folded before Flop


PokerStars Hand #154302344539:  Hold'em Limit ($3/$6 USD) - 2016/06/04 20:30:05 ET
Table 'Elisabetha' 6-max Seat #1 is the button
Seat 1: ukmevolution ($24.25 in chips)
Seat 5: RaisemyNut$ ($284.51 in chips)
ukmevolution: posts small blind $1
RaisemyNut$: posts big blind $3
*** HOLE CARDS ***
ukmevolution: folds
Uncalled bet ($2) returned to RaisemyNut$
RaisemyNut$ collected $2 from pot
RaisemyNut$: doesn't show hand
*** SUMMARY ***
Total pot $2 | Rake $0
Seat 1: ukmevolution (button) (small blind) folded before Flop
Seat 5: RaisemyNut$ (big blind) collected ($2)


PokerStars Hand #154302334908:  Hold'em Limit ($3/$6 USD) - 2016/06/04 20:29:46 ET
Table 'Elisabetha' 6-max Seat #5 is the button
Seat 1: ukmevolution ($42.25 in chips)
Seat 5: RaisemyNut$ ($267.01 in chips)
RaisemyNut$: posts small blind $1
ukmevolution: posts big blind $3
*** HOLE CARDS ***
RaisemyNut$: raises $3 to $6
ukmevolution: raises $3 to $9
RaisemyNut$: calls $3
*** FLOP *** [7c 9c Qs]
ukmevolution: bets $3
RaisemyNut$: calls $3
*** TURN *** [7c 9c Qs] [8h]
ukmevolution: bets $6
RaisemyNut$: raises $6 to $12
ukmevolution: folds
Uncalled bet ($6) returned to RaisemyNut$
RaisemyNut$ collected $35.50 from pot
RaisemyNut$: doesn't show hand
*** SUMMARY ***
Total pot $36 | Rake $0.50
Board [7c 9c Qs 8h]
Seat 1: ukmevolution (big blind) folded on the Turn
Seat 5: RaisemyNut$ (button) (small blind) collected ($35.50)


PokerStars Hand #154302372864:  Hold'em Limit ($3/$6 USD) - 2016/06/04 20:31:03 ET
Table 'Elisabetha' 6-max Seat #1 is the button
Seat 1: ukmevolution ($12.13 in chips)
Seat 5: RaisemyNut$ ($295.54 in chips)
ukmevolution: posts small blind $1
RaisemyNut$: posts big blind $3
*** HOLE CARDS ***
ukmevolution: raises $3 to $6
RaisemyNut$: raises $3 to $9
ukmevolution: raises $3 to $12
Betting is capped
RaisemyNut$: calls $3
*** FLOP *** [8c 8s 5d]
RaisemyNut$: bets $3
ukmevolution: calls $0.13 and is all-in
Uncalled bet ($2.87) returned to RaisemyNut$
*** TURN *** [8c 8s 5d] [Ad]
*** RIVER *** [8c 8s 5d Ad] [Qd]
*** SHOW DOWN ***
RaisemyNut$: shows [Ac Jh] (two pair, Aces and Eights)
ukmevolution: shows [Qh 6h] (two pair, Queens and Eights)
RaisemyNut$ collected $23.77 from pot
*** SUMMARY ***
Total pot $24.26 | Rake $0.49
Board [8c 8s 5d Ad Qd]
Seat 1: ukmevolution (button) (small blind) showed [Qh 6h] and lost with two pair, Queens and Eights
Seat 5: RaisemyNut$ (big blind) showed [Ac Jh] and won ($23.77) with two pair, Aces and Eights


PokerStars Hand #154302367528:  Hold'em Limit ($3/$6 USD) - 2016/06/04 20:30:52 ET
Table 'Elisabetha' 6-max Seat #5 is the button
Seat 1: ukmevolution ($18.13 in chips)
Seat 5: RaisemyNut$ ($289.78 in chips)
RaisemyNut$: posts small blind $1
ukmevolution: posts big blind $3
*** HOLE CARDS ***
RaisemyNut$: raises $3 to $6
ukmevolution: calls $3
*** FLOP *** [2c 9s 8s]
ukmevolution: checks
RaisemyNut$: bets $3
ukmevolution: folds
Uncalled bet ($3) returned to RaisemyNut$
RaisemyNut$ collected $11.76 from pot
RaisemyNut$: doesn't show hand
*** SUMMARY ***
Total pot $12 | Rake $0.24
Board [2c 9s 8s]
Seat 1: ukmevolution (big blind) folded on the Flop
Seat 5: RaisemyNut$ (button) (small blind) collected ($11.76)


PokerStars Hand #154302359298:  Hold'em Limit ($3/$6 USD) - 2016/06/04 20:30:35 ET
Table 'Elisabetha' 6-max Seat #1 is the button
Seat 1: ukmevolution ($9.25 in chips)
Seat 5: RaisemyNut$ ($299.03 in chips)
ukmevolution: posts small blind $1
RaisemyNut$: posts big blind $3
*** HOLE CARDS ***
ukmevolution: raises $3 to $6
RaisemyNut$: calls $3
*** FLOP *** [9h 6c 2c]
RaisemyNut$: checks
ukmevolution: bets $3
RaisemyNut$: raises $3 to $6
ukmevolution: calls $0.25 and is all-in
Uncalled bet ($2.75) returned to RaisemyNut$
*** TURN *** [9h 6c 2c] [2h]
*** RIVER *** [9h 6c 2c 2h] [Jc]
*** SHOW DOWN ***
RaisemyNut$: shows [8d Qc] (a pair of Deuces)
ukmevolution: shows [4s Kd] (a pair of Deuces - King kicker)
ukmevolution collected $18.13 from pot
*** SUMMARY ***
Total pot $18.50 | Rake $0.37
Board [9h 6c 2c 2h Jc]
Seat 1: ukmevolution (button) (small blind) showed [4s Kd] and won ($18.13) with a pair of Deuces
Seat 5: RaisemyNut$ (big blind) showed [8d Qc] and lost with a pair of Deuces


PokerStars Hand #154302946705:  Hold'em Limit ($3/$6 USD) - 2016/06/04 20:51:15 ET
Table 'Elisabetha' 6-max Seat #6 is the button
Seat 5: RaisemyNut$ ($306.18 in chips)
Seat 6: ulrich80 ($39.65 in chips)
ulrich80: posts small blind $1
RaisemyNut$: posts big blind $3
*** HOLE CARDS ***
ulrich80: folds
Uncalled bet ($2) returned to RaisemyNut$
RaisemyNut$ collected $2 from pot
RaisemyNut$: doesn't show hand
*** SUMMARY ***
Total pot $2 | Rake $0
Seat 5: RaisemyNut$ (big blind) collected ($2)
Seat 6: ulrich80 (button) (small blind) folded before Flop


PokerStars Hand #154302940356:  Hold'em Limit ($3/$6 USD) - 2016/06/04 20:51:01 ET
Table 'Elisabetha' 6-max Seat #5 is the button
Seat 5: RaisemyNut$ ($307.18 in chips)
Seat 6: ulrich80 ($38.65 in chips)
RaisemyNut$: posts small blind $1
ulrich80: posts big blind $3
*** HOLE CARDS ***
RaisemyNut$: folds
Uncalled bet ($2) returned to ulrich80
ulrich80 collected $2 from pot
ulrich80: doesn't show hand
*** SUMMARY ***
Total pot $2 | Rake $0
Seat 5: RaisemyNut$ (button) (small blind) folded before Flop
Seat 6: ulrich80 (big blind) collected ($2)


PokerStars Hand #154302970099:  Hold'em Limit ($3/$6 USD) - 2016/06/04 20:52:07 ET
Table 'Elisabetha' 6-max Seat #5 is the button
Seat 5: RaisemyNut$ ($316.03 in chips)
Seat 6: ulrich80 ($28.80 in chips)
RaisemyNut$: posts small blind $1
ulrich80: posts big blind $3
*** HOLE CARDS ***
RaisemyNut$: raises $3 to $6
ulrich80: calls $3
*** FLOP *** [Qh 7h 3d]
ulrich80: checks
RaisemyNut$: bets $3
ulrich80: folds
Uncalled bet ($3) returned to RaisemyNut$
RaisemyNut$ collected $11.76 from pot
RaisemyNut$: doesn't show hand
*** SUMMARY ***
Total pot $12 | Rake $0.24
Board [Qh 7h 3d]
Seat 5: RaisemyNut$ (button) (small blind) collected ($11.76)
Seat 6: ulrich80 (big blind) folded on the Flop


PokerStars Hand #154302959990:  Hold'em Limit ($3/$6 USD) - 2016/06/04 20:51:45 ET
Table 'Elisabetha' 6-max Seat #6 is the button
Seat 5: RaisemyNut$ ($330.68 in chips)
Seat 6: ulrich80 ($14.65 in chips)
ulrich80: posts small blind $1
RaisemyNut$: posts big blind $3
*** HOLE CARDS ***
ulrich80: raises $3 to $6
RaisemyNut$: raises $3 to $9
ulrich80: raises $3 to $12
Betting is capped
RaisemyNut$: calls $3
*** FLOP *** [7d 2s Qc]
RaisemyNut$: checks
ulrich80: bets $2.65 and is all-in
RaisemyNut$: calls $2.65
*** TURN *** [7d 2s Qc] [9d]
*** RIVER *** [7d 2s Qc 9d] [5c]
*** SHOW DOWN ***
RaisemyNut$: shows [Kc Td] (high card King)
ulrich80: shows [Ts 2c] (a pair of Deuces)
ulrich80 collected $28.80 from pot
*** SUMMARY ***
Total pot $29.30 | Rake $0.50
Board [7d 2s Qc 9d 5c]
Seat 5: RaisemyNut$ (big blind) showed [Kc Td] and lost with high card King
Seat 6: ulrich80 (button) (small blind) showed [Ts 2c] and won ($28.80) with a pair of Deuces


PokerStars Hand #154302948745:  Hold'em Limit ($3/$6 USD) - 2016/06/04 20:51:19 ET
Table 'Elisabetha' 6-max Seat #5 is the button
Seat 5: RaisemyNut$ ($307.18 in chips)
Seat 6: ulrich80 ($38.65 in chips)
RaisemyNut$: posts small blind $1
ulrich80: posts big blind $3
*** HOLE CARDS ***
RaisemyNut$: raises $3 to $6
ulrich80: raises $3 to $9
RaisemyNut$: calls $3
*** FLOP *** [3s Tc Jc]
ulrich80: bets $3
RaisemyNut$: calls $3
*** TURN *** [3s Tc Jc] [6h]
ulrich80: checks
RaisemyNut$: bets $6
ulrich80: calls $6
*** RIVER *** [3s Tc Jc 6h] [2s]
ulrich80: checks
RaisemyNut$: bets $6
ulrich80: calls $6
*** SHOW DOWN ***
RaisemyNut$: shows [6s Td] (two pair, Tens and Sixes)
ulrich80: mucks hand
RaisemyNut$ collected $47.50 from pot
*** SUMMARY ***
Total pot $48 | Rake $0.50
Board [3s Tc Jc 6h 2s]
Seat 5: RaisemyNut$ (button) (small blind) showed [6s Td] and won ($47.50) with two pair, Tens and Sixes
Seat 6: ulrich80 (big blind) mucked


PokerStars Hand #154302986408:  Hold'em Limit ($3/$6 USD) - 2016/06/04 20:52:22 ET
Table 'Elisabetha' 6-max Seat #6 is the button
Seat 5: RaisemyNut$ ($321.79 in chips)
Seat 6: ulrich80 ($22.80 in chips)
ulrich80: posts small blind $1
RaisemyNut$: posts big blind $3
*** HOLE CARDS ***
ulrich80: raises $3 to $6
RaisemyNut$: calls $3
*** FLOP *** [Kc 4c Ah]
RaisemyNut$: checks
ulrich80: bets $3
RaisemyNut$: raises $3 to $6
ulrich80: folds
Uncalled bet ($3) returned to RaisemyNut$
RaisemyNut$ collected $17.64 from pot
RaisemyNut$: doesn't show hand
*** SUMMARY ***
Total pot $18 | Rake $0.36
Board [Kc 4c Ah]
Seat 5: RaisemyNut$ (big blind) collected ($17.64)
Seat 6: ulrich80 (button) (small blind) folded on the Flop


PokerStars Hand #154303000145:  Hold'em Limit ($3/$6 USD) - 2016/06/04 20:52:53 ET
Table 'Elisabetha' 6-max Seat #6 is the button
Seat 5: RaisemyNut$ ($316.63 in chips)
Seat 6: ulrich80 ($27.10 in chips)
ulrich80: posts small blind $1
RaisemyNut$: posts big blind $3
*** HOLE CARDS ***
ulrich80: raises $3 to $6
RaisemyNut$: raises $3 to $9
ulrich80: calls $3
*** FLOP *** [9d 4d 7d]
RaisemyNut$: bets $3
ulrich80: calls $3
*** TURN *** [9d 4d 7d] [4s]
RaisemyNut$: bets $6
ulrich80: raises $6 to $12
RaisemyNut$: raises $6 to $18
ulrich80: calls $3.10 and is all-in
Uncalled bet ($2.90) returned to RaisemyNut$
*** RIVER *** [9d 4d 7d 4s] [Kh]
*** SHOW DOWN ***
RaisemyNut$: shows [Ad 6d] (a flush, Ace high)
ulrich80: shows [Jh 4h] (three of a kind, Fours)
RaisemyNut$ collected $53.70 from pot
*** SUMMARY ***
Total pot $54.20 | Rake $0.50
Board [9d 4d 7d 4s Kh]
Seat 5: RaisemyNut$ (big blind) showed [Ad 6d] and won ($53.70) with a flush, Ace high
Seat 6: ulrich80 (button) (small blind) showed [Jh 4h] and lost with three of a kind, Fours


PokerStars Hand #154302992539:  Hold'em Limit ($3/$6 USD) - 2016/06/04 20:52:36 ET
Table 'Elisabetha' 6-max Seat #5 is the button
Seat 5: RaisemyNut$ ($330.43 in chips)
Seat 6: ulrich80 ($13.80 in chips)
RaisemyNut$: posts small blind $1
ulrich80: posts big blind $3
*** HOLE CARDS ***
RaisemyNut$: raises $3 to $6
ulrich80: calls $3
*** FLOP *** [9s 4h Kc]
ulrich80: bets $3
RaisemyNut$: calls $3
*** TURN *** [9s 4h Kc] [Jd]
ulrich80: bets $4.80 and is all-in
RaisemyNut$: calls $4.80
*** RIVER *** [9s 4h Kc Jd] [3d]
*** SHOW DOWN ***
ulrich80: shows [5c 9h] (a pair of Nines)
RaisemyNut$: shows [Ac 6c] (high card Ace)
ulrich80 collected $27.10 from pot
*** SUMMARY ***
Total pot $27.60 | Rake $0.50
Board [9s 4h Kc Jd 3d]
Seat 5: RaisemyNut$ (button) (small blind) showed [Ac 6c] and lost with high card Ace
Seat 6: ulrich80 (big blind) showed [5c 9h] and won ($27.10) with a pair of Nines


PokerStars Hand #154303225177:  Hold'em Limit ($3/$6 USD) - 2016/06/04 21:02:07 ET
Table 'Elisabetha' 6-max Seat #5 is the button
Seat 3: NiktheDon ($120 in chips)
Seat 5: RaisemyNut$ ($343.23 in chips)
RaisemyNut$: posts small blind $1
NiktheDon: posts big blind $3
*** HOLE CARDS ***
RaisemyNut$: folds
Uncalled bet ($2) returned to NiktheDon
NiktheDon collected $2 from pot
NiktheDon: doesn't show hand
*** SUMMARY ***
Total pot $2 | Rake $0
Seat 3: NiktheDon (big blind) collected ($2)
Seat 5: RaisemyNut$ (button) (small blind) folded before Flop


PokerStars Hand #154303253845:  Hold'em Limit ($3/$6 USD) - 2016/06/04 21:03:12 ET
Table 'Elisabetha' 6-max Seat #5 is the button
Seat 3: NiktheDon ($110.50 in chips)
Seat 5: RaisemyNut$ ($351.49 in chips)
RaisemyNut$: posts small blind $1
NiktheDon: posts big blind $3
*** HOLE CARDS ***
RaisemyNut$: raises $3 to $6
NiktheDon: calls $3
*** FLOP *** [Th 6h 3d]
NiktheDon: checks
RaisemyNut$: bets $3
NiktheDon: folds
Uncalled bet ($3) returned to RaisemyNut$
RaisemyNut$ collected $11.76 from pot
RaisemyNut$: doesn't show hand
*** SUMMARY ***
Total pot $12 | Rake $0.24
Board [Th 6h 3d]
Seat 3: NiktheDon (big blind) folded on the Flop
Seat 5: RaisemyNut$ (button) (small blind) collected ($11.76)


PokerStars Hand #154303251286:  Hold'em Limit ($3/$6 USD) - 2016/06/04 21:03:07 ET
Table 'Elisabetha' 6-max Seat #3 is the button
Seat 3: NiktheDon ($111.50 in chips)
Seat 5: RaisemyNut$ ($350.49 in chips)
NiktheDon: posts small blind $1
RaisemyNut$: posts big blind $3
*** HOLE CARDS ***
NiktheDon: folds
Uncalled bet ($2) returned to RaisemyNut$
RaisemyNut$ collected $2 from pot
RaisemyNut$: doesn't show hand
*** SUMMARY ***
Total pot $2 | Rake $0
Seat 3: NiktheDon (button) (small blind) folded before Flop
Seat 5: RaisemyNut$ (big blind) collected ($2)


PokerStars Hand #154303247997:  Hold'em Limit ($3/$6 USD) - 2016/06/04 21:02:59 ET
Table 'Elisabetha' 6-max Seat #5 is the button
Seat 3: NiktheDon ($114.50 in chips)
Seat 5: RaisemyNut$ ($347.49 in chips)
RaisemyNut$: posts small blind $1
NiktheDon: posts big blind $3
*** HOLE CARDS ***
RaisemyNut$: raises $3 to $6
NiktheDon: folds
Uncalled bet ($3) returned to RaisemyNut$
RaisemyNut$ collected $6 from pot
RaisemyNut$: doesn't show hand
*** SUMMARY ***
Total pot $6 | Rake $0
Seat 3: NiktheDon (big blind) folded before Flop
Seat 5: RaisemyNut$ (button) (small blind) collected ($6)


PokerStars Hand #154303243924:  Hold'em Limit ($3/$6 USD) - 2016/06/04 21:02:50 ET
Table 'Elisabetha' 6-max Seat #3 is the button
Seat 3: NiktheDon ($120.50 in chips)
Seat 5: RaisemyNut$ ($341.73 in chips)
NiktheDon: posts small blind $1
RaisemyNut$: posts big blind $3
*** HOLE CARDS ***
NiktheDon: calls $2
RaisemyNut$: raises $3 to $6
NiktheDon: calls $3
*** FLOP *** [8h 3h Qh]
RaisemyNut$: bets $3
NiktheDon: folds
Uncalled bet ($3) returned to RaisemyNut$
RaisemyNut$ collected $11.76 from pot
RaisemyNut$: doesn't show hand
*** SUMMARY ***
Total pot $12 | Rake $0.24
Board [8h 3h Qh]
Seat 3: NiktheDon (button) (small blind) folded on the Flop
Seat 5: RaisemyNut$ (big blind) collected ($11.76)


PokerStars Hand #154303235607:  Hold'em Limit ($3/$6 USD) - 2016/06/04 21:02:31 ET
Table 'Elisabetha' 6-max Seat #5 is the button
Seat 3: NiktheDon ($100 in chips)
Seat 5: RaisemyNut$ ($362.73 in chips)
RaisemyNut$: posts small blind $1
NiktheDon: posts big blind $3
*** HOLE CARDS ***
RaisemyNut$: raises $3 to $6
NiktheDon: calls $3
*** FLOP *** [3h 6s Td]
NiktheDon: checks
RaisemyNut$: bets $3
NiktheDon: calls $3
*** TURN *** [3h 6s Td] [2s]
NiktheDon: checks
RaisemyNut$: bets $6
NiktheDon: raises $6 to $12
RaisemyNut$: calls $6
*** RIVER *** [3h 6s Td 2s] [8h]
NiktheDon: bets $6
RaisemyNut$: folds
Uncalled bet ($6) returned to NiktheDon
NiktheDon collected $41.50 from pot
NiktheDon: doesn't show hand
*** SUMMARY ***
Total pot $42 | Rake $0.50
Board [3h 6s Td 2s 8h]
Seat 3: NiktheDon (big blind) collected ($41.50)
Seat 5: RaisemyNut$ (button) (small blind) folded on the River


PokerStars Hand #154303228727:  Hold'em Limit ($3/$6 USD) - 2016/06/04 21:02:15 ET
Table 'Elisabetha' 6-max Seat #3 is the button
Seat 3: NiktheDon ($121 in chips)
Seat 5: RaisemyNut$ ($342.23 in chips)
NiktheDon: posts small blind $1
RaisemyNut$: posts big blind $3
*** HOLE CARDS ***
NiktheDon: calls $2
RaisemyNut$: raises $3 to $6
NiktheDon: calls $3
*** FLOP *** [5h 6s 7s]
RaisemyNut$: bets $3
NiktheDon: calls $3
*** TURN *** [5h 6s 7s] [4h]
RaisemyNut$: bets $6
NiktheDon: calls $6
*** RIVER *** [5h 6s 7s 4h] [Kc]
RaisemyNut$: bets $6
NiktheDon: calls $6
*** SHOW DOWN ***
RaisemyNut$: shows [Qc 3c] (a straight, Three to Seven)
NiktheDon: mucks hand
RaisemyNut$ collected $41.50 from pot
*** SUMMARY ***
Total pot $42 | Rake $0.50
Board [5h 6s 7s 4h Kc]
Seat 3: NiktheDon (button) (small blind) mucked
Seat 5: RaisemyNut$ (big blind) showed [Qc 3c] and won ($41.50) with a straight, Three to Seven


PokerStars Hand #154303279806:  Hold'em Limit ($3/$6 USD) - 2016/06/04 21:04:12 ET
Table 'Elisabetha' 6-max Seat #5 is the button
Seat 3: NiktheDon ($90.50 in chips)
Seat 5: RaisemyNut$ ($370.75 in chips)
RaisemyNut$: posts small blind $1
NiktheDon: posts big blind $3
*** HOLE CARDS ***
RaisemyNut$: raises $3 to $6
NiktheDon: raises $3 to $9
RaisemyNut$: calls $3
*** FLOP *** [Tc Jc 4s]
NiktheDon: bets $3
RaisemyNut$: calls $3
*** TURN *** [Tc Jc 4s] [4h]
NiktheDon: bets $6
RaisemyNut$: raises $6 to $12
NiktheDon: calls $6
*** RIVER *** [Tc Jc 4s 4h] [Kh]
NiktheDon: bets $6
RaisemyNut$: raises $6 to $12
NiktheDon: calls $6
*** SHOW DOWN ***
RaisemyNut$: shows [8s 4d] (three of a kind, Fours)
NiktheDon: mucks hand
RaisemyNut$ collected $71.50 from pot
*** SUMMARY ***
Total pot $72 | Rake $0.50
Board [Tc Jc 4s 4h Kh]
Seat 3: NiktheDon (big blind) mucked
Seat 5: RaisemyNut$ (button) (small blind) showed [8s 4d] and won ($71.50) with three of a kind, Fours


PokerStars Hand #154303271453:  Hold'em Limit ($3/$6 USD) - 2016/06/04 21:03:52 ET
Table 'Elisabetha' 6-max Seat #3 is the button
Seat 3: NiktheDon ($108.50 in chips)
Seat 5: RaisemyNut$ ($353.25 in chips)
NiktheDon: posts small blind $1
RaisemyNut$: posts big blind $3
*** HOLE CARDS ***
NiktheDon: calls $2
RaisemyNut$: raises $3 to $6
NiktheDon: calls $3
*** FLOP *** [Ts Qc 4d]
RaisemyNut$: bets $3
NiktheDon: raises $3 to $6
RaisemyNut$: calls $3
*** TURN *** [Ts Qc 4d] [6h]
RaisemyNut$: checks
NiktheDon: bets $6
RaisemyNut$: calls $6
*** RIVER *** [Ts Qc 4d 6h] [9c]
RaisemyNut$: checks
NiktheDon: checks
*** SHOW DOWN ***
RaisemyNut$: shows [Jd Kh] (a straight, Nine to King)
NiktheDon: mucks hand
RaisemyNut$ collected $35.50 from pot
*** SUMMARY ***
Total pot $36 | Rake $0.50
Board [Ts Qc 4d 6h 9c]
Seat 3: NiktheDon (button) (small blind) mucked
Seat 5: RaisemyNut$ (big blind) showed [Jd Kh] and won ($35.50) with a straight, Nine to King


PokerStars Hand #154303269432:  Hold'em Limit ($3/$6 USD) - 2016/06/04 21:03:48 ET
Table 'Elisabetha' 6-max Seat #5 is the button
Seat 3: NiktheDon ($107.50 in chips)
Seat 5: RaisemyNut$ ($354.25 in chips)
RaisemyNut$: posts small blind $1
NiktheDon: posts big blind $3
*** HOLE CARDS ***
RaisemyNut$: folds
Uncalled bet ($2) returned to NiktheDon
NiktheDon collected $2 from pot
NiktheDon: doesn't show hand
*** SUMMARY ***
Total pot $2 | Rake $0
Seat 3: NiktheDon (big blind) collected ($2)
Seat 5: RaisemyNut$ (button) (small blind) folded before Flop


PokerStars Hand #154303267392:  Hold'em Limit ($3/$6 USD) - 2016/06/04 21:03:43 ET
Table 'Elisabetha' 6-max Seat #3 is the button
Seat 3: NiktheDon ($108.50 in chips)
Seat 5: RaisemyNut$ ($353.25 in chips)
NiktheDon: posts small blind $1
RaisemyNut$: posts big blind $3
*** HOLE CARDS ***
NiktheDon: folds
Uncalled bet ($2) returned to RaisemyNut$
RaisemyNut$ collected $2 from pot
RaisemyNut$: doesn't show hand
*** SUMMARY ***
Total pot $2 | Rake $0
Seat 3: NiktheDon (button) (small blind) folded before Flop
Seat 5: RaisemyNut$ (big blind) collected ($2)


PokerStars Hand #154303263780:  Hold'em Limit ($3/$6 USD) - 2016/06/04 21:03:35 ET
Table 'Elisabetha' 6-max Seat #5 is the button
Seat 3: NiktheDon ($107.50 in chips)
Seat 5: RaisemyNut$ ($354.25 in chips)
RaisemyNut$: posts small blind $1
NiktheDon: posts big blind $3
*** HOLE CARDS ***
RaisemyNut$: folds
Uncalled bet ($2) returned to NiktheDon
NiktheDon collected $2 from pot
NiktheDon: doesn't show hand
*** SUMMARY ***
Total pot $2 | Rake $0
Seat 3: NiktheDon (big blind) collected ($2)
Seat 5: RaisemyNut$ (button) (small blind) folded before Flop


PokerStars Hand #154303261019:  Hold'em Limit ($3/$6 USD) - 2016/06/04 21:03:29 ET
Table 'Elisabetha' 6-max Seat #3 is the button
Seat 3: NiktheDon ($104.50 in chips)
Seat 5: RaisemyNut$ ($357.25 in chips)
NiktheDon: posts small blind $1
RaisemyNut$: posts big blind $3
*** HOLE CARDS ***
NiktheDon: raises $3 to $6
RaisemyNut$: folds
Uncalled bet ($3) returned to NiktheDon
NiktheDon collected $6 from pot
NiktheDon: doesn't show hand
*** SUMMARY ***
Total pot $6 | Rake $0
Seat 3: NiktheDon (button) (small blind) collected ($6)
Seat 5: RaisemyNut$ (big blind) folded before Flop


PokerStars Hand #154303302861:  Hold'em Limit ($3/$6 USD) - 2016/06/04 21:05:04 ET
Table 'Elisabetha' 6-max Seat #5 is the button
Seat 3: NiktheDon ($67.90 in chips)
Seat 5: RaisemyNut$ ($392.25 in chips)
RaisemyNut$: posts small blind $1
NiktheDon: posts big blind $3
*** HOLE CARDS ***
RaisemyNut$: raises $3 to $6
NiktheDon: calls $3
*** FLOP *** [Td Kh Jd]
NiktheDon: bets $3
RaisemyNut$: calls $3
*** TURN *** [Td Kh Jd] [4c]
NiktheDon: bets $6
RaisemyNut$: raises $6 to $12
NiktheDon: calls $6
*** RIVER *** [Td Kh Jd 4c] [5s]
NiktheDon: checks
RaisemyNut$: checks
*** SHOW DOWN ***
NiktheDon: shows [5d Qs] (a pair of Fives)
RaisemyNut$: mucks hand
NiktheDon collected $41.50 from pot
*** SUMMARY ***
Total pot $42 | Rake $0.50
Board [Td Kh Jd 4c 5s]
Seat 3: NiktheDon (big blind) showed [5d Qs] and won ($41.50) with a pair of Fives
Seat 5: RaisemyNut$ (button) (small blind) mucked


PokerStars Hand #154303300656:  Hold'em Limit ($3/$6 USD) - 2016/06/04 21:04:59 ET
Table 'Elisabetha' 6-max Seat #3 is the button
Seat 3: NiktheDon ($68.90 in chips)
Seat 5: RaisemyNut$ ($391.25 in chips)
NiktheDon: posts small blind $1
RaisemyNut$: posts big blind $3
*** HOLE CARDS ***
NiktheDon: folds
Uncalled bet ($2) returned to RaisemyNut$
RaisemyNut$ collected $2 from pot
RaisemyNut$: doesn't show hand
*** SUMMARY ***
Total pot $2 | Rake $0
Seat 3: NiktheDon (button) (small blind) folded before Flop
Seat 5: RaisemyNut$ (big blind) collected ($2)


PokerStars Hand #154303296509:  Hold'em Limit ($3/$6 USD) - 2016/06/04 21:04:50 ET
Table 'Elisabetha' 6-max Seat #5 is the button
Seat 3: NiktheDon ($60.26 in chips)
Seat 5: RaisemyNut$ ($400.25 in chips)
RaisemyNut$: posts small blind $1
NiktheDon: posts big blind $3
*** HOLE CARDS ***
RaisemyNut$: raises $3 to $6
NiktheDon: raises $3 to $9
RaisemyNut$: calls $3
*** FLOP *** [7s Qc As]
NiktheDon: bets $3
RaisemyNut$: folds
Uncalled bet ($3) returned to NiktheDon
NiktheDon collected $17.64 from pot
NiktheDon: doesn't show hand
*** SUMMARY ***
Total pot $18 | Rake $0.36
Board [7s Qc As]
Seat 3: NiktheDon (big blind) collected ($17.64)
Seat 5: RaisemyNut$ (button) (small blind) folded on the Flop


PokerStars Hand #154303294403:  Hold'em Limit ($3/$6 USD) - 2016/06/04 21:04:45 ET
Table 'Elisabetha' 6-max Seat #3 is the button
Seat 3: NiktheDon ($61.26 in chips)
Seat 5: RaisemyNut$ ($399.25 in chips)
NiktheDon: posts small blind $1
RaisemyNut$: posts big blind $3
*** HOLE CARDS ***
NiktheDon: folds
Uncalled bet ($2) returned to RaisemyNut$
RaisemyNut$ collected $2 from pot
RaisemyNut$: doesn't show hand
*** SUMMARY ***
Total pot $2 | Rake $0
Seat 3: NiktheDon (button) (small blind) folded before Flop
Seat 5: RaisemyNut$ (big blind) collected ($2)


PokerStars Hand #154303291580:  Hold'em Limit ($3/$6 USD) - 2016/06/04 21:04:38 ET
Table 'Elisabetha' 6-max Seat #5 is the button
Seat 3: NiktheDon ($60.26 in chips)
Seat 5: RaisemyNut$ ($400.25 in chips)
RaisemyNut$: posts small blind $1
NiktheDon: posts big blind $3
*** HOLE CARDS ***
RaisemyNut$: folds
Uncalled bet ($2) returned to NiktheDon
NiktheDon collected $2 from pot
NiktheDon: doesn't show hand
*** SUMMARY ***
Total pot $2 | Rake $0
Seat 3: NiktheDon (big blind) collected ($2)
Seat 5: RaisemyNut$ (button) (small blind) folded before Flop


PokerStars Hand #154303287440:  Hold'em Limit ($3/$6 USD) - 2016/06/04 21:04:29 ET
Table 'Elisabetha' 6-max Seat #3 is the button
Seat 3: NiktheDon ($54.50 in chips)
Seat 5: RaisemyNut$ ($406.25 in chips)
NiktheDon: posts small blind $1
RaisemyNut$: posts big blind $3
*** HOLE CARDS ***
NiktheDon: raises $3 to $6
RaisemyNut$: calls $3
*** FLOP *** [8h 3s Js]
RaisemyNut$: checks
NiktheDon: bets $3
RaisemyNut$: folds
Uncalled bet ($3) returned to NiktheDon
NiktheDon collected $11.76 from pot
NiktheDon: doesn't show hand
*** SUMMARY ***
Total pot $12 | Rake $0.24
Board [8h 3s Js]
Seat 3: NiktheDon (button) (small blind) collected ($11.76)
Seat 5: RaisemyNut$ (big blind) folded on the Flop


PokerStars Hand #154303336334:  Hold'em Limit ($3/$6 USD) - 2016/06/04 21:06:19 ET
Table 'Elisabetha' 6-max Seat #3 is the button
Seat 3: NiktheDon ($77.16 in chips)
Seat 5: RaisemyNut$ ($381.75 in chips)
NiktheDon: posts small blind $1
RaisemyNut$: posts big blind $3
*** HOLE CARDS ***
NiktheDon: folds
Uncalled bet ($2) returned to RaisemyNut$
RaisemyNut$ collected $2 from pot
RaisemyNut$: doesn't show hand
*** SUMMARY ***
Total pot $2 | Rake $0
Seat 3: NiktheDon (button) (small blind) folded before Flop
Seat 5: RaisemyNut$ (big blind) collected ($2)


PokerStars Hand #154303332079:  Hold'em Limit ($3/$6 USD) - 2016/06/04 21:06:10 ET
Table 'Elisabetha' 6-max Seat #5 is the button
Seat 3: NiktheDon ($71.40 in chips)
Seat 5: RaisemyNut$ ($387.75 in chips)
RaisemyNut$: posts small blind $1
NiktheDon: posts big blind $3
*** HOLE CARDS ***
RaisemyNut$: raises $3 to $6
NiktheDon: calls $3
*** FLOP *** [Ah 6c 9d]
NiktheDon: bets $3
RaisemyNut$: folds
Uncalled bet ($3) returned to NiktheDon
NiktheDon collected $11.76 from pot
NiktheDon: doesn't show hand
*** SUMMARY ***
Total pot $12 | Rake $0.24
Board [Ah 6c 9d]
Seat 3: NiktheDon (big blind) collected ($11.76)
Seat 5: RaisemyNut$ (button) (small blind) folded on the Flop


PokerStars Hand #154303329997:  Hold'em Limit ($3/$6 USD) - 2016/06/04 21:06:05 ET
Table 'Elisabetha' 6-max Seat #3 is the button
Seat 3: NiktheDon ($72.40 in chips)
Seat 5: RaisemyNut$ ($386.75 in chips)
NiktheDon: posts small blind $1
RaisemyNut$: posts big blind $3
*** HOLE CARDS ***
NiktheDon: folds
Uncalled bet ($2) returned to RaisemyNut$
RaisemyNut$ collected $2 from pot
RaisemyNut$: doesn't show hand
*** SUMMARY ***
Total pot $2 | Rake $0
Seat 3: NiktheDon (button) (small blind) folded before Flop
Seat 5: RaisemyNut$ (big blind) collected ($2)


PokerStars Hand #154303327832:  Hold'em Limit ($3/$6 USD) - 2016/06/04 21:06:00 ET
Table 'Elisabetha' 6-max Seat #5 is the button
Seat 3: NiktheDon ($71.40 in chips)
Seat 5: RaisemyNut$ ($387.75 in chips)
RaisemyNut$: posts small blind $1
NiktheDon: posts big blind $3
*** HOLE CARDS ***
RaisemyNut$: folds
Uncalled bet ($2) returned to NiktheDon
NiktheDon collected $2 from pot
NiktheDon: doesn't show hand
*** SUMMARY ***
Total pot $2 | Rake $0
Seat 3: NiktheDon (big blind) collected ($2)
Seat 5: RaisemyNut$ (button) (small blind) folded before Flop


PokerStars Hand #154303325704:  Hold'em Limit ($3/$6 USD) - 2016/06/04 21:05:56 ET
Table 'Elisabetha' 6-max Seat #3 is the button
Seat 3: NiktheDon ($72.40 in chips)
Seat 5: RaisemyNut$ ($386.75 in chips)
NiktheDon: posts small blind $1
RaisemyNut$: posts big blind $3
*** HOLE CARDS ***
NiktheDon: folds
Uncalled bet ($2) returned to RaisemyNut$
RaisemyNut$ collected $2 from pot
RaisemyNut$: doesn't show hand
*** SUMMARY ***
Total pot $2 | Rake $0
Seat 3: NiktheDon (button) (small blind) folded before Flop
Seat 5: RaisemyNut$ (big blind) collected ($2)


PokerStars Hand #154303316738:  Hold'em Limit ($3/$6 USD) - 2016/06/04 21:05:35 ET
Table 'Elisabetha' 6-max Seat #5 is the button
Seat 3: NiktheDon ($87.40 in chips)
Seat 5: RaisemyNut$ ($372.25 in chips)
RaisemyNut$: posts small blind $1
NiktheDon: posts big blind $3
*** HOLE CARDS ***
RaisemyNut$: raises $3 to $6
NiktheDon: calls $3
*** FLOP *** [6s 2h 8s]
NiktheDon: checks
RaisemyNut$: bets $3
NiktheDon: calls $3
*** TURN *** [6s 2h 8s] [Ac]
NiktheDon: bets $6
RaisemyNut$: calls $6
*** RIVER *** [6s 2h 8s Ac] [6d]
NiktheDon: checks
RaisemyNut$: checks
*** SHOW DOWN ***
NiktheDon: shows [9s 3h] (a pair of Sixes)
RaisemyNut$: shows [8c 7c] (two pair, Eights and Sixes)
RaisemyNut$ collected $29.50 from pot
*** SUMMARY ***
Total pot $30 | Rake $0.50
Board [6s 2h 8s Ac 6d]
Seat 3: NiktheDon (big blind) showed [9s 3h] and lost with a pair of Sixes
Seat 5: RaisemyNut$ (button) (small blind) showed [8c 7c] and won ($29.50) with two pair, Eights and Sixes


PokerStars Hand #154303312488:  Hold'em Limit ($3/$6 USD) - 2016/06/04 21:05:25 ET
Table 'Elisabetha' 6-max Seat #3 is the button
Seat 3: NiktheDon ($88.40 in chips)
Seat 5: RaisemyNut$ ($371.25 in chips)
NiktheDon: posts small blind $1
RaisemyNut$: posts big blind $3
*** HOLE CARDS ***
NiktheDon: folds
Uncalled bet ($2) returned to RaisemyNut$
RaisemyNut$ collected $2 from pot
RaisemyNut$: doesn't show hand
*** SUMMARY ***
Total pot $2 | Rake $0
Seat 3: NiktheDon (button) (small blind) folded before Flop
Seat 5: RaisemyNut$ (big blind) collected ($2)


PokerStars Hand #154303362833:  Hold'em Limit ($3/$6 USD) - 2016/06/04 21:07:19 ET
Table 'Elisabetha' 6-max Seat #3 is the button
Seat 3: NiktheDon ($80.66 in chips)
Seat 5: RaisemyNut$ ($377.25 in chips)
NiktheDon: posts small blind $1
RaisemyNut$: posts big blind $3
*** HOLE CARDS ***
NiktheDon: folds
Uncalled bet ($2) returned to RaisemyNut$
RaisemyNut$ collected $2 from pot
RaisemyNut$: doesn't show hand
*** SUMMARY ***
Total pot $2 | Rake $0
Seat 3: NiktheDon (button) (small blind) folded before Flop
Seat 5: RaisemyNut$ (big blind) collected ($2)


PokerStars Hand #154303351314:  Hold'em Limit ($3/$6 USD) - 2016/06/04 21:06:53 ET
Table 'Elisabetha' 6-max Seat #5 is the button
Seat 3: NiktheDon ($95.66 in chips)
Seat 5: RaisemyNut$ ($362.75 in chips)
RaisemyNut$: posts small blind $1
NiktheDon: posts big blind $3
*** HOLE CARDS ***
RaisemyNut$: raises $3 to $6
NiktheDon: calls $3
*** FLOP *** [3d 6s 7c]
NiktheDon: bets $3
RaisemyNut$: calls $3
*** TURN *** [3d 6s 7c] [Ah]
NiktheDon: bets $6
RaisemyNut$: raises $6 to $12
NiktheDon: folds
Uncalled bet ($6) returned to RaisemyNut$
RaisemyNut$ collected $29.50 from pot
RaisemyNut$: doesn't show hand
*** SUMMARY ***
Total pot $30 | Rake $0.50
Board [3d 6s 7c Ah]
Seat 3: NiktheDon (big blind) folded on the Turn
Seat 5: RaisemyNut$ (button) (small blind) collected ($29.50)


PokerStars Hand #154303348544:  Hold'em Limit ($3/$6 USD) - 2016/06/04 21:06:47 ET
Table 'Elisabetha' 6-max Seat #3 is the button
Seat 3: NiktheDon ($96.66 in chips)
Seat 5: RaisemyNut$ ($361.75 in chips)
NiktheDon: posts small blind $1
RaisemyNut$: posts big blind $3
*** HOLE CARDS ***
NiktheDon: folds
Uncalled bet ($2) returned to RaisemyNut$
RaisemyNut$ collected $2 from pot
RaisemyNut$: doesn't show hand
*** SUMMARY ***
Total pot $2 | Rake $0
Seat 3: NiktheDon (button) (small blind) folded before Flop
Seat 5: RaisemyNut$ (big blind) collected ($2)


PokerStars Hand #154303346686:  Hold'em Limit ($3/$6 USD) - 2016/06/04 21:06:43 ET
Table 'Elisabetha' 6-max Seat #5 is the button
Seat 3: NiktheDon ($95.66 in chips)
Seat 5: RaisemyNut$ ($362.75 in chips)
RaisemyNut$: posts small blind $1
NiktheDon: posts big blind $3
*** HOLE CARDS ***
RaisemyNut$: folds
Uncalled bet ($2) returned to NiktheDon
NiktheDon collected $2 from pot
NiktheDon: doesn't show hand
*** SUMMARY ***
Total pot $2 | Rake $0
Seat 3: NiktheDon (big blind) collected ($2)
Seat 5: RaisemyNut$ (button) (small blind) folded before Flop


PokerStars Hand #154303344578:  Hold'em Limit ($3/$6 USD) - 2016/06/04 21:06:38 ET
Table 'Elisabetha' 6-max Seat #3 is the button
Seat 3: NiktheDon ($96.66 in chips)
Seat 5: RaisemyNut$ ($361.75 in chips)
NiktheDon: posts small blind $1
RaisemyNut$: posts big blind $3
*** HOLE CARDS ***
NiktheDon: folds
Uncalled bet ($2) returned to RaisemyNut$
RaisemyNut$ collected $2 from pot
RaisemyNut$: doesn't show hand
*** SUMMARY ***
Total pot $2 | Rake $0
Seat 3: NiktheDon (button) (small blind) folded before Flop
Seat 5: RaisemyNut$ (big blind) collected ($2)


PokerStars Hand #154303338521:  Hold'em Limit ($3/$6 USD) - 2016/06/04 21:06:24 ET
Table 'Elisabetha' 6-max Seat #5 is the button
Seat 3: NiktheDon ($76.16 in chips)
Seat 5: RaisemyNut$ ($382.75 in chips)
RaisemyNut$: posts small blind $1
NiktheDon: posts big blind $3
*** HOLE CARDS ***
RaisemyNut$: raises $3 to $6
NiktheDon: calls $3
*** FLOP *** [8c 5h 3s]
NiktheDon: bets $3
RaisemyNut$: calls $3
*** TURN *** [8c 5h 3s] [Kd]
NiktheDon: bets $6
RaisemyNut$: calls $6
*** RIVER *** [8c 5h 3s Kd] [8h]
NiktheDon: bets $6
RaisemyNut$: calls $6
*** SHOW DOWN ***
NiktheDon: shows [5s Qs] (two pair, Eights and Fives)
RaisemyNut$: mucks hand
NiktheDon collected $41.50 from pot
*** SUMMARY ***
Total pot $42 | Rake $0.50
Board [8c 5h 3s Kd 8h]
Seat 3: NiktheDon (big blind) showed [5s Qs] and won ($41.50) with two pair, Eights and Fives
Seat 5: RaisemyNut$ (button) (small blind) mucked


PokerStars Hand #154303386428:  Hold'em Limit ($3/$6 USD) - 2016/06/04 21:08:13 ET
Table 'Elisabetha' 6-max Seat #3 is the button
Seat 3: NiktheDon ($71.16 in chips)
Seat 5: RaisemyNut$ ($385.75 in chips)
NiktheDon: posts small blind $1
RaisemyNut$: posts big blind $3
*** HOLE CARDS ***
NiktheDon: calls $2
RaisemyNut$: checks
*** FLOP *** [Ad 6c Qh]
RaisemyNut$: checks
NiktheDon: checks
*** TURN *** [Ad 6c Qh] [Kd]
RaisemyNut$: bets $6
NiktheDon: raises $6 to $12
RaisemyNut$: folds
Uncalled bet ($6) returned to NiktheDon
NiktheDon collected $17.64 from pot
NiktheDon: doesn't show hand
*** SUMMARY ***
Total pot $18 | Rake $0.36
Board [Ad 6c Qh Kd]
Seat 3: NiktheDon (button) (small blind) collected ($17.64)
Seat 5: RaisemyNut$ (big blind) folded on the Turn


PokerStars Hand #154303384127:  Hold'em Limit ($3/$6 USD) - 2016/06/04 21:08:08 ET
Table 'Elisabetha' 6-max Seat #5 is the button
Seat 3: NiktheDon ($70.16 in chips)
Seat 5: RaisemyNut$ ($386.75 in chips)
RaisemyNut$: posts small blind $1
NiktheDon: posts big blind $3
*** HOLE CARDS ***
RaisemyNut$: folds
Uncalled bet ($2) returned to NiktheDon
NiktheDon collected $2 from pot
NiktheDon: doesn't show hand
*** SUMMARY ***
Total pot $2 | Rake $0
Seat 3: NiktheDon (big blind) collected ($2)
Seat 5: RaisemyNut$ (button) (small blind) folded before Flop


PokerStars Hand #154303377200:  Hold'em Limit ($3/$6 USD) - 2016/06/04 21:07:51 ET
Table 'Elisabetha' 6-max Seat #3 is the button
Seat 3: NiktheDon ($46.66 in chips)
Seat 5: RaisemyNut$ ($410.75 in chips)
NiktheDon: posts small blind $1
RaisemyNut$: posts big blind $3
*** HOLE CARDS ***
NiktheDon: raises $3 to $6
RaisemyNut$: calls $3
*** FLOP *** [9s Th 3d]
RaisemyNut$: checks
NiktheDon: checks
*** TURN *** [9s Th 3d] [3h]
RaisemyNut$: bets $6
NiktheDon: raises $6 to $12
RaisemyNut$: calls $6
*** RIVER *** [9s Th 3d 3h] [Qc]
RaisemyNut$: checks
NiktheDon: bets $6
RaisemyNut$: calls $6
*** SHOW DOWN ***
NiktheDon: shows [Td Tc] (a full house, Tens full of Threes)
RaisemyNut$: mucks hand
NiktheDon collected $47.50 from pot
*** SUMMARY ***
Total pot $48 | Rake $0.50
Board [9s Th 3d 3h Qc]
Seat 3: NiktheDon (button) (small blind) showed [Td Tc] and won ($47.50) with a full house, Tens full of Threes
Seat 5: RaisemyNut$ (big blind) mucked


PokerStars Hand #154303364865:  Hold'em Limit ($3/$6 USD) - 2016/06/04 21:07:23 ET
Table 'Elisabetha' 6-max Seat #5 is the button
Seat 3: NiktheDon ($79.66 in chips)
Seat 5: RaisemyNut$ ($378.25 in chips)
RaisemyNut$: posts small blind $1
NiktheDon: posts big blind $3
*** HOLE CARDS ***
RaisemyNut$: raises $3 to $6
NiktheDon: raises $3 to $9
RaisemyNut$: calls $3
*** FLOP *** [8c 7h 3c]
NiktheDon: bets $3
RaisemyNut$: raises $3 to $6
NiktheDon: calls $3
*** TURN *** [8c 7h 3c] [8h]
NiktheDon: bets $6
RaisemyNut$: raises $6 to $12
NiktheDon: calls $6
*** RIVER *** [8c 7h 3c 8h] [7s]
NiktheDon: checks
RaisemyNut$: bets $6
NiktheDon: calls $6
*** SHOW DOWN ***
RaisemyNut$: shows [7d 8d] (a full house, Eights full of Sevens)
NiktheDon: mucks hand
RaisemyNut$ collected $65.50 from pot
*** SUMMARY ***
Total pot $66 | Rake $0.50
Board [8c 7h 3c 8h 7s]
Seat 3: NiktheDon (big blind) mucked
Seat 5: RaisemyNut$ (button) (small blind) showed [7d 8d] and won ($65.50) with a full house, Eights full of Sevens


PokerStars Hand #154303399565:  Hold'em Limit ($3/$6 USD) - 2016/06/04 21:08:43 ET
Table 'Elisabetha' 6-max Seat #3 is the button
Seat 3: NiktheDon ($64.80 in chips)
Seat 5: RaisemyNut$ ($391.25 in chips)
NiktheDon: posts small blind $1
RaisemyNut$: posts big blind $3
*** HOLE CARDS ***
NiktheDon: folds
Uncalled bet ($2) returned to RaisemyNut$
RaisemyNut$ collected $2 from pot
RaisemyNut$: doesn't show hand
*** SUMMARY ***
Total pot $2 | Rake $0
Seat 3: NiktheDon (button) (small blind) folded before Flop
Seat 5: RaisemyNut$ (big blind) collected ($2)


PokerStars Hand #154303392205:  Hold'em Limit ($3/$6 USD) - 2016/06/04 21:08:26 ET
Table 'Elisabetha' 6-max Seat #5 is the button
Seat 3: NiktheDon ($79.80 in chips)
Seat 5: RaisemyNut$ ($376.75 in chips)
RaisemyNut$: posts small blind $1
NiktheDon: posts big blind $3
*** HOLE CARDS ***
RaisemyNut$: raises $3 to $6
NiktheDon: calls $3
*** FLOP *** [3s Tc 6d]
NiktheDon: checks
RaisemyNut$: bets $3
NiktheDon: calls $3
*** TURN *** [3s Tc 6d] [7c]
NiktheDon: checks
RaisemyNut$: bets $6
NiktheDon: calls $6
*** RIVER *** [3s Tc 6d 7c] [9s]
NiktheDon: checks
RaisemyNut$: checks
*** SHOW DOWN ***
NiktheDon: shows [As Qc] (high card Ace)
RaisemyNut$: shows [4s 7s] (a pair of Sevens)
Diogo mania joins the table at seat #1
RaisemyNut$ collected $29.50 from pot
*** SUMMARY ***
Total pot $30 | Rake $0.50
Board [3s Tc 6d 7c 9s]
Seat 3: NiktheDon (big blind) showed [As Qc] and lost with high card Ace
Seat 5: RaisemyNut$ (button) (small blind) showed [4s 7s] and won ($29.50) with a pair of Sevens


PokerStars Hand #154304091556:  Hold'em Limit ($3/$6 USD) - 2016/06/04 21:36:13 ET
Table 'Elisabetha' 6-max Seat #4 is the button
Seat 4: RGUIMARA ($46.14 in chips)
Seat 5: RaisemyNut$ ($422.03 in chips)
RGUIMARA: posts small blind $1
RaisemyNut$: posts big blind $3
*** HOLE CARDS ***
RGUIMARA: raises $3 to $6
RaisemyNut$: folds
Uncalled bet ($3) returned to RGUIMARA
RGUIMARA collected $6 from pot
RGUIMARA: doesn't show hand
*** SUMMARY ***
Total pot $6 | Rake $0
Seat 4: RGUIMARA (button) (small blind) collected ($6)
Seat 5: RaisemyNut$ (big blind) folded before Flop


PokerStars Hand #154304085670:  Hold'em Limit ($3/$6 USD) - 2016/06/04 21:35:58 ET
Table 'Elisabetha' 6-max Seat #5 is the button
Seat 4: RGUIMARA ($52.14 in chips)
Seat 5: RaisemyNut$ ($416.27 in chips)
RaisemyNut$: posts small blind $1
RGUIMARA: posts big blind $3
*** HOLE CARDS ***
RaisemyNut$: raises $3 to $6
RGUIMARA: calls $3
*** FLOP *** [5c Kc As]
RGUIMARA: checks
RaisemyNut$: bets $3
RGUIMARA: folds
Uncalled bet ($3) returned to RaisemyNut$
RaisemyNut$ collected $11.76 from pot
RaisemyNut$: doesn't show hand
*** SUMMARY ***
Total pot $12 | Rake $0.24
Board [5c Kc As]
Seat 4: RGUIMARA (big blind) folded on the Flop
Seat 5: RaisemyNut$ (button) (small blind) collected ($11.76)


PokerStars Hand #154304081803:  Hold'em Limit ($3/$6 USD) - 2016/06/04 21:35:49 ET
Table 'Elisabetha' 6-max Seat #4 is the button
Seat 4: RGUIMARA ($53.14 in chips)
Seat 5: RaisemyNut$ ($415.27 in chips)
RGUIMARA: posts small blind $1
RaisemyNut$: posts big blind $3
*** HOLE CARDS ***
RGUIMARA: folds
Uncalled bet ($2) returned to RaisemyNut$
RaisemyNut$ collected $2 from pot
RaisemyNut$: doesn't show hand
*** SUMMARY ***
Total pot $2 | Rake $0
Seat 4: RGUIMARA (button) (small blind) folded before Flop
Seat 5: RaisemyNut$ (big blind) collected ($2)


PokerStars Hand #154304070744:  Hold'em Limit ($3/$6 USD) - 2016/06/04 21:35:21 ET
Table 'Elisabetha' 6-max Seat #5 is the button
Seat 4: RGUIMARA ($29.64 in chips)
Seat 5: RaisemyNut$ ($439.27 in chips)
RaisemyNut$: posts small blind $1
pompier40: is sitting out
RGUIMARA: posts big blind $3
*** HOLE CARDS ***
RaisemyNut$: raises $3 to $6
RGUIMARA: calls $3
*** FLOP *** [6s 5s Jd]
RGUIMARA: checks
RaisemyNut$: bets $3
RGUIMARA: raises $3 to $6
RaisemyNut$: calls $3
*** TURN *** [6s 5s Jd] [9h]
RGUIMARA: bets $6
RaisemyNut$: calls $6
*** RIVER *** [6s 5s Jd 9h] [3s]
RGUIMARA: bets $6
RaisemyNut$: calls $6
*** SHOW DOWN ***
RGUIMARA: shows [Jh 8h] (a pair of Jacks)
RaisemyNut$: mucks hand
RGUIMARA collected $47.50 from pot
*** SUMMARY ***
Total pot $48 | Rake $0.50
Board [6s 5s Jd 9h 3s]
Seat 4: RGUIMARA (big blind) showed [Jh 8h] and won ($47.50) with a pair of Jacks
Seat 5: RaisemyNut$ (button) (small blind) mucked


PokerStars Hand #154304111887:  Hold'em Limit ($3/$6 USD) - 2016/06/04 21:37:04 ET
Table 'Elisabetha' 6-max Seat #5 is the button
Seat 4: RGUIMARA ($36.90 in chips)
Seat 5: RaisemyNut$ ($430.53 in chips)
RaisemyNut$: posts small blind $1
RGUIMARA: posts big blind $3
*** HOLE CARDS ***
RaisemyNut$: folds
Uncalled bet ($2) returned to RGUIMARA
RGUIMARA collected $2 from pot
RGUIMARA: doesn't show hand
*** SUMMARY ***
Total pot $2 | Rake $0
Seat 4: RGUIMARA (big blind) collected ($2)
Seat 5: RaisemyNut$ (button) (small blind) folded before Flop


PokerStars Hand #154304102503:  Hold'em Limit ($3/$6 USD) - 2016/06/04 21:36:41 ET
Table 'Elisabetha' 6-max Seat #4 is the button
Seat 4: RGUIMARA ($31.14 in chips)
Seat 5: RaisemyNut$ ($436.53 in chips)
RGUIMARA: posts small blind $1
RaisemyNut$: posts big blind $3
*** HOLE CARDS ***
RGUIMARA: calls $2
RaisemyNut$: checks
*** FLOP *** [Ah Tc 7h]
RaisemyNut$: bets $3
RGUIMARA: calls $3
*** TURN *** [Ah Tc 7h] [As]
RaisemyNut$: checks
RGUIMARA: checks
*** RIVER *** [Ah Tc 7h As] [6h]
RaisemyNut$: checks
RGUIMARA: bets $6
RaisemyNut$: folds
Uncalled bet ($6) returned to RGUIMARA
RGUIMARA collected $11.76 from pot
RGUIMARA: doesn't show hand
*** SUMMARY ***
Total pot $12 | Rake $0.24
Board [Ah Tc 7h As 6h]
Seat 4: RGUIMARA (button) (small blind) collected ($11.76)
Seat 5: RaisemyNut$ (big blind) folded on the River


PokerStars Hand #154304094461:  Hold'em Limit ($3/$6 USD) - 2016/06/04 21:36:20 ET
Table 'Elisabetha' 6-max Seat #5 is the button
Seat 4: RGUIMARA ($49.14 in chips)
Seat 5: RaisemyNut$ ($419.03 in chips)
RaisemyNut$: posts small blind $1
RGUIMARA: posts big blind $3
*** HOLE CARDS ***
RaisemyNut$: raises $3 to $6
RGUIMARA: calls $3
*** FLOP *** [6d Th 9d]
RGUIMARA: checks
RaisemyNut$: bets $3
RGUIMARA: raises $3 to $6
RaisemyNut$: calls $3
*** TURN *** [6d Th 9d] [Ad]
RGUIMARA: bets $6
RaisemyNut$: raises $6 to $12
RGUIMARA: folds
Uncalled bet ($6) returned to RaisemyNut$
RaisemyNut$ collected $35.50 from pot
RaisemyNut$: doesn't show hand
*** SUMMARY ***
Total pot $36 | Rake $0.50
Board [6d Th 9d Ad]
Seat 4: RGUIMARA (big blind) folded on the Turn
Seat 5: RaisemyNut$ (button) (small blind) collected ($35.50)


PokerStars Hand #154304135341:  Hold'em Limit ($3/$6 USD) - 2016/06/04 21:38:05 ET
Table 'Elisabetha' 6-max Seat #4 is the button
Seat 4: RGUIMARA ($13.90 in chips)
Seat 5: RaisemyNut$ ($453.03 in chips)
RGUIMARA: posts small blind $1
RaisemyNut$: posts big blind $3
*** HOLE CARDS ***
RGUIMARA: raises $3 to $6
RaisemyNut$: calls $3
*** FLOP *** [7s 3c Tc]
RaisemyNut$: checks
RGUIMARA: bets $3
RaisemyNut$: calls $3
*** TURN *** [7s 3c Tc] [6h]
RaisemyNut$: checks
RGUIMARA: bets $4.90 and is all-in
RaisemyNut$: calls $4.90
*** RIVER *** [7s 3c Tc 6h] [Js]
*** SHOW DOWN ***
RaisemyNut$: shows [6d Qc] (a pair of Sixes)
RGUIMARA: shows [Kd 8c] (high card King)
RaisemyNut$ collected $27.30 from pot
*** SUMMARY ***
Total pot $27.80 | Rake $0.50
Board [7s 3c Tc 6h Js]
Seat 4: RGUIMARA (button) (small blind) showed [Kd 8c] and lost with high card King
Seat 5: RaisemyNut$ (big blind) showed [6d Qc] and won ($27.30) with a pair of Sixes


PokerStars Hand #154304131329:  Hold'em Limit ($3/$6 USD) - 2016/06/04 21:37:54 ET
Table 'Elisabetha' 6-max Seat #5 is the button
Seat 4: RGUIMARA ($16.90 in chips)
Seat 5: RaisemyNut$ ($450.03 in chips)
RaisemyNut$: posts small blind $1
RGUIMARA: posts big blind $3
*** HOLE CARDS ***
RaisemyNut$: raises $3 to $6
RGUIMARA: folds
Uncalled bet ($3) returned to RaisemyNut$
RaisemyNut$ collected $6 from pot
RaisemyNut$: doesn't show hand
*** SUMMARY ***
Total pot $6 | Rake $0
Seat 4: RGUIMARA (big blind) folded before Flop
Seat 5: RaisemyNut$ (button) (small blind) collected ($6)


PokerStars Hand #154304113741:  Hold'em Limit ($3/$6 USD) - 2016/06/04 21:37:09 ET
Table 'Elisabetha' 6-max Seat #4 is the button
Seat 4: RGUIMARA ($37.90 in chips)
Seat 5: RaisemyNut$ ($429.53 in chips)
RGUIMARA: posts small blind $1
RaisemyNut$: posts big blind $3
*** HOLE CARDS ***
RGUIMARA: raises $3 to $6
RaisemyNut$: calls $3
*** FLOP *** [5c 9c Ac]
RaisemyNut$: checks
RGUIMARA: bets $3
RaisemyNut$: calls $3
*** TURN *** [5c 9c Ac] [4s]
RaisemyNut$: checks
RGUIMARA: bets $6
RaisemyNut$: calls $6
*** RIVER *** [5c 9c Ac 4s] [3h]
RaisemyNut$: checks
RGUIMARA: bets $6
RaisemyNut$: calls $6
*** SHOW DOWN ***
RGUIMARA: shows [8c Kh] (high card Ace)
RaisemyNut$: shows [6c 5h] (a pair of Fives)
RaisemyNut$ collected $41.50 from pot
*** SUMMARY ***
Total pot $42 | Rake $0.50
Board [5c 9c Ac 4s 3h]
Seat 4: RGUIMARA (button) (small blind) showed [8c Kh] and lost with high card Ace
Seat 5: RaisemyNut$ (big blind) showed [6c 5h] and won ($41.50) with a pair of Fives


PokerStars Hand #154306718302:  Hold'em Limit ($3/$6 USD) - 2016/06/04 23:45:11 ET
Table 'Elisabetha' 6-max Seat #4 is the button
Seat 4: pompier40 ($421 in chips)
Seat 5: RaisemyNut$ ($465.43 in chips)
pompier40: posts small blind $1
RaisemyNut$: posts big blind $3
*** HOLE CARDS ***
pompier40: folds
Uncalled bet ($2) returned to RaisemyNut$
RaisemyNut$ collected $2 from pot
RaisemyNut$: doesn't show hand
*** SUMMARY ***
Total pot $2 | Rake $0
Seat 4: pompier40 (button) (small blind) folded before Flop
Seat 5: RaisemyNut$ (big blind) collected ($2)


PokerStars Hand #154306717031:  Hold'em Limit ($3/$6 USD) - 2016/06/04 23:45:07 ET
Table 'Elisabetha' 6-max Seat #5 is the button
Seat 4: pompier40 ($420 in chips)
Seat 5: RaisemyNut$ ($466.43 in chips)
RaisemyNut$: posts small blind $1
pompier40: posts big blind $3
*** HOLE CARDS ***
RaisemyNut$: folds
Uncalled bet ($2) returned to pompier40
pompier40 collected $2 from pot
*** SUMMARY ***
Total pot $2 | Rake $0
Seat 4: pompier40 (big blind) collected ($2)
Seat 5: RaisemyNut$ (button) (small blind) folded before Flop


PokerStars Hand #154306713580:  Hold'em Limit ($3/$6 USD) - 2016/06/04 23:44:54 ET
Table 'Elisabetha' 6-max Seat #4 is the button
Seat 4: pompier40 ($121 in chips)
Seat 5: RaisemyNut$ ($465.43 in chips)
pompier40: posts small blind $1
RaisemyNut$: posts big blind $3
*** HOLE CARDS ***
pompier40: folds
Uncalled bet ($2) returned to RaisemyNut$
RaisemyNut$ collected $2 from pot
RaisemyNut$: doesn't show hand
*** SUMMARY ***
Total pot $2 | Rake $0
Seat 4: pompier40 (button) (small blind) folded before Flop
Seat 5: RaisemyNut$ (big blind) collected ($2)


PokerStars Hand #154306710524:  Hold'em Limit ($3/$6 USD) - 2016/06/04 23:44:44 ET
Table 'Elisabetha' 6-max Seat #5 is the button
Seat 4: pompier40 ($120 in chips)
Seat 5: RaisemyNut$ ($466.43 in chips)
RaisemyNut$: posts small blind $1
pompier40: posts big blind $3
*** HOLE CARDS ***
RaisemyNut$: folds
Uncalled bet ($2) returned to pompier40
pompier40 collected $2 from pot
*** SUMMARY ***
Total pot $2 | Rake $0
Seat 4: pompier40 (big blind) collected ($2)
Seat 5: RaisemyNut$ (button) (small blind) folded before Flop


PokerStars Hand #154306737295:  Hold'em Limit ($3/$6 USD) - 2016/06/04 23:46:18 ET
Table 'Elisabetha' 6-max Seat #4 is the button
Seat 4: pompier40 ($386 in chips)
Seat 5: RaisemyNut$ ($499.69 in chips)
pompier40: posts small blind $1
RaisemyNut$: posts big blind $3
*** HOLE CARDS ***
pompier40: folds
Uncalled bet ($2) returned to RaisemyNut$
RaisemyNut$ collected $2 from pot
RaisemyNut$: doesn't show hand
*** SUMMARY ***
Total pot $2 | Rake $0
Seat 4: pompier40 (button) (small blind) folded before Flop
Seat 5: RaisemyNut$ (big blind) collected ($2)


PokerStars Hand #154306730648:  Hold'em Limit ($3/$6 USD) - 2016/06/04 23:45:54 ET
Table 'Elisabetha' 6-max Seat #5 is the button
Seat 4: pompier40 ($392 in chips)
Seat 5: RaisemyNut$ ($493.93 in chips)
RaisemyNut$: posts small blind $1
pompier40: posts big blind $3
*** HOLE CARDS ***
RaisemyNut$: raises $3 to $6
pompier40: calls $3
*** FLOP *** [As 4d 8c]
pompier40: checks
RaisemyNut$: bets $3
pompier40: folds
Uncalled bet ($3) returned to RaisemyNut$
RaisemyNut$ collected $11.76 from pot
RaisemyNut$: doesn't show hand
*** SUMMARY ***
Total pot $12 | Rake $0.24
Board [As 4d 8c]
Seat 4: pompier40 (big blind) folded on the Flop
Seat 5: RaisemyNut$ (button) (small blind) collected ($11.76)


PokerStars Hand #154306729087:  Hold'em Limit ($3/$6 USD) - 2016/06/04 23:45:49 ET
Table 'Elisabetha' 6-max Seat #4 is the button
Seat 4: pompier40 ($393 in chips)
Seat 5: RaisemyNut$ ($492.93 in chips)
pompier40: posts small blind $1
RaisemyNut$: posts big blind $3
*** HOLE CARDS ***
pompier40: folds
Uncalled bet ($2) returned to RaisemyNut$
RaisemyNut$ collected $2 from pot
RaisemyNut$: doesn't show hand
*** SUMMARY ***
Total pot $2 | Rake $0
Seat 4: pompier40 (button) (small blind) folded before Flop
Seat 5: RaisemyNut$ (big blind) collected ($2)


PokerStars Hand #154306719849:  Hold'em Limit ($3/$6 USD) - 2016/06/04 23:45:17 ET
Table 'Elisabetha' 6-max Seat #5 is the button
Seat 4: pompier40 ($420 in chips)
Seat 5: RaisemyNut$ ($466.43 in chips)
RaisemyNut$: posts small blind $1
pompier40: posts big blind $3
*** HOLE CARDS ***
RaisemyNut$: raises $3 to $6
pompier40: calls $3
*** FLOP *** [5h Td 3s]
pompier40: bets $3
RaisemyNut$: calls $3
*** TURN *** [5h Td 3s] [8s]
pompier40: bets $6
RaisemyNut$: raises $6 to $12
pompier40: calls $6
*** RIVER *** [5h Td 3s 8s] [6s]
pompier40: checks
RaisemyNut$: bets $6
pompier40: calls $6
*** SHOW DOWN ***
RaisemyNut$: shows [Ts Qd] (a pair of Tens)
pompier40: mucks hand
RaisemyNut$ collected $53.50 from pot
*** SUMMARY ***
Total pot $54 | Rake $0.50
Board [5h Td 3s 8s 6s]
Seat 4: pompier40 (big blind) mucked
Seat 5: RaisemyNut$ (button) (small blind) showed [Ts Qd] and won ($53.50) with a pair of Tens


PokerStars Hand #154306738708:  Hold'em Limit ($3/$6 USD) - 2016/06/04 23:46:23 ET
Table 'Elisabetha' 6-max Seat #5 is the button
Seat 4: pompier40 ($385 in chips)
Seat 5: RaisemyNut$ ($500.69 in chips)
RaisemyNut$: posts small blind $1
pompier40: posts big blind $3
*** HOLE CARDS ***
RaisemyNut$: raises $3 to $6
pompier40: folds
Uncalled bet ($3) returned to RaisemyNut$
RaisemyNut$ collected $6 from pot
RaisemyNut$: doesn't show hand
*** SUMMARY ***
Total pot $6 | Rake $0
Seat 4: pompier40 (big blind) folded before Flop
Seat 5: RaisemyNut$ (button) (small blind) collected ($6)


PokerStars Hand #154306740583:  Hold'em Limit ($3/$6 USD) - 2016/06/04 23:46:29 ET
Table 'Elisabetha' 6-max Seat #4 is the button
Seat 4: pompier40 ($382 in chips)
Seat 5: RaisemyNut$ ($503.69 in chips)
pompier40: posts small blind $1
RaisemyNut$: posts big blind $3
*** HOLE CARDS ***
pompier40: raises $3 to $6
RaisemyNut$: calls $3
*** FLOP *** [8d 4h Ah]
RaisemyNut$: checks
pompier40: bets $3
RaisemyNut$: folds
Uncalled bet ($3) returned to pompier40
pompier40 collected $11.76 from pot
*** SUMMARY ***
Total pot $12 | Rake $0.24
Board [8d 4h Ah]
Seat 4: pompier40 (button) (small blind) collected ($11.76)
Seat 5: RaisemyNut$ (big blind) folded on the Flop


PokerStars Hand #154306744852:  Hold'em Limit ($3/$6 USD) - 2016/06/04 23:46:44 ET
Table 'Elisabetha' 6-max Seat #5 is the button
Seat 4: pompier40 ($387.76 in chips)
Seat 5: RaisemyNut$ ($497.69 in chips)
RaisemyNut$: posts small blind $1
pompier40: posts big blind $3
*** HOLE CARDS ***
RaisemyNut$: raises $3 to $6
pompier40: calls $3
*** FLOP *** [Th Td Ts]
pompier40: checks
RaisemyNut$: bets $3
pompier40: calls $3
*** TURN *** [Th Td Ts] [8d]
pompier40: checks
RaisemyNut$: bets $6
pompier40: raises $6 to $12
RaisemyNut$: calls $6
*** RIVER *** [Th Td Ts 8d] [3s]
pompier40: bets $6
RaisemyNut$: calls $6
*** SHOW DOWN ***
pompier40: shows [Kd 5d] (three of a kind, Tens)
RaisemyNut$: shows [Jc 8c] (a full house, Tens full of Eights)
RaisemyNut$ collected $53.50 from pot
*** SUMMARY ***
Total pot $54 | Rake $0.50
Board [Th Td Ts 8d 3s]
Seat 4: pompier40 (big blind) showed [Kd 5d] and lost with three of a kind, Tens
Seat 5: RaisemyNut$ (button) (small blind) showed [Jc 8c] and won ($53.50) with a full house, Tens full of Eights


PokerStars Hand #154306751472:  Hold'em Limit ($3/$6 USD) - 2016/06/04 23:47:07 ET
Table 'Elisabetha' 6-max Seat #4 is the button
Seat 4: pompier40 ($360.76 in chips)
Seat 5: RaisemyNut$ ($524.19 in chips)
pompier40: posts small blind $1
RaisemyNut$: posts big blind $3
*** HOLE CARDS ***
pompier40: raises $3 to $6
RaisemyNut$: calls $3
*** FLOP *** [6h Td 8d]
RaisemyNut$: checks
pompier40: bets $3
RaisemyNut$: raises $3 to $6
pompier40: raises $3 to $9
RaisemyNut$: calls $3
*** TURN *** [6h Td 8d] [9s]
RaisemyNut$: checks
pompier40: bets $6
RaisemyNut$: raises $6 to $12
pompier40: calls $6
*** RIVER *** [6h Td 8d 9s] [Kc]
RaisemyNut$: bets $6
pompier40: calls $6
*** SHOW DOWN ***
RaisemyNut$: shows [Th 7c] (a straight, Six to Ten)
pompier40: mucks hand
RaisemyNut$ collected $65.50 from pot
*** SUMMARY ***
Total pot $66 | Rake $0.50
Board [6h Td 8d 9s Kc]
Seat 4: pompier40 (button) (small blind) mucked
Seat 5: RaisemyNut$ (big blind) showed [Th 7c] and won ($65.50) with a straight, Six to Ten


PokerStars Hand #154306764651:  Hold'em Limit ($3/$6 USD) - 2016/06/04 23:47:34 ET
Table 'Elisabetha' 6-max Seat #5 is the button
Seat 4: pompier40 ($327.76 in chips)
Seat 5: RaisemyNut$ ($556.69 in chips)
RaisemyNut$: posts small blind $1
pompier40: posts big blind $3
*** HOLE CARDS ***
RaisemyNut$: raises $3 to $6
pompier40: calls $3
*** FLOP *** [Td As 6c]
pompier40: checks
RaisemyNut$: bets $3
pompier40: calls $3
*** TURN *** [Td As 6c] [Ad]
pompier40: checks
RaisemyNut$: checks
*** RIVER *** [Td As 6c Ad] [9c]
pompier40: bets $6
RaisemyNut$: calls $6
*** SHOW DOWN ***
pompier40: shows [Ts Kh] (two pair, Aces and Tens)
RaisemyNut$: mucks hand
pompier40 collected $29.50 from pot
*** SUMMARY ***
Total pot $30 | Rake $0.50
Board [Td As 6c Ad 9c]
Seat 4: pompier40 (big blind) showed [Ts Kh] and won ($29.50) with two pair, Aces and Tens
Seat 5: RaisemyNut$ (button) (small blind) mucked


PokerStars Hand #154306770095:  Hold'em Limit ($3/$6 USD) - 2016/06/04 23:47:53 ET
Table 'Elisabetha' 6-max Seat #4 is the button
Seat 4: pompier40 ($342.26 in chips)
Seat 5: RaisemyNut$ ($541.69 in chips)
pompier40: posts small blind $1
RaisemyNut$: posts big blind $3
*** HOLE CARDS ***
pompier40: raises $3 to $6
RaisemyNut$: calls $3
*** FLOP *** [Qc 6s 9c]
RaisemyNut$: checks
pompier40: bets $3
RaisemyNut$: raises $3 to $6
pompier40: raises $3 to $9
RaisemyNut$: raises $3 to $12
Betting is capped
pompier40: calls $3
*** TURN *** [Qc 6s 9c] [Js]
RaisemyNut$: bets $6
pompier40: calls $6
*** RIVER *** [Qc 6s 9c Js] [Qh]
RaisemyNut$: bets $6
pompier40: calls $6
*** SHOW DOWN ***
RaisemyNut$: shows [Qd 7c] (three of a kind, Queens)
pompier40: mucks hand
RaisemyNut$ collected $59.50 from pot
*** SUMMARY ***
Total pot $60 | Rake $0.50
Board [Qc 6s 9c Js Qh]
Seat 4: pompier40 (button) (small blind) mucked
Seat 5: RaisemyNut$ (big blind) showed [Qd 7c] and won ($59.50) with three of a kind, Queens


PokerStars Hand #154309369431:  Hold'em Limit ($3/$6 USD) - 2016/06/05 2:26:07 ET
Table 'Elisabetha' 6-max Seat #4 is the button
Seat 3: Vitamin660 ($44.77 in chips)
Seat 4: Agrotait ($69.76 in chips)
Agrotait: posts small blind $1
Vitamin660: posts big blind $3
*** HOLE CARDS ***
Agrotait: raises $3 to $6
Vitamin660: folds
Uncalled bet ($3) returned to Agrotait
Agrotait collected $6 from pot
Agrotait: doesn't show hand
*** SUMMARY ***
Total pot $6 | Rake $0
Seat 3: Vitamin660 (big blind) folded before Flop
Seat 4: Agrotait (button) (small blind) collected ($6)


PokerStars Hand #154309367564:  Hold'em Limit ($3/$6 USD) - 2016/06/05 2:26:01 ET
Table 'Elisabetha' 6-max Seat #3 is the button
Seat 3: Vitamin660 ($45.77 in chips)
Seat 4: Agrotait ($68.76 in chips)
Vitamin660: posts small blind $1
Agrotait: posts big blind $3
*** HOLE CARDS ***
Vitamin660: folds
Uncalled bet ($2) returned to Agrotait
Agrotait collected $2 from pot
Agrotait: doesn't show hand
*** SUMMARY ***
Total pot $2 | Rake $0
Seat 3: Vitamin660 (button) (small blind) folded before Flop
Seat 4: Agrotait (big blind) collected ($2)


PokerStars Hand #154309362691:  Hold'em Limit ($3/$6 USD) - 2016/06/05 2:25:43 ET
Table 'Elisabetha' 6-max Seat #4 is the button
Seat 3: Vitamin660 ($37.13 in chips)
Seat 4: Agrotait ($77.76 in chips)
Agrotait: posts small blind $1
Vitamin660: posts big blind $3
*** HOLE CARDS ***
Agrotait: raises $3 to $6
Vitamin660: calls $3
*** FLOP *** [Qd Kh 7c]
Vitamin660: checks
Agrotait: bets $3
Vitamin660: raises $3 to $6
Agrotait: folds
Uncalled bet ($3) returned to Vitamin660
Vitamin660 collected $17.64 from pot
Vitamin660: doesn't show hand
*** SUMMARY ***
Total pot $18 | Rake $0.36
Board [Qd Kh 7c]
Seat 3: Vitamin660 (big blind) collected ($17.64)
Seat 4: Agrotait (button) (small blind) folded on the Flop


PokerStars Hand #154309355787:  Hold'em Limit ($3/$6 USD) - 2016/06/05 2:25:18 ET
Table 'Elisabetha' 6-max Seat #3 is the button
Seat 3: Vitamin660 ($43.13 in chips)
Seat 4: Agrotait ($72 in chips)
Vitamin660: posts small blind $1
Agrotait: posts big blind $3
*** HOLE CARDS ***
Vitamin660: raises $3 to $6
Agrotait: calls $3
*** FLOP *** [3d 6s Jh]
Agrotait: checks
Vitamin660: checks
*** TURN *** [3d 6s Jh] [2d]
Agrotait: checks
Vitamin660: checks
*** RIVER *** [3d 6s Jh 2d] [5h]
Agrotait: checks
Vitamin660: checks
*** SHOW DOWN ***
Agrotait: shows [3h Ah] (a pair of Threes)
Vitamin660: mucks hand
Agrotait collected $11.76 from pot
*** SUMMARY ***
Total pot $12 | Rake $0.24
Board [3d 6s Jh 2d 5h]
Seat 3: Vitamin660 (button) (small blind) mucked
Seat 4: Agrotait (big blind) showed [3h Ah] and won ($11.76) with a pair of Threes


PokerStars Hand #154309385211:  Hold'em Limit ($3/$6 USD) - 2016/06/05 2:27:04 ET
Table 'Elisabetha' 6-max Seat #4 is the button
Seat 3: Vitamin660 ($10.77 in chips)
Seat 4: Agrotait ($103.02 in chips)
Agrotait: posts small blind $1
Vitamin660: posts big blind $3
*** HOLE CARDS ***
Agrotait: folds
Uncalled bet ($2) returned to Vitamin660
Vitamin660 collected $2 from pot
Vitamin660: doesn't show hand
*** SUMMARY ***
Total pot $2 | Rake $0
Seat 3: Vitamin660 (big blind) collected ($2)
Seat 4: Agrotait (button) (small blind) folded before Flop


PokerStars Hand #154309383668:  Hold'em Limit ($3/$6 USD) - 2016/06/05 2:26:59 ET
Table 'Elisabetha' 6-max Seat #3 is the button
Seat 3: Vitamin660 ($11.77 in chips)
Seat 4: Agrotait ($102.02 in chips)
Vitamin660: posts small blind $1
Agrotait: posts big blind $3
*** HOLE CARDS ***
Vitamin660: folds
Uncalled bet ($2) returned to Agrotait
Agrotait collected $2 from pot
Agrotait: doesn't show hand
*** SUMMARY ***
Total pot $2 | Rake $0
Seat 3: Vitamin660 (button) (small blind) folded before Flop
Seat 4: Agrotait (big blind) collected ($2)


PokerStars Hand #154309378961:  Hold'em Limit ($3/$6 USD) - 2016/06/05 2:26:41 ET
Table 'Elisabetha' 6-max Seat #4 is the button
Seat 3: Vitamin660 ($17.77 in chips)
Seat 4: Agrotait ($96.26 in chips)
Agrotait: posts small blind $1
Vitamin660: posts big blind $3
*** HOLE CARDS ***
Agrotait: raises $3 to $6
Vitamin660: calls $3
*** FLOP *** [As 7d Js]
Vitamin660: checks
Agrotait: bets $3
Vitamin660: folds
Uncalled bet ($3) returned to Agrotait
Agrotait collected $11.76 from pot
Agrotait: doesn't show hand
*** SUMMARY ***
Total pot $12 | Rake $0.24
Board [As 7d Js]
Seat 3: Vitamin660 (big blind) folded on the Flop
Seat 4: Agrotait (button) (small blind) collected ($11.76)


PokerStars Hand #154309371891:  Hold'em Limit ($3/$6 USD) - 2016/06/05 2:26:16 ET
Table 'Elisabetha' 6-max Seat #3 is the button
Seat 3: Vitamin660 ($41.77 in chips)
Seat 4: Agrotait ($72.76 in chips)
Vitamin660: posts small blind $1
Agrotait: posts big blind $3
*** HOLE CARDS ***
Vitamin660: raises $3 to $6
Agrotait: raises $3 to $9
Vitamin660: calls $3
*** FLOP *** [8h Jd Th]
Agrotait: checks
Vitamin660: bets $3
Agrotait: calls $3
*** TURN *** [8h Jd Th] [2d]
Agrotait: checks
Vitamin660: bets $6
Agrotait: calls $6
*** RIVER *** [8h Jd Th 2d] [Kd]
Agrotait: bets $6
Vitamin660: calls $6
*** SHOW DOWN ***
Agrotait: shows [Qc Ah] (a straight, Ten to Ace)
Vitamin660: mucks hand
Agrotait collected $47.50 from pot
*** SUMMARY ***
Total pot $48 | Rake $0.50
Board [8h Jd Th 2d Kd]
Seat 3: Vitamin660 (button) (small blind) mucked
Seat 4: Agrotait (big blind) showed [Qc Ah] and won ($47.50) with a straight, Ten to Ace


PokerStars Hand #154309401256:  Hold'em Limit ($3/$6 USD) - 2016/06/05 2:28:02 ET
Table 'Elisabetha' 6-max Seat #3 is the button
Seat 3: Vitamin660 ($11.31 in chips)
Seat 4: Agrotait ($102.01 in chips)
Vitamin660: posts small blind $1
Agrotait: posts big blind $3
*** HOLE CARDS ***
Vitamin660: raises $3 to $6
Agrotait: calls $3
*** FLOP *** [4s 3c Qs]
Agrotait: checks
Vitamin660: bets $3
Agrotait: raises $3 to $6
Vitamin660: calls $2.31 and is all-in
Uncalled bet ($0.69) returned to Agrotait
*** TURN *** [4s 3c Qs] [Kd]
*** RIVER *** [4s 3c Qs Kd] [4h]
*** SHOW DOWN ***
Agrotait: shows [Qc 3s] (two pair, Queens and Fours)
Vitamin660: shows [Qh Ad] (two pair, Queens and Fours - Ace kicker)
Vitamin660 collected $22.17 from pot
*** SUMMARY ***
Total pot $22.62 | Rake $0.45
Board [4s 3c Qs Kd 4h]
Seat 3: Vitamin660 (button) (small blind) showed [Qh Ad] and won ($22.17) with two pair, Queens and Fours
Seat 4: Agrotait (big blind) showed [Qc 3s] and lost with two pair, Queens and Fours


PokerStars Hand #154309393204:  Hold'em Limit ($3/$6 USD) - 2016/06/05 2:27:33 ET
Table 'Elisabetha' 6-max Seat #4 is the button
Seat 3: Vitamin660 ($5.77 in chips)
Seat 4: Agrotait ($107.78 in chips)
Agrotait: posts small blind $1
Vitamin660: posts big blind $3
*** HOLE CARDS ***
Agrotait: raises $3 to $6
Vitamin660: calls $2.77 and is all-in
Uncalled bet ($0.23) returned to Agrotait
*** FLOP *** [2h Ac 4s]
*** TURN *** [2h Ac 4s] [4h]
*** RIVER *** [2h Ac 4s 4h] [9h]
*** SHOW DOWN ***
Vitamin660: shows [3d 2c] (two pair, Fours and Deuces)
Agrotait: shows [7h Ks] (a pair of Fours)
Vitamin660 collected $11.31 from pot
*** SUMMARY ***
Total pot $11.54 | Rake $0.23
Board [2h Ac 4s 4h 9h]
Seat 3: Vitamin660 (big blind) showed [3d 2c] and won ($11.31) with two pair, Fours and Deuces
Seat 4: Agrotait (button) (small blind) showed [7h Ks] and lost with a pair of Fours


PokerStars Hand #154309387982:  Hold'em Limit ($3/$6 USD) - 2016/06/05 2:27:14 ET
Table 'Elisabetha' 6-max Seat #3 is the button
Seat 3: Vitamin660 ($11.77 in chips)
Seat 4: Agrotait ($102.02 in chips)
Vitamin660: posts small blind $1
Agrotait: posts big blind $3
*** HOLE CARDS ***
Vitamin660: raises $3 to $6
Agrotait: calls $3
*** FLOP *** [7c 4c 5c]
Agrotait: checks
Vitamin660: checks
*** TURN *** [7c 4c 5c] [2h]
Agrotait: checks
Vitamin660: checks
*** RIVER *** [7c 4c 5c 2h] [8c]
Agrotait: bets $6
Vitamin660: folds
Uncalled bet ($6) returned to Agrotait
Agrotait collected $11.76 from pot
Agrotait: doesn't show hand
*** SUMMARY ***
Total pot $12 | Rake $0.24
Board [7c 4c 5c 2h 8c]
Seat 3: Vitamin660 (button) (small blind) folded on the River
Seat 4: Agrotait (big blind) collected ($11.76)


PokerStars Hand #154309424849:  Hold'em Limit ($3/$6 USD) - 2016/06/05 2:29:27 ET
Table 'Elisabetha' 6-max Seat #4 is the button
Seat 3: Vitamin660 ($25.84 in chips)
Seat 4: Agrotait ($86.03 in chips)
Agrotait: posts small blind $1
Vitamin660: posts big blind $3
*** HOLE CARDS ***
Agrotait: folds
Uncalled bet ($2) returned to Vitamin660
Vitamin660 collected $2 from pot
Vitamin660: doesn't show hand
*** SUMMARY ***
Total pot $2 | Rake $0
Seat 3: Vitamin660 (big blind) collected ($2)
Seat 4: Agrotait (button) (small blind) folded before Flop


PokerStars Hand #154309423220:  Hold'em Limit ($3/$6 USD) - 2016/06/05 2:29:21 ET
Table 'Elisabetha' 6-max Seat #3 is the button
Seat 3: Vitamin660 ($26.84 in chips)
Seat 4: Agrotait ($85.03 in chips)
Vitamin660: posts small blind $1
Agrotait: posts big blind $3
*** HOLE CARDS ***
Vitamin660: folds
Uncalled bet ($2) returned to Agrotait
Agrotait collected $2 from pot
Agrotait: doesn't show hand
*** SUMMARY ***
Total pot $2 | Rake $0
Seat 3: Vitamin660 (button) (small blind) folded before Flop
Seat 4: Agrotait (big blind) collected ($2)


PokerStars Hand #154309421500:  Hold'em Limit ($3/$6 USD) - 2016/06/05 2:29:15 ET
Table 'Elisabetha' 6-max Seat #4 is the button
Seat 3: Vitamin660 ($25.84 in chips)
Seat 4: Agrotait ($86.03 in chips)
Agrotait: posts small blind $1
Vitamin660: posts big blind $3
*** HOLE CARDS ***
Agrotait: folds
Uncalled bet ($2) returned to Vitamin660
Vitamin660 collected $2 from pot
Vitamin660: doesn't show hand
*** SUMMARY ***
Total pot $2 | Rake $0
Seat 3: Vitamin660 (big blind) collected ($2)
Seat 4: Agrotait (button) (small blind) folded before Flop


PokerStars Hand #154309414548:  Hold'em Limit ($3/$6 USD) - 2016/06/05 2:28:50 ET
Table 'Elisabetha' 6-max Seat #3 is the button
Seat 3: Vitamin660 ($43.84 in chips)
Seat 4: Agrotait ($68.53 in chips)
Vitamin660: posts small blind $1
Agrotait: posts big blind $3
*** HOLE CARDS ***
Vitamin660: raises $3 to $6
Agrotait: raises $3 to $9
Vitamin660: calls $3
*** FLOP *** [5h 4h 4d]
Agrotait: bets $3
Vitamin660: raises $3 to $6
Agrotait: raises $3 to $9
Vitamin660: calls $3
*** TURN *** [5h 4h 4d] [Th]
Agrotait: bets $6
Vitamin660: folds
Uncalled bet ($6) returned to Agrotait
Agrotait collected $35.50 from pot
Agrotait: doesn't show hand
*** SUMMARY ***
Total pot $36 | Rake $0.50
Board [5h 4h 4d Th]
Seat 3: Vitamin660 (button) (small blind) folded on the Turn
Seat 4: Agrotait (big blind) collected ($35.50)


PokerStars Hand #154309407479:  Hold'em Limit ($3/$6 USD) - 2016/06/05 2:28:24 ET
Table 'Elisabetha' 6-max Seat #4 is the button
Seat 3: Vitamin660 ($22.17 in chips)
Seat 4: Agrotait ($90.70 in chips)
Agrotait: posts small blind $1
Vitamin660: posts big blind $3
*** HOLE CARDS ***
Agrotait: raises $3 to $6
Vitamin660: raises $3 to $9
Agrotait: calls $3
*** FLOP *** [7h Qh 2h]
Vitamin660: bets $3
Agrotait: calls $3
*** TURN *** [7h Qh 2h] [As]
Vitamin660: bets $6
Agrotait: calls $6
*** RIVER *** [7h Qh 2h As] [6d]
Vitamin660: bets $4.17 and is all-in
Agrotait: calls $4.17
*** SHOW DOWN ***
Vitamin660: shows [6c 6s] (three of a kind, Sixes)
Agrotait: shows [8c 7d] (a pair of Sevens)
Vitamin660 collected $43.84 from pot
*** SUMMARY ***
Total pot $44.34 | Rake $0.50
Board [7h Qh 2h As 6d]
Seat 3: Vitamin660 (big blind) showed [6c 6s] and won ($43.84) with three of a kind, Sixes
Seat 4: Agrotait (button) (small blind) showed [8c 7d] and lost with a pair of Sevens


PokerStars Hand #154309431822:  Hold'em Limit ($3/$6 USD) - 2016/06/05 2:29:52 ET
Table 'Elisabetha' 6-max Seat #4 is the button
Seat 3: Vitamin660 ($38.36 in chips)
Seat 4: Agrotait ($73.03 in chips)
Agrotait: posts small blind $1
Vitamin660: posts big blind $3
*** HOLE CARDS ***
Agrotait: raises $3 to $6
Vitamin660: calls $3
*** FLOP *** [6h 5d 5c]
Vitamin660: checks
Agrotait: bets $3
Vitamin660: raises $3 to $6
Agrotait: calls $3
*** TURN *** [6h 5d 5c] [Jc]
Vitamin660: bets $6
Agrotait: raises $6 to $12
Vitamin660: calls $6
*** RIVER *** [6h 5d 5c Jc] [7d]
Vitamin660: checks
Agrotait: checks
*** SHOW DOWN ***
Vitamin660: shows [7s 6s] (two pair, Sevens and Sixes)
Agrotait: mucks hand
Vitamin660 collected $47.50 from pot
*** SUMMARY ***
Total pot $48 | Rake $0.50
Board [6h 5d 5c Jc 7d]
Seat 3: Vitamin660 (big blind) showed [7s 6s] and won ($47.50) with two pair, Sevens and Sixes
Seat 4: Agrotait (button) (small blind) mucked


PokerStars Hand #154309426732:  Hold'em Limit ($3/$6 USD) - 2016/06/05 2:29:34 ET
Table 'Elisabetha' 6-max Seat #3 is the button
Seat 3: Vitamin660 ($26.84 in chips)
Seat 4: Agrotait ($85.03 in chips)
Vitamin660: posts small blind $1
Agrotait: posts big blind $3
*** HOLE CARDS ***
Vitamin660: raises $3 to $6
Agrotait: raises $3 to $9
Vitamin660: calls $3
*** FLOP *** [Jc 9s 8d]
Agrotait: checks
Vitamin660: bets $3
Agrotait: calls $3
*** TURN *** [Jc 9s 8d] [7d]
Agrotait: checks
Vitamin660: bets $6
Agrotait: folds
Uncalled bet ($6) returned to Vitamin660
Vitamin660 collected $23.52 from pot
*** SUMMARY ***
Total pot $24 | Rake $0.48
Board [Jc 9s 8d 7d]
Seat 3: Vitamin660 (button) (small blind) collected ($23.52)
Seat 4: Agrotait (big blind) folded on the Turn


PokerStars Hand #154309455074:  Hold'em Limit ($3/$6 USD) - 2016/06/05 2:31:15 ET
Table 'Elisabetha' 6-max Seat #3 is the button
Seat 3: Vitamin660 ($52.36 in chips)
Seat 4: Agrotait ($95.50 in chips)
Vitamin660: posts small blind $1
Agrotait: posts big blind $3
*** HOLE CARDS ***
Vitamin660: raises $3 to $6
Agrotait: folds
Uncalled bet ($3) returned to Vitamin660
Vitamin660 collected $6 from pot
*** SUMMARY ***
Total pot $6 | Rake $0
Seat 3: Vitamin660 (button) (small blind) collected ($6)
Seat 4: Agrotait (big blind) folded before Flop


PokerStars Hand #154309450508:  Hold'em Limit ($3/$6 USD) - 2016/06/05 2:30:58 ET
Table 'Elisabetha' 6-max Seat #4 is the button
Seat 3: Vitamin660 ($76.36 in chips)
Seat 4: Agrotait ($72 in chips)
Agrotait: posts small blind $1
Vitamin660: posts big blind $3
*** HOLE CARDS ***
Agrotait: raises $3 to $6
Vitamin660: calls $3
*** FLOP *** [Js 3h Ac]
Vitamin660: checks
Agrotait: bets $3
Vitamin660: raises $3 to $6
Agrotait: calls $3
*** TURN *** [Js 3h Ac] [8c]
Vitamin660: bets $6
Agrotait: calls $6
*** RIVER *** [Js 3h Ac 8c] [2s]
Vitamin660: bets $6
Agrotait: calls $6
*** SHOW DOWN ***
Vitamin660: shows [Jh Td] (a pair of Jacks)
Agrotait: shows [Qs Jc] (a pair of Jacks - Ace+Queen kicker)
Agrotait collected $47.50 from pot
*** SUMMARY ***
Total pot $48 | Rake $0.50
Board [Js 3h Ac 8c 2s]
Seat 3: Vitamin660 (big blind) showed [Jh Td] and lost with a pair of Jacks
Seat 4: Agrotait (button) (small blind) showed [Qs Jc] and won ($47.50) with a pair of Jacks


PokerStars Hand #154309444041:  Hold'em Limit ($3/$6 USD) - 2016/06/05 2:30:35 ET
Table 'Elisabetha' 6-max Seat #3 is the button
Seat 3: Vitamin660 ($61.86 in chips)
Seat 4: Agrotait ($72 in chips)
Vitamin660: posts small blind $1
Agrotait: posts big blind $3
*** HOLE CARDS ***
Vitamin660: raises $3 to $6
Agrotait: calls $3
*** FLOP *** [9h 2h Ts]
Agrotait: checks
Vitamin660: bets $3
Agrotait: calls $3
*** TURN *** [9h 2h Ts] [3d]
Agrotait: checks
Vitamin660: checks
*** RIVER *** [9h 2h Ts 3d] [7s]
Agrotait: bets $6
Vitamin660: calls $6
*** SHOW DOWN ***
Agrotait: shows [Jh 4s] (high card Jack)
Vitamin660: shows [Kh Jc] (high card King)
Vitamin660 collected $29.50 from pot
*** SUMMARY ***
Total pot $30 | Rake $0.50
Board [9h 2h Ts 3d 7s]
Seat 3: Vitamin660 (button) (small blind) showed [Kh Jc] and won ($29.50) with high card King
Seat 4: Agrotait (big blind) showed [Jh 4s] and lost with high card Jack


PokerStars Hand #154309474394:  Hold'em Limit ($3/$6 USD) - 2016/06/05 2:32:25 ET
Table 'Elisabetha' 6-max Seat #4 is the button
Seat 3: Vitamin660 ($63.86 in chips)
Seat 4: Agrotait ($83.14 in chips)
Agrotait: posts small blind $1
Vitamin660: posts big blind $3
*** HOLE CARDS ***
Agrotait: raises $3 to $6
Vitamin660: calls $3
*** FLOP *** [Js Jc 5s]
Vitamin660: checks
Agrotait: bets $3
Vitamin660: folds
Uncalled bet ($3) returned to Agrotait
Agrotait collected $11.76 from pot
Agrotait: doesn't show hand
*** SUMMARY ***
Total pot $12 | Rake $0.24
Board [Js Jc 5s]
Seat 3: Vitamin660 (big blind) folded on the Flop
Seat 4: Agrotait (button) (small blind) collected ($11.76)


PokerStars Hand #154309469072:  Hold'em Limit ($3/$6 USD) - 2016/06/05 2:32:06 ET
Table 'Elisabetha' 6-max Seat #3 is the button
Seat 3: Vitamin660 ($72.86 in chips)
Seat 4: Agrotait ($74.50 in chips)
Vitamin660: posts small blind $1
Agrotait: posts big blind $3
*** HOLE CARDS ***
Vitamin660: raises $3 to $6
Agrotait: calls $3
*** FLOP *** [Kc Qs Tc]
Agrotait: checks
Vitamin660: bets $3
Agrotait: calls $3
*** TURN *** [Kc Qs Tc] [Td]
Agrotait: checks
Vitamin660: checks
*** RIVER *** [Kc Qs Tc Td] [Js]
Agrotait: bets $6
Vitamin660: folds
Uncalled bet ($6) returned to Agrotait
Agrotait collected $17.64 from pot
Agrotait: doesn't show hand
*** SUMMARY ***
Total pot $18 | Rake $0.36
Board [Kc Qs Tc Td Js]
Seat 3: Vitamin660 (button) (small blind) folded on the River
Seat 4: Agrotait (big blind) collected ($17.64)


PokerStars Hand #154309456846:  Hold'em Limit ($3/$6 USD) - 2016/06/05 2:31:21 ET
Table 'Elisabetha' 6-max Seat #4 is the button
Seat 3: Vitamin660 ($55.36 in chips)
Seat 4: Agrotait ($92.50 in chips)
Agrotait: posts small blind $1
Vitamin660: posts big blind $3
*** HOLE CARDS ***
Agrotait: raises $3 to $6
Vitamin660: calls $3
*** FLOP *** [2s 6d 9s]
Vitamin660: checks
Agrotait: checks
*** TURN *** [2s 6d 9s] [4d]
Vitamin660: bets $6
Agrotait: calls $6
*** RIVER *** [2s 6d 9s 4d] [Qd]
Vitamin660: bets $6
Agrotait: calls $6
*** SHOW DOWN ***
Vitamin660: shows [2c 4c] (two pair, Fours and Deuces)
Agrotait: mucks hand
Vitamin660 collected $35.50 from pot
*** SUMMARY ***
Total pot $36 | Rake $0.50
Board [2s 6d 9s 4d Qd]
Seat 3: Vitamin660 (big blind) showed [2c 4c] and won ($35.50) with two pair, Fours and Deuces
Seat 4: Agrotait (button) (small blind) mucked


PokerStars Hand #154309477609:  Hold'em Limit ($3/$6 USD) - 2016/06/05 2:32:36 ET
Table 'Elisabetha' 6-max Seat #3 is the button
Seat 3: Vitamin660 ($57.86 in chips)
Seat 4: Agrotait ($88.90 in chips)
Vitamin660: posts small blind $1
Agrotait: posts big blind $3
*** HOLE CARDS ***
Vitamin660: raises $3 to $6
Agrotait: raises $3 to $9
Vitamin660: calls $3
*** FLOP *** [8s 6d 5c]
Agrotait: bets $3
Vitamin660: calls $3
*** TURN *** [8s 6d 5c] [8h]
Agrotait: checks
Vitamin660: checks
*** RIVER *** [8s 6d 5c 8h] [8c]
Agrotait: bets $6
Vitamin660: calls $6
*** SHOW DOWN ***
Agrotait: shows [Td Ah] (three of a kind, Eights)
Vitamin660: mucks hand
Agrotait collected $35.50 from pot
*** SUMMARY ***
Total pot $36 | Rake $0.50
Board [8s 6d 5c 8h 8c]
Seat 3: Vitamin660 (button) (small blind) mucked
Seat 4: Agrotait (big blind) showed [Td Ah] and won ($35.50) with three of a kind, Eights


PokerStars Hand #154309491467:  Hold'em Limit ($3/$6 USD) - 2016/06/05 2:33:25 ET
Table 'Elisabetha' 6-max Seat #4 is the button
Seat 3: Vitamin660 ($39.86 in chips)
Seat 4: Agrotait ($106.40 in chips)
Agrotait: posts small blind $1
Vitamin660: posts big blind $3
*** HOLE CARDS ***
Agrotait: raises $3 to $6
Vitamin660: raises $3 to $9
Agrotait: calls $3
*** FLOP *** [Ts 9s Jh]
Vitamin660: bets $3
Agrotait: calls $3
*** TURN *** [Ts 9s Jh] [5d]
Vitamin660: bets $6
Agrotait: calls $6
*** RIVER *** [Ts 9s Jh 5d] [3s]
Vitamin660: bets $6
Agrotait: calls $6
*** SHOW DOWN ***
Vitamin660: shows [Ad 3h] (a pair of Threes)
Agrotait: shows [5s Kh] (a pair of Fives)
Agrotait collected $47.50 from pot
*** SUMMARY ***
Total pot $48 | Rake $0.50
Board [Ts 9s Jh 5d 3s]
Seat 3: Vitamin660 (big blind) showed [Ad 3h] and lost with a pair of Threes
Seat 4: Agrotait (button) (small blind) showed [5s Kh] and won ($47.50) with a pair of Fives


PokerStars Hand #154309521744:  Hold'em Limit ($3/$6 USD) - 2016/06/05 2:35:13 ET
Table 'Elisabetha' 6-max Seat #3 is the button
Seat 3: Vitamin660 ($19.22 in chips)
Seat 4: Agrotait ($125.56 in chips)
Vitamin660: posts small blind $1
Agrotait: posts big blind $3
*** HOLE CARDS ***
Vitamin660: raises $3 to $6
Agrotait: calls $3
*** FLOP *** [3d Td 6s]
Agrotait: bets $3
Vitamin660: calls $3
*** TURN *** [3d Td 6s] [2c]
Agrotait: bets $6
Vitamin660: folds
Uncalled bet ($6) returned to Agrotait
Agrotait collected $17.64 from pot
Agrotait: doesn't show hand
*** SUMMARY ***
Total pot $18 | Rake $0.36
Board [3d Td 6s 2c]
Seat 3: Vitamin660 (button) (small blind) folded on the Turn
Seat 4: Agrotait (big blind) collected ($17.64)


PokerStars Hand #154309515176:  Hold'em Limit ($3/$6 USD) - 2016/06/05 2:34:50 ET
Table 'Elisabetha' 6-max Seat #4 is the button
Seat 3: Vitamin660 ($31.22 in chips)
Seat 4: Agrotait ($114.04 in chips)
Agrotait: posts small blind $1
Vitamin660: posts big blind $3
*** HOLE CARDS ***
Agrotait: raises $3 to $6
Vitamin660: calls $3
*** FLOP *** [As 7h Ah]
Vitamin660: checks
Agrotait: bets $3
Vitamin660: raises $3 to $6
Agrotait: raises $3 to $9
Vitamin660: folds
Uncalled bet ($3) returned to Agrotait
Agrotait collected $23.52 from pot
Agrotait: doesn't show hand
*** SUMMARY ***
Total pot $24 | Rake $0.48
Board [As 7h Ah]
Seat 3: Vitamin660 (big blind) folded on the Flop
Seat 4: Agrotait (button) (small blind) collected ($23.52)


PokerStars Hand #154309503577:  Hold'em Limit ($3/$6 USD) - 2016/06/05 2:34:09 ET
Table 'Elisabetha' 6-max Seat #3 is the button
Seat 3: Vitamin660 ($15.86 in chips)
Seat 4: Agrotait ($129.90 in chips)
Vitamin660: posts small blind $1
Agrotait: posts big blind $3
*** HOLE CARDS ***
Vitamin660: raises $3 to $6
Agrotait: calls $3
*** FLOP *** [Qc 7d 7h]
Agrotait: checks
Vitamin660: bets $3
Agrotait: raises $3 to $6
Vitamin660: raises $3 to $9
Agrotait: raises $3 to $12
Betting is capped
Vitamin660: calls $0.86 and is all-in
Uncalled bet ($2.14) returned to Agrotait
*** TURN *** [Qc 7d 7h] [6d]
*** RIVER *** [Qc 7d 7h 6d] [8s]
*** SHOW DOWN ***
Agrotait: shows [3h As] (a pair of Sevens)
Vitamin660: shows [Qd 5d] (two pair, Queens and Sevens)
Vitamin660 collected $31.22 from pot
*** SUMMARY ***
Total pot $31.72 | Rake $0.50
Board [Qc 7d 7h 6d 8s]
Seat 3: Vitamin660 (button) (small blind) showed [Qd 5d] and won ($31.22) with two pair, Queens and Sevens
Seat 4: Agrotait (big blind) showed [3h As] and lost with a pair of Sevens


PokerStars Hand #154309540904:  Hold'em Limit ($3/$6 USD) - 2016/06/05 2:36:23 ET
Table 'Elisabetha' 6-max Seat #3 is the button
Seat 3: Vitamin660 ($12.19 in chips)
Seat 4: Agrotait ($131.86 in chips)
Vitamin660: posts small blind $1
Agrotait: posts big blind $3
*** HOLE CARDS ***
Vitamin660: folds
Uncalled bet ($2) returned to Agrotait
Agrotait collected $2 from pot
Agrotait: doesn't show hand
*** SUMMARY ***
Total pot $2 | Rake $0
Seat 3: Vitamin660 (button) (small blind) folded before Flop
Seat 4: Agrotait (big blind) collected ($2)


PokerStars Hand #154309535710:  Hold'em Limit ($3/$6 USD) - 2016/06/05 2:36:04 ET
Table 'Elisabetha' 6-max Seat #4 is the button
Seat 3: Vitamin660 ($6.22 in chips)
Seat 4: Agrotait ($138.08 in chips)
Agrotait: posts small blind $1
Vitamin660: posts big blind $3
*** HOLE CARDS ***
Agrotait: raises $3 to $6
Vitamin660: raises $0.22 to $6.22 and is all-in
Agrotait: calls $0.22
*** FLOP *** [Ad 3s 8d]
*** TURN *** [Ad 3s 8d] [9h]
Alan The For joins the table at seat #2
*** RIVER *** [Ad 3s 8d 9h] [5c]
*** SHOW DOWN ***
Vitamin660: shows [5h Js] (a pair of Fives)
Agrotait: shows [4d Kh] (high card Ace)
Vitamin660 collected $12.19 from pot
*** SUMMARY ***
Total pot $12.44 | Rake $0.25
Board [Ad 3s 8d 9h 5c]
Seat 3: Vitamin660 (big blind) showed [5h Js] and won ($12.19) with a pair of Fives
Seat 4: Agrotait (button) (small blind) showed [4d Kh] and lost with high card Ace


PokerStars Hand #154309534121:  Hold'em Limit ($3/$6 USD) - 2016/06/05 2:35:58 ET
Table 'Elisabetha' 6-max Seat #3 is the button
Seat 3: Vitamin660 ($7.22 in chips)
Seat 4: Agrotait ($137.08 in chips)
Vitamin660: posts small blind $1
Agrotait: posts big blind $3
*** HOLE CARDS ***
Vitamin660: folds
Uncalled bet ($2) returned to Agrotait
Agrotait collected $2 from pot
Agrotait: doesn't show hand
*** SUMMARY ***
Total pot $2 | Rake $0
Seat 3: Vitamin660 (button) (small blind) folded before Flop
Seat 4: Agrotait (big blind) collected ($2)


PokerStars Hand #154309527897:  Hold'em Limit ($3/$6 USD) - 2016/06/05 2:35:35 ET
Table 'Elisabetha' 6-max Seat #4 is the button
Seat 3: Vitamin660 ($10.22 in chips)
Seat 4: Agrotait ($134.20 in chips)
Agrotait: posts small blind $1
Vitamin660: posts big blind $3
*** HOLE CARDS ***
Agrotait: calls $2
Vitamin660: checks
*** FLOP *** [8h Tc Ah]
Vitamin660: checks
Agrotait: bets $3
Vitamin660: folds
Uncalled bet ($3) returned to Agrotait
Agrotait collected $5.88 from pot
Agrotait: doesn't show hand
*** SUMMARY ***
Total pot $6 | Rake $0.12
Board [8h Tc Ah]
Seat 3: Vitamin660 (big blind) folded on the Flop
Seat 4: Agrotait (button) (small blind) collected ($5.88)


