PokerStars Hand #146098282849:  Hold'em Limit ($3/$6 USD) - 2015/12/29 1:44:21 ET
Table 'Elisabetha' 2-max Seat #2 is the button
Seat 1: DoctorBaboon ($240 in chips)
Seat 2: liza3008 ($120 in chips)
liza3008: posts small blind $1
DoctorBaboon: posts big blind $3
*** HOLE CARDS ***
liza3008: raises $3 to $6
DoctorBaboon: calls $3
*** FLOP *** [Ks 3c Qd]
DoctorBaboon: checks
liza3008: bets $3
DoctorBaboon: calls $3
*** TURN *** [Ks 3c Qd] [Kh]
DoctorBaboon: checks
liza3008: checks
*** RIVER *** [Ks 3c Qd Kh] [4c]
DoctorBaboon: bets $6
liza3008: calls $6
*** SHOW DOWN ***
DoctorBaboon: shows [4s Ac] (two pair, Kings and Fours)
liza3008: shows [Jd Js] (two pair, Kings and Jacks)
liza3008 collected $29.50 from pot
*** SUMMARY ***
Total pot $30 | Rake $0.50
Board [Ks 3c Qd Kh 4c]
Seat 1: DoctorBaboon (big blind) showed [4s Ac] and lost with two pair, Kings and Fours
Seat 2: liza3008 (button) (small blind) showed [Jd Js] and won ($29.50) with two pair, Kings and Jacks


PokerStars Hand #146098298643:  Hold'em Limit ($3/$6 USD) - 2015/12/29 1:45:18 ET
Table 'Elisabetha' 2-max Seat #1 is the button
Seat 1: DoctorBaboon ($225 in chips)
Seat 2: liza3008 ($134.50 in chips)
DoctorBaboon: posts small blind $1
liza3008: posts big blind $3
*** HOLE CARDS ***
DoctorBaboon: raises $3 to $6
liza3008: calls $3
*** FLOP *** [5c 8h 9h]
liza3008: checks
DoctorBaboon: bets $3
liza3008: calls $3
*** TURN *** [5c 8h 9h] [As]
liza3008: checks
DoctorBaboon: checks
*** RIVER *** [5c 8h 9h As] [4d]
liza3008: bets $6
DoctorBaboon: calls $6
*** SHOW DOWN ***
liza3008: shows [7h Jh] (high card Ace)
DoctorBaboon: shows [Kh 3h] (high card Ace - King kicker)
DoctorBaboon collected $29.50 from pot
*** SUMMARY ***
Total pot $30 | Rake $0.50
Board [5c 8h 9h As 4d]
Seat 1: DoctorBaboon (button) (small blind) showed [Kh 3h] and won ($29.50) with high card Ace
Seat 2: liza3008 (big blind) showed [7h Jh] and lost with high card Ace


PokerStars Hand #146098305868:  Hold'em Limit ($3/$6 USD) - 2015/12/29 1:45:44 ET
Table 'Elisabetha' 2-max Seat #2 is the button
Seat 1: DoctorBaboon ($239.50 in chips)
Seat 2: liza3008 ($119.50 in chips)
liza3008: posts small blind $1
DoctorBaboon: posts big blind $3
*** HOLE CARDS ***
liza3008: raises $3 to $6
DoctorBaboon: calls $3
*** FLOP *** [8d Ah 9d]
DoctorBaboon: checks
liza3008: bets $3
DoctorBaboon: folds
Uncalled bet ($3) returned to liza3008
liza3008 collected $11.76 from pot
liza3008: doesn't show hand
*** SUMMARY ***
Total pot $12 | Rake $0.24
Board [8d Ah 9d]
Seat 1: DoctorBaboon (big blind) folded on the Flop
Seat 2: liza3008 (button) (small blind) collected ($11.76)


PokerStars Hand #146098317726:  Hold'em Limit ($3/$6 USD) - 2015/12/29 1:46:28 ET
Table 'Elisabetha' 2-max Seat #1 is the button
Seat 1: DoctorBaboon ($233.50 in chips)
Seat 2: liza3008 ($125.26 in chips)
DoctorBaboon: posts small blind $1
liza3008: posts big blind $3
*** HOLE CARDS ***
DoctorBaboon: raises $3 to $6
liza3008: calls $3
*** FLOP *** [3c 2s Jh]
liza3008: bets $3
DoctorBaboon: raises $3 to $6
liza3008: raises $3 to $9
DoctorBaboon: calls $3
*** TURN *** [3c 2s Jh] [Ts]
liza3008: bets $6
DoctorBaboon: raises $6 to $12
liza3008: calls $6
*** RIVER *** [3c 2s Jh Ts] [Th]
liza3008: checks
DoctorBaboon: checks
*** SHOW DOWN ***
liza3008: shows [Ah Jc] (two pair, Jacks and Tens)
DoctorBaboon: mucks hand
liza3008 collected $53.50 from pot
*** SUMMARY ***
Total pot $54 | Rake $0.50
Board [3c 2s Jh Ts Th]
Seat 1: DoctorBaboon (button) (small blind) mucked
Seat 2: liza3008 (big blind) showed [Ah Jc] and won ($53.50) with two pair, Jacks and Tens


PokerStars Hand #146098800058:  Hold'em Limit ($3/$6 USD) - 2015/12/29 2:16:09 ET
Table 'Elisabetha' 2-max Seat #2 is the button
Seat 1: DoctorBaboon ($206.50 in chips)
Seat 2: MARIBORO8 ($84 in chips)
MARIBORO8: posts small blind $1
DoctorBaboon: posts big blind $3
*** HOLE CARDS ***
MARIBORO8: raises $3 to $6
DoctorBaboon: calls $3
*** FLOP *** [Jc Th Kh]
DoctorBaboon: checks
MARIBORO8: bets $3
DoctorBaboon: calls $3
*** TURN *** [Jc Th Kh] [8d]
DoctorBaboon: checks
MARIBORO8: bets $6
DoctorBaboon: calls $6
*** RIVER *** [Jc Th Kh 8d] [3d]
DoctorBaboon: checks
MARIBORO8: checks
*** SHOW DOWN ***
DoctorBaboon: shows [3c Tc] (two pair, Tens and Threes)
MARIBORO8: mucks hand
DoctorBaboon collected $29.50 from pot
*** SUMMARY ***
Total pot $30 | Rake $0.50
Board [Jc Th Kh 8d 3d]
Seat 1: DoctorBaboon (big blind) showed [3c Tc] and won ($29.50) with two pair, Tens and Threes
Seat 2: MARIBORO8 (button) (small blind) mucked


PokerStars Hand #146098809815:  Hold'em Limit ($3/$6 USD) - 2015/12/29 2:16:44 ET
Table 'Elisabetha' 2-max Seat #1 is the button
Seat 1: DoctorBaboon ($221 in chips)
Seat 2: MARIBORO8 ($69 in chips)
DoctorBaboon: posts small blind $1
MARIBORO8: posts big blind $3
*** HOLE CARDS ***
DoctorBaboon: raises $3 to $6
MARIBORO8: raises $3 to $9
DoctorBaboon: calls $3
*** FLOP *** [2d Ad 7s]
MARIBORO8: bets $3
DoctorBaboon: calls $3
*** TURN *** [2d Ad 7s] [Kd]
MARIBORO8: bets $6
DoctorBaboon: folds
Uncalled bet ($6) returned to MARIBORO8
MARIBORO8 collected $23.52 from pot
MARIBORO8: doesn't show hand
*** SUMMARY ***
Total pot $24 | Rake $0.48
Board [2d Ad 7s Kd]
Seat 1: DoctorBaboon (button) (small blind) folded on the Turn
Seat 2: MARIBORO8 (big blind) collected ($23.52)


PokerStars Hand #146098819244:  Hold'em Limit ($3/$6 USD) - 2015/12/29 2:17:18 ET
Table 'Elisabetha' 2-max Seat #2 is the button
Seat 1: DoctorBaboon ($209 in chips)
Seat 2: MARIBORO8 ($80.52 in chips)
MARIBORO8: posts small blind $1
DoctorBaboon: posts big blind $3
*** HOLE CARDS ***
MARIBORO8: raises $3 to $6
DoctorBaboon: calls $3
*** FLOP *** [Qs Qd Jc]
DoctorBaboon: checks
MARIBORO8: bets $3
DoctorBaboon: raises $3 to $6
MARIBORO8: folds
Uncalled bet ($3) returned to DoctorBaboon
DoctorBaboon collected $17.64 from pot
*** SUMMARY ***
Total pot $18 | Rake $0.36
Board [Qs Qd Jc]
Seat 1: DoctorBaboon (big blind) collected ($17.64)
Seat 2: MARIBORO8 (button) (small blind) folded on the Flop


PokerStars Hand #146098824328:  Hold'em Limit ($3/$6 USD) - 2015/12/29 2:17:36 ET
Table 'Elisabetha' 2-max Seat #1 is the button
Seat 1: DoctorBaboon ($217.64 in chips)
Seat 2: MARIBORO8 ($71.52 in chips)
DoctorBaboon: posts small blind $1
MARIBORO8: posts big blind $3
*** HOLE CARDS ***
DoctorBaboon: folds
Uncalled bet ($2) returned to MARIBORO8
MARIBORO8 collected $2 from pot
MARIBORO8: doesn't show hand
*** SUMMARY ***
Total pot $2 | Rake $0
Seat 1: DoctorBaboon (button) (small blind) folded before Flop
Seat 2: MARIBORO8 (big blind) collected ($2)


PokerStars Hand #146098826786:  Hold'em Limit ($3/$6 USD) - 2015/12/29 2:17:45 ET
Table 'Elisabetha' 2-max Seat #2 is the button
Seat 1: DoctorBaboon ($216.64 in chips)
Seat 2: MARIBORO8 ($72.52 in chips)
MARIBORO8: posts small blind $1
DoctorBaboon: posts big blind $3
*** HOLE CARDS ***
MARIBORO8: raises $3 to $6
DoctorBaboon: calls $3
*** FLOP *** [9s 2h 9d]
DoctorBaboon: checks
MARIBORO8: checks
*** TURN *** [9s 2h 9d] [5c]
DoctorBaboon: bets $6
MARIBORO8: calls $6
*** RIVER *** [9s 2h 9d 5c] [7s]
DoctorBaboon: checks
MARIBORO8: checks
*** SHOW DOWN ***
DoctorBaboon: shows [Jh 8d] (a pair of Nines)
MARIBORO8: shows [Kc 4s] (a pair of Nines - King kicker)
MARIBORO8 collected $23.52 from pot
*** SUMMARY ***
Total pot $24 | Rake $0.48
Board [9s 2h 9d 5c 7s]
Seat 1: DoctorBaboon (big blind) showed [Jh 8d] and lost with a pair of Nines
Seat 2: MARIBORO8 (button) (small blind) showed [Kc 4s] and won ($23.52) with a pair of Nines


PokerStars Hand #146098832907:  Hold'em Limit ($3/$6 USD) - 2015/12/29 2:18:06 ET
Table 'Elisabetha' 2-max Seat #1 is the button
Seat 1: DoctorBaboon ($204.64 in chips)
Seat 2: MARIBORO8 ($84.04 in chips)
DoctorBaboon: posts small blind $1
MARIBORO8: posts big blind $3
*** HOLE CARDS ***
DoctorBaboon: raises $3 to $6
MARIBORO8: calls $3
*** FLOP *** [Qc Kc 5s]
MARIBORO8: checks
DoctorBaboon: bets $3
MARIBORO8: raises $3 to $6
DoctorBaboon: calls $3
*** TURN *** [Qc Kc 5s] [2d]
MARIBORO8: checks
DoctorBaboon: checks
*** RIVER *** [Qc Kc 5s 2d] [2c]
MARIBORO8: checks
DoctorBaboon: checks
*** SHOW DOWN ***
MARIBORO8: shows [4s 8d] (a pair of Deuces)
DoctorBaboon: shows [6h 5c] (two pair, Fives and Deuces)
DoctorBaboon collected $23.52 from pot
*** SUMMARY ***
Total pot $24 | Rake $0.48
Board [Qc Kc 5s 2d 2c]
Seat 1: DoctorBaboon (button) (small blind) showed [6h 5c] and won ($23.52) with two pair, Fives and Deuces
Seat 2: MARIBORO8 (big blind) showed [4s 8d] and lost with a pair of Deuces


PokerStars Hand #146098841171:  Hold'em Limit ($3/$6 USD) - 2015/12/29 2:18:37 ET
Table 'Elisabetha' 2-max Seat #2 is the button
Seat 1: DoctorBaboon ($216.16 in chips)
Seat 2: MARIBORO8 ($72.04 in chips)
MARIBORO8: posts small blind $1
DoctorBaboon: posts big blind $3
*** HOLE CARDS ***
MARIBORO8: calls $2
DoctorBaboon: checks
*** FLOP *** [Qc 5s Js]
DoctorBaboon: checks
MARIBORO8: checks
*** TURN *** [Qc 5s Js] [Ah]
DoctorBaboon: checks
MARIBORO8: checks
*** RIVER *** [Qc 5s Js Ah] [Jh]
DoctorBaboon: checks
MARIBORO8: checks
*** SHOW DOWN ***
DoctorBaboon: shows [Ts 4c] (a pair of Jacks)
MARIBORO8: mucks hand
DoctorBaboon collected $5.88 from pot
*** SUMMARY ***
Total pot $6 | Rake $0.12
Board [Qc 5s Js Ah Jh]
Seat 1: DoctorBaboon (big blind) showed [Ts 4c] and won ($5.88) with a pair of Jacks
Seat 2: MARIBORO8 (button) (small blind) mucked


PokerStars Hand #146098864101:  Hold'em Limit ($3/$6 USD) - 2015/12/29 2:19:58 ET
Table 'Elisabetha' 2-max Seat #1 is the button
Seat 1: DoctorBaboon ($198.04 in chips)
Seat 2: MARIBORO8 ($89.20 in chips)
DoctorBaboon: posts small blind $1
MARIBORO8: posts big blind $3
*** HOLE CARDS ***
DoctorBaboon: folds
Uncalled bet ($2) returned to MARIBORO8
MARIBORO8 collected $2 from pot
MARIBORO8: doesn't show hand
*** SUMMARY ***
Total pot $2 | Rake $0
Seat 1: DoctorBaboon (button) (small blind) folded before Flop
Seat 2: MARIBORO8 (big blind) collected ($2)


PokerStars Hand #146098854859:  Hold'em Limit ($3/$6 USD) - 2015/12/29 2:19:25 ET
Table 'Elisabetha' 2-max Seat #2 is the button
Seat 1: DoctorBaboon ($210.04 in chips)
Seat 2: MARIBORO8 ($77.68 in chips)
MARIBORO8: posts small blind $1
DoctorBaboon: posts big blind $3
*** HOLE CARDS ***
MARIBORO8: raises $3 to $6
DoctorBaboon: calls $3
*** FLOP *** [6c 5s 6d]
DoctorBaboon: checks
MARIBORO8: checks
*** TURN *** [6c 5s 6d] [4d]
DoctorBaboon: bets $6
MARIBORO8: calls $6
*** RIVER *** [6c 5s 6d 4d] [8s]
DoctorBaboon: checks
MARIBORO8: bets $6
DoctorBaboon: folds
Uncalled bet ($6) returned to MARIBORO8
MARIBORO8 collected $23.52 from pot
MARIBORO8: doesn't show hand
*** SUMMARY ***
Total pot $24 | Rake $0.48
Board [6c 5s 6d 4d 8s]
Seat 1: DoctorBaboon (big blind) folded on the River
Seat 2: MARIBORO8 (button) (small blind) collected ($23.52)


PokerStars Hand #146098847597:  Hold'em Limit ($3/$6 USD) - 2015/12/29 2:18:59 ET
Table 'Elisabetha' 2-max Seat #1 is the button
Seat 1: DoctorBaboon ($219.04 in chips)
Seat 2: MARIBORO8 ($69.04 in chips)
DoctorBaboon: posts small blind $1
MARIBORO8: posts big blind $3
*** HOLE CARDS ***
DoctorBaboon: raises $3 to $6
MARIBORO8: calls $3
*** FLOP *** [Th 8d 3d]
MARIBORO8: checks
DoctorBaboon: bets $3
MARIBORO8: calls $3
*** TURN *** [Th 8d 3d] [7h]
MARIBORO8: checks
DoctorBaboon: checks
*** RIVER *** [Th 8d 3d 7h] [8h]
MARIBORO8: bets $6
DoctorBaboon: folds
Uncalled bet ($6) returned to MARIBORO8
MARIBORO8 collected $17.64 from pot
MARIBORO8: doesn't show hand
*** SUMMARY ***
Total pot $18 | Rake $0.36
Board [Th 8d 3d 7h 8h]
Seat 1: DoctorBaboon (button) (small blind) folded on the River
Seat 2: MARIBORO8 (big blind) collected ($17.64)


PokerStars Hand #146098866073:  Hold'em Limit ($3/$6 USD) - 2015/12/29 2:20:05 ET
Table 'Elisabetha' 2-max Seat #2 is the button
Seat 1: DoctorBaboon ($197.04 in chips)
Seat 2: MARIBORO8 ($90.20 in chips)
MARIBORO8: posts small blind $1
DoctorBaboon: posts big blind $3
*** HOLE CARDS ***
MARIBORO8: raises $3 to $6
DoctorBaboon: calls $3
*** FLOP *** [3h 6c Jd]
DoctorBaboon: checks
MARIBORO8: bets $3
DoctorBaboon: raises $3 to $6
MARIBORO8: calls $3
*** TURN *** [3h 6c Jd] [9h]
DoctorBaboon: bets $6
MARIBORO8: calls $6
*** RIVER *** [3h 6c Jd 9h] [4s]
DoctorBaboon: bets $6
MARIBORO8: calls $6
*** SHOW DOWN ***
DoctorBaboon: shows [7d 9c] (a pair of Nines)
MARIBORO8: mucks hand
DoctorBaboon collected $47.50 from pot
*** SUMMARY ***
Total pot $48 | Rake $0.50
Board [3h 6c Jd 9h 4s]
Seat 1: DoctorBaboon (big blind) showed [7d 9c] and won ($47.50) with a pair of Nines
Seat 2: MARIBORO8 (button) (small blind) mucked


PokerStars Hand #146098878083:  Hold'em Limit ($3/$6 USD) - 2015/12/29 2:20:47 ET
Table 'Elisabetha' 2-max Seat #1 is the button
Seat 1: DoctorBaboon ($220.54 in chips)
Seat 2: MARIBORO8 ($66.20 in chips)
DoctorBaboon: posts small blind $1
MARIBORO8: posts big blind $3
*** HOLE CARDS ***
DoctorBaboon: raises $3 to $6
MARIBORO8: calls $3
*** FLOP *** [As Ac Qc]
MARIBORO8: checks
DoctorBaboon: bets $3
MARIBORO8: calls $3
*** TURN *** [As Ac Qc] [Jd]
MARIBORO8: checks
DoctorBaboon: checks
*** RIVER *** [As Ac Qc Jd] [4h]
MARIBORO8: bets $6
DoctorBaboon: folds
Uncalled bet ($6) returned to MARIBORO8
MARIBORO8 collected $17.64 from pot
MARIBORO8: doesn't show hand
*** SUMMARY ***
Total pot $18 | Rake $0.36
Board [As Ac Qc Jd 4h]
Seat 1: DoctorBaboon (button) (small blind) folded on the River
Seat 2: MARIBORO8 (big blind) collected ($17.64)


PokerStars Hand #146098876277:  Hold'em Limit ($3/$6 USD) - 2015/12/29 2:20:41 ET
Table 'Elisabetha' 2-max Seat #2 is the button
Seat 1: DoctorBaboon ($219.54 in chips)
Seat 2: MARIBORO8 ($67.20 in chips)
MARIBORO8: posts small blind $1
DoctorBaboon: posts big blind $3
*** HOLE CARDS ***
MARIBORO8: folds
Uncalled bet ($2) returned to DoctorBaboon
DoctorBaboon collected $2 from pot
*** SUMMARY ***
Total pot $2 | Rake $0
Seat 1: DoctorBaboon (big blind) collected ($2)
Seat 2: MARIBORO8 (button) (small blind) folded before Flop


PokerStars Hand #146098873529:  Hold'em Limit ($3/$6 USD) - 2015/12/29 2:20:31 ET
Table 'Elisabetha' 2-max Seat #1 is the button
Seat 1: DoctorBaboon ($220.54 in chips)
Seat 2: MARIBORO8 ($66.20 in chips)
DoctorBaboon: posts small blind $1
MARIBORO8: posts big blind $3
*** HOLE CARDS ***
DoctorBaboon: folds
Uncalled bet ($2) returned to MARIBORO8
MARIBORO8 collected $2 from pot
MARIBORO8: doesn't show hand
*** SUMMARY ***
Total pot $2 | Rake $0
Seat 1: DoctorBaboon (button) (small blind) folded before Flop
Seat 2: MARIBORO8 (big blind) collected ($2)


PokerStars Hand #146098889779:  Hold'em Limit ($3/$6 USD) - 2015/12/29 2:21:29 ET
Table 'Elisabetha' 2-max Seat #1 is the button
Seat 1: DoctorBaboon ($205.54 in chips)
Seat 2: MARIBORO8 ($80.60 in chips)
DoctorBaboon: posts small blind $1
MARIBORO8: posts big blind $3
*** HOLE CARDS ***
DoctorBaboon: raises $3 to $6
MARIBORO8: raises $3 to $9
DoctorBaboon: calls $3
*** FLOP *** [Th Qh 9d]
MARIBORO8: bets $3
DoctorBaboon: calls $3
*** TURN *** [Th Qh 9d] [Kc]
MARIBORO8: checks
DoctorBaboon: checks
*** RIVER *** [Th Qh 9d Kc] [2c]
MARIBORO8: bets $6
DoctorBaboon: calls $6
*** SHOW DOWN ***
MARIBORO8: shows [Ts Ad] (a pair of Tens)
DoctorBaboon: shows [Qd 3h] (a pair of Queens)
DoctorBaboon collected $35.50 from pot
*** SUMMARY ***
Total pot $36 | Rake $0.50
Board [Th Qh 9d Kc 2c]
Seat 1: DoctorBaboon (button) (small blind) showed [Qd 3h] and won ($35.50) with a pair of Queens
Seat 2: MARIBORO8 (big blind) showed [Ts Ad] and lost with a pair of Tens


PokerStars Hand #146098885152:  Hold'em Limit ($3/$6 USD) - 2015/12/29 2:21:12 ET
Table 'Elisabetha' 2-max Seat #2 is the button
Seat 1: DoctorBaboon ($211.54 in chips)
Seat 2: MARIBORO8 ($74.84 in chips)
MARIBORO8: posts small blind $1
DoctorBaboon: posts big blind $3
*** HOLE CARDS ***
MARIBORO8: raises $3 to $6
DoctorBaboon: calls $3
*** FLOP *** [2c Td 3h]
DoctorBaboon: checks
MARIBORO8: bets $3
DoctorBaboon: folds
Uncalled bet ($3) returned to MARIBORO8
MARIBORO8 collected $11.76 from pot
MARIBORO8: doesn't show hand
*** SUMMARY ***
Total pot $12 | Rake $0.24
Board [2c Td 3h]
Seat 1: DoctorBaboon (big blind) folded on the Flop
Seat 2: MARIBORO8 (button) (small blind) collected ($11.76)


PokerStars Hand #146098906378:  Hold'em Limit ($3/$6 USD) - 2015/12/29 2:22:28 ET
Table 'Elisabetha' 2-max Seat #1 is the button
Seat 1: DoctorBaboon ($220.04 in chips)
Seat 2: MARIBORO8 ($65.48 in chips)
DoctorBaboon: posts small blind $1
MARIBORO8: posts big blind $3
*** HOLE CARDS ***
DoctorBaboon: raises $3 to $6
MARIBORO8: calls $3
*** FLOP *** [2c 4d Ts]
MARIBORO8: checks
DoctorBaboon: bets $3
MARIBORO8: calls $3
*** TURN *** [2c 4d Ts] [4c]
MARIBORO8: checks
DoctorBaboon: checks
*** RIVER *** [2c 4d Ts 4c] [9d]
MARIBORO8: bets $6
DoctorBaboon: calls $6
*** SHOW DOWN ***
MARIBORO8: shows [Ah Th] (two pair, Tens and Fours)
DoctorBaboon: mucks hand
MARIBORO8 collected $29.50 from pot
*** SUMMARY ***
Total pot $30 | Rake $0.50
Board [2c 4d Ts 4c 9d]
Seat 1: DoctorBaboon (button) (small blind) mucked
Seat 2: MARIBORO8 (big blind) showed [Ah Th] and won ($29.50) with two pair, Tens and Fours


PokerStars Hand #146098897787:  Hold'em Limit ($3/$6 USD) - 2015/12/29 2:21:57 ET
Table 'Elisabetha' 2-max Seat #2 is the button
Seat 1: DoctorBaboon ($223.04 in chips)
Seat 2: MARIBORO8 ($62.60 in chips)
MARIBORO8: posts small blind $1
DoctorBaboon: posts big blind $3
*** HOLE CARDS ***
MARIBORO8: calls $2
DoctorBaboon: checks
*** FLOP *** [Ks Kc 8h]
DoctorBaboon: checks
MARIBORO8: checks
*** TURN *** [Ks Kc 8h] [Qh]
DoctorBaboon: checks
MARIBORO8: bets $6
DoctorBaboon: folds
Uncalled bet ($6) returned to MARIBORO8
MARIBORO8 collected $5.88 from pot
MARIBORO8: doesn't show hand
*** SUMMARY ***
Total pot $6 | Rake $0.12
Board [Ks Kc 8h Qh]
Seat 1: DoctorBaboon (big blind) folded on the Turn
Seat 2: MARIBORO8 (button) (small blind) collected ($5.88)


PokerStars Hand #146098914002:  Hold'em Limit ($3/$6 USD) - 2015/12/29 2:22:55 ET
Table 'Elisabetha' 2-max Seat #2 is the button
Seat 1: DoctorBaboon ($205.04 in chips)
Seat 2: MARIBORO8 ($79.98 in chips)
MARIBORO8: posts small blind $1
DoctorBaboon: posts big blind $3
*** HOLE CARDS ***
MARIBORO8: raises $3 to $6
DoctorBaboon: calls $3
*** FLOP *** [5d Qh 2c]
DoctorBaboon: checks
MARIBORO8: bets $3
DoctorBaboon: raises $3 to $6
MARIBORO8: calls $3
*** TURN *** [5d Qh 2c] [5s]
DoctorBaboon: bets $6
MARIBORO8: calls $6
*** RIVER *** [5d Qh 2c 5s] [9h]
DoctorBaboon: bets $6
MARIBORO8: calls $6
*** SHOW DOWN ***
DoctorBaboon: shows [9d 5c] (a full house, Fives full of Nines)
MARIBORO8: mucks hand
DoctorBaboon collected $47.50 from pot
*** SUMMARY ***
Total pot $48 | Rake $0.50
Board [5d Qh 2c 5s 9h]
Seat 1: DoctorBaboon (big blind) showed [9d 5c] and won ($47.50) with a full house, Fives full of Nines
Seat 2: MARIBORO8 (button) (small blind) mucked


PokerStars Hand #146098927532:  Hold'em Limit ($3/$6 USD) - 2015/12/29 2:23:43 ET
Table 'Elisabetha' 2-max Seat #2 is the button
Seat 1: DoctorBaboon ($243.04 in chips)
Seat 2: MARIBORO8 ($40.98 in chips)
MARIBORO8: posts small blind $1
DoctorBaboon: posts big blind $3
*** HOLE CARDS ***
MARIBORO8: raises $3 to $6
DoctorBaboon: calls $3
*** FLOP *** [As 4c Kd]
DoctorBaboon: checks
MARIBORO8: bets $3
DoctorBaboon: folds
Uncalled bet ($3) returned to MARIBORO8
MARIBORO8 collected $11.76 from pot
MARIBORO8: doesn't show hand
*** SUMMARY ***
Total pot $12 | Rake $0.24
Board [As 4c Kd]
Seat 1: DoctorBaboon (big blind) folded on the Flop
Seat 2: MARIBORO8 (button) (small blind) collected ($11.76)


PokerStars Hand #146098920718:  Hold'em Limit ($3/$6 USD) - 2015/12/29 2:23:19 ET
Table 'Elisabetha' 2-max Seat #1 is the button
Seat 1: DoctorBaboon ($228.54 in chips)
Seat 2: MARIBORO8 ($55.98 in chips)
DoctorBaboon: posts small blind $1
MARIBORO8: posts big blind $3
*** HOLE CARDS ***
DoctorBaboon: raises $3 to $6
MARIBORO8: calls $3
*** FLOP *** [2d 7d Ac]
MARIBORO8: checks
DoctorBaboon: bets $3
MARIBORO8: calls $3
*** TURN *** [2d 7d Ac] [6c]
MARIBORO8: checks
DoctorBaboon: bets $6
MARIBORO8: calls $6
*** RIVER *** [2d 7d Ac 6c] [Kh]
MARIBORO8: checks
DoctorBaboon: bets $6
MARIBORO8: folds
Uncalled bet ($6) returned to DoctorBaboon
DoctorBaboon collected $29.50 from pot
DoctorBaboon: doesn't show hand
*** SUMMARY ***
Total pot $30 | Rake $0.50
Board [2d 7d Ac 6c Kh]
Seat 1: DoctorBaboon (button) (small blind) collected ($29.50)
Seat 2: MARIBORO8 (big blind) folded on the River


PokerStars Hand #146098931759:  Hold'em Limit ($3/$6 USD) - 2015/12/29 2:23:58 ET
Table 'Elisabetha' 2-max Seat #1 is the button
Seat 1: DoctorBaboon ($237.04 in chips)
Seat 2: MARIBORO8 ($46.74 in chips)
DoctorBaboon: posts small blind $1
MARIBORO8: posts big blind $3
*** HOLE CARDS ***
DoctorBaboon: raises $3 to $6
MARIBORO8: calls $3
*** FLOP *** [Js Jd 9c]
MARIBORO8: checks
DoctorBaboon: bets $3
MARIBORO8: calls $3
*** TURN *** [Js Jd 9c] [4c]
MARIBORO8: bets $6
DoctorBaboon: raises $6 to $12
MARIBORO8: raises $6 to $18
DoctorBaboon: calls $6
*** RIVER *** [Js Jd 9c 4c] [Qh]
MARIBORO8: bets $6
DoctorBaboon: calls $6
*** SHOW DOWN ***
MARIBORO8: shows [Jh 2c] (three of a kind, Jacks)
DoctorBaboon: shows [Td Jc] (three of a kind, Jacks - Queen+Ten kicker)
DoctorBaboon collected $65.50 from pot
*** SUMMARY ***
Total pot $66 | Rake $0.50
Board [Js Jd 9c 4c Qh]
Seat 1: DoctorBaboon (button) (small blind) showed [Td Jc] and won ($65.50) with three of a kind, Jacks
Seat 2: MARIBORO8 (big blind) showed [Jh 2c] and lost with three of a kind, Jacks


PokerStars Hand #146098942987:  Hold'em Limit ($3/$6 USD) - 2015/12/29 2:24:38 ET
Table 'Elisabetha' 2-max Seat #1 is the button
Seat 1: DoctorBaboon ($263.54 in chips)
Seat 2: MARIBORO8 ($19.50 in chips)
DoctorBaboon: posts small blind $1
MARIBORO8: posts big blind $3
*** HOLE CARDS ***
DoctorBaboon: raises $3 to $6
MARIBORO8: raises $3 to $9
DoctorBaboon: calls $3
*** FLOP *** [7d 5c Ts]
MARIBORO8: bets $3
DoctorBaboon: calls $3
*** TURN *** [7d 5c Ts] [Js]
MARIBORO8: bets $6
DoctorBaboon: raises $6 to $12
MARIBORO8: calls $1.50 and is all-in
Uncalled bet ($4.50) returned to DoctorBaboon
*** RIVER *** [7d 5c Ts Js] [As]
*** SHOW DOWN ***
MARIBORO8: shows [3d 3s] (a pair of Threes)
DoctorBaboon: shows [5s Kh] (a pair of Fives)
DoctorBaboon collected $38.50 from pot
*** SUMMARY ***
Total pot $39 | Rake $0.50
Board [7d 5c Ts Js As]
Seat 1: DoctorBaboon (button) (small blind) showed [5s Kh] and won ($38.50) with a pair of Fives
Seat 2: MARIBORO8 (big blind) showed [3d 3s] and lost with a pair of Threes


PokerStars Hand #146098938851:  Hold'em Limit ($3/$6 USD) - 2015/12/29 2:24:24 ET
Table 'Elisabetha' 2-max Seat #2 is the button
Seat 1: DoctorBaboon ($269.54 in chips)
Seat 2: MARIBORO8 ($13.74 in chips)
MARIBORO8: posts small blind $1
DoctorBaboon: posts big blind $3
*** HOLE CARDS ***
MARIBORO8: raises $3 to $6
DoctorBaboon: calls $3
*** FLOP *** [Qs 2c Kh]
DoctorBaboon: checks
MARIBORO8: bets $3
DoctorBaboon: folds
Uncalled bet ($3) returned to MARIBORO8
MARIBORO8 collected $11.76 from pot
MARIBORO8: doesn't show hand
*** SUMMARY ***
Total pot $12 | Rake $0.24
Board [Qs 2c Kh]
Seat 1: DoctorBaboon (big blind) folded on the Flop
Seat 2: MARIBORO8 (button) (small blind) collected ($11.76)


PokerStars Hand #146101340970:  Hold'em Limit ($3/$6 USD) - 2015/12/29 4:29:31 ET
Table 'Elisabetha' 2-max Seat #2 is the button
Seat 1: DoctorBaboon ($311.68 in chips)
Seat 2: Donkasaurus7 ($115.19 in chips)
Donkasaurus7: posts small blind $1
DoctorBaboon: posts big blind $3
*** HOLE CARDS ***
Donkasaurus7: raises $3 to $6
DoctorBaboon: calls $3
*** FLOP *** [Th 7s 5h]
DoctorBaboon: checks
Donkasaurus7: bets $3
DoctorBaboon: folds
Uncalled bet ($3) returned to Donkasaurus7
Donkasaurus7 collected $11.76 from pot
Donkasaurus7: doesn't show hand
*** SUMMARY ***
Total pot $12 | Rake $0.24
Board [Th 7s 5h]
Seat 1: DoctorBaboon (big blind) folded on the Flop
Seat 2: Donkasaurus7 (button) (small blind) collected ($11.76)


PokerStars Hand #146101338518:  Hold'em Limit ($3/$6 USD) - 2015/12/29 4:29:25 ET
Table 'Elisabetha' 2-max Seat #1 is the button
Seat 1: DoctorBaboon ($312.68 in chips)
Seat 2: Donkasaurus7 ($114.19 in chips)
DoctorBaboon: posts small blind $1
Donkasaurus7: posts big blind $3
*** HOLE CARDS ***
DoctorBaboon: folds
Uncalled bet ($2) returned to Donkasaurus7
Donkasaurus7 collected $2 from pot
Donkasaurus7: doesn't show hand
*** SUMMARY ***
Total pot $2 | Rake $0
Seat 1: DoctorBaboon (button) (small blind) folded before Flop
Seat 2: Donkasaurus7 (big blind) collected ($2)


PokerStars Hand #146101336692:  Hold'em Limit ($3/$6 USD) - 2015/12/29 4:29:20 ET
Table 'Elisabetha' 2-max Seat #2 is the button
Seat 1: DoctorBaboon ($311.68 in chips)
Seat 2: Donkasaurus7 ($115.19 in chips)
Donkasaurus7: posts small blind $1
DoctorBaboon: posts big blind $3
*** HOLE CARDS ***
Donkasaurus7: folds
Uncalled bet ($2) returned to DoctorBaboon
DoctorBaboon collected $2 from pot
DoctorBaboon: doesn't show hand
*** SUMMARY ***
Total pot $2 | Rake $0
Seat 1: DoctorBaboon (big blind) collected ($2)
Seat 2: Donkasaurus7 (button) (small blind) folded before Flop


PokerStars Hand #146101326442:  Hold'em Limit ($3/$6 USD) - 2015/12/29 4:28:53 ET
Table 'Elisabetha' 2-max Seat #1 is the button
Seat 1: DoctorBaboon ($291.18 in chips)
Seat 2: Donkasaurus7 ($136.19 in chips)
DoctorBaboon: posts small blind $1
Donkasaurus7: posts big blind $3
*** HOLE CARDS ***
DoctorBaboon: raises $3 to $6
Donkasaurus7: calls $3
*** FLOP *** [4s Th Kd]
Donkasaurus7: checks
DoctorBaboon: bets $3
Donkasaurus7: calls $3
*** TURN *** [4s Th Kd] [8h]
Donkasaurus7: checks
DoctorBaboon: bets $6
Donkasaurus7: calls $6
*** RIVER *** [4s Th Kd 8h] [6s]
Donkasaurus7: checks
DoctorBaboon: bets $6
Donkasaurus7: calls $6
*** SHOW DOWN ***
DoctorBaboon: shows [3d Ks] (a pair of Kings)
Donkasaurus7: mucks hand
DoctorBaboon collected $41.50 from pot
*** SUMMARY ***
Total pot $42 | Rake $0.50
Board [4s Th Kd 8h 6s]
Seat 1: DoctorBaboon (button) (small blind) showed [3d Ks] and won ($41.50) with a pair of Kings
Seat 2: Donkasaurus7 (big blind) mucked


PokerStars Hand #146101310883:  Hold'em Limit ($3/$6 USD) - 2015/12/29 4:28:12 ET
Table 'Elisabetha' 2-max Seat #2 is the button
Seat 1: DoctorBaboon ($282.54 in chips)
Seat 2: Donkasaurus7 ($145.19 in chips)
Donkasaurus7: posts small blind $1
DoctorBaboon: posts big blind $3
*** HOLE CARDS ***
Donkasaurus7: raises $3 to $6
DoctorBaboon: calls $3
*** FLOP *** [Qd 7c Kh]
DoctorBaboon: checks
Donkasaurus7: bets $3
DoctorBaboon: raises $3 to $6
Donkasaurus7: folds
Uncalled bet ($3) returned to DoctorBaboon
DoctorBaboon collected $17.64 from pot
DoctorBaboon: doesn't show hand
*** SUMMARY ***
Total pot $18 | Rake $0.36
Board [Qd 7c Kh]
Seat 1: DoctorBaboon (big blind) collected ($17.64)
Seat 2: Donkasaurus7 (button) (small blind) folded on the Flop


PokerStars Hand #146101364325:  Hold'em Limit ($3/$6 USD) - 2015/12/29 4:30:31 ET
Table 'Elisabetha' 2-max Seat #2 is the button
Seat 1: DoctorBaboon ($290.68 in chips)
Seat 2: Donkasaurus7 ($135.23 in chips)
Donkasaurus7: posts small blind $1
DoctorBaboon: posts big blind $3
*** HOLE CARDS ***
Donkasaurus7: folds
Uncalled bet ($2) returned to DoctorBaboon
DoctorBaboon collected $2 from pot
DoctorBaboon: doesn't show hand
*** SUMMARY ***
Total pot $2 | Rake $0
Seat 1: DoctorBaboon (big blind) collected ($2)
Seat 2: Donkasaurus7 (button) (small blind) folded before Flop


PokerStars Hand #146101355456:  Hold'em Limit ($3/$6 USD) - 2015/12/29 4:30:08 ET
Table 'Elisabetha' 2-max Seat #1 is the button
Seat 1: DoctorBaboon ($302.68 in chips)
Seat 2: Donkasaurus7 ($123.71 in chips)
DoctorBaboon: posts small blind $1
Donkasaurus7: posts big blind $3
*** HOLE CARDS ***
DoctorBaboon: raises $3 to $6
Donkasaurus7: calls $3
*** FLOP *** [8c 6d 4s]
Donkasaurus7: checks
DoctorBaboon: bets $3
Donkasaurus7: raises $3 to $6
DoctorBaboon: calls $3
*** TURN *** [8c 6d 4s] [4d]
Donkasaurus7: bets $6
DoctorBaboon: folds
Uncalled bet ($6) returned to Donkasaurus7
Donkasaurus7 collected $23.52 from pot
Donkasaurus7: doesn't show hand
*** SUMMARY ***
Total pot $24 | Rake $0.48
Board [8c 6d 4s 4d]
Seat 1: DoctorBaboon (button) (small blind) folded on the Turn
Seat 2: Donkasaurus7 (big blind) collected ($23.52)


PokerStars Hand #146101349291:  Hold'em Limit ($3/$6 USD) - 2015/12/29 4:29:52 ET
Table 'Elisabetha' 2-max Seat #2 is the button
Seat 1: DoctorBaboon ($308.68 in chips)
Seat 2: Donkasaurus7 ($117.95 in chips)
Donkasaurus7: posts small blind $1
DoctorBaboon: posts big blind $3
*** HOLE CARDS ***
Donkasaurus7: raises $3 to $6
DoctorBaboon: calls $3
*** FLOP *** [Tc Jc 7s]
DoctorBaboon: checks
Donkasaurus7: checks
*** TURN *** [Tc Jc 7s] [6h]
DoctorBaboon: checks
Donkasaurus7: bets $6
DoctorBaboon: folds
Uncalled bet ($6) returned to Donkasaurus7
Donkasaurus7 collected $11.76 from pot
Donkasaurus7: doesn't show hand
*** SUMMARY ***
Total pot $12 | Rake $0.24
Board [Tc Jc 7s 6h]
Seat 1: DoctorBaboon (big blind) folded on the Turn
Seat 2: Donkasaurus7 (button) (small blind) collected ($11.76)


PokerStars Hand #146101346972:  Hold'em Limit ($3/$6 USD) - 2015/12/29 4:29:47 ET
Table 'Elisabetha' 2-max Seat #1 is the button
Seat 1: DoctorBaboon ($305.68 in chips)
Seat 2: Donkasaurus7 ($120.95 in chips)
DoctorBaboon: posts small blind $1
Donkasaurus7: posts big blind $3
*** HOLE CARDS ***
DoctorBaboon: raises $3 to $6
Donkasaurus7: folds
Uncalled bet ($3) returned to DoctorBaboon
DoctorBaboon collected $6 from pot
DoctorBaboon: doesn't show hand
*** SUMMARY ***
Total pot $6 | Rake $0
Seat 1: DoctorBaboon (button) (small blind) collected ($6)
Seat 2: Donkasaurus7 (big blind) folded before Flop


PokerStars Hand #146101383624:  Hold'em Limit ($3/$6 USD) - 2015/12/29 4:31:22 ET
Table 'Elisabetha' 2-max Seat #1 is the button
Seat 1: DoctorBaboon ($274.68 in chips)
Seat 2: Donkasaurus7 ($150.49 in chips)
DoctorBaboon: posts small blind $1
Donkasaurus7: posts big blind $3
*** HOLE CARDS ***
DoctorBaboon: raises $3 to $6
Donkasaurus7: raises $3 to $9
DoctorBaboon: calls $3
*** FLOP *** [Kh 7c Qd]
Donkasaurus7: bets $3
DoctorBaboon: calls $3
*** TURN *** [Kh 7c Qd] [4s]
Donkasaurus7: bets $6
DoctorBaboon: calls $6
*** RIVER *** [Kh 7c Qd 4s] [9s]
Donkasaurus7: bets $6
DoctorBaboon: calls $6
*** SHOW DOWN ***
Donkasaurus7: shows [Kc Qc] (two pair, Kings and Queens)
DoctorBaboon: mucks hand
Donkasaurus7 collected $47.50 from pot
*** SUMMARY ***
Total pot $48 | Rake $0.50
Board [Kh 7c Qd 4s 9s]
Seat 1: DoctorBaboon (button) (small blind) mucked
Seat 2: Donkasaurus7 (big blind) showed [Kc Qc] and won ($47.50) with two pair, Kings and Queens


PokerStars Hand #146101381841:  Hold'em Limit ($3/$6 USD) - 2015/12/29 4:31:17 ET
Table 'Elisabetha' 2-max Seat #2 is the button
Seat 1: DoctorBaboon ($273.68 in chips)
Seat 2: Donkasaurus7 ($151.49 in chips)
Donkasaurus7: posts small blind $1
DoctorBaboon: posts big blind $3
*** HOLE CARDS ***
Donkasaurus7: folds
Uncalled bet ($2) returned to DoctorBaboon
DoctorBaboon collected $2 from pot
DoctorBaboon: doesn't show hand
*** SUMMARY ***
Total pot $2 | Rake $0
Seat 1: DoctorBaboon (big blind) collected ($2)
Seat 2: Donkasaurus7 (button) (small blind) folded before Flop


PokerStars Hand #146101379213:  Hold'em Limit ($3/$6 USD) - 2015/12/29 4:31:10 ET
Table 'Elisabetha' 2-max Seat #1 is the button
Seat 1: DoctorBaboon ($270.68 in chips)
Seat 2: Donkasaurus7 ($154.49 in chips)
DoctorBaboon: posts small blind $1
Donkasaurus7: posts big blind $3
*** HOLE CARDS ***
DoctorBaboon: raises $3 to $6
Donkasaurus7: folds
Uncalled bet ($3) returned to DoctorBaboon
DoctorBaboon collected $6 from pot
DoctorBaboon: doesn't show hand
*** SUMMARY ***
Total pot $6 | Rake $0
Seat 1: DoctorBaboon (button) (small blind) collected ($6)
Seat 2: Donkasaurus7 (big blind) folded before Flop


PokerStars Hand #146101374056:  Hold'em Limit ($3/$6 USD) - 2015/12/29 4:30:57 ET
Table 'Elisabetha' 2-max Seat #2 is the button
Seat 1: DoctorBaboon ($276.68 in chips)
Seat 2: Donkasaurus7 ($148.73 in chips)
Donkasaurus7: posts small blind $1
DoctorBaboon: posts big blind $3
*** HOLE CARDS ***
Donkasaurus7: raises $3 to $6
DoctorBaboon: calls $3
*** FLOP *** [Qh 6h Ks]
DoctorBaboon: checks
Donkasaurus7: bets $3
DoctorBaboon: folds
Uncalled bet ($3) returned to Donkasaurus7
Donkasaurus7 collected $11.76 from pot
Donkasaurus7: doesn't show hand
*** SUMMARY ***
Total pot $12 | Rake $0.24
Board [Qh 6h Ks]
Seat 1: DoctorBaboon (big blind) folded on the Flop
Seat 2: Donkasaurus7 (button) (small blind) collected ($11.76)


PokerStars Hand #146101366512:  Hold'em Limit ($3/$6 USD) - 2015/12/29 4:30:37 ET
Table 'Elisabetha' 2-max Seat #1 is the button
Seat 1: DoctorBaboon ($291.68 in chips)
Seat 2: Donkasaurus7 ($134.23 in chips)
DoctorBaboon: posts small blind $1
Donkasaurus7: posts big blind $3
*** HOLE CARDS ***
DoctorBaboon: raises $3 to $6
Donkasaurus7: calls $3
*** FLOP *** [4h As 9c]
Donkasaurus7: checks
DoctorBaboon: bets $3
Donkasaurus7: calls $3
*** TURN *** [4h As 9c] [2h]
Donkasaurus7: checks
DoctorBaboon: bets $6
Donkasaurus7: raises $6 to $12
DoctorBaboon: folds
Uncalled bet ($6) returned to Donkasaurus7
Donkasaurus7 collected $29.50 from pot
Donkasaurus7: doesn't show hand
*** SUMMARY ***
Total pot $30 | Rake $0.50
Board [4h As 9c 2h]
Seat 1: DoctorBaboon (button) (small blind) folded on the Turn
Seat 2: Donkasaurus7 (big blind) collected ($29.50)


PokerStars Hand #146101403522:  Hold'em Limit ($3/$6 USD) - 2015/12/29 4:32:13 ET
Table 'Elisabetha' 2-max Seat #1 is the button
Seat 1: DoctorBaboon ($232.68 in chips)
Seat 2: Donkasaurus7 ($191.49 in chips)
DoctorBaboon: posts small blind $1
Donkasaurus7: posts big blind $3
*** HOLE CARDS ***
DoctorBaboon: raises $3 to $6
Donkasaurus7: calls $3
*** FLOP *** [5d 5s 5h]
Donkasaurus7: checks
DoctorBaboon: bets $3
Donkasaurus7: folds
Uncalled bet ($3) returned to DoctorBaboon
DoctorBaboon collected $11.76 from pot
DoctorBaboon: doesn't show hand
*** SUMMARY ***
Total pot $12 | Rake $0.24
Board [5d 5s 5h]
Seat 1: DoctorBaboon (button) (small blind) collected ($11.76)
Seat 2: Donkasaurus7 (big blind) folded on the Flop


PokerStars Hand #146101393559:  Hold'em Limit ($3/$6 USD) - 2015/12/29 4:31:47 ET
Table 'Elisabetha' 2-max Seat #2 is the button
Seat 1: DoctorBaboon ($250.68 in chips)
Seat 2: Donkasaurus7 ($173.99 in chips)
Donkasaurus7: posts small blind $1
DoctorBaboon: posts big blind $3
*** HOLE CARDS ***
Donkasaurus7: raises $3 to $6
DoctorBaboon: calls $3
*** FLOP *** [Qd Kh Qc]
DoctorBaboon: checks
Donkasaurus7: checks
*** TURN *** [Qd Kh Qc] [7s]
DoctorBaboon: bets $6
Donkasaurus7: calls $6
*** RIVER *** [Qd Kh Qc 7s] [Ac]
DoctorBaboon: checks
Donkasaurus7: bets $6
DoctorBaboon: calls $6
*** SHOW DOWN ***
Donkasaurus7: shows [Kc 4s] (two pair, Kings and Queens)
DoctorBaboon: mucks hand
Donkasaurus7 collected $35.50 from pot
*** SUMMARY ***
Total pot $36 | Rake $0.50
Board [Qd Kh Qc 7s Ac]
Seat 1: DoctorBaboon (big blind) mucked
Seat 2: Donkasaurus7 (button) (small blind) showed [Kc 4s] and won ($35.50) with two pair, Kings and Queens


PokerStars Hand #146101428860:  Hold'em Limit ($3/$6 USD) - 2015/12/29 4:33:19 ET
Table 'Elisabetha' 2-max Seat #2 is the button
Seat 1: DoctorBaboon ($229.20 in chips)
Seat 2: Donkasaurus7 ($193.99 in chips)
Donkasaurus7: posts small blind $1
DoctorBaboon: posts big blind $3
*** HOLE CARDS ***
Donkasaurus7: raises $3 to $6
DoctorBaboon: calls $3
*** FLOP *** [6s Qs Jc]
DoctorBaboon: checks
Donkasaurus7: bets $3
DoctorBaboon: folds
Uncalled bet ($3) returned to Donkasaurus7
Donkasaurus7 collected $11.76 from pot
Donkasaurus7: doesn't show hand
*** SUMMARY ***
Total pot $12 | Rake $0.24
Board [6s Qs Jc]
Seat 1: DoctorBaboon (big blind) folded on the Flop
Seat 2: Donkasaurus7 (button) (small blind) collected ($11.76)


PokerStars Hand #146101423792:  Hold'em Limit ($3/$6 USD) - 2015/12/29 4:33:06 ET
Table 'Elisabetha' 2-max Seat #1 is the button
Seat 1: DoctorBaboon ($223.44 in chips)
Seat 2: Donkasaurus7 ($199.99 in chips)
DoctorBaboon: posts small blind $1
Donkasaurus7: posts big blind $3
*** HOLE CARDS ***
DoctorBaboon: raises $3 to $6
Donkasaurus7: calls $3
*** FLOP *** [2d Ts Kc]
Donkasaurus7: checks
DoctorBaboon: bets $3
Donkasaurus7: folds
Uncalled bet ($3) returned to DoctorBaboon
DoctorBaboon collected $11.76 from pot
DoctorBaboon: doesn't show hand
*** SUMMARY ***
Total pot $12 | Rake $0.24
Board [2d Ts Kc]
Seat 1: DoctorBaboon (button) (small blind) collected ($11.76)
Seat 2: Donkasaurus7 (big blind) folded on the Flop


PokerStars Hand #146101421991:  Hold'em Limit ($3/$6 USD) - 2015/12/29 4:33:01 ET
Table 'Elisabetha' 2-max Seat #2 is the button
Seat 1: DoctorBaboon ($222.44 in chips)
Seat 2: Donkasaurus7 ($200.99 in chips)
Donkasaurus7: posts small blind $1
DoctorBaboon: posts big blind $3
*** HOLE CARDS ***
Donkasaurus7: folds
Uncalled bet ($2) returned to DoctorBaboon
DoctorBaboon collected $2 from pot
DoctorBaboon: doesn't show hand
*** SUMMARY ***
Total pot $2 | Rake $0
Seat 1: DoctorBaboon (big blind) collected ($2)
Seat 2: Donkasaurus7 (button) (small blind) folded before Flop


PokerStars Hand #146101418790:  Hold'em Limit ($3/$6 USD) - 2015/12/29 4:32:53 ET
Table 'Elisabetha' 2-max Seat #1 is the button
Seat 1: DoctorBaboon ($223.44 in chips)
Seat 2: Donkasaurus7 ($199.99 in chips)
DoctorBaboon: posts small blind $1
Donkasaurus7: posts big blind $3
*** HOLE CARDS ***
DoctorBaboon: folds
Uncalled bet ($2) returned to Donkasaurus7
Donkasaurus7 collected $2 from pot
Donkasaurus7: doesn't show hand
*** SUMMARY ***
Total pot $2 | Rake $0
Seat 1: DoctorBaboon (button) (small blind) folded before Flop
Seat 2: Donkasaurus7 (big blind) collected ($2)


PokerStars Hand #146101408468:  Hold'em Limit ($3/$6 USD) - 2015/12/29 4:32:26 ET
Table 'Elisabetha' 2-max Seat #2 is the button
Seat 1: DoctorBaboon ($238.44 in chips)
Seat 2: Donkasaurus7 ($185.49 in chips)
Donkasaurus7: posts small blind $1
DoctorBaboon: posts big blind $3
*** HOLE CARDS ***
Donkasaurus7: raises $3 to $6
DoctorBaboon: calls $3
*** FLOP *** [4h 7d Qd]
DoctorBaboon: checks
Donkasaurus7: bets $3
DoctorBaboon: calls $3
*** TURN *** [4h 7d Qd] [8s]
DoctorBaboon: checks
Donkasaurus7: bets $6
DoctorBaboon: calls $6
*** RIVER *** [4h 7d Qd 8s] [6c]
DoctorBaboon: checks
Donkasaurus7: bets $6
DoctorBaboon: folds
Uncalled bet ($6) returned to Donkasaurus7
Donkasaurus7 collected $29.50 from pot
Donkasaurus7: doesn't show hand
*** SUMMARY ***
Total pot $30 | Rake $0.50
Board [4h 7d Qd 8s 6c]
Seat 1: DoctorBaboon (big blind) folded on the River
Seat 2: Donkasaurus7 (button) (small blind) collected ($29.50)


PokerStars Hand #146101459922:  Hold'em Limit ($3/$6 USD) - 2015/12/29 4:34:39 ET
Table 'Elisabetha' 2-max Seat #1 is the button
Seat 1: DoctorBaboon ($201.84 in chips)
Seat 2: Donkasaurus7 ($219.65 in chips)
DoctorBaboon: posts small blind $1
Donkasaurus7: posts big blind $3
*** HOLE CARDS ***
DoctorBaboon: folds
Uncalled bet ($2) returned to Donkasaurus7
Donkasaurus7 collected $2 from pot
Donkasaurus7: doesn't show hand
*** SUMMARY ***
Total pot $2 | Rake $0
Seat 1: DoctorBaboon (button) (small blind) folded before Flop
Seat 2: Donkasaurus7 (big blind) collected ($2)


PokerStars Hand #146101454400:  Hold'em Limit ($3/$6 USD) - 2015/12/29 4:34:25 ET
Table 'Elisabetha' 2-max Seat #2 is the button
Seat 1: DoctorBaboon ($207.84 in chips)
Seat 2: Donkasaurus7 ($213.89 in chips)
Donkasaurus7: posts small blind $1
DoctorBaboon: posts big blind $3
*** HOLE CARDS ***
Donkasaurus7: raises $3 to $6
DoctorBaboon: calls $3
*** FLOP *** [Kc Kd 8c]
DoctorBaboon: checks
Donkasaurus7: bets $3
DoctorBaboon: folds
Uncalled bet ($3) returned to Donkasaurus7
Donkasaurus7 collected $11.76 from pot
Donkasaurus7: doesn't show hand
*** SUMMARY ***
Total pot $12 | Rake $0.24
Board [Kc Kd 8c]
Seat 1: DoctorBaboon (big blind) folded on the Flop
Seat 2: Donkasaurus7 (button) (small blind) collected ($11.76)


PokerStars Hand #146101446391:  Hold'em Limit ($3/$6 USD) - 2015/12/29 4:34:04 ET
Table 'Elisabetha' 2-max Seat #1 is the button
Seat 1: DoctorBaboon ($216.84 in chips)
Seat 2: Donkasaurus7 ($205.25 in chips)
DoctorBaboon: posts small blind $1
Donkasaurus7: posts big blind $3
*** HOLE CARDS ***
DoctorBaboon: raises $3 to $6
Donkasaurus7: calls $3
*** FLOP *** [5c Jc Jd]
Donkasaurus7: checks
DoctorBaboon: bets $3
Donkasaurus7: calls $3
*** TURN *** [5c Jc Jd] [4c]
Donkasaurus7: checks
DoctorBaboon: checks
*** RIVER *** [5c Jc Jd 4c] [3d]
Donkasaurus7: checks
DoctorBaboon: checks
*** SHOW DOWN ***
Donkasaurus7: shows [2c Kh] (a pair of Jacks)
DoctorBaboon: mucks hand
Donkasaurus7 collected $17.64 from pot
*** SUMMARY ***
Total pot $18 | Rake $0.36
Board [5c Jc Jd 4c 3d]
Seat 1: DoctorBaboon (button) (small blind) mucked
Seat 2: Donkasaurus7 (big blind) showed [2c Kh] and won ($17.64) with a pair of Jacks


PokerStars Hand #146101442439:  Hold'em Limit ($3/$6 USD) - 2015/12/29 4:33:54 ET
Table 'Elisabetha' 2-max Seat #2 is the button
Seat 1: DoctorBaboon ($208.20 in chips)
Seat 2: Donkasaurus7 ($214.25 in chips)
Donkasaurus7: posts small blind $1
DoctorBaboon: posts big blind $3
*** HOLE CARDS ***
Donkasaurus7: raises $3 to $6
DoctorBaboon: raises $3 to $9
Donkasaurus7: calls $3
*** FLOP *** [Ah 8h 3h]
DoctorBaboon: bets $3
Donkasaurus7: folds
Uncalled bet ($3) returned to DoctorBaboon
DoctorBaboon collected $17.64 from pot
*** SUMMARY ***
Total pot $18 | Rake $0.36
Board [Ah 8h 3h]
Seat 1: DoctorBaboon (big blind) collected ($17.64)
Seat 2: Donkasaurus7 (button) (small blind) folded on the Flop


PokerStars Hand #146101433991:  Hold'em Limit ($3/$6 USD) - 2015/12/29 4:33:32 ET
Table 'Elisabetha' 2-max Seat #1 is the button
Seat 1: DoctorBaboon ($223.20 in chips)
Seat 2: Donkasaurus7 ($199.75 in chips)
DoctorBaboon: posts small blind $1
Donkasaurus7: posts big blind $3
*** HOLE CARDS ***
DoctorBaboon: raises $3 to $6
Donkasaurus7: calls $3
*** FLOP *** [Js 2c 4h]
Donkasaurus7: checks
DoctorBaboon: bets $3
Donkasaurus7: calls $3
*** TURN *** [Js 2c 4h] [4d]
Donkasaurus7: checks
DoctorBaboon: bets $6
Donkasaurus7: raises $6 to $12
DoctorBaboon: folds
Uncalled bet ($6) returned to Donkasaurus7
Donkasaurus7 collected $29.50 from pot
Donkasaurus7: doesn't show hand
*** SUMMARY ***
Total pot $30 | Rake $0.50
Board [Js 2c 4h 4d]
Seat 1: DoctorBaboon (button) (small blind) folded on the Turn
Seat 2: Donkasaurus7 (big blind) collected ($29.50)


PokerStars Hand #146101480886:  Hold'em Limit ($3/$6 USD) - 2015/12/29 4:35:33 ET
Table 'Elisabetha' 2-max Seat #2 is the button
Seat 1: DoctorBaboon ($212.34 in chips)
Seat 2: Donkasaurus7 ($208.29 in chips)
Donkasaurus7: posts small blind $1
DoctorBaboon: posts big blind $3
*** HOLE CARDS ***
Donkasaurus7: folds
Uncalled bet ($2) returned to DoctorBaboon
DoctorBaboon collected $2 from pot
DoctorBaboon: doesn't show hand
*** SUMMARY ***
Total pot $2 | Rake $0
Seat 1: DoctorBaboon (big blind) collected ($2)
Seat 2: Donkasaurus7 (button) (small blind) folded before Flop


PokerStars Hand #146101471449:  Hold'em Limit ($3/$6 USD) - 2015/12/29 4:35:09 ET
Table 'Elisabetha' 2-max Seat #1 is the button
Seat 1: DoctorBaboon ($191.84 in chips)
Seat 2: Donkasaurus7 ($229.29 in chips)
DoctorBaboon: posts small blind $1
Donkasaurus7: posts big blind $3
*** HOLE CARDS ***
DoctorBaboon: raises $3 to $6
Donkasaurus7: calls $3
*** FLOP *** [7s 9d 2d]
Donkasaurus7: checks
DoctorBaboon: bets $3
Donkasaurus7: calls $3
*** TURN *** [7s 9d 2d] [2h]
Donkasaurus7: checks
DoctorBaboon: bets $6
Donkasaurus7: calls $6
*** RIVER *** [7s 9d 2d 2h] [2c]
Donkasaurus7: checks
DoctorBaboon: bets $6
Donkasaurus7: calls $6
*** SHOW DOWN ***
DoctorBaboon: shows [Ad 7h] (a full house, Deuces full of Sevens)
Donkasaurus7: mucks hand
DoctorBaboon collected $41.50 from pot
*** SUMMARY ***
Total pot $42 | Rake $0.50
Board [7s 9d 2d 2h 2c]
Seat 1: DoctorBaboon (button) (small blind) showed [Ad 7h] and won ($41.50) with a full house, Deuces full of Sevens
Seat 2: Donkasaurus7 (big blind) mucked


PokerStars Hand #146101462526:  Hold'em Limit ($3/$6 USD) - 2015/12/29 4:34:46 ET
Table 'Elisabetha' 2-max Seat #2 is the button
Seat 1: DoctorBaboon ($200.84 in chips)
Seat 2: Donkasaurus7 ($220.65 in chips)
Donkasaurus7: posts small blind $1
DoctorBaboon: posts big blind $3
*** HOLE CARDS ***
Donkasaurus7: raises $3 to $6
DoctorBaboon: calls $3
*** FLOP *** [6h 7s 3d]
DoctorBaboon: checks
Donkasaurus7: bets $3
DoctorBaboon: calls $3
*** TURN *** [6h 7s 3d] [9s]
DoctorBaboon: checks
Donkasaurus7: bets $6
DoctorBaboon: folds
Uncalled bet ($6) returned to Donkasaurus7
Donkasaurus7 collected $17.64 from pot
Donkasaurus7: doesn't show hand
*** SUMMARY ***
Total pot $18 | Rake $0.36
Board [6h 7s 3d 9s]
Seat 1: DoctorBaboon (big blind) folded on the Turn
Seat 2: Donkasaurus7 (button) (small blind) collected ($17.64)


PokerStars Hand #146101495654:  Hold'em Limit ($3/$6 USD) - 2015/12/29 4:36:11 ET
Table 'Elisabetha' 2-max Seat #2 is the button
Seat 1: DoctorBaboon ($201.34 in chips)
Seat 2: Donkasaurus7 ($218.81 in chips)
Donkasaurus7: posts small blind $1
DoctorBaboon: posts big blind $3
*** HOLE CARDS ***
Donkasaurus7: raises $3 to $6
DoctorBaboon: calls $3
*** FLOP *** [2h 3s 2c]
DoctorBaboon: checks
Donkasaurus7: bets $3
DoctorBaboon: calls $3
*** TURN *** [2h 3s 2c] [Th]
DoctorBaboon: checks
Donkasaurus7: bets $6
DoctorBaboon: calls $6
*** RIVER *** [2h 3s 2c Th] [Jh]
DoctorBaboon: checks
Donkasaurus7: checks
*** SHOW DOWN ***
DoctorBaboon: shows [8s Kd] (a pair of Deuces)
Donkasaurus7: mucks hand
DoctorBaboon collected $29.50 from pot
*** SUMMARY ***
Total pot $30 | Rake $0.50
Board [2h 3s 2c Th Jh]
Seat 1: DoctorBaboon (big blind) showed [8s Kd] and won ($29.50) with a pair of Deuces
Seat 2: Donkasaurus7 (button) (small blind) mucked


PokerStars Hand #146101492972:  Hold'em Limit ($3/$6 USD) - 2015/12/29 4:36:04 ET
Table 'Elisabetha' 2-max Seat #1 is the button
Seat 1: DoctorBaboon ($202.34 in chips)
Seat 2: Donkasaurus7 ($217.81 in chips)
DoctorBaboon: posts small blind $1
Donkasaurus7: posts big blind $3
*** HOLE CARDS ***
DoctorBaboon: folds
Uncalled bet ($2) returned to Donkasaurus7
Donkasaurus7 collected $2 from pot
Donkasaurus7: doesn't show hand
*** SUMMARY ***
Total pot $2 | Rake $0
Seat 1: DoctorBaboon (button) (small blind) folded before Flop
Seat 2: Donkasaurus7 (big blind) collected ($2)


PokerStars Hand #146101491117:  Hold'em Limit ($3/$6 USD) - 2015/12/29 4:35:59 ET
Table 'Elisabetha' 2-max Seat #2 is the button
Seat 1: DoctorBaboon ($201.34 in chips)
Seat 2: Donkasaurus7 ($218.81 in chips)
Donkasaurus7: posts small blind $1
DoctorBaboon: posts big blind $3
*** HOLE CARDS ***
Donkasaurus7: folds
Uncalled bet ($2) returned to DoctorBaboon
DoctorBaboon collected $2 from pot
DoctorBaboon: doesn't show hand
*** SUMMARY ***
Total pot $2 | Rake $0
Seat 1: DoctorBaboon (big blind) collected ($2)
Seat 2: Donkasaurus7 (button) (small blind) folded before Flop


PokerStars Hand #146101482723:  Hold'em Limit ($3/$6 USD) - 2015/12/29 4:35:38 ET
Table 'Elisabetha' 2-max Seat #1 is the button
Seat 1: DoctorBaboon ($213.34 in chips)
Seat 2: Donkasaurus7 ($207.29 in chips)
DoctorBaboon: posts small blind $1
Donkasaurus7: posts big blind $3
*** HOLE CARDS ***
DoctorBaboon: raises $3 to $6
Donkasaurus7: calls $3
*** FLOP *** [5s 2c Tc]
Donkasaurus7: checks
DoctorBaboon: checks
*** TURN *** [5s 2c Tc] [9c]
Donkasaurus7: bets $6
DoctorBaboon: calls $6
*** RIVER *** [5s 2c Tc 9c] [4s]
Donkasaurus7: bets $6
DoctorBaboon: folds
Uncalled bet ($6) returned to Donkasaurus7
Donkasaurus7 collected $23.52 from pot
Donkasaurus7: doesn't show hand
*** SUMMARY ***
Total pot $24 | Rake $0.48
Board [5s 2c Tc 9c 4s]
Seat 1: DoctorBaboon (button) (small blind) folded on the River
Seat 2: Donkasaurus7 (big blind) collected ($23.52)


PokerStars Hand #146101524142:  Hold'em Limit ($3/$6 USD) - 2015/12/29 4:37:24 ET
Table 'Elisabetha' 2-max Seat #1 is the button
Seat 1: DoctorBaboon ($215.48 in chips)
Seat 2: Donkasaurus7 ($203.45 in chips)
DoctorBaboon: posts small blind $1
Donkasaurus7: posts big blind $3
*** HOLE CARDS ***
DoctorBaboon: raises $3 to $6
Donkasaurus7: raises $3 to $9
DoctorBaboon: calls $3
*** FLOP *** [Kh 2d 9c]
Donkasaurus7: bets $3
DoctorBaboon: folds
Uncalled bet ($3) returned to Donkasaurus7
Donkasaurus7 collected $17.64 from pot
Donkasaurus7: doesn't show hand
*** SUMMARY ***
Total pot $18 | Rake $0.36
Board [Kh 2d 9c]
Seat 1: DoctorBaboon (button) (small blind) folded on the Flop
Seat 2: Donkasaurus7 (big blind) collected ($17.64)


PokerStars Hand #146101517962:  Hold'em Limit ($3/$6 USD) - 2015/12/29 4:37:08 ET
Table 'Elisabetha' 2-max Seat #2 is the button
Seat 1: DoctorBaboon ($206.84 in chips)
Seat 2: Donkasaurus7 ($212.45 in chips)
Donkasaurus7: posts small blind $1
DoctorBaboon: posts big blind $3
*** HOLE CARDS ***
Donkasaurus7: raises $3 to $6
DoctorBaboon: calls $3
*** FLOP *** [Kd 4d 8h]
DoctorBaboon: checks
Donkasaurus7: bets $3
DoctorBaboon: raises $3 to $6
Donkasaurus7: folds
Uncalled bet ($3) returned to DoctorBaboon
DoctorBaboon collected $17.64 from pot
DoctorBaboon: doesn't show hand
*** SUMMARY ***
Total pot $18 | Rake $0.36
Board [Kd 4d 8h]
Seat 1: DoctorBaboon (big blind) collected ($17.64)
Seat 2: Donkasaurus7 (button) (small blind) folded on the Flop


PokerStars Hand #146101508378:  Hold'em Limit ($3/$6 USD) - 2015/12/29 4:36:43 ET
Table 'Elisabetha' 2-max Seat #1 is the button
Seat 1: DoctorBaboon ($215.84 in chips)
Seat 2: Donkasaurus7 ($203.81 in chips)
DoctorBaboon: posts small blind $1
Donkasaurus7: posts big blind $3
*** HOLE CARDS ***
DoctorBaboon: raises $3 to $6
Donkasaurus7: calls $3
*** FLOP *** [5h 6h Kd]
Donkasaurus7: checks
DoctorBaboon: bets $3
Donkasaurus7: calls $3
*** TURN *** [5h 6h Kd] [7s]
Donkasaurus7: checks
DoctorBaboon: checks
*** RIVER *** [5h 6h Kd 7s] [3s]
Donkasaurus7: bets $6
DoctorBaboon: folds
Uncalled bet ($6) returned to Donkasaurus7
Donkasaurus7 collected $17.64 from pot
Donkasaurus7: doesn't show hand
*** SUMMARY ***
Total pot $18 | Rake $0.36
Board [5h 6h Kd 7s 3s]
Seat 1: DoctorBaboon (button) (small blind) folded on the River
Seat 2: Donkasaurus7 (big blind) collected ($17.64)


PokerStars Hand #146101530000:  Hold'em Limit ($3/$6 USD) - 2015/12/29 4:37:39 ET
Table 'Elisabetha' 2-max Seat #2 is the button
Seat 1: DoctorBaboon ($206.48 in chips)
Seat 2: Donkasaurus7 ($212.09 in chips)
Donkasaurus7: posts small blind $1
DoctorBaboon: posts big blind $3
*** HOLE CARDS ***
Donkasaurus7: raises $3 to $6
DoctorBaboon: calls $3
*** FLOP *** [Jh Kc Ts]
DoctorBaboon: checks
Donkasaurus7: bets $3
DoctorBaboon: calls $3
*** TURN *** [Jh Kc Ts] [4c]
DoctorBaboon: checks
Donkasaurus7: bets $6
DoctorBaboon: calls $6
*** RIVER *** [Jh Kc Ts 4c] [6s]
DoctorBaboon: checks
Donkasaurus7: bets $6
DoctorBaboon: calls $6
*** SHOW DOWN ***
Donkasaurus7: shows [2h Jc] (a pair of Jacks)
DoctorBaboon: mucks hand
Donkasaurus7 collected $41.50 from pot
*** SUMMARY ***
Total pot $42 | Rake $0.50
Board [Jh Kc Ts 4c 6s]
Seat 1: DoctorBaboon (big blind) mucked
Seat 2: Donkasaurus7 (button) (small blind) showed [2h Jc] and won ($41.50) with a pair of Jacks


