PokerStars Hand #166104853115:  Hold'em Limit ($3/$6 USD) - 2017/02/12 13:28:15 ET
Table 'Elisabetha II' 6-max Seat #6 is the button
Seat 4: TheFirstKid ($81.57 in chips)
Seat 6: Krazy90 ($120 in chips)
Krazy90: posts small blind $1
TheFirstKid: posts big blind $3
*** HOLE CARDS ***
Krazy90: folds
Uncalled bet ($2) returned to TheFirstKid
TheFirstKid collected $2 from pot
vestimokrec joins the table at seat #5
*** SUMMARY ***
Total pot $2 | Rake $0
Seat 4: TheFirstKid (big blind) collected ($2)
Seat 6: Krazy90 (button) (small blind) folded before Flop


PokerStars Hand #166111612806:  Hold'em Limit ($3/$6 USD) - 2017/02/12 15:11:47 ET
Table 'Elisabetha II' 6-max Seat #2 is the button
Seat 2: mexan086 ($571.76 in chips)
Seat 4: belik555 ($90 in chips)
trnpikegates will be allowed to play after the button
mexan086: posts small blind $1
belik555: posts big blind $3
*** HOLE CARDS ***
mexan086: folds
Uncalled bet ($2) returned to belik555
belik555 collected $2 from pot
belik555: doesn't show hand
*** SUMMARY ***
Total pot $2 | Rake $0
Seat 2: mexan086 (button) (small blind) folded before Flop
Seat 4: belik555 (big blind) collected ($2)


PokerStars Hand #166111875691:  Hold'em Limit ($3/$6 USD) - 2017/02/12 15:15:35 ET
Table 'Elisabetha II' 6-max Seat #2 is the button
Seat 2: mexan086 ($540.76 in chips)
Seat 4: belik555 ($114.38 in chips)
mexan086: posts small blind $1
belik555: posts big blind $3
*** HOLE CARDS ***
mexan086: raises $3 to $6
belik555: calls $3
*** FLOP *** [9h 4h Ks]
belik555: checks
mexan086: bets $3
belik555: folds
Uncalled bet ($3) returned to mexan086
mexan086 collected $11.76 from pot
mexan086: doesn't show hand
*** SUMMARY ***
Total pot $12 | Rake $0.24
Board [9h 4h Ks]
Seat 2: mexan086 (button) (small blind) collected ($11.76)
Seat 4: belik555 (big blind) folded on the Flop


PokerStars Hand #166111893532:  Hold'em Limit ($3/$6 USD) - 2017/02/12 15:15:51 ET
Table 'Elisabetha II' 6-max Seat #4 is the button
Seat 2: mexan086 ($546.52 in chips)
Seat 4: belik555 ($108.38 in chips)
belik555: posts small blind $1
mexan086: posts big blind $3
*** HOLE CARDS ***
belik555: raises $3 to $6
mexan086: folds
Uncalled bet ($3) returned to belik555
belik555 collected $6 from pot
belik555: doesn't show hand
*** SUMMARY ***
Total pot $6 | Rake $0
Seat 2: mexan086 (big blind) folded before Flop
Seat 4: belik555 (button) (small blind) collected ($6)


PokerStars Hand #166111916729:  Hold'em Limit ($3/$6 USD) - 2017/02/12 15:16:11 ET
Table 'Elisabetha II' 6-max Seat #2 is the button
Seat 2: mexan086 ($543.52 in chips)
Seat 4: belik555 ($111.38 in chips)
mexan086: posts small blind $1
belik555: posts big blind $3
*** HOLE CARDS ***
mexan086: raises $3 to $6
belik555: calls $3
*** FLOP *** [9d Kh Qc]
belik555: checks
mexan086: bets $3
belik555: calls $3
*** TURN *** [9d Kh Qc] [2d]
belik555: checks
mexan086: bets $6
belik555: folds
Uncalled bet ($6) returned to mexan086
mexan086 collected $17.64 from pot
*** SUMMARY ***
Total pot $18 | Rake $0.36
Board [9d Kh Qc 2d]
Seat 2: mexan086 (button) (small blind) collected ($17.64)
Seat 4: belik555 (big blind) folded on the Turn


PokerStars Hand #166112503425:  Hold'em Limit ($3/$6 USD) - 2017/02/12 15:24:44 ET
Table 'Elisabetha II' 6-max Seat #2 is the button
Seat 2: mexan086 ($557.78 in chips)
Seat 4: belik555 ($118.55 in chips)
trnpikegates will be allowed to play after the button
mexan086: posts small blind $1
Apanage: is sitting out
belik555: posts big blind $3
*** HOLE CARDS ***
mexan086: raises $3 to $6
belik555: calls $3
*** FLOP *** [2s Js 3h]
belik555: checks
mexan086: bets $3
belik555: calls $3
*** TURN *** [2s Js 3h] [3d]
belik555: checks
mexan086: bets $6
belik555: folds
Uncalled bet ($6) returned to mexan086
mexan086 collected $17.64 from pot
*** SUMMARY ***
Total pot $18 | Rake $0.36
Board [2s Js 3h 3d]
Seat 2: mexan086 (button) (small blind) collected ($17.64)
Seat 4: belik555 (big blind) folded on the Turn


