PokerStars Hand #145025163214:  Hold'em Limit ($3/$6 USD) - 2015/12/08 11:32:13 ET
Table 'Elisa II' 6-max Seat #6 is the button
Seat 5: juustmuckit1 ($113.52 in chips)
Seat 6: BelSv ($79 in chips)
BelSv: posts small blind $1
juustmuckit1: posts big blind $3
*** HOLE CARDS ***
BelSv: folds
Uncalled bet ($2) returned to juustmuckit1
juustmuckit1 collected $2 from pot
juustmuckit1: doesn't show hand
*** SUMMARY ***
Total pot $2 | Rake $0
Seat 5: juustmuckit1 (big blind) collected ($2)
Seat 6: BelSv (button) (small blind) folded before Flop


PokerStars Hand #145025159091:  Hold'em Limit ($3/$6 USD) - 2015/12/08 11:32:08 ET
Table 'Elisa II' 6-max Seat #5 is the button
Seat 5: juustmuckit1 ($114.52 in chips)
Seat 6: BelSv ($78 in chips)
juustmuckit1: posts small blind $1
BelSv: posts big blind $3
*** HOLE CARDS ***
juustmuckit1: folds
Uncalled bet ($2) returned to BelSv
BelSv collected $2 from pot
BelSv: doesn't show hand
*** SUMMARY ***
Total pot $2 | Rake $0
Seat 5: juustmuckit1 (button) (small blind) folded before Flop
Seat 6: BelSv (big blind) collected ($2)


PokerStars Hand #145025143563:  Hold'em Limit ($3/$6 USD) - 2015/12/08 11:31:49 ET
Table 'Elisa II' 6-max Seat #6 is the button
Seat 5: juustmuckit1 ($91.02 in chips)
Seat 6: BelSv ($79 in chips)
BelSv: posts small blind $1
juustmuckit1: posts big blind $3
*** HOLE CARDS ***
BelSv: raises $3 to $6
juustmuckit1: calls $3
*** FLOP *** [6d 5s 7c]
juustmuckit1: checks
BelSv: bets $3
juustmuckit1: raises $3 to $6
BelSv: calls $3
*** TURN *** [6d 5s 7c] [6h]
juustmuckit1: bets $6
BelSv: calls $6
*** RIVER *** [6d 5s 7c 6h] [Ac]
juustmuckit1: bets $6
BelSv: calls $6
*** SHOW DOWN ***
juustmuckit1: shows [7s 8c] (two pair, Sevens and Sixes)
BelSv: mucks hand
juustmuckit1 collected $47.50 from pot
*** SUMMARY ***
Total pot $48 | Rake $0.50
Board [6d 5s 7c 6h Ac]
Seat 5: juustmuckit1 (big blind) showed [7s 8c] and won ($47.50) with two pair, Sevens and Sixes
Seat 6: BelSv (button) (small blind) mucked


PokerStars Hand #145025139429:  Hold'em Limit ($3/$6 USD) - 2015/12/08 11:31:44 ET
Table 'Elisa II' 6-max Seat #5 is the button
Seat 5: juustmuckit1 ($92.02 in chips)
Seat 6: BelSv ($78 in chips)
juustmuckit1: posts small blind $1
BelSv: posts big blind $3
*** HOLE CARDS ***
juustmuckit1: folds
Uncalled bet ($2) returned to BelSv
BelSv collected $2 from pot
BelSv: doesn't show hand
*** SUMMARY ***
Total pot $2 | Rake $0
Seat 5: juustmuckit1 (button) (small blind) folded before Flop
Seat 6: BelSv (big blind) collected ($2)


PokerStars Hand #145025123166:  Hold'em Limit ($3/$6 USD) - 2015/12/08 11:31:24 ET
Table 'Elisa II' 6-max Seat #6 is the button
Seat 5: juustmuckit1 ($92.14 in chips)
Seat 6: BelSv ($78 in chips)
BelSv: posts small blind $1
juustmuckit1: posts big blind $3
*** HOLE CARDS ***
BelSv: raises $3 to $6
juustmuckit1: calls $3
*** FLOP *** [9d 7d Ts]
juustmuckit1: checks
BelSv: checks
*** TURN *** [9d 7d Ts] [Qs]
juustmuckit1: checks
BelSv: checks
*** RIVER *** [9d 7d Ts Qs] [Qd]
juustmuckit1: checks
BelSv: checks
*** SHOW DOWN ***
juustmuckit1: shows [3s Kh] (a pair of Queens)
BelSv: shows [Kc 6c] (a pair of Queens)
juustmuckit1 collected $5.88 from pot
BelSv collected $5.88 from pot
*** SUMMARY ***
Total pot $12 | Rake $0.24
Board [9d 7d Ts Qs Qd]
Seat 5: juustmuckit1 (big blind) showed [3s Kh] and won ($5.88) with a pair of Queens
Seat 6: BelSv (button) (small blind) showed [Kc 6c] and won ($5.88) with a pair of Queens


PokerStars Hand #145025105401:  Hold'em Limit ($3/$6 USD) - 2015/12/08 11:31:02 ET
Table 'Elisa II' 6-max Seat #5 is the button
Seat 5: juustmuckit1 ($68.64 in chips)
Seat 6: BelSv ($98.16 in chips)
juustmuckit1: posts small blind $1
BelSv: posts big blind $3
*** HOLE CARDS ***
juustmuckit1: raises $3 to $6
BelSv: calls $3
*** FLOP *** [Js Td 7s]
BelSv: checks
juustmuckit1: bets $3
BelSv: raises $3 to $6
juustmuckit1: calls $3
*** TURN *** [Js Td 7s] [6h]
BelSv: bets $6
juustmuckit1: calls $6
*** RIVER *** [Js Td 7s 6h] [6c]
BelSv: bets $6
juustmuckit1: calls $6
*** SHOW DOWN ***
BelSv: shows [2c 9c] (a pair of Sixes)
juustmuckit1: shows [Ts 8c] (two pair, Tens and Sixes)
juustmuckit1 collected $47.50 from pot
*** SUMMARY ***
Total pot $48 | Rake $0.50
Board [Js Td 7s 6h 6c]
Seat 5: juustmuckit1 (button) (small blind) showed [Ts 8c] and won ($47.50) with two pair, Tens and Sixes
Seat 6: BelSv (big blind) showed [2c 9c] and lost with a pair of Sixes


PokerStars Hand #145025196768:  Hold'em Limit ($3/$6 USD) - 2015/12/08 11:32:54 ET
Table 'Elisa II' 6-max Seat #5 is the button
Seat 5: juustmuckit1 ($93.52 in chips)
Seat 6: BelSv ($98.26 in chips)
juustmuckit1: posts small blind $1
BelSv: posts big blind $3
*** HOLE CARDS ***
juustmuckit1: raises $3 to $6
BelSv: raises $3 to $9
juustmuckit1: raises $3 to $12
Betting is capped
BelSv: calls $3
*** FLOP *** [4h 7c Qs]
BelSv: checks
Hadart joins the table at seat #1
juustmuckit1: bets $3
BelSv: folds
Uncalled bet ($3) returned to juustmuckit1
juustmuckit1 collected $23.52 from pot
juustmuckit1: doesn't show hand
*** SUMMARY ***
Total pot $24 | Rake $0.48
Board [4h 7c Qs]
Seat 5: juustmuckit1 (button) (small blind) collected ($23.52)
Seat 6: BelSv (big blind) folded on the Flop


PokerStars Hand #145025187596:  Hold'em Limit ($3/$6 USD) - 2015/12/08 11:32:43 ET
Table 'Elisa II' 6-max Seat #6 is the button
Seat 5: juustmuckit1 ($99.52 in chips)
Seat 6: BelSv ($92.50 in chips)
BelSv: posts small blind $1
juustmuckit1: posts big blind $3
*** HOLE CARDS ***
BelSv: raises $3 to $6
juustmuckit1: calls $3
*** FLOP *** [Jd 4c Ah]
juustmuckit1: checks
BelSv: bets $3
juustmuckit1: folds
Uncalled bet ($3) returned to BelSv
BelSv collected $11.76 from pot
BelSv: doesn't show hand
*** SUMMARY ***
Total pot $12 | Rake $0.24
Board [Jd 4c Ah]
Seat 5: juustmuckit1 (big blind) folded on the Flop
Seat 6: BelSv (button) (small blind) collected ($11.76)


PokerStars Hand #145025167794:  Hold'em Limit ($3/$6 USD) - 2015/12/08 11:32:18 ET
Table 'Elisa II' 6-max Seat #5 is the button
Seat 5: juustmuckit1 ($114.52 in chips)
Seat 6: BelSv ($78 in chips)
juustmuckit1: posts small blind $1
BelSv: posts big blind $3
*** HOLE CARDS ***
juustmuckit1: raises $3 to $6
BelSv: calls $3
*** FLOP *** [Qd 5h 4h]
BelSv: checks
juustmuckit1: bets $3
BelSv: calls $3
*** TURN *** [Qd 5h 4h] [Kd]
BelSv: checks
juustmuckit1: bets $6
BelSv: calls $6
*** RIVER *** [Qd 5h 4h Kd] [3h]
BelSv: checks
juustmuckit1: checks
*** SHOW DOWN ***
BelSv: shows [Qs 7h] (a pair of Queens)
juustmuckit1: mucks hand
BelSv collected $29.50 from pot
*** SUMMARY ***
Total pot $30 | Rake $0.50
Board [Qd 5h 4h Kd 3h]
Seat 5: juustmuckit1 (button) (small blind) mucked
Seat 6: BelSv (big blind) showed [Qs 7h] and won ($29.50) with a pair of Queens


PokerStars Hand #145026821957:  Hold'em Limit ($3/$6 USD) - 2015/12/08 12:06:20 ET
Table 'Elisa II' 6-max Seat #4 is the button
Seat 4: Hadart ($96 in chips)
Seat 6: boogi ($106.26 in chips)
Hadart: posts small blind $1
boogi: posts big blind $3
*** HOLE CARDS ***
Hadart: raises $3 to $6
boogi: folds
Uncalled bet ($3) returned to Hadart
Hadart collected $6 from pot
Hadart: doesn't show hand
*** SUMMARY ***
Total pot $6 | Rake $0
Seat 4: Hadart (button) (small blind) collected ($6)
Seat 6: boogi (big blind) folded before Flop


PokerStars Hand #145026797065:  Hold'em Limit ($3/$6 USD) - 2015/12/08 12:05:52 ET
Table 'Elisa II' 6-max Seat #6 is the button
Seat 4: Hadart ($120 in chips)
Seat 6: boogi ($82.76 in chips)
boogi: posts small blind $1
Hadart: posts big blind $3
*** HOLE CARDS ***
boogi: raises $3 to $6
PelonCabelao leaves the table
Hadart: calls $3
*** FLOP *** [9s 2h 3s]
Hadart: checks
boogi: bets $3
Hadart: raises $3 to $6
boogi: calls $3
*** TURN *** [9s 2h 3s] [Qd]
Hadart: bets $6
boogi: raises $6 to $12
Hadart: calls $6
*** RIVER *** [9s 2h 3s Qd] [5h]
Hadart: checks
boogi: bets $6
Hadart: folds
Uncalled bet ($6) returned to boogi
boogi collected $47.50 from pot
boogi: doesn't show hand
*** SUMMARY ***
Total pot $48 | Rake $0.50
Board [9s 2h 3s Qd 5h]
Seat 4: Hadart (big blind) folded on the River
Seat 6: boogi (button) (small blind) collected ($47.50)


PokerStars Hand #145026831893:  Hold'em Limit ($3/$6 USD) - 2015/12/08 12:06:32 ET
Table 'Elisa II' 6-max Seat #4 is the button
Seat 4: Hadart ($100 in chips)
Seat 6: boogi ($102.26 in chips)
Hadart: posts small blind $1
boogi: posts big blind $3
*** HOLE CARDS ***
Hadart: folds
Uncalled bet ($2) returned to boogi
boogi collected $2 from pot
boogi: doesn't show hand
*** SUMMARY ***
Total pot $2 | Rake $0
Seat 4: Hadart (button) (small blind) folded before Flop
Seat 6: boogi (big blind) collected ($2)


PokerStars Hand #145026827635:  Hold'em Limit ($3/$6 USD) - 2015/12/08 12:06:27 ET
Table 'Elisa II' 6-max Seat #6 is the button
Seat 4: Hadart ($99 in chips)
Seat 6: boogi ($103.26 in chips)
boogi: posts small blind $1
Hadart: posts big blind $3
*** HOLE CARDS ***
boogi: folds
Uncalled bet ($2) returned to Hadart
Hadart collected $2 from pot
Hadart: doesn't show hand
*** SUMMARY ***
Total pot $2 | Rake $0
Seat 4: Hadart (big blind) collected ($2)
Seat 6: boogi (button) (small blind) folded before Flop


PokerStars Hand #145026877581:  Hold'em Limit ($3/$6 USD) - 2015/12/08 12:07:24 ET
Table 'Elisa II' 6-max Seat #6 is the button
Seat 4: Hadart ($103 in chips)
Seat 6: boogi ($99.26 in chips)
boogi: posts small blind $1
Hadart: posts big blind $3
*** HOLE CARDS ***
boogi: folds
Uncalled bet ($2) returned to Hadart
Hadart collected $2 from pot
Hadart: doesn't show hand
*** SUMMARY ***
Total pot $2 | Rake $0
Seat 4: Hadart (big blind) collected ($2)
Seat 6: boogi (button) (small blind) folded before Flop


PokerStars Hand #145026873137:  Hold'em Limit ($3/$6 USD) - 2015/12/08 12:07:19 ET
Table 'Elisa II' 6-max Seat #4 is the button
Seat 4: Hadart ($104 in chips)
Seat 6: boogi ($98.26 in chips)
Hadart: posts small blind $1
boogi: posts big blind $3
*** HOLE CARDS ***
Hadart: folds
Uncalled bet ($2) returned to boogi
boogi collected $2 from pot
boogi: doesn't show hand
*** SUMMARY ***
Total pot $2 | Rake $0
Seat 4: Hadart (button) (small blind) folded before Flop
Seat 6: boogi (big blind) collected ($2)


PokerStars Hand #145026868985:  Hold'em Limit ($3/$6 USD) - 2015/12/08 12:07:14 ET
Table 'Elisa II' 6-max Seat #6 is the button
Seat 4: Hadart ($103 in chips)
Seat 6: boogi ($99.26 in chips)
boogi: posts small blind $1
Hadart: posts big blind $3
*** HOLE CARDS ***
boogi: folds
Uncalled bet ($2) returned to Hadart
Hadart collected $2 from pot
Hadart: doesn't show hand
*** SUMMARY ***
Total pot $2 | Rake $0
Seat 4: Hadart (big blind) collected ($2)
Seat 6: boogi (button) (small blind) folded before Flop


PokerStars Hand #145026863011:  Hold'em Limit ($3/$6 USD) - 2015/12/08 12:07:07 ET
Table 'Elisa II' 6-max Seat #4 is the button
Seat 4: Hadart ($100 in chips)
Seat 6: boogi ($102.26 in chips)
Hadart: posts small blind $1
boogi: posts big blind $3
*** HOLE CARDS ***
Hadart: raises $3 to $6
boogi: folds
Uncalled bet ($3) returned to Hadart
Hadart collected $6 from pot
Hadart: doesn't show hand
*** SUMMARY ***
Total pot $6 | Rake $0
Seat 4: Hadart (button) (small blind) collected ($6)
Seat 6: boogi (big blind) folded before Flop


PokerStars Hand #145026858002:  Hold'em Limit ($3/$6 USD) - 2015/12/08 12:07:02 ET
Table 'Elisa II' 6-max Seat #6 is the button
Seat 4: Hadart ($103 in chips)
Seat 6: boogi ($99.26 in chips)
boogi: posts small blind $1
Hadart: posts big blind $3
*** HOLE CARDS ***
boogi: raises $3 to $6
Hadart: folds
Uncalled bet ($3) returned to boogi
boogi collected $6 from pot
boogi: doesn't show hand
*** SUMMARY ***
Total pot $6 | Rake $0
Seat 4: Hadart (big blind) folded before Flop
Seat 6: boogi (button) (small blind) collected ($6)


PokerStars Hand #145026851472:  Hold'em Limit ($3/$6 USD) - 2015/12/08 12:06:54 ET
Table 'Elisa II' 6-max Seat #4 is the button
Seat 4: Hadart ($100 in chips)
Seat 6: boogi ($102.26 in chips)
Hadart: posts small blind $1
häijjy77 was removed from the table for failing to post
boogi: posts big blind $3
*** HOLE CARDS ***
Hadart: raises $3 to $6
boogi: folds
Uncalled bet ($3) returned to Hadart
Hadart collected $6 from pot
Hadart: doesn't show hand
*** SUMMARY ***
Total pot $6 | Rake $0
Seat 4: Hadart (button) (small blind) collected ($6)
Seat 6: boogi (big blind) folded before Flop


PokerStars Hand #145026846909:  Hold'em Limit ($3/$6 USD) - 2015/12/08 12:06:49 ET
Table 'Elisa II' 6-max Seat #6 is the button
Seat 4: Hadart ($99 in chips)
Seat 6: boogi ($103.26 in chips)
boogi: posts small blind $1
Hadart: posts big blind $3
*** HOLE CARDS ***
boogi: folds
Uncalled bet ($2) returned to Hadart
Hadart collected $2 from pot
Hadart: doesn't show hand
*** SUMMARY ***
Total pot $2 | Rake $0
Seat 4: Hadart (big blind) collected ($2)
Seat 6: boogi (button) (small blind) folded before Flop


PokerStars Hand #145026840895:  Hold'em Limit ($3/$6 USD) - 2015/12/08 12:06:42 ET
Table 'Elisa II' 6-max Seat #4 is the button
Seat 4: Hadart ($96 in chips)
Seat 6: boogi ($106.26 in chips)
Hadart: posts small blind $1
boogi: posts big blind $3
*** HOLE CARDS ***
Hadart: raises $3 to $6
boogi: folds
Uncalled bet ($3) returned to Hadart
Hadart collected $6 from pot
Hadart: doesn't show hand
*** SUMMARY ***
Total pot $6 | Rake $0
Seat 4: Hadart (button) (small blind) collected ($6)
Seat 6: boogi (big blind) folded before Flop


PokerStars Hand #145026835657:  Hold'em Limit ($3/$6 USD) - 2015/12/08 12:06:36 ET
Table 'Elisa II' 6-max Seat #6 is the button
Seat 4: Hadart ($99 in chips)
Seat 6: boogi ($103.26 in chips)
boogi: posts small blind $1
Hadart: posts big blind $3
*** HOLE CARDS ***
boogi: raises $3 to $6
Hadart: folds
Uncalled bet ($3) returned to boogi
boogi collected $6 from pot
boogi: doesn't show hand
*** SUMMARY ***
Total pot $6 | Rake $0
Seat 4: Hadart (big blind) folded before Flop
Seat 6: boogi (button) (small blind) collected ($6)


PokerStars Hand #145026915778:  Hold'em Limit ($3/$6 USD) - 2015/12/08 12:08:08 ET
Table 'Elisa II' 6-max Seat #6 is the button
Seat 4: Hadart ($66 in chips)
Seat 6: boogi ($135.40 in chips)
boogi: posts small blind $1
Hadart: posts big blind $3
*** HOLE CARDS ***
boogi: calls $2
Hadart: checks
*** FLOP *** [Qs 4h 3h]
Hadart: checks
boogi: bets $3
Hadart: folds
Uncalled bet ($3) returned to boogi
boogi collected $5.88 from pot
boogi: doesn't show hand
*** SUMMARY ***
Total pot $6 | Rake $0.12
Board [Qs 4h 3h]
Seat 4: Hadart (big blind) folded on the Flop
Seat 6: boogi (button) (small blind) collected ($5.88)


PokerStars Hand #145026897169:  Hold'em Limit ($3/$6 USD) - 2015/12/08 12:07:46 ET
Table 'Elisa II' 6-max Seat #4 is the button
Seat 4: Hadart ($96 in chips)
Seat 6: boogi ($105.90 in chips)
Hadart: posts small blind $1
boogi: posts big blind $3
*** HOLE CARDS ***
Hadart: raises $3 to $6
boogi: raises $3 to $9
Hadart: calls $3
*** FLOP *** [Tc 4h 3s]
boogi: bets $3
Hadart: calls $3
*** TURN *** [Tc 4h 3s] [Kh]
boogi: checks
Hadart: bets $6
boogi: raises $6 to $12
Hadart: calls $6
*** RIVER *** [Tc 4h 3s Kh] [7c]
boogi: bets $6
Hadart: calls $6
*** SHOW DOWN ***
boogi: shows [4s Kc] (two pair, Kings and Fours)
Hadart: mucks hand
boogi collected $59.50 from pot
*** SUMMARY ***
Total pot $60 | Rake $0.50
Board [Tc 4h 3s Kh 7c]
Seat 4: Hadart (button) (small blind) mucked
Seat 6: boogi (big blind) showed [4s Kc] and won ($59.50) with two pair, Kings and Fours


PokerStars Hand #145026892989:  Hold'em Limit ($3/$6 USD) - 2015/12/08 12:07:42 ET
Table 'Elisa II' 6-max Seat #6 is the button
Seat 4: Hadart ($95 in chips)
Seat 6: boogi ($106.90 in chips)
boogi: posts small blind $1
Hadart: posts big blind $3
*** HOLE CARDS ***
boogi: folds
Uncalled bet ($2) returned to Hadart
Hadart collected $2 from pot
Hadart: doesn't show hand
*** SUMMARY ***
Total pot $2 | Rake $0
Seat 4: Hadart (big blind) collected ($2)
Seat 6: boogi (button) (small blind) folded before Flop


PokerStars Hand #145026882058:  Hold'em Limit ($3/$6 USD) - 2015/12/08 12:07:29 ET
Table 'Elisa II' 6-max Seat #4 is the button
Seat 4: Hadart ($104 in chips)
Seat 6: boogi ($98.26 in chips)
Hadart: posts small blind $1
boogi: posts big blind $3
*** HOLE CARDS ***
Hadart: raises $3 to $6
boogi: raises $3 to $9
Hadart: calls $3
*** FLOP *** [5d Qs As]
boogi: bets $3
Hadart: folds
Uncalled bet ($3) returned to boogi
boogi collected $17.64 from pot
boogi: doesn't show hand
*** SUMMARY ***
Total pot $18 | Rake $0.36
Board [5d Qs As]
Seat 4: Hadart (button) (small blind) folded on the Flop
Seat 6: boogi (big blind) collected ($17.64)


PokerStars Hand #145028861216:  Hold'em Limit ($3/$6 USD) - 2015/12/08 12:44:44 ET
Table 'Elisa II' 6-max Seat #1 is the button
Seat 1: PelonCabelao ($72 in chips)
Seat 5: Hadart ($143.50 in chips)
PelonCabelao: posts small blind $1
Hadart: posts big blind $3
*** HOLE CARDS ***
PelonCabelao: raises $3 to $6
Hadart: calls $3
*** FLOP *** [Jh 5s 4d]
Hadart: checks
PelonCabelao: bets $3
Hadart: calls $3
*** TURN *** [Jh 5s 4d] [8c]
Hadart: checks
PelonCabelao: bets $6
Hadart: calls $6
*** RIVER *** [Jh 5s 4d 8c] [Th]
Hadart: checks
PelonCabelao: checks
*** SHOW DOWN ***
Hadart: shows [6c 8d] (a pair of Eights)
PelonCabelao: mucks hand
Hadart collected $29.50 from pot
*** SUMMARY ***
Total pot $30 | Rake $0.50
Board [Jh 5s 4d 8c Th]
Seat 1: PelonCabelao (button) (small blind) mucked
Seat 5: Hadart (big blind) showed [6c 8d] and won ($29.50) with a pair of Eights


PokerStars Hand #145028813646:  Hold'em Limit ($3/$6 USD) - 2015/12/08 12:43:52 ET
Table 'Elisa II' 6-max Seat #5 is the button
Seat 1: PelonCabelao ($60 in chips)
Seat 5: Hadart ($114 in chips)
Hadart: posts small blind $1
PelonCabelao: posts big blind $3
*** HOLE CARDS ***
Hadart: raises $3 to $6
PelonCabelao: calls $3
*** FLOP *** [5h Tc Th]
PelonCabelao: checks
Hadart: bets $3
PelonCabelao: raises $3 to $6
Hadart: calls $3
*** TURN *** [5h Tc Th] [Qc]
PelonCabelao: bets $6
BelSv leaves the table
Hadart: raises $6 to $12
PelonCabelao: calls $6
*** RIVER *** [5h Tc Th Qc] [5c]
PelonCabelao: bets $6
Hadart: raises $6 to $12
PelonCabelao: folds
Uncalled bet ($6) returned to Hadart
Hadart collected $59.50 from pot
Hadart: doesn't show hand
*** SUMMARY ***
Total pot $60 | Rake $0.50
Board [5h Tc Th Qc 5c]
Seat 1: PelonCabelao (big blind) folded on the River
Seat 5: Hadart (button) (small blind) collected ($59.50)


PokerStars Hand #145028918060:  Hold'em Limit ($3/$6 USD) - 2015/12/08 12:45:46 ET
Table 'Elisa II' 6-max Seat #1 is the button
Seat 1: PelonCabelao ($83.52 in chips)
Seat 5: Hadart ($146 in chips)
PelonCabelao: posts small blind $1
Hadart: posts big blind $3
*** HOLE CARDS ***
PelonCabelao: raises $3 to $6
Hadart: calls $3
*** FLOP *** [9d Kc 2d]
Hadart: checks
PelonCabelao: bets $3
Hadart: folds
Uncalled bet ($3) returned to PelonCabelao
PelonCabelao collected $11.76 from pot
PelonCabelao: doesn't show hand
*** SUMMARY ***
Total pot $12 | Rake $0.24
Board [9d Kc 2d]
Seat 1: PelonCabelao (button) (small blind) collected ($11.76)
Seat 5: Hadart (big blind) folded on the Flop


PokerStars Hand #145028889127:  Hold'em Limit ($3/$6 USD) - 2015/12/08 12:45:14 ET
Table 'Elisa II' 6-max Seat #5 is the button
Seat 1: PelonCabelao ($72 in chips)
Seat 5: Hadart ($158 in chips)
Hadart: posts small blind $1
PelonCabelao: posts big blind $3
*** HOLE CARDS ***
Hadart: raises $3 to $6
PelonCabelao: raises $3 to $9
Hadart: calls $3
*** FLOP *** [5s Qs 4h]
PelonCabelao: bets $3
Hadart: calls $3
*** TURN *** [5s Qs 4h] [Ts]
PelonCabelao: bets $6
Hadart: folds
Uncalled bet ($6) returned to PelonCabelao
PelonCabelao collected $23.52 from pot
PelonCabelao: doesn't show hand
*** SUMMARY ***
Total pot $24 | Rake $0.48
Board [5s Qs 4h Ts]
Seat 1: PelonCabelao (big blind) collected ($23.52)
Seat 5: Hadart (button) (small blind) folded on the Turn


PokerStars Hand #145029002935:  Hold'em Limit ($3/$6 USD) - 2015/12/08 12:47:18 ET
Table 'Elisa II' 6-max Seat #5 is the button
Seat 1: PelonCabelao ($76 in chips)
Seat 5: Hadart ($166.50 in chips)
Hadart: posts small blind $1
PelonCabelao: posts big blind $3
*** HOLE CARDS ***
Hadart: folds
Uncalled bet ($2) returned to PelonCabelao
PelonCabelao collected $2 from pot
PelonCabelao: doesn't show hand
*** SUMMARY ***
Total pot $2 | Rake $0
Seat 1: PelonCabelao (big blind) collected ($2)
Seat 5: Hadart (button) (small blind) folded before Flop


PokerStars Hand #145028994774:  Hold'em Limit ($3/$6 USD) - 2015/12/08 12:47:09 ET
Table 'Elisa II' 6-max Seat #1 is the button
Seat 1: PelonCabelao ($73 in chips)
Seat 5: Hadart ($169.50 in chips)
PelonCabelao: posts small blind $1
Hadart: posts big blind $3
*** HOLE CARDS ***
PelonCabelao: raises $3 to $6
Hadart: folds
Uncalled bet ($3) returned to PelonCabelao
PelonCabelao collected $6 from pot
PelonCabelao: doesn't show hand
*** SUMMARY ***
Total pot $6 | Rake $0
Seat 1: PelonCabelao (button) (small blind) collected ($6)
Seat 5: Hadart (big blind) folded before Flop


PokerStars Hand #145028990318:  Hold'em Limit ($3/$6 USD) - 2015/12/08 12:47:04 ET
Table 'Elisa II' 6-max Seat #5 is the button
Seat 1: PelonCabelao ($72 in chips)
Seat 5: Hadart ($170.50 in chips)
Hadart: posts small blind $1
PelonCabelao: posts big blind $3
*** HOLE CARDS ***
Hadart: folds
Uncalled bet ($2) returned to PelonCabelao
PelonCabelao collected $2 from pot
PelonCabelao: doesn't show hand
*** SUMMARY ***
Total pot $2 | Rake $0
Seat 1: PelonCabelao (big blind) collected ($2)
Seat 5: Hadart (button) (small blind) folded before Flop


PokerStars Hand #145028985427:  Hold'em Limit ($3/$6 USD) - 2015/12/08 12:46:59 ET
Table 'Elisa II' 6-max Seat #1 is the button
Seat 1: PelonCabelao ($72 in chips)
Seat 5: Hadart ($169.50 in chips)
PelonCabelao: posts small blind $1
Hadart: posts big blind $3
*** HOLE CARDS ***
PelonCabelao: folds
Uncalled bet ($2) returned to Hadart
Hadart collected $2 from pot
Hadart: doesn't show hand
*** SUMMARY ***
Total pot $2 | Rake $0
Seat 1: PelonCabelao (button) (small blind) folded before Flop
Seat 5: Hadart (big blind) collected ($2)


PokerStars Hand #145028952170:  Hold'em Limit ($3/$6 USD) - 2015/12/08 12:46:23 ET
Table 'Elisa II' 6-max Seat #5 is the button
Seat 1: PelonCabelao ($89.28 in chips)
Seat 5: Hadart ($140 in chips)
Hadart: posts small blind $1
PelonCabelao: posts big blind $3
*** HOLE CARDS ***
Hadart: raises $3 to $6
PelonCabelao: raises $3 to $9
Hadart: calls $3
*** FLOP *** [6h 3s 4s]
PelonCabelao: bets $3
Hadart: calls $3
*** TURN *** [6h 3s 4s] [7s]
PelonCabelao: bets $6
Hadart: calls $6
*** RIVER *** [6h 3s 4s 7s] [Qd]
PelonCabelao: bets $6
Hadart: raises $6 to $12
PelonCabelao: calls $6
*** SHOW DOWN ***
Hadart: shows [5s 6d] (a straight, Three to Seven)
PelonCabelao: mucks hand
Hadart collected $59.50 from pot
*** SUMMARY ***
Total pot $60 | Rake $0.50
Board [6h 3s 4s 7s Qd]
Seat 1: PelonCabelao (big blind) mucked
Seat 5: Hadart (button) (small blind) showed [5s 6d] and won ($59.50) with a straight, Three to Seven


PokerStars Hand #145029007892:  Hold'em Limit ($3/$6 USD) - 2015/12/08 12:47:23 ET
Table 'Elisa II' 6-max Seat #1 is the button
Seat 1: PelonCabelao ($77 in chips)
Seat 5: Hadart ($165.50 in chips)
PelonCabelao: posts small blind $1
Hadart: posts big blind $3
*** HOLE CARDS ***
PelonCabelao: raises $3 to $6
Hadart: calls $3
*** FLOP *** [3s 5s Qs]
Hadart: checks
PelonCabelao: bets $3
Hadart: calls $3
*** TURN *** [3s 5s Qs] [Ac]
Hadart: checks
PelonCabelao: bets $6
Hadart: calls $6
*** RIVER *** [3s 5s Qs Ac] [8s]
Hadart: checks
PelonCabelao: checks
jacks69n joins the table at seat #4
*** SHOW DOWN ***
Hadart: shows [Kc 6s] (a flush, Queen high)
PelonCabelao: mucks hand
Hadart collected $29.50 from pot
Airbag999 joins the table at seat #6
*** SUMMARY ***
Total pot $30 | Rake $0.50
Board [3s 5s Qs Ac 8s]
Seat 1: PelonCabelao (button) (small blind) mucked
Seat 5: Hadart (big blind) showed [Kc 6s] and won ($29.50) with a flush, Queen high


PokerStars Hand #145034652922:  Hold'em Limit ($3/$6 USD) - 2015/12/08 14:26:45 ET
Table 'Elisa II' 6-max Seat #2 is the button
Seat 1: klazman ($125.77 in chips)
Seat 2: fish2015 ($121 in chips)
fish2015: posts small blind $1
klazman: posts big blind $3
*** HOLE CARDS ***
fish2015: raises $3 to $6
klazman: folds
Uncalled bet ($3) returned to fish2015
fish2015 collected $6 from pot
fish2015: doesn't show hand
*** SUMMARY ***
Total pot $6 | Rake $0
Seat 1: klazman (big blind) folded before Flop
Seat 2: fish2015 (button) (small blind) collected ($6)


PokerStars Hand #145034648158:  Hold'em Limit ($3/$6 USD) - 2015/12/08 14:26:40 ET
Table 'Elisa II' 6-max Seat #1 is the button
Seat 1: klazman ($126.77 in chips)
Seat 2: fish2015 ($120 in chips)
klazman: posts small blind $1
fish2015: posts big blind $3
*** HOLE CARDS ***
klazman: folds
Uncalled bet ($2) returned to fish2015
fish2015 collected $2 from pot
fish2015: doesn't show hand
*** SUMMARY ***
Total pot $2 | Rake $0
Seat 1: klazman (button) (small blind) folded before Flop
Seat 2: fish2015 (big blind) collected ($2)


PokerStars Hand #145034632315:  Hold'em Limit ($3/$6 USD) - 2015/12/08 14:26:24 ET
Table 'Elisa II' 6-max Seat #2 is the button
Seat 1: klazman ($121.01 in chips)
Seat 2: fish2015 ($120 in chips)
fish2015: posts small blind $1
klazman: posts big blind $3
*** HOLE CARDS ***
fish2015: raises $3 to $6
klazman: calls $3
*** FLOP *** [9c 7c 4h]
klazman: bets $3
fish2015: folds
Uncalled bet ($3) returned to klazman
klazman collected $11.76 from pot
klazman: doesn't show hand
*** SUMMARY ***
Total pot $12 | Rake $0.24
Board [9c 7c 4h]
Seat 1: klazman (big blind) collected ($11.76)
Seat 2: fish2015 (button) (small blind) folded on the Flop


PokerStars Hand #145034607127:  Hold'em Limit ($3/$6 USD) - 2015/12/08 14:25:59 ET
Table 'Elisa II' 6-max Seat #5 is the button
Seat 2: fish2015 ($120 in chips)
Seat 5: Chessnok ($76.15 in chips)
Chessnok: posts small blind $1
fish2015: posts big blind $3
*** HOLE CARDS ***
Chessnok: raises $3 to $6
fish2015: calls $3
*** FLOP *** [Jc Th 2d]
fish2015: checks
Chessnok: bets $3
fish2015: folds
Uncalled bet ($3) returned to Chessnok
Chessnok collected $11.76 from pot
Chessnok: doesn't show hand
*** SUMMARY ***
Total pot $12 | Rake $0.24
Board [Jc Th 2d]
Seat 2: fish2015 (big blind) folded on the Flop
Seat 5: Chessnok (button) (small blind) collected ($11.76)


