PokerStars Hand #164067832827:  Hold'em Limit ($3/$6 USD) - 2017/01/05 7:23:40 ET
Table 'Elisa' 6-max Seat #6 is the button
Seat 4: Fluoronerd ($74.96 in chips)
Seat 6: Drik89 ($120 in chips)
Drik89: posts small blind $1
sim5sim5: is sitting out
Fluoronerd: posts big blind $3
*** HOLE CARDS ***
Drik89: folds
Uncalled bet ($2) returned to Fluoronerd
Fluoronerd collected $2 from pot
Fluoronerd: doesn't show hand
*** SUMMARY ***
Total pot $2 | Rake $0
Seat 4: Fluoronerd (big blind) collected ($2)
Seat 6: Drik89 (button) (small blind) folded before Flop


PokerStars Hand #164067836335:  Hold'em Limit ($3/$6 USD) - 2017/01/05 7:23:46 ET
Table 'Elisa' 6-max Seat #4 is the button
Seat 4: Fluoronerd ($75.96 in chips)
Seat 6: Drik89 ($119 in chips)
Fluoronerd: posts small blind $1
Drik89: posts big blind $3
*** HOLE CARDS ***
Fluoronerd: raises $3 to $6
Drik89: calls $3
*** FLOP *** [9h 7s Ts]
Drik89: checks
Fluoronerd: bets $3
Drik89: raises $3 to $6
Fluoronerd: raises $3 to $9
sim5sim5 leaves the table
Drik89: calls $3
*** TURN *** [9h 7s Ts] [3h]
Drik89: checks
Fluoronerd: bets $6
Drik89: calls $6
*** RIVER *** [9h 7s Ts 3h] [Js]
Drik89: bets $6
Fluoronerd: calls $6
*** SHOW DOWN ***
Drik89: shows [Ks 8d] (a straight, Seven to Jack)
Fluoronerd: mucks hand
Drik89 collected $53.50 from pot
*** SUMMARY ***
Total pot $54 | Rake $0.50
Board [9h 7s Ts 3h Js]
Seat 4: Fluoronerd (button) (small blind) mucked
Seat 6: Drik89 (big blind) showed [Ks 8d] and won ($53.50) with a straight, Seven to Jack


PokerStars Hand #164067871429:  Hold'em Limit ($3/$6 USD) - 2017/01/05 7:24:50 ET
Table 'Elisa' 6-max Seat #6 is the button
Seat 5: GoliafUa ($143.71 in chips)
Seat 6: Drik89 ($120.50 in chips)
Drik89: posts small blind $1
GoliafUa: posts big blind $3
*** HOLE CARDS ***
Drik89: folds
Uncalled bet ($2) returned to GoliafUa
GoliafUa collected $2 from pot
GoliafUa: doesn't show hand
*** SUMMARY ***
Total pot $2 | Rake $0
Seat 5: GoliafUa (big blind) collected ($2)
Seat 6: Drik89 (button) (small blind) folded before Flop


PokerStars Hand #164067848782:  Hold'em Limit ($3/$6 USD) - 2017/01/05 7:24:09 ET
Table 'Elisa' 6-max Seat #6 is the button
Seat 4: Fluoronerd ($48.96 in chips)
Seat 6: Drik89 ($145.50 in chips)
Drik89: posts small blind $1
Fluoronerd: posts big blind $3
*** HOLE CARDS ***
Drik89: folds
Uncalled bet ($2) returned to Fluoronerd
Fluoronerd collected $2 from pot
Fluoronerd: doesn't show hand
*** SUMMARY ***
Total pot $2 | Rake $0
Seat 4: Fluoronerd (big blind) collected ($2)
Seat 6: Drik89 (button) (small blind) folded before Flop


