PokerStars Hand #173598224046:  Hold'em Limit ($3/$6 USD) - 2017/07/27 20:10:04 ET
Table 'Elisa' 6-max Seat #6 is the button
Seat 1: AzureCaper ($72 in chips)
Seat 6: sda.80.16 ($121 in chips)
sda.80.16: posts small blind $1
AzureCaper: posts big blind $3
*** HOLE CARDS ***
sda.80.16: raises $3 to $6
AzureCaper: calls $3
*** FLOP *** [Kh 8d 5c]
AzureCaper: checks
sda.80.16: bets $3
AzureCaper: folds
Uncalled bet ($3) returned to sda.80.16
sda.80.16 collected $11.76 from pot
sda.80.16: doesn't show hand
*** SUMMARY ***
Total pot $12 | Rake $0.24
Board [Kh 8d 5c]
Seat 1: AzureCaper (big blind) folded on the Flop
Seat 6: sda.80.16 (button) (small blind) collected ($11.76)


PokerStars Hand #173598217309:  Hold'em Limit ($3/$6 USD) - 2017/07/27 20:09:50 ET
Table 'Elisa' 6-max Seat #1 is the button
Seat 1: AzureCaper ($72 in chips)
Seat 6: sda.80.16 ($120 in chips)
GoliafUa: is sitting out
AzureCaper: posts small blind $1
sda.80.16: posts big blind $3
*** HOLE CARDS ***
AzureCaper: folds
Uncalled bet ($2) returned to sda.80.16
sda.80.16 collected $2 from pot
sda.80.16: doesn't show hand
*** SUMMARY ***
Total pot $2 | Rake $0
Seat 1: AzureCaper (button) (small blind) folded before Flop
Seat 6: sda.80.16 (big blind) collected ($2)


PokerStars Hand #173598238581:  Hold'em Limit ($3/$6 USD) - 2017/07/27 20:10:34 ET
Table 'Elisa' 6-max Seat #6 is the button
Seat 1: AzureCaper ($92.50 in chips)
Seat 6: sda.80.16 ($105.76 in chips)
sda.80.16: posts small blind $1
AzureCaper: posts big blind $3
*** HOLE CARDS ***
sda.80.16: raises $3 to $6
AzureCaper: calls $3
*** FLOP *** [7h 6c 5s]
AzureCaper: bets $3
sda.80.16: calls $3
*** TURN *** [7h 6c 5s] [4h]
AzureCaper: bets $6
sda.80.16: calls $6
*** RIVER *** [7h 6c 5s 4h] [Qh]
AzureCaper: bets $6
sda.80.16: calls $6
*** SHOW DOWN ***
AzureCaper: shows [Ks 7d] (a pair of Sevens)
sda.80.16: mucks hand
AzureCaper collected $41.50 from pot
*** SUMMARY ***
Total pot $42 | Rake $0.50
Board [7h 6c 5s 4h Qh]
Seat 1: AzureCaper (big blind) showed [Ks 7d] and won ($41.50) with a pair of Sevens
Seat 6: sda.80.16 (button) (small blind) mucked


