PokerStars Hand #166125721082:  Hold'em Limit ($3/$6 USD) - 2017/02/12 19:21:33 ET
Table 'Elisabetha II' 6-max Seat #5 is the button
Seat 3: RaisemyNut$ ($102.82 in chips)
Seat 5: trnpikegates ($36.11 in chips)
fire852181 will be allowed to play after the button
trnpikegates: posts small blind $1
Speed2008: is sitting out
RaisemyNut$: posts big blind $3
*** HOLE CARDS ***
trnpikegates: raises $3 to $6
RaisemyNut$: folds
Uncalled bet ($3) returned to trnpikegates
trnpikegates collected $6 from pot
trnpikegates: doesn't show hand
*** SUMMARY ***
Total pot $6 | Rake $0
Seat 3: RaisemyNut$ (big blind) folded before Flop
Seat 5: trnpikegates (button) (small blind) collected ($6)


PokerStars Hand #166128944254:  Hold'em Limit ($3/$6 USD) - 2017/02/12 20:57:58 ET
Table 'Elisabetha II' 6-max Seat #4 is the button
Seat 1: knas4 ($288.55 in chips)
Seat 4: markusfriebe ($37.26 in chips)
markusfriebe: posts small blind $1
NoVebra: is sitting out
knas4: posts big blind $3
*** HOLE CARDS ***
NoVebra leaves the table
markusfriebe: folds
Uncalled bet ($2) returned to knas4
knas4 collected $2 from pot
*** SUMMARY ***
Total pot $2 | Rake $0
Seat 1: knas4 (big blind) collected ($2)
Seat 4: markusfriebe (button) (small blind) folded before Flop


