PokerStars Hand #156534039725:  Hold'em Limit ($3/$6 USD) - 2016/07/27 21:21:38 ET
Table 'Elisabetha' 6-max Seat #5 is the button
Seat 4: Great_Kang ($141.37 in chips)
Seat 5: skaluah ($210.71 in chips)
skaluah: posts small blind $1
krytalex: is sitting out
Great_Kang: posts big blind $3
*** HOLE CARDS ***
skaluah: folds
Uncalled bet ($2) returned to Great_Kang
Great_Kang collected $2 from pot
Great_Kang: doesn't show hand
*** SUMMARY ***
Total pot $2 | Rake $0
Seat 4: Great_Kang (big blind) collected ($2)
Seat 5: skaluah (button) (small blind) folded before Flop


PokerStars Hand #156534043539:  Hold'em Limit ($3/$6 USD) - 2016/07/27 21:21:47 ET
Table 'Elisabetha' 6-max Seat #4 is the button
Seat 4: Great_Kang ($142.37 in chips)
Seat 5: skaluah ($209.71 in chips)
Great_Kang: posts small blind $1
skaluah: posts big blind $3
*** HOLE CARDS ***
Great_Kang: raises $3 to $6
skaluah: calls $3
*** FLOP *** [8d 9c 3h]
krytalex leaves the table
plummgg joins the table at seat #6
skaluah: checks
Great_Kang: bets $3
skaluah: folds
Uncalled bet ($3) returned to Great_Kang
Great_Kang collected $11.76 from pot
Great_Kang: doesn't show hand
*** SUMMARY ***
Total pot $12 | Rake $0.24
Board [8d 9c 3h]
Seat 4: Great_Kang (button) (small blind) collected ($11.76)
Seat 5: skaluah (big blind) folded on the Flop


PokerStars Hand #156539238321:  Hold'em Limit ($3/$6 USD) - 2016/07/28 2:32:21 ET
Table 'Elisabetha' 6-max Seat #6 is the button
Seat 3: Mordnilap ($122.73 in chips)
Seat 6: Headgtboy ($270.97 in chips)
Headgtboy: posts small blind $1
abster2366: is sitting out
Mordnilap: posts big blind $3
*** HOLE CARDS ***
Headgtboy: folds
Uncalled bet ($2) returned to Mordnilap
Punkyfee leaves the table
Mordnilap collected $2 from pot
Mordnilap: doesn't show hand
*** SUMMARY ***
Total pot $2 | Rake $0
Seat 3: Mordnilap (big blind) collected ($2)
Seat 6: Headgtboy (button) (small blind) folded before Flop


PokerStars Hand #156539239452:  Hold'em Limit ($3/$6 USD) - 2016/07/28 2:32:26 ET
Table 'Elisabetha' 6-max Seat #3 is the button
Seat 3: Mordnilap ($123.73 in chips)
Seat 6: Headgtboy ($269.97 in chips)
Mordnilap: posts small blind $1
Headgtboy: posts big blind $3
*** HOLE CARDS ***
Mordnilap: raises $3 to $6
abster2366 leaves the table
Headgtboy: folds
Uncalled bet ($3) returned to Mordnilap
Mordnilap collected $6 from pot
Mordnilap: doesn't show hand
*** SUMMARY ***
Total pot $6 | Rake $0
Seat 3: Mordnilap (button) (small blind) collected ($6)
Seat 6: Headgtboy (big blind) folded before Flop


PokerStars Hand #156539241741:  Hold'em Limit ($3/$6 USD) - 2016/07/28 2:32:35 ET
Table 'Elisabetha' 6-max Seat #6 is the button
Seat 3: Mordnilap ($126.73 in chips)
Seat 6: Headgtboy ($266.97 in chips)
Headgtboy: posts small blind $1
Mordnilap: posts big blind $3
*** HOLE CARDS ***
Headgtboy: folds
Uncalled bet ($2) returned to Mordnilap
Mordnilap collected $2 from pot
Mordnilap: doesn't show hand
*** SUMMARY ***
Total pot $2 | Rake $0
Seat 3: Mordnilap (big blind) collected ($2)
Seat 6: Headgtboy (button) (small blind) folded before Flop


