PokerStars Hand #160750298733:  Hold'em Limit ($3/$6 USD) - 2016/11/01 14:22:51 ET
Table 'Ella' 10-max Seat #6 is the button
Seat 3: TinaTurner72 ($93 in chips)
Seat 6: hitzkopf ($98.48 in chips)
hitzkopf: posts small blind $1
TinaTurner72: posts big blind $3
*** HOLE CARDS ***
hitzkopf: raises $3 to $6
TinaTurner72: folds
Uncalled bet ($3) returned to hitzkopf
hitzkopf collected $6 from pot
*** SUMMARY ***
Total pot $6 | Rake $0
Seat 3: TinaTurner72 (big blind) folded before Flop
Seat 6: hitzkopf (button) (small blind) collected ($6)


PokerStars Hand #160750260770:  Hold'em Limit ($3/$6 USD) - 2016/11/01 14:22:08 ET
Table 'Ella' 10-max Seat #3 is the button
Seat 3: TinaTurner72 ($120 in chips)
Seat 6: hitzkopf ($71.98 in chips)
TinaTurner72: posts small blind $1
hitzkopf: posts big blind $3
*** HOLE CARDS ***
TinaTurner72: raises $3 to $6
hitzkopf: raises $3 to $9
TinaTurner72: calls $3
*** FLOP *** [Ks 3h 4c]
hitzkopf: checks
TinaTurner72: bets $3
hitzkopf: raises $3 to $6
TinaTurner72: calls $3
*** TURN *** [Ks 3h 4c] [Qc]
hitzkopf: bets $6
TinaTurner72: calls $6
*** RIVER *** [Ks 3h 4c Qc] [Kd]
hitzkopf: bets $6
TinaTurner72: calls $6
*** SHOW DOWN ***
hitzkopf: shows [Ts Jc] (a pair of Kings)
TinaTurner72: mucks hand
hitzkopf collected $53.50 from pot
*** SUMMARY ***
Total pot $54 | Rake $0.50
Board [Ks 3h 4c Qc Kd]
Seat 3: TinaTurner72 (button) (small blind) mucked
Seat 6: hitzkopf (big blind) showed [Ts Jc] and won ($53.50) with a pair of Kings


PokerStars Hand #160750304707:  Hold'em Limit ($3/$6 USD) - 2016/11/01 14:22:58 ET
Table 'Ella' 10-max Seat #3 is the button
Seat 3: TinaTurner72 ($90 in chips)
Seat 6: hitzkopf ($101.48 in chips)
TinaTurner72: posts small blind $1
hitzkopf: posts big blind $3
*** HOLE CARDS ***
TinaTurner72: raises $3 to $6
hitzkopf: calls $3
*** FLOP *** [3c Ks Kh]
hitzkopf: checks
TinaTurner72: bets $3
hitzkopf: calls $3
*** TURN *** [3c Ks Kh] [4s]
hitzkopf: checks
TinaTurner72: bets $6
hitzkopf: calls $6
*** RIVER *** [3c Ks Kh 4s] [2h]
hitzkopf: checks
TinaTurner72: bets $6
hitzkopf: raises $6 to $12
TinaTurner72: calls $6
*** SHOW DOWN ***
hitzkopf: shows [5d 7d] (a pair of Kings)
TinaTurner72: shows [Qc 3d] (two pair, Kings and Threes)
TinaTurner72 collected $53.50 from pot
*** SUMMARY ***
Total pot $54 | Rake $0.50
Board [3c Ks Kh 4s 2h]
Seat 3: TinaTurner72 (button) (small blind) showed [Qc 3d] and won ($53.50) with two pair, Kings and Threes
Seat 6: hitzkopf (big blind) showed [5d 7d] and lost with a pair of Kings


PokerStars Hand #160750342705:  Hold'em Limit ($3/$6 USD) - 2016/11/01 14:23:40 ET
Table 'Ella' 10-max Seat #6 is the button
Seat 3: TinaTurner72 ($116.50 in chips)
Seat 6: hitzkopf ($74.48 in chips)
hitzkopf: posts small blind $1
TinaTurner72: posts big blind $3
*** HOLE CARDS ***
hitzkopf: calls $2
TinaTurner72: raises $3 to $6
hitzkopf: calls $3
*** FLOP *** [2c 6d Ks]
TinaTurner72: bets $3
hitzkopf: calls $3
*** TURN *** [2c 6d Ks] [9d]
TinaTurner72: bets $6
hitzkopf: folds
Uncalled bet ($6) returned to TinaTurner72
TinaTurner72 collected $17.64 from pot
TinaTurner72: doesn't show hand
*** SUMMARY ***
Total pot $18 | Rake $0.36
Board [2c 6d Ks 9d]
Seat 3: TinaTurner72 (big blind) collected ($17.64)
Seat 6: hitzkopf (button) (small blind) folded on the Turn


PokerStars Hand #160750379176:  Hold'em Limit ($3/$6 USD) - 2016/11/01 14:24:20 ET
Table 'Ella' 10-max Seat #3 is the button
Seat 3: TinaTurner72 ($125.14 in chips)
Seat 6: hitzkopf ($65.48 in chips)
TinaTurner72: posts small blind $1
hitzkopf: posts big blind $3
*** HOLE CARDS ***
TinaTurner72: raises $3 to $6
hitzkopf: raises $3 to $9
TinaTurner72: calls $3
*** FLOP *** [Th Jd Qc]
hitzkopf: bets $3
TinaTurner72: calls $3
*** TURN *** [Th Jd Qc] [5h]
hitzkopf: bets $6
TinaTurner72: calls $6
*** RIVER *** [Th Jd Qc 5h] [5d]
hitzkopf: bets $6
TinaTurner72: calls $6
*** SHOW DOWN ***
hitzkopf: shows [Kh 4d] (a pair of Fives)
TinaTurner72: shows [2c 2h] (two pair, Fives and Deuces)
TinaTurner72 collected $47.50 from pot
*** SUMMARY ***
Total pot $48 | Rake $0.50
Board [Th Jd Qc 5h 5d]
Seat 3: TinaTurner72 (button) (small blind) showed [2c 2h] and won ($47.50) with two pair, Fives and Deuces
Seat 6: hitzkopf (big blind) showed [Kh 4d] and lost with a pair of Fives


PokerStars Hand #160750420253:  Hold'em Limit ($3/$6 USD) - 2016/11/01 14:25:07 ET
Table 'Ella' 10-max Seat #6 is the button
Seat 3: TinaTurner72 ($148.64 in chips)
Seat 6: hitzkopf ($41.48 in chips)
hitzkopf: posts small blind $1
TinaTurner72: posts big blind $3
*** HOLE CARDS ***
hitzkopf: raises $3 to $6
TinaTurner72: calls $3
*** FLOP *** [Kd Ks Qc]
TinaTurner72: checks
hitzkopf: bets $3
TinaTurner72: folds
Uncalled bet ($3) returned to hitzkopf
hitzkopf collected $11.76 from pot
*** SUMMARY ***
Total pot $12 | Rake $0.24
Board [Kd Ks Qc]
Seat 3: TinaTurner72 (big blind) folded on the Flop
Seat 6: hitzkopf (button) (small blind) collected ($11.76)


PokerStars Hand #160750445262:  Hold'em Limit ($3/$6 USD) - 2016/11/01 14:25:34 ET
Table 'Ella' 10-max Seat #3 is the button
Seat 3: TinaTurner72 ($142.64 in chips)
Seat 6: hitzkopf ($47.24 in chips)
TinaTurner72: posts small blind $1
hitzkopf: posts big blind $3
*** HOLE CARDS ***
TinaTurner72: raises $3 to $6
hitzkopf: calls $3
*** FLOP *** [Kh 6h Th]
hitzkopf: checks
TinaTurner72: bets $3
hitzkopf: calls $3
*** TURN *** [Kh 6h Th] [4d]
hitzkopf: checks
TinaTurner72: bets $6
hitzkopf: calls $6
*** RIVER *** [Kh 6h Th 4d] [As]
hitzkopf: checks
TinaTurner72: bets $6
hitzkopf: calls $6
*** SHOW DOWN ***
TinaTurner72: shows [Ks Td] (two pair, Kings and Tens)
hitzkopf: mucks hand
TinaTurner72 collected $41.50 from pot
*** SUMMARY ***
Total pot $42 | Rake $0.50
Board [Kh 6h Th 4d As]
Seat 3: TinaTurner72 (button) (small blind) showed [Ks Td] and won ($41.50) with two pair, Kings and Tens
Seat 6: hitzkopf (big blind) mucked


PokerStars Hand #160750514491:  Hold'em Limit ($3/$6 USD) - 2016/11/01 14:26:51 ET
Table 'Ella' 10-max Seat #3 is the button
Seat 3: TinaTurner72 ($132.90 in chips)
Seat 6: hitzkopf ($55.98 in chips)
TinaTurner72: posts small blind $1
hitzkopf: posts big blind $3
*** HOLE CARDS ***
TinaTurner72: raises $3 to $6
hitzkopf: calls $3
*** FLOP *** [4c 9c Jh]
hitzkopf: bets $3
TinaTurner72: calls $3
*** TURN *** [4c 9c Jh] [Qc]
hitzkopf: bets $6
TinaTurner72: folds
Uncalled bet ($6) returned to hitzkopf
hitzkopf collected $17.64 from pot
*** SUMMARY ***
Total pot $18 | Rake $0.36
Board [4c 9c Jh Qc]
Seat 3: TinaTurner72 (button) (small blind) folded on the Turn
Seat 6: hitzkopf (big blind) collected ($17.64)


PokerStars Hand #160750507227:  Hold'em Limit ($3/$6 USD) - 2016/11/01 14:26:43 ET
Table 'Ella' 10-max Seat #6 is the button
Seat 3: TinaTurner72 ($135.90 in chips)
Seat 6: hitzkopf ($52.98 in chips)
hitzkopf: posts small blind $1
TinaTurner72: posts big blind $3
*** HOLE CARDS ***
hitzkopf: raises $3 to $6
TinaTurner72: folds
Uncalled bet ($3) returned to hitzkopf
hitzkopf collected $6 from pot
Psynto joins the table at seat #7
*** SUMMARY ***
Total pot $6 | Rake $0
Seat 3: TinaTurner72 (big blind) folded before Flop
Seat 6: hitzkopf (button) (small blind) collected ($6)


PokerStars Hand #160750502486:  Hold'em Limit ($3/$6 USD) - 2016/11/01 14:26:38 ET
Table 'Ella' 10-max Seat #3 is the button
Seat 3: TinaTurner72 ($136.90 in chips)
Seat 6: hitzkopf ($51.98 in chips)
TinaTurner72: posts small blind $1
hitzkopf: posts big blind $3
*** HOLE CARDS ***
TinaTurner72: folds
Uncalled bet ($2) returned to hitzkopf
hitzkopf collected $2 from pot
*** SUMMARY ***
Total pot $2 | Rake $0
Seat 3: TinaTurner72 (button) (small blind) folded before Flop
Seat 6: hitzkopf (big blind) collected ($2)


PokerStars Hand #160750477053:  Hold'em Limit ($3/$6 USD) - 2016/11/01 14:26:09 ET
Table 'Ella' 10-max Seat #6 is the button
Seat 3: TinaTurner72 ($163.14 in chips)
Seat 6: hitzkopf ($26.24 in chips)
hitzkopf: posts small blind $1
TinaTurner72: posts big blind $3
*** HOLE CARDS ***
hitzkopf: raises $3 to $6
TinaTurner72: calls $3
*** FLOP *** [Ah 2h 4c]
TinaTurner72: checks
hitzkopf: bets $3
TinaTurner72: raises $3 to $6
hitzkopf: raises $3 to $9
TinaTurner72: calls $3
*** TURN *** [Ah 2h 4c] [5c]
TinaTurner72: bets $6
hitzkopf: raises $5.24 to $11.24 and is all-in
TinaTurner72: calls $5.24
*** RIVER *** [Ah 2h 4c 5c] [Jh]
*** SHOW DOWN ***
TinaTurner72: shows [7d 5s] (a pair of Fives)
hitzkopf: shows [Ac Jd] (two pair, Aces and Jacks)
hitzkopf collected $51.98 from pot
*** SUMMARY ***
Total pot $52.48 | Rake $0.50
Board [Ah 2h 4c 5c Jh]
Seat 3: TinaTurner72 (big blind) showed [7d 5s] and lost with a pair of Fives
Seat 6: hitzkopf (button) (small blind) showed [Ac Jd] and won ($51.98) with two pair, Aces and Jacks


PokerStars Hand #160750677694:  Hold'em Limit ($3/$6 USD) - 2016/11/01 14:29:48 ET
Table 'Ella' 10-max Seat #6 is the button
Seat 6: hitzkopf ($118.75 in chips)
Seat 7: Psynto ($72 in chips)
hitzkopf: posts small blind $1
Psynto: posts big blind $3
*** HOLE CARDS ***
hitzkopf: raises $3 to $6
Psynto: calls $3
*** FLOP *** [3h Js 6h]
Psynto: checks
hitzkopf: checks
*** TURN *** [3h Js 6h] [Td]
Psynto: checks
hitzkopf: checks
*** RIVER *** [3h Js 6h Td] [4d]
Psynto: checks
hitzkopf: checks
*** SHOW DOWN ***
Psynto: shows [Kh 8c] (high card King)
hitzkopf: shows [5h Ac] (high card Ace)
hitzkopf collected $11.76 from pot
*** SUMMARY ***
Total pot $12 | Rake $0.24
Board [3h Js 6h Td 4d]
Seat 6: hitzkopf (button) (small blind) showed [5h Ac] and won ($11.76) with high card Ace
Seat 7: Psynto (big blind) showed [Kh 8c] and lost with high card King


PokerStars Hand #160750656847:  Hold'em Limit ($3/$6 USD) - 2016/11/01 14:29:25 ET
Table 'Ella' 10-max Seat #7 is the button
Seat 6: hitzkopf ($92.25 in chips)
Seat 7: Psynto ($73.46 in chips)
Psynto: posts small blind $1
TinaTurner72: is sitting out
hitzkopf: posts big blind $3
*** HOLE CARDS ***
Psynto: raises $3 to $6
hitzkopf: raises $3 to $9
Psynto: raises $3 to $12
Betting is capped
TinaTurner72 leaves the table
hitzkopf: calls $3
*** FLOP *** [8d Ac 8c]
hitzkopf: bets $3
Psynto: calls $3
*** TURN *** [8d Ac 8c] [6c]
hitzkopf: bets $6
Psynto: calls $6
*** RIVER *** [8d Ac 8c 6c] [2d]
hitzkopf: bets $6
Psynto: calls $6
*** SHOW DOWN ***
hitzkopf: shows [Tc As] (two pair, Aces and Eights)
Psynto: mucks hand
hitzkopf collected $53.50 from pot
*** SUMMARY ***
Total pot $54 | Rake $0.50
Board [8d Ac 8c 6c 2d]
Seat 6: hitzkopf (big blind) showed [Tc As] and won ($53.50) with two pair, Aces and Eights
Seat 7: Psynto (button) (small blind) mucked


PokerStars Hand #160750742276:  Hold'em Limit ($3/$6 USD) - 2016/11/01 14:30:59 ET
Table 'Ella' 10-max Seat #7 is the button
Seat 6: hitzkopf ($102.51 in chips)
Seat 7: Psynto ($93.50 in chips)
Psynto: posts small blind $1
hitzkopf: posts big blind $3
*** HOLE CARDS ***
Psynto: raises $3 to $6
hitzkopf: folds
Uncalled bet ($3) returned to Psynto
Psynto collected $6 from pot
Psynto: doesn't show hand
*** SUMMARY ***
Total pot $6 | Rake $0
Seat 6: hitzkopf (big blind) folded before Flop
Seat 7: Psynto (button) (small blind) collected ($6)


PokerStars Hand #160750737860:  Hold'em Limit ($3/$6 USD) - 2016/11/01 14:30:54 ET
Table 'Ella' 10-max Seat #6 is the button
Seat 6: hitzkopf ($103.51 in chips)
Seat 7: Psynto ($92.50 in chips)
hitzkopf: posts small blind $1
Psynto: posts big blind $3
*** HOLE CARDS ***
hitzkopf: folds
Uncalled bet ($2) returned to Psynto
Psynto collected $2 from pot
Psynto: doesn't show hand
*** SUMMARY ***
Total pot $2 | Rake $0
Seat 6: hitzkopf (button) (small blind) folded before Flop
Seat 7: Psynto (big blind) collected ($2)


PokerStars Hand #160750688380:  Hold'em Limit ($3/$6 USD) - 2016/11/01 14:30:00 ET
Table 'Ella' 10-max Seat #7 is the button
Seat 6: hitzkopf ($124.51 in chips)
Seat 7: Psynto ($72 in chips)
Psynto: posts small blind $1
hitzkopf: posts big blind $3
*** HOLE CARDS ***
Psynto: raises $3 to $6
hitzkopf: calls $3
*** FLOP *** [5c 2s 2h]
hitzkopf: checks
Psynto: bets $3
hitzkopf: calls $3
*** TURN *** [5c 2s 2h] [6s]
hitzkopf: checks
Psynto: bets $6
hitzkopf: calls $6
*** RIVER *** [5c 2s 2h 6s] [8d]
hitzkopf: checks
Psynto: bets $6
hitzkopf: calls $6
*** SHOW DOWN ***
Psynto: shows [As 8h] (two pair, Eights and Deuces)
hitzkopf: mucks hand
Psynto collected $41.50 from pot
*** SUMMARY ***
Total pot $42 | Rake $0.50
Board [5c 2s 2h 6s 8d]
Seat 6: hitzkopf (big blind) mucked
Seat 7: Psynto (button) (small blind) showed [As 8h] and won ($41.50) with two pair, Eights and Deuces


PokerStars Hand #160750772368:  Hold'em Limit ($3/$6 USD) - 2016/11/01 14:31:32 ET
Table 'Ella' 10-max Seat #7 is the button
Seat 6: hitzkopf ($84.51 in chips)
Seat 7: Psynto ($111 in chips)
Psynto: posts small blind $1
hitzkopf: posts big blind $3
*** HOLE CARDS ***
Psynto: raises $3 to $6
hitzkopf: raises $3 to $9
Psynto: calls $3
*** FLOP *** [Kd 2h 9d]
hitzkopf: bets $3
Psynto: calls $3
*** TURN *** [Kd 2h 9d] [Ad]
hitzkopf: bets $6
Psynto: calls $6
*** RIVER *** [Kd 2h 9d Ad] [3d]
hitzkopf: bets $6
Psynto: calls $6
*** SHOW DOWN ***
hitzkopf: shows [Jh Ah] (a pair of Aces)
Psynto: shows [7d 9s] (a flush, Ace high)
Psynto collected $47.50 from pot
*** SUMMARY ***
Total pot $48 | Rake $0.50
Board [Kd 2h 9d Ad 3d]
Seat 6: hitzkopf (big blind) showed [Jh Ah] and lost with a pair of Aces
Seat 7: Psynto (button) (small blind) showed [7d 9s] and won ($47.50) with a flush, Ace high


PokerStars Hand #160750748178:  Hold'em Limit ($3/$6 USD) - 2016/11/01 14:31:05 ET
Table 'Ella' 10-max Seat #6 is the button
Seat 6: hitzkopf ($99.51 in chips)
Seat 7: Psynto ($96.50 in chips)
hitzkopf: posts small blind $1
Psynto: posts big blind $3
*** HOLE CARDS ***
hitzkopf: raises $3 to $6
Psynto: raises $3 to $9
hitzkopf: raises $3 to $12
Betting is capped
Psynto: calls $3
*** FLOP *** [9c Ad Th]
Psynto: checks
hitzkopf: bets $3
Psynto: calls $3
*** TURN *** [9c Ad Th] [6s]
Psynto: checks
hitzkopf: checks
*** RIVER *** [9c Ad Th 6s] [5h]
Psynto: bets $6
hitzkopf: folds
Uncalled bet ($6) returned to Psynto
Psynto collected $29.50 from pot
Psynto: doesn't show hand
*** SUMMARY ***
Total pot $30 | Rake $0.50
Board [9c Ad Th 6s 5h]
Seat 6: hitzkopf (button) (small blind) folded on the River
Seat 7: Psynto (big blind) collected ($29.50)


PokerStars Hand #160750813656:  Hold'em Limit ($3/$6 USD) - 2016/11/01 14:32:18 ET
Table 'Ella' 10-max Seat #6 is the button
Seat 6: hitzkopf ($21.51 in chips)
Seat 7: Psynto ($173 in chips)
hitzkopf: posts small blind $1
Psynto: posts big blind $3
*** HOLE CARDS ***
hitzkopf: raises $3 to $6
Psynto: calls $3
*** FLOP *** [2h 2s 3d]
Psynto: checks
hitzkopf: checks
*** TURN *** [2h 2s 3d] [Qs]
Psynto: bets $6
hitzkopf: raises $6 to $12
Psynto: calls $6
*** RIVER *** [2h 2s 3d Qs] [Jh]
Psynto: checks
hitzkopf: bets $3.51 and is all-in
Psynto: calls $3.51
*** SHOW DOWN ***
hitzkopf: shows [4c 6h] (a pair of Deuces)
Psynto: shows [Kd Js] (two pair, Jacks and Deuces)
Psynto collected $42.52 from pot
*** SUMMARY ***
Total pot $43.02 | Rake $0.50
Board [2h 2s 3d Qs Jh]
Seat 6: hitzkopf (button) (small blind) showed [4c 6h] and lost with a pair of Deuces
Seat 7: Psynto (big blind) showed [Kd Js] and won ($42.52) with two pair, Jacks and Deuces


PokerStars Hand #160750809380:  Hold'em Limit ($3/$6 USD) - 2016/11/01 14:32:13 ET
Table 'Ella' 10-max Seat #7 is the button
Seat 6: hitzkopf ($24.51 in chips)
Seat 7: Psynto ($170 in chips)
Psynto: posts small blind $1
hitzkopf: posts big blind $3
*** HOLE CARDS ***
Psynto: raises $3 to $6
hitzkopf: folds
Uncalled bet ($3) returned to Psynto
Psynto collected $6 from pot
Psynto: doesn't show hand
*** SUMMARY ***
Total pot $6 | Rake $0
Seat 6: hitzkopf (big blind) folded before Flop
Seat 7: Psynto (button) (small blind) collected ($6)


PokerStars Hand #160750789082:  Hold'em Limit ($3/$6 USD) - 2016/11/01 14:31:50 ET
Table 'Ella' 10-max Seat #6 is the button
Seat 6: hitzkopf ($60.51 in chips)
Seat 7: Psynto ($134.50 in chips)
hitzkopf: posts small blind $1
Psynto: posts big blind $3
*** HOLE CARDS ***
hitzkopf: calls $2
Psynto: raises $3 to $6
hitzkopf: calls $3
*** FLOP *** [4c 5s Qs]
Psynto: bets $3
hitzkopf: raises $3 to $6
Psynto: raises $3 to $9
hitzkopf: raises $3 to $12
Betting is capped
Psynto: calls $3
*** TURN *** [4c 5s Qs] [Kc]
Psynto: checks
hitzkopf: bets $6
Psynto: raises $6 to $12
hitzkopf: calls $6
*** RIVER *** [4c 5s Qs Kc] [Jh]
Psynto: bets $6
hitzkopf: calls $6
*** SHOW DOWN ***
Psynto: shows [Jc Qc] (two pair, Queens and Jacks)
hitzkopf: mucks hand
Psynto collected $71.50 from pot
*** SUMMARY ***
Total pot $72 | Rake $0.50
Board [4c 5s Qs Kc Jh]
Seat 6: hitzkopf (button) (small blind) mucked
Seat 7: Psynto (big blind) showed [Jc Qc] and won ($71.50) with two pair, Queens and Jacks


