PokerStars Hand #158397923375:  Hold'em Limit ($3/$6 USD) - 2016/09/09 21:10:39 ET
Table 'Ella' 6-max Seat #1 is the button
Seat 1: Velbor107 ($300 in chips)
Seat 2: kdcl ($55.44 in chips)
Velbor107: posts small blind $1
kdcl: posts big blind $3
*** HOLE CARDS ***
Velbor107: raises $3 to $6
kdcl: calls $3
*** FLOP *** [3s Kc 2d]
kdcl: checks
Velbor107: bets $3
kdcl: raises $3 to $6
Velbor107: calls $3
*** TURN *** [3s Kc 2d] [8s]
kdcl: checks
Velbor107: checks
*** RIVER *** [3s Kc 2d 8s] [Th]
kdcl: bets $6
Velbor107: calls $6
*** SHOW DOWN ***
kdcl: shows [3h 9h] (a pair of Threes)
Velbor107: mucks hand
kdcl collected $35.50 from pot
*** SUMMARY ***
Total pot $36 | Rake $0.50
Board [3s Kc 2d 8s Th]
Seat 1: Velbor107 (button) (small blind) mucked
Seat 2: kdcl (big blind) showed [3h 9h] and won ($35.50) with a pair of Threes


PokerStars Hand #158397944734:  Hold'em Limit ($3/$6 USD) - 2016/09/09 21:11:27 ET
Table 'Ella' 6-max Seat #2 is the button
Seat 1: Velbor107 ($282 in chips)
Seat 2: kdcl ($72.94 in chips)
kdcl: posts small blind $1
Velbor107: posts big blind $3
*** HOLE CARDS ***
kdcl: raises $3 to $6
Velbor107: folds
Uncalled bet ($3) returned to kdcl
kdcl collected $6 from pot
*** SUMMARY ***
Total pot $6 | Rake $0
Seat 1: Velbor107 (big blind) folded before Flop
Seat 2: kdcl (button) (small blind) collected ($6)


PokerStars Hand #158397961633:  Hold'em Limit ($3/$6 USD) - 2016/09/09 21:12:05 ET
Table 'Ella' 6-max Seat #2 is the button
Seat 1: Velbor107 ($299.50 in chips)
Seat 2: kdcl ($54.94 in chips)
kdcl: posts small blind $1
Velbor107: posts big blind $3
*** HOLE CARDS ***
kdcl: folds
Uncalled bet ($2) returned to Velbor107
Velbor107 collected $2 from pot
*** SUMMARY ***
Total pot $2 | Rake $0
Seat 1: Velbor107 (big blind) collected ($2)
Seat 2: kdcl (button) (small blind) folded before Flop


PokerStars Hand #158397947948:  Hold'em Limit ($3/$6 USD) - 2016/09/09 21:11:35 ET
Table 'Ella' 6-max Seat #1 is the button
Seat 1: Velbor107 ($279 in chips)
Seat 2: kdcl ($75.94 in chips)
Velbor107: posts small blind $1
kdcl: posts big blind $3
*** HOLE CARDS ***
Velbor107: raises $3 to $6
kdcl: calls $3
*** FLOP *** [8h Jh 5s]
kdcl: checks
Velbor107: bets $3
kdcl: calls $3
*** TURN *** [8h Jh 5s] [Ks]
kdcl: checks
Velbor107: bets $6
kdcl: calls $6
*** RIVER *** [8h Jh 5s Ks] [Th]
kdcl: checks
Velbor107: bets $6
kdcl: calls $6
*** SHOW DOWN ***
Velbor107: shows [Js 6h] (a pair of Jacks)
kdcl: mucks hand
Velbor107 collected $41.50 from pot
*** SUMMARY ***
Total pot $42 | Rake $0.50
Board [8h Jh 5s Ks Th]
Seat 1: Velbor107 (button) (small blind) showed [Js 6h] and won ($41.50) with a pair of Jacks
Seat 2: kdcl (big blind) mucked


PokerStars Hand #158397963809:  Hold'em Limit ($3/$6 USD) - 2016/09/09 21:12:10 ET
Table 'Ella' 6-max Seat #1 is the button
Seat 1: Velbor107 ($300.50 in chips)
Seat 2: kdcl ($53.94 in chips)
Velbor107: posts small blind $1
kdcl: posts big blind $3
*** HOLE CARDS ***
Velbor107: folds
Uncalled bet ($2) returned to kdcl
kdcl collected $2 from pot
*** SUMMARY ***
Total pot $2 | Rake $0
Seat 1: Velbor107 (button) (small blind) folded before Flop
Seat 2: kdcl (big blind) collected ($2)


PokerStars Hand #158397984886:  Hold'em Limit ($3/$6 USD) - 2016/09/09 21:12:58 ET
Table 'Ella' 6-max Seat #1 is the button
Seat 1: Velbor107 ($317 in chips)
Seat 2: kdcl ($36.94 in chips)
Velbor107: posts small blind $1
kdcl: posts big blind $3
*** HOLE CARDS ***
Velbor107: raises $3 to $6
kdcl: raises $3 to $9
Velbor107: calls $3
*** FLOP *** [9h 7c 8d]
kdcl: bets $3
Velbor107: raises $3 to $6
kdcl: calls $3
*** TURN *** [9h 7c 8d] [Ac]
kdcl: bets $6
Velbor107: raises $6 to $12
kdcl: raises $6 to $18
Velbor107: raises $6 to $24
Betting is capped
kdcl: calls $3.94 and is all-in
Uncalled bet ($2.06) returned to Velbor107
*** RIVER *** [9h 7c 8d Ac] [7h]
*** SHOW DOWN ***
kdcl: shows [Qc Ad] (two pair, Aces and Sevens)
Velbor107: shows [9c Qd] (two pair, Nines and Sevens)
kdcl collected $73.38 from pot
*** SUMMARY ***
Total pot $73.88 | Rake $0.50
Board [9h 7c 8d Ac 7h]
Seat 1: Velbor107 (button) (small blind) showed [9c Qd] and lost with two pair, Nines and Sevens
Seat 2: kdcl (big blind) showed [Qc Ad] and won ($73.38) with two pair, Aces and Sevens


PokerStars Hand #158398010223:  Hold'em Limit ($3/$6 USD) - 2016/09/09 21:13:56 ET
Table 'Ella' 6-max Seat #1 is the button
Seat 1: Velbor107 ($281.06 in chips)
Seat 2: kdcl ($72.38 in chips)
Velbor107: posts small blind $1
kdcl: posts big blind $3
*** HOLE CARDS ***
Velbor107: raises $3 to $6
kdcl: folds
Uncalled bet ($3) returned to Velbor107
Velbor107 collected $6 from pot
*** SUMMARY ***
Total pot $6 | Rake $0
Seat 1: Velbor107 (button) (small blind) collected ($6)
Seat 2: kdcl (big blind) folded before Flop


PokerStars Hand #158398007879:  Hold'em Limit ($3/$6 USD) - 2016/09/09 21:13:51 ET
Table 'Ella' 6-max Seat #2 is the button
Seat 1: Velbor107 ($280.06 in chips)
Seat 2: kdcl ($73.38 in chips)
kdcl: posts small blind $1
Velbor107: posts big blind $3
*** HOLE CARDS ***
kdcl: folds
Uncalled bet ($2) returned to Velbor107
Velbor107 collected $2 from pot
*** SUMMARY ***
Total pot $2 | Rake $0
Seat 1: Velbor107 (big blind) collected ($2)
Seat 2: kdcl (button) (small blind) folded before Flop


PokerStars Hand #158398013283:  Hold'em Limit ($3/$6 USD) - 2016/09/09 21:14:03 ET
Table 'Ella' 6-max Seat #2 is the button
Seat 1: Velbor107 ($284.06 in chips)
Seat 2: kdcl ($69.38 in chips)
kdcl: posts small blind $1
Velbor107: posts big blind $3
*** HOLE CARDS ***
kdcl: raises $3 to $6
Velbor107: folds
Uncalled bet ($3) returned to kdcl
kdcl collected $6 from pot
*** SUMMARY ***
Total pot $6 | Rake $0
Seat 1: Velbor107 (big blind) folded before Flop
Seat 2: kdcl (button) (small blind) collected ($6)


PokerStars Hand #158398019207:  Hold'em Limit ($3/$6 USD) - 2016/09/09 21:14:16 ET
Table 'Ella' 6-max Seat #1 is the button
Seat 1: Velbor107 ($281.06 in chips)
Seat 2: kdcl ($72.38 in chips)
Velbor107: posts small blind $1
kdcl: posts big blind $3
*** HOLE CARDS ***
Velbor107: raises $3 to $6
kdcl: calls $3
*** FLOP *** [9h 2c 9s]
kdcl: checks
Velbor107: bets $3
kdcl: calls $3
*** TURN *** [9h 2c 9s] [Ks]
kdcl: checks
Velbor107: bets $6
kdcl: folds
Uncalled bet ($6) returned to Velbor107
Velbor107 collected $17.64 from pot
*** SUMMARY ***
Total pot $18 | Rake $0.36
Board [9h 2c 9s Ks]
Seat 1: Velbor107 (button) (small blind) collected ($17.64)
Seat 2: kdcl (big blind) folded on the Turn


PokerStars Hand #158398032411:  Hold'em Limit ($3/$6 USD) - 2016/09/09 21:14:47 ET
Table 'Ella' 6-max Seat #1 is the button
Seat 1: Velbor107 ($290.70 in chips)
Seat 2: kdcl ($62.38 in chips)
Velbor107: posts small blind $1
kdcl: posts big blind $3
*** HOLE CARDS ***
Velbor107: folds
Uncalled bet ($2) returned to kdcl
kdcl collected $2 from pot
*** SUMMARY ***
Total pot $2 | Rake $0
Seat 1: Velbor107 (button) (small blind) folded before Flop
Seat 2: kdcl (big blind) collected ($2)


PokerStars Hand #158398030277:  Hold'em Limit ($3/$6 USD) - 2016/09/09 21:14:42 ET
Table 'Ella' 6-max Seat #2 is the button
Seat 1: Velbor107 ($289.70 in chips)
Seat 2: kdcl ($63.38 in chips)
kdcl: posts small blind $1
Velbor107: posts big blind $3
*** HOLE CARDS ***
kdcl: folds
Uncalled bet ($2) returned to Velbor107
Velbor107 collected $2 from pot
*** SUMMARY ***
Total pot $2 | Rake $0
Seat 1: Velbor107 (big blind) collected ($2)
Seat 2: kdcl (button) (small blind) folded before Flop


PokerStars Hand #158398034363:  Hold'em Limit ($3/$6 USD) - 2016/09/09 21:14:51 ET
Table 'Ella' 6-max Seat #2 is the button
Seat 1: Velbor107 ($289.70 in chips)
Seat 2: kdcl ($63.38 in chips)
kdcl: posts small blind $1
Velbor107: posts big blind $3
*** HOLE CARDS ***
kdcl: raises $3 to $6
Velbor107: raises $3 to $9
kdcl: calls $3
*** FLOP *** [Kh 8h Qs]
Velbor107: bets $3
kdcl: folds
Uncalled bet ($3) returned to Velbor107
Velbor107 collected $17.64 from pot
*** SUMMARY ***
Total pot $18 | Rake $0.36
Board [Kh 8h Qs]
Seat 1: Velbor107 (big blind) collected ($17.64)
Seat 2: kdcl (button) (small blind) folded on the Flop


PokerStars Hand #158398039261:  Hold'em Limit ($3/$6 USD) - 2016/09/09 21:15:03 ET
Table 'Ella' 6-max Seat #1 is the button
Seat 1: Velbor107 ($298.34 in chips)
Seat 2: kdcl ($54.38 in chips)
Velbor107: posts small blind $1
kdcl: posts big blind $3
*** HOLE CARDS ***
Velbor107: raises $3 to $6
kdcl: calls $3
*** FLOP *** [Kh Qd Jc]
kdcl: checks
Velbor107: bets $3
kdcl: folds
Uncalled bet ($3) returned to Velbor107
Velbor107 collected $11.76 from pot
*** SUMMARY ***
Total pot $12 | Rake $0.24
Board [Kh Qd Jc]
Seat 1: Velbor107 (button) (small blind) collected ($11.76)
Seat 2: kdcl (big blind) folded on the Flop


PokerStars Hand #158398048896:  Hold'em Limit ($3/$6 USD) - 2016/09/09 21:15:25 ET
Table 'Ella' 6-max Seat #1 is the button
Seat 1: Velbor107 ($301.10 in chips)
Seat 2: kdcl ($51.38 in chips)
Velbor107: posts small blind $1
kdcl: posts big blind $3
*** HOLE CARDS ***
Velbor107: folds
Uncalled bet ($2) returned to kdcl
kdcl collected $2 from pot
*** SUMMARY ***
Total pot $2 | Rake $0
Seat 1: Velbor107 (button) (small blind) folded before Flop
Seat 2: kdcl (big blind) collected ($2)


PokerStars Hand #158398044869:  Hold'em Limit ($3/$6 USD) - 2016/09/09 21:15:16 ET
Table 'Ella' 6-max Seat #2 is the button
Seat 1: Velbor107 ($304.10 in chips)
Seat 2: kdcl ($48.38 in chips)
kdcl: posts small blind $1
Velbor107: posts big blind $3
*** HOLE CARDS ***
kdcl: raises $3 to $6
Velbor107: folds
Uncalled bet ($3) returned to kdcl
kdcl collected $6 from pot
*** SUMMARY ***
Total pot $6 | Rake $0
Seat 1: Velbor107 (big blind) folded before Flop
Seat 2: kdcl (button) (small blind) collected ($6)


PokerStars Hand #158398051942:  Hold'em Limit ($3/$6 USD) - 2016/09/09 21:15:32 ET
Table 'Ella' 6-max Seat #2 is the button
Seat 1: Velbor107 ($300.10 in chips)
Seat 2: kdcl ($52.38 in chips)
kdcl: posts small blind $1
Velbor107: posts big blind $3
*** HOLE CARDS ***
kdcl: folds
Uncalled bet ($2) returned to Velbor107
Velbor107 collected $2 from pot
*** SUMMARY ***
Total pot $2 | Rake $0
Seat 1: Velbor107 (big blind) collected ($2)
Seat 2: kdcl (button) (small blind) folded before Flop


PokerStars Hand #158398054321:  Hold'em Limit ($3/$6 USD) - 2016/09/09 21:15:37 ET
Table 'Ella' 6-max Seat #1 is the button
Seat 1: Velbor107 ($301.10 in chips)
Seat 2: kdcl ($51.38 in chips)
Velbor107: posts small blind $1
kdcl: posts big blind $3
*** HOLE CARDS ***
Velbor107: raises $3 to $6
kdcl: calls $3
*** FLOP *** [Kh Qd 7s]
kdcl: checks
Velbor107: bets $3
kdcl: folds
Uncalled bet ($3) returned to Velbor107
Velbor107 collected $11.76 from pot
*** SUMMARY ***
Total pot $12 | Rake $0.24
Board [Kh Qd 7s]
Seat 1: Velbor107 (button) (small blind) collected ($11.76)
Seat 2: kdcl (big blind) folded on the Flop


PokerStars Hand #158398063657:  Hold'em Limit ($3/$6 USD) - 2016/09/09 21:15:59 ET
Table 'Ella' 6-max Seat #2 is the button
Seat 1: Velbor107 ($306.86 in chips)
Seat 2: kdcl ($45.38 in chips)
kdcl: posts small blind $1
Velbor107: posts big blind $3
*** HOLE CARDS ***
kdcl: raises $3 to $6
Jeelsy joins the table at seat #3
Velbor107: raises $3 to $9
kdcl: calls $3
*** FLOP *** [3h 9h Jh]
Velbor107: bets $3
kdcl: calls $3
*** TURN *** [3h 9h Jh] [2d]
Velbor107: checks
kdcl: bets $6
Velbor107: calls $6
*** RIVER *** [3h 9h Jh 2d] [8s]
Velbor107: checks
kdcl: bets $6
Velbor107: calls $6
*** SHOW DOWN ***
kdcl: shows [Jc Qh] (a pair of Jacks)
Velbor107: mucks hand
kdcl collected $47.50 from pot
*** SUMMARY ***
Total pot $48 | Rake $0.50
Board [3h 9h Jh 2d 8s]
Seat 1: Velbor107 (big blind) mucked
Seat 2: kdcl (button) (small blind) showed [Jc Qh] and won ($47.50) with a pair of Jacks


PokerStars Hand #158398077674:  Hold'em Limit ($3/$6 USD) - 2016/09/09 21:16:31 ET
Table 'Ella' 6-max Seat #1 is the button
Seat 1: Velbor107 ($282.86 in chips)
Seat 2: kdcl ($68.88 in chips)
Velbor107: posts small blind $1
kdcl: posts big blind $3
*** HOLE CARDS ***
Velbor107: raises $3 to $6
kdcl: raises $3 to $9
Velbor107: calls $3
*** FLOP *** [5d Jc Qs]
kdcl: bets $3
Velbor107: raises $3 to $6
kdcl: calls $3
*** TURN *** [5d Jc Qs] [9d]
kdcl: checks
Velbor107: bets $6
kdcl: calls $6
*** RIVER *** [5d Jc Qs 9d] [7s]
kdcl: checks
Velbor107: checks
*** SHOW DOWN ***
kdcl: shows [8d Ad] (high card Ace)
Velbor107: shows [6h 5s] (a pair of Fives)
Velbor107 collected $41.50 from pot
*** SUMMARY ***
Total pot $42 | Rake $0.50
Board [5d Jc Qs 9d 7s]
Seat 1: Velbor107 (button) (small blind) showed [6h 5s] and won ($41.50) with a pair of Fives
Seat 2: kdcl (big blind) showed [8d Ad] and lost with high card Ace


PokerStars Hand #158399621875:  Hold'em Limit ($3/$6 USD) - 2016/09/09 22:21:26 ET
Table 'Ella' 6-max Seat #6 is the button
Seat 4: DJAJZ35 ($170.42 in chips)
Seat 6: Chessnok ($156.02 in chips)
Chessnok: posts small blind $1
Velbor107: is sitting out
DJAJZ35: posts big blind $3
*** HOLE CARDS ***
Chessnok: raises $3 to $6
DJAJZ35: folds
Uncalled bet ($3) returned to Chessnok
Chessnok collected $6 from pot
Chessnok: doesn't show hand
*** SUMMARY ***
Total pot $6 | Rake $0
Seat 4: DJAJZ35 (big blind) folded before Flop
Seat 6: Chessnok (button) (small blind) collected ($6)


PokerStars Hand #158399627576:  Hold'em Limit ($3/$6 USD) - 2016/09/09 22:21:42 ET
Table 'Ella' 6-max Seat #6 is the button
Seat 4: DJAJZ35 ($170.42 in chips)
Seat 6: Chessnok ($156.02 in chips)
Chessnok: posts small blind $1
DJAJZ35: posts big blind $3
*** HOLE CARDS ***
Chessnok: folds
Uncalled bet ($2) returned to DJAJZ35
DJAJZ35 collected $2 from pot
DJAJZ35: doesn't show hand
*** SUMMARY ***
Total pot $2 | Rake $0
Seat 4: DJAJZ35 (big blind) collected ($2)
Seat 6: Chessnok (button) (small blind) folded before Flop


PokerStars Hand #158399625341:  Hold'em Limit ($3/$6 USD) - 2016/09/09 22:21:36 ET
Table 'Ella' 6-max Seat #4 is the button
Seat 4: DJAJZ35 ($167.42 in chips)
Seat 6: Chessnok ($159.02 in chips)
Velbor107 leaves the table
DJAJZ35: posts small blind $1
Chessnok: posts big blind $3
*** HOLE CARDS ***
DJAJZ35: raises $3 to $6
Chessnok: folds
Uncalled bet ($3) returned to DJAJZ35
DJAJZ35 collected $6 from pot
DJAJZ35: doesn't show hand
*** SUMMARY ***
Total pot $6 | Rake $0
Seat 4: DJAJZ35 (button) (small blind) collected ($6)
Seat 6: Chessnok (big blind) folded before Flop


PokerStars Hand #158399629295:  Hold'em Limit ($3/$6 USD) - 2016/09/09 22:21:47 ET
Table 'Ella' 6-max Seat #4 is the button
Seat 4: DJAJZ35 ($171.42 in chips)
Seat 6: Chessnok ($155.02 in chips)
DJAJZ35: posts small blind $1
Chessnok: posts big blind $3
*** HOLE CARDS ***
DJAJZ35: folds
Uncalled bet ($2) returned to Chessnok
Chessnok collected $2 from pot
Chessnok: doesn't show hand
*** SUMMARY ***
Total pot $2 | Rake $0
Seat 4: DJAJZ35 (button) (small blind) folded before Flop
Seat 6: Chessnok (big blind) collected ($2)


