PokerStars Hand #150045220122:  Hold'em Limit ($3/$6 USD) - 2016/03/08 14:30:50 ET
Table 'Ella II' 6-max Seat #3 is the button
Seat 3: Dok2920 ($208.55 in chips)
Seat 5: Psynto ($356.02 in chips)
Dok2920: posts small blind $1
Psynto: posts big blind $3
*** HOLE CARDS ***
JayEm82 leaves the table
Dok2920: folds
Uncalled bet ($2) returned to Psynto
Psynto collected $2 from pot
Psynto: doesn't show hand
*** SUMMARY ***
Total pot $2 | Rake $0
Seat 3: Dok2920 (button) (small blind) folded before Flop
Seat 5: Psynto (big blind) collected ($2)


PokerStars Hand #150045209277:  Hold'em Limit ($3/$6 USD) - 2016/03/08 14:30:38 ET
Table 'Ella II' 6-max Seat #5 is the button
Seat 3: Dok2920 ($217.55 in chips)
Seat 5: Psynto ($347.38 in chips)
Psynto: posts small blind $1
Dok2920: posts big blind $3
*** HOLE CARDS ***
Psynto: raises $3 to $6
Dok2920: calls $3
*** FLOP *** [Ks 6h 3d]
Dok2920: bets $3
Psynto: raises $3 to $6
Dok2920: folds
Uncalled bet ($3) returned to Psynto
Psynto collected $17.64 from pot
Psynto: doesn't show hand
*** SUMMARY ***
Total pot $18 | Rake $0.36
Board [Ks 6h 3d]
Seat 3: Dok2920 (big blind) folded on the Flop
Seat 5: Psynto (button) (small blind) collected ($17.64)


PokerStars Hand #150045204877:  Hold'em Limit ($3/$6 USD) - 2016/03/08 14:30:34 ET
Table 'Ella II' 6-max Seat #3 is the button
Seat 3: Dok2920 ($218.55 in chips)
Seat 5: Psynto ($346.38 in chips)
Dok2920: posts small blind $1
Psynto: posts big blind $3
*** HOLE CARDS ***
Dok2920: folds
Uncalled bet ($2) returned to Psynto
Psynto collected $2 from pot
Psynto: doesn't show hand
TheEdged leaves the table
*** SUMMARY ***
Total pot $2 | Rake $0
Seat 3: Dok2920 (button) (small blind) folded before Flop
Seat 5: Psynto (big blind) collected ($2)


PokerStars Hand #150045224148:  Hold'em Limit ($3/$6 USD) - 2016/03/08 14:30:54 ET
Table 'Ella II' 6-max Seat #5 is the button
Seat 3: Dok2920 ($207.55 in chips)
Seat 5: Psynto ($357.02 in chips)
Psynto: posts small blind $1
Dok2920: posts big blind $3
*** HOLE CARDS ***
Psynto: raises $3 to $6
Dok2920: calls $3
*** FLOP *** [7s 5c 8h]
Dok2920: checks
Psynto: bets $3
Dok2920: calls $3
*** TURN *** [7s 5c 8h] [5d]
Dok2920: checks
Psynto: bets $6
Dok2920: folds
Uncalled bet ($6) returned to Psynto
Psynto collected $17.64 from pot
Psynto: doesn't show hand
*** SUMMARY ***
Total pot $18 | Rake $0.36
Board [7s 5c 8h 5d]
Seat 3: Dok2920 (big blind) folded on the Turn
Seat 5: Psynto (button) (small blind) collected ($17.64)


PokerStars Hand #150045275281:  Hold'em Limit ($3/$6 USD) - 2016/03/08 14:31:49 ET
Table 'Ella II' 6-max Seat #3 is the button
Seat 3: Dok2920 ($205.07 in chips)
Seat 5: Psynto ($358.66 in chips)
Dok2920: posts small blind $1
Psynto: posts big blind $3
*** HOLE CARDS ***
Dok2920: folds
Uncalled bet ($2) returned to Psynto
Psynto collected $2 from pot
Psynto: doesn't show hand
*** SUMMARY ***
Total pot $2 | Rake $0
Seat 3: Dok2920 (button) (small blind) folded before Flop
Seat 5: Psynto (big blind) collected ($2)


PokerStars Hand #150045271021:  Hold'em Limit ($3/$6 USD) - 2016/03/08 14:31:45 ET
Table 'Ella II' 6-max Seat #5 is the button
Seat 3: Dok2920 ($208.07 in chips)
Seat 5: Psynto ($355.66 in chips)
Psynto: posts small blind $1
Dok2920: posts big blind $3
*** HOLE CARDS ***
Psynto: raises $3 to $6
Dok2920: folds
Uncalled bet ($3) returned to Psynto
Psynto collected $6 from pot
Psynto: doesn't show hand
*** SUMMARY ***
Total pot $6 | Rake $0
Seat 3: Dok2920 (big blind) folded before Flop
Seat 5: Psynto (button) (small blind) collected ($6)


PokerStars Hand #150045266744:  Hold'em Limit ($3/$6 USD) - 2016/03/08 14:31:40 ET
Table 'Ella II' 6-max Seat #3 is the button
Seat 3: Dok2920 ($209.07 in chips)
Seat 5: Psynto ($354.66 in chips)
Dok2920: posts small blind $1
Psynto: posts big blind $3
*** HOLE CARDS ***
Dok2920: folds
Uncalled bet ($2) returned to Psynto
Psynto collected $2 from pot
Psynto: doesn't show hand
*** SUMMARY ***
Total pot $2 | Rake $0
Seat 3: Dok2920 (button) (small blind) folded before Flop
Seat 5: Psynto (big blind) collected ($2)


PokerStars Hand #150045253023:  Hold'em Limit ($3/$6 USD) - 2016/03/08 14:31:26 ET
Table 'Ella II' 6-max Seat #5 is the button
Seat 3: Dok2920 ($197.55 in chips)
Seat 5: Psynto ($366.66 in chips)
Psynto: posts small blind $1
Dok2920: posts big blind $3
*** HOLE CARDS ***
Psynto: raises $3 to $6
Dok2920: raises $3 to $9
Psynto: calls $3
*** FLOP *** [Jh Js 4s]
Dok2920: bets $3
Psynto: calls $3
*** TURN *** [Jh Js 4s] [2d]
Dok2920: bets $6
Psynto: folds
Uncalled bet ($6) returned to Dok2920
Dok2920 collected $23.52 from pot
*** SUMMARY ***
Total pot $24 | Rake $0.48
Board [Jh Js 4s 2d]
Seat 3: Dok2920 (big blind) collected ($23.52)
Seat 5: Psynto (button) (small blind) folded on the Turn


PokerStars Hand #150045248826:  Hold'em Limit ($3/$6 USD) - 2016/03/08 14:31:21 ET
Table 'Ella II' 6-max Seat #3 is the button
Seat 3: Dok2920 ($198.55 in chips)
Seat 5: Psynto ($365.66 in chips)
Dok2920: posts small blind $1
Psynto: posts big blind $3
*** HOLE CARDS ***
Dok2920: folds
Uncalled bet ($2) returned to Psynto
Psynto collected $2 from pot
Psynto: doesn't show hand
*** SUMMARY ***
Total pot $2 | Rake $0
Seat 3: Dok2920 (button) (small blind) folded before Flop
Seat 5: Psynto (big blind) collected ($2)


PokerStars Hand #150045243919:  Hold'em Limit ($3/$6 USD) - 2016/03/08 14:31:16 ET
Table 'Ella II' 6-max Seat #5 is the button
Seat 3: Dok2920 ($201.55 in chips)
Seat 5: Psynto ($362.66 in chips)
Psynto: posts small blind $1
Dok2920: posts big blind $3
*** HOLE CARDS ***
Psynto: raises $3 to $6
Dok2920: folds
Uncalled bet ($3) returned to Psynto
Psynto collected $6 from pot
Psynto: doesn't show hand
*** SUMMARY ***
Total pot $6 | Rake $0
Seat 3: Dok2920 (big blind) folded before Flop
Seat 5: Psynto (button) (small blind) collected ($6)


PokerStars Hand #150045236819:  Hold'em Limit ($3/$6 USD) - 2016/03/08 14:31:08 ET
Table 'Ella II' 6-max Seat #3 is the button
Seat 3: Dok2920 ($198.55 in chips)
Seat 5: Psynto ($365.66 in chips)
Dok2920: posts small blind $1
Psynto: posts big blind $3
*** HOLE CARDS ***
Dok2920: raises $3 to $6
Psynto: folds
Uncalled bet ($3) returned to Dok2920
Dok2920 collected $6 from pot
*** SUMMARY ***
Total pot $6 | Rake $0
Seat 3: Dok2920 (button) (small blind) collected ($6)
Seat 5: Psynto (big blind) folded before Flop


PokerStars Hand #150045279704:  Hold'em Limit ($3/$6 USD) - 2016/03/08 14:31:54 ET
Table 'Ella II' 6-max Seat #5 is the button
Seat 3: Dok2920 ($204.07 in chips)
Seat 5: Psynto ($359.66 in chips)
Psynto: posts small blind $1
Dok2920: posts big blind $3
*** HOLE CARDS ***
Psynto: raises $3 to $6
Dok2920: raises $3 to $9
Psynto: calls $3
*** FLOP *** [Ts Ks 3c]
Dok2920: bets $3
Psynto: calls $3
*** TURN *** [Ts Ks 3c] [6d]
Dok2920: bets $6
Psynto: raises $6 to $12
Dok2920: raises $6 to $18
Psynto: raises $6 to $24
Betting is capped
Dok2920: calls $6
*** RIVER *** [Ts Ks 3c 6d] [Jc]
Dok2920: bets $6
Psynto: calls $6
*** SHOW DOWN ***
Dok2920: shows [As Kc] (a pair of Kings)
Psynto: shows [Kd 3h] (two pair, Kings and Threes)
Psynto collected $83.50 from pot
*** SUMMARY ***
Total pot $84 | Rake $0.50
Board [Ts Ks 3c 6d Jc]
Seat 3: Dok2920 (big blind) showed [As Kc] and lost with a pair of Kings
Seat 5: Psynto (button) (small blind) showed [Kd 3h] and won ($83.50) with two pair, Kings and Threes


PokerStars Hand #150045331376:  Hold'em Limit ($3/$6 USD) - 2016/03/08 14:32:50 ET
Table 'Ella II' 6-max Seat #3 is the button
Seat 3: Dok2920 ($170.57 in chips)
Seat 5: Psynto ($391.68 in chips)
Dok2920: posts small blind $1
Psynto: posts big blind $3
*** HOLE CARDS ***
Dok2920: raises $3 to $6
Psynto: calls $3
*** FLOP *** [3h Kd 3d]
Psynto: checks
Dok2920: bets $3
Psynto: calls $3
*** TURN *** [3h Kd 3d] [6s]
Psynto: checks
Dok2920: checks
*** RIVER *** [3h Kd 3d 6s] [Qd]
Psynto: checks
Dok2920: bets $6
Psynto: calls $6
*** SHOW DOWN ***
Dok2920: shows [9h 7s] (a pair of Threes)
Psynto: shows [4h As] (a pair of Threes - Ace kicker)
Psynto collected $29.50 from pot
*** SUMMARY ***
Total pot $30 | Rake $0.50
Board [3h Kd 3d 6s Qd]
Seat 3: Dok2920 (button) (small blind) showed [9h 7s] and lost with a pair of Threes
Seat 5: Psynto (big blind) showed [4h As] and won ($29.50) with a pair of Threes


PokerStars Hand #150045316119:  Hold'em Limit ($3/$6 USD) - 2016/03/08 14:32:33 ET
Table 'Ella II' 6-max Seat #5 is the button
Seat 3: Dok2920 ($182.57 in chips)
Seat 5: Psynto ($380.16 in chips)
Psynto: posts small blind $1
Dok2920: posts big blind $3
*** HOLE CARDS ***
Psynto: raises $3 to $6
Dok2920: calls $3
*** FLOP *** [5h 3s 5s]
Dok2920: bets $3
Psynto: raises $3 to $6
Dok2920: calls $3
*** TURN *** [5h 3s 5s] [Ah]
Dok2920: checks
Psynto: checks
*** RIVER *** [5h 3s 5s Ah] [Qd]
Dok2920: checks
Psynto: checks
*** SHOW DOWN ***
Dok2920: shows [Tc 6h] (a pair of Fives)
Psynto: shows [Kd Jc] (a pair of Fives - Ace+King kicker)
Psynto collected $23.52 from pot
*** SUMMARY ***
Total pot $24 | Rake $0.48
Board [5h 3s 5s Ah Qd]
Seat 3: Dok2920 (big blind) showed [Tc 6h] and lost with a pair of Fives
Seat 5: Psynto (button) (small blind) showed [Kd Jc] and won ($23.52) with a pair of Fives


PokerStars Hand #150045295511:  Hold'em Limit ($3/$6 USD) - 2016/03/08 14:32:11 ET
Table 'Ella II' 6-max Seat #3 is the button
Seat 3: Dok2920 ($162.07 in chips)
Seat 5: Psynto ($401.16 in chips)
Dok2920: posts small blind $1
Psynto: posts big blind $3
*** HOLE CARDS ***
Dok2920 said, "wtf??????"
Dok2920: raises $3 to $6
Psynto: calls $3
*** FLOP *** [4c 5d 3d]
Psynto: checks
Dok2920: bets $3
Psynto: calls $3
*** TURN *** [4c 5d 3d] [2c]
Psynto: checks
Dok2920: bets $6
Psynto: calls $6
*** RIVER *** [4c 5d 3d 2c] [2h]
Psynto: checks
Dok2920: bets $6
Psynto: calls $6
*** SHOW DOWN ***
Dok2920: shows [6h Js] (a straight, Deuce to Six)
Psynto: mucks hand
Dok2920 collected $41.50 from pot
*** SUMMARY ***
Total pot $42 | Rake $0.50
Board [4c 5d 3d 2c 2h]
Seat 3: Dok2920 (button) (small blind) showed [6h Js] and won ($41.50) with a straight, Deuce to Six
Seat 5: Psynto (big blind) mucked


PokerStars Hand #150045344742:  Hold'em Limit ($3/$6 USD) - 2016/03/08 14:33:04 ET
Table 'Ella II' 6-max Seat #5 is the button
Seat 3: Dok2920 ($155.57 in chips)
Seat 5: Psynto ($406.18 in chips)
Psynto: posts small blind $1
Dok2920: posts big blind $3
*** HOLE CARDS ***
Psynto: raises $3 to $6
Dok2920: calls $3
*** FLOP *** [7c Kh 9s]
Dok2920: checks
Psynto: bets $3
Dok2920: folds
Uncalled bet ($3) returned to Psynto
Dok2920 leaves the table
Psynto collected $11.76 from pot
Psynto: doesn't show hand
*** SUMMARY ***
Total pot $12 | Rake $0.24
Board [7c Kh 9s]
Seat 3: Dok2920 (big blind) folded on the Flop
Seat 5: Psynto (button) (small blind) collected ($11.76)


