PokerStars Hand #145549030645:  Hold'em Limit ($3/$6 USD) - 2015/12/18 16:20:46 ET
Table 'Ella II' 6-max Seat #1 is the button
Seat 1: andrey0709 ($134.40 in chips)
Seat 2: Velbor107 ($285 in chips)
andrey0709: posts small blind $1
belik555 joins the table at seat #3
Velbor107: posts big blind $3
*** HOLE CARDS ***
andrey0709: folds
Uncalled bet ($2) returned to Velbor107
Velbor107 collected $2 from pot
*** SUMMARY ***
Total pot $2 | Rake $0
Seat 1: andrey0709 (button) (small blind) folded before Flop
Seat 2: Velbor107 (big blind) collected ($2)


PokerStars Hand #145548987715:  Hold'em Limit ($3/$6 USD) - 2015/12/18 16:20:00 ET
Table 'Ella II' 6-max Seat #2 is the button
Seat 1: andrey0709 ($122.88 in chips)
Seat 2: Velbor107 ($297 in chips)
Velbor107: posts small blind $1
andrey0709: posts big blind $3
*** HOLE CARDS ***
Velbor107: raises $3 to $6
andrey0709: calls $3
*** FLOP *** [Jh 7s 8c]
andrey0709: checks
Velbor107: checks
*** TURN *** [Jh 7s 8c] [Qs]
andrey0709: checks
Velbor107: bets $6
andrey0709: calls $6
*** RIVER *** [Jh 7s 8c Qs] [9h]
andrey0709: bets $6
Velbor107: folds
Uncalled bet ($6) returned to andrey0709
andrey0709 collected $23.52 from pot
andrey0709: doesn't show hand
*** SUMMARY ***
Total pot $24 | Rake $0.48
Board [Jh 7s 8c Qs 9h]
Seat 1: andrey0709 (big blind) collected ($23.52)
Seat 2: Velbor107 (button) (small blind) folded on the River


PokerStars Hand #145550329421:  Hold'em Limit ($3/$6 USD) - 2015/12/18 16:44:33 ET
Table 'Ella II' 6-max Seat #3 is the button
Seat 1: andrey0709 ($81.89 in chips)
Seat 3: Chessnok ($100.68 in chips)
Chessnok: posts small blind $1
ChrisTuff: is sitting out
andrey0709: posts big blind $3
*** HOLE CARDS ***
Chessnok: raises $3 to $6
ChrisTuff leaves the table
andrey0709: calls $3
*** FLOP *** [4d 5s Qh]
andrey0709: checks
Chessnok: bets $3
andrey0709: folds
Uncalled bet ($3) returned to Chessnok
Chessnok collected $11.76 from pot
Chessnok: doesn't show hand
*** SUMMARY ***
Total pot $12 | Rake $0.24
Board [4d 5s Qh]
Seat 1: andrey0709 (big blind) folded on the Flop
Seat 3: Chessnok (button) (small blind) collected ($11.76)


PokerStars Hand #145550349027:  Hold'em Limit ($3/$6 USD) - 2015/12/18 16:44:55 ET
Table 'Ella II' 6-max Seat #1 is the button
Seat 1: andrey0709 ($75.89 in chips)
Seat 3: Chessnok ($106.44 in chips)
andrey0709: posts small blind $1
Chessnok: posts big blind $3
*** HOLE CARDS ***
andrey0709: folds
Uncalled bet ($2) returned to Chessnok
Chessnok collected $2 from pot
Chessnok: doesn't show hand
*** SUMMARY ***
Total pot $2 | Rake $0
Seat 1: andrey0709 (button) (small blind) folded before Flop
Seat 3: Chessnok (big blind) collected ($2)


PokerStars Hand #145550361071:  Hold'em Limit ($3/$6 USD) - 2015/12/18 16:45:08 ET
Table 'Ella II' 6-max Seat #3 is the button
Seat 1: andrey0709 ($74.89 in chips)
Seat 3: Chessnok ($107.44 in chips)
Chessnok: posts small blind $1
andrey0709: posts big blind $3
*** HOLE CARDS ***
Chessnok: raises $3 to $6
andrey0709: calls $3
*** FLOP *** [7s 8h 8d]
andrey0709: checks
Chessnok: bets $3
andrey0709: calls $3
*** TURN *** [7s 8h 8d] [5c]
andrey0709: checks
Chessnok: bets $6
andrey0709: calls $6
*** RIVER *** [7s 8h 8d 5c] [2c]
andrey0709: checks
Chessnok: bets $6
andrey0709: folds
Uncalled bet ($6) returned to Chessnok
Chessnok collected $29.50 from pot
Chessnok: doesn't show hand
*** SUMMARY ***
Total pot $30 | Rake $0.50
Board [7s 8h 8d 5c 2c]
Seat 1: andrey0709 (big blind) folded on the River
Seat 3: Chessnok (button) (small blind) collected ($29.50)


PokerStars Hand #145550392190:  Hold'em Limit ($3/$6 USD) - 2015/12/18 16:45:43 ET
Table 'Ella II' 6-max Seat #3 is the button
Seat 1: andrey0709 ($58.89 in chips)
Seat 3: Chessnok ($122.94 in chips)
Chessnok: posts small blind $1
andrey0709: posts big blind $3
*** HOLE CARDS ***
Chessnok: folds
Uncalled bet ($2) returned to andrey0709
andrey0709 collected $2 from pot
andrey0709: doesn't show hand
*** SUMMARY ***
Total pot $2 | Rake $0
Seat 1: andrey0709 (big blind) collected ($2)
Seat 3: Chessnok (button) (small blind) folded before Flop


PokerStars Hand #145550386662:  Hold'em Limit ($3/$6 USD) - 2015/12/18 16:45:37 ET
Table 'Ella II' 6-max Seat #1 is the button
Seat 1: andrey0709 ($59.89 in chips)
Seat 3: Chessnok ($121.94 in chips)
andrey0709: posts small blind $1
Chessnok: posts big blind $3
*** HOLE CARDS ***
andrey0709: folds
Uncalled bet ($2) returned to Chessnok
Chessnok collected $2 from pot
*** SUMMARY ***
Total pot $2 | Rake $0
Seat 1: andrey0709 (button) (small blind) folded before Flop
Seat 3: Chessnok (big blind) collected ($2)


PokerStars Hand #145550398920:  Hold'em Limit ($3/$6 USD) - 2015/12/18 16:45:50 ET
Table 'Ella II' 6-max Seat #1 is the button
Seat 1: andrey0709 ($59.89 in chips)
Seat 3: Chessnok ($121.94 in chips)
andrey0709: posts small blind $1
Chessnok: posts big blind $3
*** HOLE CARDS ***
andrey0709: calls $2
Chessnok: raises $3 to $6
andrey0709: calls $3
*** FLOP *** [8d 7h Kc]
Chessnok: bets $3
andrey0709: calls $3
*** TURN *** [8d 7h Kc] [Ad]
Chessnok: bets $6
andrey0709: calls $6
*** RIVER *** [8d 7h Kc Ad] [5c]
Chessnok: checks
andrey0709: bets $6
Chessnok: calls $6
*** SHOW DOWN ***
andrey0709: shows [Kh 3d] (a pair of Kings)
Chessnok: mucks hand
andrey0709 collected $41.50 from pot
*** SUMMARY ***
Total pot $42 | Rake $0.50
Board [8d 7h Kc Ad 5c]
Seat 1: andrey0709 (button) (small blind) showed [Kh 3d] and won ($41.50) with a pair of Kings
Seat 3: Chessnok (big blind) mucked


PokerStars Hand #145550415577:  Hold'em Limit ($3/$6 USD) - 2015/12/18 16:46:09 ET
Table 'Ella II' 6-max Seat #3 is the button
Seat 1: andrey0709 ($80.39 in chips)
Seat 3: Chessnok ($100.94 in chips)
Chessnok: posts small blind $1
andrey0709: posts big blind $3
*** HOLE CARDS ***
Chessnok: raises $3 to $6
andrey0709: calls $3
*** FLOP *** [Qh 2s Jd]
andrey0709: checks
Chessnok: bets $3
andrey0709: folds
Uncalled bet ($3) returned to Chessnok
Chessnok collected $11.76 from pot
Chessnok: doesn't show hand
*** SUMMARY ***
Total pot $12 | Rake $0.24
Board [Qh 2s Jd]
Seat 1: andrey0709 (big blind) folded on the Flop
Seat 3: Chessnok (button) (small blind) collected ($11.76)


PokerStars Hand #145550424891:  Hold'em Limit ($3/$6 USD) - 2015/12/18 16:46:19 ET
Table 'Ella II' 6-max Seat #1 is the button
Seat 1: andrey0709 ($74.39 in chips)
Seat 3: Chessnok ($106.70 in chips)
andrey0709: posts small blind $1
Chessnok: posts big blind $3
*** HOLE CARDS ***
andrey0709: raises $3 to $6
Chessnok: calls $3
*** FLOP *** [4h 8c 5c]
Chessnok: bets $3
andrey0709: calls $3
*** TURN *** [4h 8c 5c] [3d]
Chessnok: bets $6
andrey0709: folds
Uncalled bet ($6) returned to Chessnok
Chessnok collected $17.64 from pot
Chessnok: doesn't show hand
*** SUMMARY ***
Total pot $18 | Rake $0.36
Board [4h 8c 5c 3d]
Seat 1: andrey0709 (button) (small blind) folded on the Turn
Seat 3: Chessnok (big blind) collected ($17.64)


PokerStars Hand #145550442574:  Hold'em Limit ($3/$6 USD) - 2015/12/18 16:46:38 ET
Table 'Ella II' 6-max Seat #3 is the button
Seat 1: andrey0709 ($65.39 in chips)
Seat 3: Chessnok ($115.34 in chips)
Chessnok: posts small blind $1
andrey0709: posts big blind $3
*** HOLE CARDS ***
Chessnok: folds
Uncalled bet ($2) returned to andrey0709
andrey0709 collected $2 from pot
andrey0709: doesn't show hand
*** SUMMARY ***
Total pot $2 | Rake $0
Seat 1: andrey0709 (big blind) collected ($2)
Seat 3: Chessnok (button) (small blind) folded before Flop


PokerStars Hand #145550446374:  Hold'em Limit ($3/$6 USD) - 2015/12/18 16:46:43 ET
Table 'Ella II' 6-max Seat #1 is the button
Seat 1: andrey0709 ($66.39 in chips)
Seat 3: Chessnok ($114.34 in chips)
andrey0709: posts small blind $1
Chessnok: posts big blind $3
*** HOLE CARDS ***
andrey0709: calls $2
Chessnok: raises $3 to $6
andrey0709: calls $3
*** FLOP *** [2h 4c Ac]
Chessnok: bets $3
andrey0709: calls $3
*** TURN *** [2h 4c Ac] [8c]
Chessnok: bets $6
andrey0709: folds
Uncalled bet ($6) returned to Chessnok
Chessnok collected $17.64 from pot
Chessnok: doesn't show hand
*** SUMMARY ***
Total pot $18 | Rake $0.36
Board [2h 4c Ac 8c]
Seat 1: andrey0709 (button) (small blind) folded on the Turn
Seat 3: Chessnok (big blind) collected ($17.64)


PokerStars Hand #145550460595:  Hold'em Limit ($3/$6 USD) - 2015/12/18 16:46:58 ET
Table 'Ella II' 6-max Seat #3 is the button
Seat 1: andrey0709 ($57.39 in chips)
Seat 3: Chessnok ($122.98 in chips)
Chessnok: posts small blind $1
andrey0709: posts big blind $3
*** HOLE CARDS ***
Chessnok: raises $3 to $6
andrey0709: raises $3 to $9
Chessnok: calls $3
*** FLOP *** [6d Ad 4h]
andrey0709: bets $3
Chessnok: folds
Uncalled bet ($3) returned to andrey0709
andrey0709 collected $17.64 from pot
andrey0709: doesn't show hand
*** SUMMARY ***
Total pot $18 | Rake $0.36
Board [6d Ad 4h]
Seat 1: andrey0709 (big blind) collected ($17.64)
Seat 3: Chessnok (button) (small blind) folded on the Flop


PokerStars Hand #145550484193:  Hold'em Limit ($3/$6 USD) - 2015/12/18 16:47:26 ET
Table 'Ella II' 6-max Seat #3 is the button
Seat 1: andrey0709 ($80.53 in chips)
Seat 3: Chessnok ($98.98 in chips)
Chessnok: posts small blind $1
andrey0709: posts big blind $3
*** HOLE CARDS ***
Chessnok: raises $3 to $6
andrey0709: raises $3 to $9
Chessnok: calls $3
*** FLOP *** [4c Kc Tc]
andrey0709: checks
Chessnok: bets $3
andrey0709: calls $3
*** TURN *** [4c Kc Tc] [Ts]
andrey0709: checks
Chessnok: bets $6
andrey0709: calls $6
*** RIVER *** [4c Kc Tc Ts] [5h]
andrey0709: checks
Chessnok: bets $6
andrey0709: calls $6
*** SHOW DOWN ***
Chessnok: shows [2h Kh] (two pair, Kings and Tens)
andrey0709: mucks hand
Chessnok collected $47.50 from pot
*** SUMMARY ***
Total pot $48 | Rake $0.50
Board [4c Kc Tc Ts 5h]
Seat 1: andrey0709 (big blind) mucked
Seat 3: Chessnok (button) (small blind) showed [2h Kh] and won ($47.50) with two pair, Kings and Tens


PokerStars Hand #145550468942:  Hold'em Limit ($3/$6 USD) - 2015/12/18 16:47:08 ET
Table 'Ella II' 6-max Seat #1 is the button
Seat 1: andrey0709 ($66.03 in chips)
Seat 3: Chessnok ($113.98 in chips)
andrey0709: posts small blind $1
Chessnok: posts big blind $3
*** HOLE CARDS ***
andrey0709: calls $2
Chessnok: raises $3 to $6
andrey0709: calls $3
*** FLOP *** [Qd 5d 8s]
Chessnok: bets $3
andrey0709: calls $3
*** TURN *** [Qd 5d 8s] [7d]
Chessnok: bets $6
andrey0709: raises $6 to $12
Chessnok: folds
Uncalled bet ($6) returned to andrey0709
ssiwy1971 joins the table at seat #2
andrey0709 collected $29.50 from pot
andrey0709: doesn't show hand
*** SUMMARY ***
Total pot $30 | Rake $0.50
Board [Qd 5d 8s 7d]
Seat 1: andrey0709 (button) (small blind) collected ($29.50)
Seat 3: Chessnok (big blind) folded on the Turn


PokerStars Hand #145550622086:  Hold'em Limit ($3/$6 USD) - 2015/12/18 16:50:05 ET
Table 'Ella II' 6-max Seat #3 is the button
Seat 1: andrey0709 ($21.53 in chips)
Seat 3: Chessnok ($125.65 in chips)
Chessnok: posts small blind $1
andrey0709: posts big blind $3
*** HOLE CARDS ***
Chessnok: folds
Uncalled bet ($2) returned to andrey0709
andrey0709 collected $2 from pot
andrey0709: doesn't show hand
*** SUMMARY ***
Total pot $2 | Rake $0
Seat 1: andrey0709 (big blind) collected ($2)
Seat 3: Chessnok (button) (small blind) folded before Flop


PokerStars Hand #145550606444:  Hold'em Limit ($3/$6 USD) - 2015/12/18 16:49:48 ET
Table 'Ella II' 6-max Seat #1 is the button
Seat 1: andrey0709 ($22.53 in chips)
Seat 3: Chessnok ($124.65 in chips)
andrey0709: posts small blind $1
Chessnok: posts big blind $3
*** HOLE CARDS ***
andrey0709: folds
Uncalled bet ($2) returned to Chessnok
Chessnok collected $2 from pot
Chessnok: doesn't show hand
*** SUMMARY ***
Total pot $2 | Rake $0
Seat 1: andrey0709 (button) (small blind) folded before Flop
Seat 3: Chessnok (big blind) collected ($2)


PokerStars Hand #145550630449:  Hold'em Limit ($3/$6 USD) - 2015/12/18 16:50:15 ET
Table 'Ella II' 6-max Seat #3 is the button
Seat 1: andrey0709 ($21.53 in chips)
Seat 3: Chessnok ($125.65 in chips)
Chessnok: posts small blind $1
andrey0709: posts big blind $3
*** HOLE CARDS ***
Sunny1022 joins the table at seat #5
Chessnok: raises $3 to $6
andrey0709: folds
Uncalled bet ($3) returned to Chessnok
Chessnok collected $6 from pot
Chessnok: doesn't show hand
*** SUMMARY ***
Total pot $6 | Rake $0
Seat 1: andrey0709 (big blind) folded before Flop
Seat 3: Chessnok (button) (small blind) collected ($6)


PokerStars Hand #145550626292:  Hold'em Limit ($3/$6 USD) - 2015/12/18 16:50:10 ET
Table 'Ella II' 6-max Seat #1 is the button
Seat 1: andrey0709 ($22.53 in chips)
Seat 3: Chessnok ($124.65 in chips)
andrey0709: posts small blind $1
Chessnok: posts big blind $3
*** HOLE CARDS ***
andrey0709: folds
Uncalled bet ($2) returned to Chessnok
Chessnok collected $2 from pot
Chessnok: doesn't show hand
*** SUMMARY ***
Total pot $2 | Rake $0
Seat 1: andrey0709 (button) (small blind) folded before Flop
Seat 3: Chessnok (big blind) collected ($2)


PokerStars Hand #145550635836:  Hold'em Limit ($3/$6 USD) - 2015/12/18 16:50:21 ET
Table 'Ella II' 6-max Seat #1 is the button
Seat 1: andrey0709 ($18.53 in chips)
Seat 3: Chessnok ($128.65 in chips)
andrey0709: posts small blind $1
Chessnok: posts big blind $3
*** HOLE CARDS ***
andrey0709: folds
Uncalled bet ($2) returned to Chessnok
Chessnok collected $2 from pot
Chessnok: doesn't show hand
*** SUMMARY ***
Total pot $2 | Rake $0
Seat 1: andrey0709 (button) (small blind) folded before Flop
Seat 3: Chessnok (big blind) collected ($2)


PokerStars Hand #145556036241:  Hold'em Limit ($3/$6 USD) - 2015/12/18 18:40:03 ET
Table 'Ella II' 6-max Seat #6 is the button
Seat 3: Chessnok ($141.69 in chips)
Seat 6: julenchu ($91.47 in chips)
julenchu: posts small blind $1
alexslep: is sitting out
Widegermany was removed from the table for failing to post
Chessnok: posts big blind $3
*** HOLE CARDS ***
alexslep leaves the table
julenchu: raises $3 to $6
Chessnok: folds
Uncalled bet ($3) returned to julenchu
julenchu collected $6 from pot
julenchu: doesn't show hand
*** SUMMARY ***
Total pot $6 | Rake $0
Seat 3: Chessnok (big blind) folded before Flop
Seat 6: julenchu (button) (small blind) collected ($6)


