PokerStars Hand #166797875546:  Hold'em Limit ($3/$6 USD) - 2017/02/26 9:06:21 ET
Table 'Ella' 6-max Seat #5 is the button
Seat 5: japachess ($112.53 in chips)
Seat 6: AzureCaper ($78.81 in chips)
japachess: posts small blind $1
AzureCaper: posts big blind $3
*** HOLE CARDS ***
japachess: raises $3 to $6
AzureCaper: folds
Uncalled bet ($3) returned to japachess
japachess collected $6 from pot
japachess: doesn't show hand
*** SUMMARY ***
Total pot $6 | Rake $0
Seat 5: japachess (button) (small blind) collected ($6)
Seat 6: AzureCaper (big blind) folded before Flop


PokerStars Hand #166797870459:  Hold'em Limit ($3/$6 USD) - 2017/02/26 9:06:14 ET
Table 'Ella' 6-max Seat #6 is the button
Seat 5: japachess ($111.53 in chips)
Seat 6: AzureCaper ($79.81 in chips)
AzureCaper: posts small blind $1
TbIP-TbIP 88: is sitting out
japachess: posts big blind $3
*** HOLE CARDS ***
TbIP-TbIP 88 leaves the table
AzureCaper: folds
Uncalled bet ($2) returned to japachess
japachess collected $2 from pot
japachess: doesn't show hand
*** SUMMARY ***
Total pot $2 | Rake $0
Seat 5: japachess (big blind) collected ($2)
Seat 6: AzureCaper (button) (small blind) folded before Flop


PokerStars Hand #166797905285:  Hold'em Limit ($3/$6 USD) - 2017/02/26 9:07:03 ET
Table 'Ella' 6-max Seat #5 is the button
Seat 5: japachess ($116.53 in chips)
Seat 6: AzureCaper ($75 in chips)
japachess: posts small blind $1
AzureCaper: posts big blind $3
*** HOLE CARDS ***
japachess: raises $3 to $6
AzureCaper: calls $3
*** FLOP *** [3c 5s 2d]
AzureCaper: checks
japachess: bets $3
AzureCaper: raises $3 to $6
japachess: calls $3
*** TURN *** [3c 5s 2d] [Jh]
AzureCaper: bets $6
japachess: folds
Uncalled bet ($6) returned to AzureCaper
AzureCaper collected $23.52 from pot
AzureCaper: doesn't show hand
*** SUMMARY ***
Total pot $24 | Rake $0.48
Board [3c 5s 2d Jh]
Seat 5: japachess (button) (small blind) folded on the Turn
Seat 6: AzureCaper (big blind) collected ($23.52)


PokerStars Hand #166797891289:  Hold'em Limit ($3/$6 USD) - 2017/02/26 9:06:43 ET
Table 'Ella' 6-max Seat #6 is the button
Seat 5: japachess ($119.53 in chips)
Seat 6: AzureCaper ($72 in chips)
AzureCaper: posts small blind $1
japachess: posts big blind $3
*** HOLE CARDS ***
AzureCaper: raises $3 to $6
Rus29APX joins the table at seat #4
japachess: folds
Uncalled bet ($3) returned to AzureCaper
AzureCaper collected $6 from pot
AzureCaper: doesn't show hand
*** SUMMARY ***
Total pot $6 | Rake $0
Seat 5: japachess (big blind) folded before Flop
Seat 6: AzureCaper (button) (small blind) collected ($6)


PokerStars Hand #166797885559:  Hold'em Limit ($3/$6 USD) - 2017/02/26 9:06:35 ET
Table 'Ella' 6-max Seat #5 is the button
Seat 5: japachess ($116.53 in chips)
Seat 6: AzureCaper ($74.81 in chips)
japachess: posts small blind $1
AzureCaper: posts big blind $3
*** HOLE CARDS ***
japachess: raises $3 to $6
AzureCaper: folds
Uncalled bet ($3) returned to japachess
japachess collected $6 from pot
japachess: doesn't show hand
*** SUMMARY ***
Total pot $6 | Rake $0
Seat 5: japachess (button) (small blind) collected ($6)
Seat 6: AzureCaper (big blind) folded before Flop


PokerStars Hand #166797881259:  Hold'em Limit ($3/$6 USD) - 2017/02/26 9:06:29 ET
Table 'Ella' 6-max Seat #6 is the button
Seat 5: japachess ($115.53 in chips)
Seat 6: AzureCaper ($75.81 in chips)
AzureCaper: posts small blind $1
japachess: posts big blind $3
*** HOLE CARDS ***
AzureCaper: folds
Uncalled bet ($2) returned to japachess
japachess collected $2 from pot
japachess: doesn't show hand
*** SUMMARY ***
Total pot $2 | Rake $0
Seat 5: japachess (big blind) collected ($2)
Seat 6: AzureCaper (button) (small blind) folded before Flop


PokerStars Hand #166797956323:  Hold'em Limit ($3/$6 USD) - 2017/02/26 9:08:15 ET
Table 'Ella' 6-max Seat #4 is the button
Seat 4: Rus29APX ($142.56 in chips)
Seat 6: AzureCaper ($72 in chips)
Rus29APX: posts small blind $1
japachess: is sitting out
japachess leaves the table
AzureCaper: posts big blind $3
*** HOLE CARDS ***
Rus29APX: raises $3 to $6
AzureCaper: calls $3
*** FLOP *** [Tc Qc Ac]
AzureCaper: checks
Rus29APX: bets $3
AzureCaper: calls $3
*** TURN *** [Tc Qc Ac] [Ks]
AzureCaper: checks
Rus29APX: checks
*** RIVER *** [Tc Qc Ac Ks] [Qd]
AzureCaper: checks
Rus29APX: bets $6
AzureCaper: folds
Uncalled bet ($6) returned to Rus29APX
Rus29APX collected $17.64 from pot
Rus29APX: doesn't show hand
*** SUMMARY ***
Total pot $18 | Rake $0.36
Board [Tc Qc Ac Ks Qd]
Seat 4: Rus29APX (button) (small blind) collected ($17.64)
Seat 6: AzureCaper (big blind) folded on the River


