PokerStars Hand #161017360257:  Hold'em Limit ($3/$6 USD) - 2016/11/06 18:12:58 ET
Table 'Ella' 6-max Seat #5 is the button
Seat 4: Actionni13 ($166.07 in chips)
Seat 5: Brama Br ($23.22 in chips)
Brama Br: posts small blind $1
Actionni13: posts big blind $3
*** HOLE CARDS ***
Brama Br: folds
Uncalled bet ($2) returned to Actionni13
Actionni13 collected $2 from pot
Actionni13: doesn't show hand
*** SUMMARY ***
Total pot $2 | Rake $0
Seat 4: Actionni13 (big blind) collected ($2)
Seat 5: Brama Br (button) (small blind) folded before Flop


PokerStars Hand #161017350659:  Hold'em Limit ($3/$6 USD) - 2016/11/06 18:12:46 ET
Table 'Ella' 6-max Seat #4 is the button
Seat 4: Actionni13 ($160.31 in chips)
Seat 5: Brama Br ($29.22 in chips)
Actionni13: posts small blind $1
Brama Br: posts big blind $3
*** HOLE CARDS ***
Actionni13: raises $3 to $6
Brama Br: calls $3
*** FLOP *** [2d 9h Qc]
Brama Br: checks
Actionni13: bets $3
Brama Br: folds
Uncalled bet ($3) returned to Actionni13
Actionni13 collected $11.76 from pot
Actionni13: doesn't show hand
*** SUMMARY ***
Total pot $12 | Rake $0.24
Board [2d 9h Qc]
Seat 4: Actionni13 (button) (small blind) collected ($11.76)
Seat 5: Brama Br (big blind) folded on the Flop


PokerStars Hand #161017325228:  Hold'em Limit ($3/$6 USD) - 2016/11/06 18:12:14 ET
Table 'Ella' 6-max Seat #5 is the button
Seat 4: Actionni13 ($175.17 in chips)
Seat 5: Brama Br ($14.86 in chips)
Brama Br: posts small blind $1
ValeryRon: is sitting out
Actionni13: posts big blind $3
*** HOLE CARDS ***
Brama Br: raises $3 to $6
ValeryRon leaves the table
Actionni13: raises $3 to $9
Brama Br: raises $3 to $12
Betting is capped
Actionni13: calls $3
*** FLOP *** [6c Ad As]
Actionni13: checks
Brama Br: bets $2.86 and is all-in
Actionni13: calls $2.86
*** TURN *** [6c Ad As] [9s]
*** RIVER *** [6c Ad As 9s] [3d]
*** SHOW DOWN ***
Actionni13: shows [Td Kc] (a pair of Aces)
Brama Br: shows [9d Qh] (two pair, Aces and Nines)
Brama Br collected $29.22 from pot
*** SUMMARY ***
Total pot $29.72 | Rake $0.50
Board [6c Ad As 9s 3d]
Seat 4: Actionni13 (big blind) showed [Td Kc] and lost with a pair of Aces
Seat 5: Brama Br (button) (small blind) showed [9d Qh] and won ($29.22) with two pair, Aces and Nines


PokerStars Hand #161017393223:  Hold'em Limit ($3/$6 USD) - 2016/11/06 18:13:40 ET
Table 'Ella' 6-max Seat #5 is the button
Seat 4: Actionni13 ($150 in chips)
Seat 5: Brama Br ($39.72 in chips)
Brama Br: posts small blind $1
Actionni13: posts big blind $3
*** HOLE CARDS ***
Brama Br: raises $3 to $6
Actionni13: calls $3
*** FLOP *** [6c 7h Jc]
Actionni13: checks
Brama Br: bets $3
Actionni13: calls $3
*** TURN *** [6c 7h Jc] [Kc]
Actionni13: checks
Brama Br: bets $6
Actionni13: folds
Uncalled bet ($6) returned to Brama Br
Brama Br collected $17.64 from pot
Brama Br: doesn't show hand
*** SUMMARY ***
Total pot $18 | Rake $0.36
Board [6c 7h Jc Kc]
Seat 4: Actionni13 (big blind) folded on the Turn
Seat 5: Brama Br (button) (small blind) collected ($17.64)


PokerStars Hand #161017364868:  Hold'em Limit ($3/$6 USD) - 2016/11/06 18:13:04 ET
Table 'Ella' 6-max Seat #4 is the button
Seat 4: Actionni13 ($167.07 in chips)
Seat 5: Brama Br ($22.22 in chips)
Actionni13: posts small blind $1
Brama Br: posts big blind $3
*** HOLE CARDS ***
Actionni13: raises $3 to $6
Brama Br: calls $3
*** FLOP *** [Qh 2h 4d]
Brama Br: checks
Actionni13: bets $3
Brama Br: raises $3 to $6
Actionni13: calls $3
*** TURN *** [Qh 2h 4d] [4h]
Brama Br: bets $6
Actionni13: calls $6
*** RIVER *** [Qh 2h 4d 4h] [2d]
Brama Br: bets $4.22 and is all-in
Actionni13: folds
Uncalled bet ($4.22) returned to Brama Br
Brama Br collected $35.50 from pot
Brama Br: doesn't show hand
*** SUMMARY ***
Total pot $36 | Rake $0.50
Board [Qh 2h 4d 4h 2d]
Seat 4: Actionni13 (button) (small blind) folded on the River
Seat 5: Brama Br (big blind) collected ($35.50)


PokerStars Hand #161017438793:  Hold'em Limit ($3/$6 USD) - 2016/11/06 18:14:39 ET
Table 'Ella' 6-max Seat #4 is the button
Seat 4: Actionni13 ($159.64 in chips)
Seat 5: Brama Br ($38.36 in chips)
Actionni13: posts small blind $1
Brama Br: posts big blind $3
*** HOLE CARDS ***
Actionni13: raises $3 to $6
Brama Br: calls $3
*** FLOP *** [9s Jd 9d]
Brama Br: checks
Actionni13: bets $3
Brama Br: folds
Uncalled bet ($3) returned to Actionni13
Actionni13 collected $11.76 from pot
Actionni13: doesn't show hand
*** SUMMARY ***
Total pot $12 | Rake $0.24
Board [9s Jd 9d]
Seat 4: Actionni13 (button) (small blind) collected ($11.76)
Seat 5: Brama Br (big blind) folded on the Flop


PokerStars Hand #161017433417:  Hold'em Limit ($3/$6 USD) - 2016/11/06 18:14:32 ET
Table 'Ella' 6-max Seat #5 is the button
Seat 4: Actionni13 ($158.64 in chips)
Seat 5: Brama Br ($39.36 in chips)
Brama Br: posts small blind $1
Actionni13: posts big blind $3
*** HOLE CARDS ***
Brama Br: folds
Uncalled bet ($2) returned to Actionni13
Actionni13 collected $2 from pot
Actionni13: doesn't show hand
*** SUMMARY ***
Total pot $2 | Rake $0
Seat 4: Actionni13 (big blind) collected ($2)
Seat 5: Brama Br (button) (small blind) folded before Flop


PokerStars Hand #161017417178:  Hold'em Limit ($3/$6 USD) - 2016/11/06 18:14:11 ET
Table 'Ella' 6-max Seat #4 is the button
Seat 4: Actionni13 ($150 in chips)
Seat 5: Brama Br ($48.36 in chips)
Actionni13: posts small blind $1
Brama Br: posts big blind $3
*** HOLE CARDS ***
Actionni13: raises $3 to $6
Brama Br: calls $3
*** FLOP *** [2d 9d 4d]
Brama Br: checks
Actionni13: bets $3
Brama Br: calls $3
*** TURN *** [2d 9d 4d] [Jc]
Brama Br: checks
Actionni13: bets $6
Brama Br: folds
Uncalled bet ($6) returned to Actionni13
Actionni13 collected $17.64 from pot
Actionni13: doesn't show hand
*** SUMMARY ***
Total pot $18 | Rake $0.36
Board [2d 9d 4d Jc]
Seat 4: Actionni13 (button) (small blind) collected ($17.64)
Seat 5: Brama Br (big blind) folded on the Turn


PokerStars Hand #161017450480:  Hold'em Limit ($3/$6 USD) - 2016/11/06 18:14:54 ET
Table 'Ella' 6-max Seat #5 is the button
Seat 4: Actionni13 ($165.40 in chips)
Seat 5: Brama Br ($32.36 in chips)
Brama Br: posts small blind $1
Actionni13: posts big blind $3
*** HOLE CARDS ***
Brama Br: raises $3 to $6
Actionni13: calls $3
*** FLOP *** [Js Td Ad]
Actionni13: checks
Brama Br: bets $3
Actionni13: calls $3
*** TURN *** [Js Td Ad] [5c]
Actionni13: checks
Brama Br: bets $6
Actionni13: calls $6
*** RIVER *** [Js Td Ad 5c] [Kh]
Actionni13: checks
Brama Br: checks
*** SHOW DOWN ***
Actionni13: shows [8c Jc] (a pair of Jacks)
Brama Br: shows [As 9c] (a pair of Aces)
Brama Br collected $29.50 from pot
*** SUMMARY ***
Total pot $30 | Rake $0.50
Board [Js Td Ad 5c Kh]
Seat 4: Actionni13 (big blind) showed [8c Jc] and lost with a pair of Jacks
Seat 5: Brama Br (button) (small blind) showed [As 9c] and won ($29.50) with a pair of Aces


PokerStars Hand #161017537363:  Hold'em Limit ($3/$6 USD) - 2016/11/06 18:16:47 ET
Table 'Ella' 6-max Seat #5 is the button
Seat 4: Actionni13 ($179.54 in chips)
Seat 5: Brama Br ($16.86 in chips)
Brama Br: posts small blind $1
Actionni13: posts big blind $3
*** HOLE CARDS ***
Brama Br: raises $3 to $6
Actionni13: raises $3 to $9
Brama Br: raises $3 to $12
Betting is capped
Actionni13: calls $3
*** FLOP *** [Qd Qc Qh]
Actionni13: bets $3
Brama Br: raises $1.86 to $4.86 and is all-in
Actionni13: calls $1.86
*** TURN *** [Qd Qc Qh] [3h]
*** RIVER *** [Qd Qc Qh 3h] [7h]
*** SHOW DOWN ***
Actionni13: shows [7c As] (a full house, Queens full of Sevens)
Brama Br: shows [6h 8h] (a flush, Queen high)
Actionni13 collected $33.22 from pot
*** SUMMARY ***
Total pot $33.72 | Rake $0.50
Board [Qd Qc Qh 3h 7h]
Seat 4: Actionni13 (big blind) showed [7c As] and won ($33.22) with a full house, Queens full of Sevens
Seat 5: Brama Br (button) (small blind) showed [6h 8h] and lost with a flush, Queen high


PokerStars Hand #161017531284:  Hold'em Limit ($3/$6 USD) - 2016/11/06 18:16:39 ET
Table 'Ella' 6-max Seat #4 is the button
Seat 4: Actionni13 ($176.54 in chips)
Seat 5: Brama Br ($19.86 in chips)
Actionni13: posts small blind $1
Brama Br: posts big blind $3
*** HOLE CARDS ***
Actionni13: raises $3 to $6
Brama Br: folds
Uncalled bet ($3) returned to Actionni13
Actionni13 collected $6 from pot
Actionni13: doesn't show hand
*** SUMMARY ***
Total pot $6 | Rake $0
Seat 4: Actionni13 (button) (small blind) collected ($6)
Seat 5: Brama Br (big blind) folded before Flop


PokerStars Hand #161017513796:  Hold'em Limit ($3/$6 USD) - 2016/11/06 18:16:16 ET
Table 'Ella' 6-max Seat #5 is the button
Seat 4: Actionni13 ($167.90 in chips)
Seat 5: Brama Br ($28.86 in chips)
Brama Br: posts small blind $1
Actionni13: posts big blind $3
*** HOLE CARDS ***
Brama Br: raises $3 to $6
Actionni13: calls $3
*** FLOP *** [2s 4s Td]
Actionni13: checks
Brama Br: bets $3
Actionni13: calls $3
*** TURN *** [2s 4s Td] [3d]
Actionni13: bets $6
Brama Br: folds
Uncalled bet ($6) returned to Actionni13
Actionni13 collected $17.64 from pot
Actionni13: doesn't show hand
*** SUMMARY ***
Total pot $18 | Rake $0.36
Board [2s 4s Td 3d]
Seat 4: Actionni13 (big blind) collected ($17.64)
Seat 5: Brama Br (button) (small blind) folded on the Turn


PokerStars Hand #161017480876:  Hold'em Limit ($3/$6 USD) - 2016/11/06 18:15:33 ET
Table 'Ella' 6-max Seat #4 is the button
Seat 4: Actionni13 ($150.40 in chips)
Seat 5: Brama Br ($46.86 in chips)
Actionni13: posts small blind $1
Brama Br: posts big blind $3
*** HOLE CARDS ***
Actionni13: raises $3 to $6
Brama Br: calls $3
*** FLOP *** [3c 3d 4c]
Brama Br: checks
Actionni13: checks
*** TURN *** [3c 3d 4c] [6d]
Brama Br: bets $6
Actionni13: calls $6
*** RIVER *** [3c 3d 4c 6d] [9d]
Brama Br: checks
Actionni13: bets $6
Brama Br: calls $6
*** SHOW DOWN ***
Actionni13: shows [9h 5h] (two pair, Nines and Threes)
Brama Br: mucks hand
Actionni13 collected $35.50 from pot
*** SUMMARY ***
Total pot $36 | Rake $0.50
Board [3c 3d 4c 6d 9d]
Seat 4: Actionni13 (button) (small blind) showed [9h 5h] and won ($35.50) with two pair, Nines and Threes
Seat 5: Brama Br (big blind) mucked


