PokerStars Hand #162256683595:  Hold'em Limit ($3/$6 USD) - 2016/12/01 16:03:54 ET
Table 'Ella' 10-max Seat #10 is the button
Seat 1: assitoni ($72 in chips)
Seat 10: prallimall ($41.81 in chips)
prallimall: posts small blind $1
assitoni: posts big blind $3
*** HOLE CARDS ***
prallimall: raises $3 to $6
assitoni: calls $3
*** FLOP *** [9h Ac Ts]
assitoni: checks
prallimall: bets $3
assitoni: raises $3 to $6
prallimall: calls $3
*** TURN *** [9h Ac Ts] [5h]
assitoni: bets $6
prallimall: calls $6
*** RIVER *** [9h Ac Ts 5h] [3d]
assitoni: bets $6
prallimall: calls $6
*** SHOW DOWN ***
assitoni: shows [Ah 6c] (a pair of Aces)
prallimall: shows [6d Ad] (a pair of Aces)
assitoni collected $23.75 from pot
prallimall collected $23.75 from pot
*** SUMMARY ***
Total pot $48 | Rake $0.50
Board [9h Ac Ts 5h 3d]
Seat 1: assitoni (big blind) showed [Ah 6c] and won ($23.75) with a pair of Aces
Seat 10: prallimall (button) (small blind) showed [6d Ad] and won ($23.75) with a pair of Aces


PokerStars Hand #162256662368:  Hold'em Limit ($3/$6 USD) - 2016/12/01 16:03:33 ET
Table 'Ella' 10-max Seat #1 is the button
Seat 1: assitoni ($80.64 in chips)
Seat 10: prallimall ($33.17 in chips)
assitoni: posts small blind $1
prallimall: posts big blind $3
*** HOLE CARDS ***
assitoni: raises $3 to $6
prallimall: calls $3
*** FLOP *** [3c 6s Ts]
prallimall: checks
assitoni: bets $3
prallimall: calls $3
*** TURN *** [3c 6s Ts] [Jd]
prallimall: checks
assitoni: checks
*** RIVER *** [3c 6s Ts Jd] [8s]
prallimall: bets $6
assitoni: folds
Uncalled bet ($6) returned to prallimall
prallimall collected $17.64 from pot
*** SUMMARY ***
Total pot $18 | Rake $0.36
Board [3c 6s Ts Jd 8s]
Seat 1: assitoni (button) (small blind) folded on the River
Seat 10: prallimall (big blind) collected ($17.64)


PokerStars Hand #162256751484:  Hold'em Limit ($3/$6 USD) - 2016/12/01 16:04:56 ET
Table 'Ella' 10-max Seat #10 is the button
Seat 1: assitoni ($86.50 in chips)
Seat 10: prallimall ($30.56 in chips)
prallimall: posts small blind $1
assitoni: posts big blind $3
*** HOLE CARDS ***
prallimall: raises $3 to $6
assitoni: raises $3 to $9
prallimall: calls $3
*** FLOP *** [Ad Jd Qh]
assitoni: bets $3
prallimall: calls $3
*** TURN *** [Ad Jd Qh] [Kd]
assitoni: bets $6
prallimall: calls $6
*** RIVER *** [Ad Jd Qh Kd] [2h]
assitoni: bets $6
prallimall: calls $6
*** SHOW DOWN ***
assitoni: shows [Ts Ah] (a straight, Ten to Ace)
prallimall: mucks hand
assitoni collected $47.50 from pot
*** SUMMARY ***
Total pot $48 | Rake $0.50
Board [Ad Jd Qh Kd 2h]
Seat 1: assitoni (big blind) showed [Ts Ah] and won ($47.50) with a straight, Ten to Ace
Seat 10: prallimall (button) (small blind) mucked


PokerStars Hand #162256745564:  Hold'em Limit ($3/$6 USD) - 2016/12/01 16:04:51 ET
Table 'Ella' 10-max Seat #1 is the button
Seat 1: assitoni ($87.50 in chips)
Seat 10: prallimall ($29.56 in chips)
assitoni: posts small blind $1
prallimall: posts big blind $3
*** HOLE CARDS ***
assitoni: folds
Uncalled bet ($2) returned to prallimall
prallimall collected $2 from pot
prallimall: doesn't show hand
*** SUMMARY ***
Total pot $2 | Rake $0
Seat 1: assitoni (button) (small blind) folded before Flop
Seat 10: prallimall (big blind) collected ($2)


PokerStars Hand #162256740524:  Hold'em Limit ($3/$6 USD) - 2016/12/01 16:04:46 ET
Table 'Ella' 10-max Seat #10 is the button
Seat 1: assitoni ($86.50 in chips)
Seat 10: prallimall ($30.56 in chips)
prallimall: posts small blind $1
assitoni: posts big blind $3
*** HOLE CARDS ***
prallimall: folds
Uncalled bet ($2) returned to assitoni
assitoni collected $2 from pot
assitoni: doesn't show hand
*** SUMMARY ***
Total pot $2 | Rake $0
Seat 1: assitoni (big blind) collected ($2)
Seat 10: prallimall (button) (small blind) folded before Flop


PokerStars Hand #162256721935:  Hold'em Limit ($3/$6 USD) - 2016/12/01 16:04:29 ET
Table 'Ella' 10-max Seat #1 is the button
Seat 1: assitoni ($72 in chips)
Seat 10: prallimall ($45.56 in chips)
assitoni: posts small blind $1
prallimall: posts big blind $3
*** HOLE CARDS ***
assitoni: raises $3 to $6
prallimall: raises $3 to $9
assitoni: raises $3 to $12
Betting is capped
prallimall: calls $3
*** FLOP *** [5c 6d Js]
prallimall: checks
assitoni: bets $3
prallimall: calls $3
*** TURN *** [5c 6d Js] [2s]
prallimall: checks
assitoni: bets $6
prallimall: folds
Uncalled bet ($6) returned to assitoni
assitoni collected $29.50 from pot
assitoni: doesn't show hand
*** SUMMARY ***
Total pot $30 | Rake $0.50
Board [5c 6d Js 2s]
Seat 1: assitoni (button) (small blind) collected ($29.50)
Seat 10: prallimall (big blind) folded on the Turn


PokerStars Hand #162256714298:  Hold'em Limit ($3/$6 USD) - 2016/12/01 16:04:22 ET
Table 'Ella' 10-max Seat #10 is the button
Seat 1: assitoni ($72 in chips)
Seat 10: prallimall ($42.56 in chips)
prallimall: posts small blind $1
assitoni: posts big blind $3
*** HOLE CARDS ***
prallimall: raises $3 to $6
assitoni: folds
Uncalled bet ($3) returned to prallimall
prallimall collected $6 from pot
prallimall: doesn't show hand
*** SUMMARY ***
Total pot $6 | Rake $0
Seat 1: assitoni (big blind) folded before Flop
Seat 10: prallimall (button) (small blind) collected ($6)


PokerStars Hand #162256708607:  Hold'em Limit ($3/$6 USD) - 2016/12/01 16:04:17 ET
Table 'Ella' 10-max Seat #1 is the button
Seat 1: assitoni ($72 in chips)
Seat 10: prallimall ($41.56 in chips)
assitoni: posts small blind $1
prallimall: posts big blind $3
*** HOLE CARDS ***
assitoni: folds
Uncalled bet ($2) returned to prallimall
prallimall collected $2 from pot
prallimall: doesn't show hand
*** SUMMARY ***
Total pot $2 | Rake $0
Seat 1: assitoni (button) (small blind) folded before Flop
Seat 10: prallimall (big blind) collected ($2)


PokerStars Hand #162256815449:  Hold'em Limit ($3/$6 USD) - 2016/12/01 16:05:55 ET
Table 'Ella' 10-max Seat #10 is the button
Seat 1: assitoni ($89.58 in chips)
Seat 10: prallimall ($26.22 in chips)
prallimall: posts small blind $1
assitoni: posts big blind $3
*** HOLE CARDS ***
prallimall: raises $3 to $6
assitoni: raises $3 to $9
prallimall: raises $3 to $12
Betting is capped
assitoni: calls $3
*** FLOP *** [9d 9c 2s]
assitoni: checks
prallimall: bets $3
assitoni: calls $3
*** TURN *** [9d 9c 2s] [As]
assitoni: checks
prallimall: bets $6
assitoni: folds
Uncalled bet ($6) returned to prallimall
prallimall collected $29.50 from pot
prallimall: doesn't show hand
*** SUMMARY ***
Total pot $30 | Rake $0.50
Board [9d 9c 2s As]
Seat 1: assitoni (big blind) folded on the Turn
Seat 10: prallimall (button) (small blind) collected ($29.50)


PokerStars Hand #162256809229:  Hold'em Limit ($3/$6 USD) - 2016/12/01 16:05:49 ET
Table 'Ella' 10-max Seat #1 is the button
Seat 1: assitoni ($90.58 in chips)
Seat 10: prallimall ($25.22 in chips)
assitoni: posts small blind $1
prallimall: posts big blind $3
*** HOLE CARDS ***
assitoni: folds
Uncalled bet ($2) returned to prallimall
prallimall collected $2 from pot
prallimall: doesn't show hand
*** SUMMARY ***
Total pot $2 | Rake $0
Seat 1: assitoni (button) (small blind) folded before Flop
Seat 10: prallimall (big blind) collected ($2)


PokerStars Hand #162256788829:  Hold'em Limit ($3/$6 USD) - 2016/12/01 16:05:31 ET
Table 'Ella' 10-max Seat #10 is the button
Seat 1: assitoni ($103.44 in chips)
Seat 10: prallimall ($12.86 in chips)
prallimall: posts small blind $1
assitoni: posts big blind $3
*** HOLE CARDS ***
prallimall: raises $3 to $6
assitoni: calls $3
*** FLOP *** [Js As Ad]
assitoni: checks
prallimall: bets $3
assitoni: raises $3 to $6
prallimall: raises $0.86 to $6.86 and is all-in
assitoni: calls $0.86
*** TURN *** [Js As Ad] [8d]
*** RIVER *** [Js As Ad 8d] [Qc]
*** SHOW DOWN ***
assitoni: shows [7c Jh] (two pair, Aces and Jacks)
prallimall: shows [9d Td] (a straight, Eight to Queen)
prallimall collected $25.22 from pot
*** SUMMARY ***
Total pot $25.72 | Rake $0.50
Board [Js As Ad 8d Qc]
Seat 1: assitoni (big blind) showed [7c Jh] and lost with two pair, Aces and Jacks
Seat 10: prallimall (button) (small blind) showed [9d Td] and won ($25.22) with a straight, Eight to Queen


PokerStars Hand #162256771962:  Hold'em Limit ($3/$6 USD) - 2016/12/01 16:05:15 ET
Table 'Ella' 10-max Seat #1 is the button
Seat 1: assitoni ($110 in chips)
Seat 10: prallimall ($6.56 in chips)
assitoni: posts small blind $1
prallimall: posts big blind $3
*** HOLE CARDS ***
assitoni: raises $3 to $6
prallimall: raises $0.56 to $6.56 and is all-in
assitoni: calls $0.56
*** FLOP *** [4s 4c 8h]
*** TURN *** [4s 4c 8h] [2s]
*** RIVER *** [4s 4c 8h 2s] [8c]
*** SHOW DOWN ***
prallimall: shows [Ts 5d] (two pair, Eights and Fours)
assitoni: shows [6h 5c] (two pair, Eights and Fours - lower kicker)
prallimall collected $12.86 from pot
*** SUMMARY ***
Total pot $13.12 | Rake $0.26
Board [4s 4c 8h 2s 8c]
Seat 1: assitoni (button) (small blind) showed [6h 5c] and lost with two pair, Eights and Fours
Seat 10: prallimall (big blind) showed [Ts 5d] and won ($12.86) with two pair, Eights and Fours


PokerStars Hand #162256867797:  Hold'em Limit ($3/$6 USD) - 2016/12/01 16:06:45 ET
Table 'Ella' 10-max Seat #1 is the button
Seat 1: assitoni ($85.10 in chips)
Seat 10: prallimall ($29.72 in chips)
assitoni: posts small blind $1
prallimall: posts big blind $3
*** HOLE CARDS ***
assitoni: raises $3 to $6
prallimall: raises $3 to $9
assitoni: raises $3 to $12
Betting is capped
prallimall: calls $3
*** FLOP *** [7c 6s 4h]
prallimall: checks
assitoni: bets $3
prallimall: calls $3
*** TURN *** [7c 6s 4h] [6h]
prallimall: checks
assitoni: bets $6
prallimall: raises $6 to $12
assitoni: raises $6 to $18
prallimall: calls $2.72 and is all-in
Uncalled bet ($3.28) returned to assitoni
*** RIVER *** [7c 6s 4h 6h] [4c]
*** SHOW DOWN ***
prallimall: shows [Td Ac] (two pair, Sixes and Fours)
assitoni: shows [Ah Qd] (two pair, Sixes and Fours)
prallimall collected $29.47 from pot
assitoni collected $29.47 from pot
*** SUMMARY ***
Total pot $59.44 | Rake $0.50
Board [7c 6s 4h 6h 4c]
Seat 1: assitoni (button) (small blind) showed [Ah Qd] and won ($29.47) with two pair, Sixes and Fours
Seat 10: prallimall (big blind) showed [Td Ac] and won ($29.47) with two pair, Sixes and Fours


PokerStars Hand #162256846576:  Hold'em Limit ($3/$6 USD) - 2016/12/01 16:06:25 ET
Table 'Ella' 10-max Seat #10 is the button
Seat 1: assitoni ($73.58 in chips)
Seat 10: prallimall ($41.72 in chips)
prallimall: posts small blind $1
assitoni: posts big blind $3
*** HOLE CARDS ***
prallimall: raises $3 to $6
assitoni: calls $3
*** FLOP *** [Ad 4c 8s]
assitoni: checks
prallimall: bets $3
assitoni: raises $3 to $6
prallimall: calls $3
*** TURN *** [Ad 4c 8s] [4d]
assitoni: bets $6
prallimall: folds
Uncalled bet ($6) returned to assitoni
assitoni collected $23.52 from pot
assitoni: doesn't show hand
*** SUMMARY ***
Total pot $24 | Rake $0.48
Board [Ad 4c 8s 4d]
Seat 1: assitoni (big blind) collected ($23.52)
Seat 10: prallimall (button) (small blind) folded on the Turn


PokerStars Hand #162256840674:  Hold'em Limit ($3/$6 USD) - 2016/12/01 16:06:19 ET
Table 'Ella' 10-max Seat #1 is the button
Seat 1: assitoni ($74.58 in chips)
Seat 10: prallimall ($40.72 in chips)
assitoni: posts small blind $1
prallimall: posts big blind $3
*** HOLE CARDS ***
assitoni: folds
Uncalled bet ($2) returned to prallimall
prallimall collected $2 from pot
prallimall: doesn't show hand
*** SUMMARY ***
Total pot $2 | Rake $0
Seat 1: assitoni (button) (small blind) folded before Flop
Seat 10: prallimall (big blind) collected ($2)


PokerStars Hand #162256895441:  Hold'em Limit ($3/$6 USD) - 2016/12/01 16:07:10 ET
Table 'Ella' 10-max Seat #10 is the button
Seat 1: assitoni ($84.85 in chips)
Seat 10: prallimall ($29.47 in chips)
prallimall: posts small blind $1
assitoni: posts big blind $3
*** HOLE CARDS ***
prallimall: raises $3 to $6
assitoni: raises $3 to $9
prallimall: calls $3
*** FLOP *** [Js 6s 6d]
assitoni: bets $3
prallimall: calls $3
*** TURN *** [Js 6s 6d] [8c]
assitoni: bets $6
prallimall: raises $6 to $12
assitoni: raises $6 to $18
prallimall: calls $5.47 and is all-in
Uncalled bet ($0.53) returned to assitoni
*** RIVER *** [Js 6s 6d 8c] [Ah]
*** SHOW DOWN ***
assitoni: shows [Qs Td] (a pair of Sixes)
prallimall: shows [Ts 7s] (a pair of Sixes - lower kicker)
assitoni collected $58.44 from pot
*** SUMMARY ***
Total pot $58.94 | Rake $0.50
Board [Js 6s 6d 8c Ah]
Seat 1: assitoni (big blind) showed [Qs Td] and won ($58.44) with a pair of Sixes
Seat 10: prallimall (button) (small blind) showed [Ts 7s] and lost with a pair of Sixes


PokerStars Hand #162265901248:  Hold'em Limit ($3/$6 USD) - 2016/12/01 18:46:19 ET
Table 'Ella' 10-max Seat #5 is the button
Seat 1: assitoni ($112.82 in chips)
Seat 5: danne_111 ($51 in chips)
danne_111: posts small blind $1
assitoni: posts big blind $3
*** HOLE CARDS ***
danne_111: folds
Uncalled bet ($2) returned to assitoni
assitoni collected $2 from pot
assitoni: doesn't show hand
*** SUMMARY ***
Total pot $2 | Rake $0
Seat 1: assitoni (big blind) collected ($2)
Seat 5: danne_111 (button) (small blind) folded before Flop


PokerStars Hand #162265888012:  Hold'em Limit ($3/$6 USD) - 2016/12/01 18:46:02 ET
Table 'Ella' 10-max Seat #1 is the button
Seat 1: assitoni ($113.82 in chips)
Seat 5: danne_111 ($50 in chips)
assitoni: posts small blind $1
danne_111: posts big blind $3
*** HOLE CARDS ***
assitoni: folds
Uncalled bet ($2) returned to danne_111
danne_111 collected $2 from pot
danne_111: doesn't show hand
*** SUMMARY ***
Total pot $2 | Rake $0
Seat 1: assitoni (button) (small blind) folded before Flop
Seat 5: danne_111 (big blind) collected ($2)


PokerStars Hand #162265936684:  Hold'em Limit ($3/$6 USD) - 2016/12/01 18:47:04 ET
Table 'Ella' 10-max Seat #5 is the button
Seat 1: assitoni ($104.82 in chips)
Seat 5: danne_111 ($58.64 in chips)
danne_111: posts small blind $1
assitoni: posts big blind $3
*** HOLE CARDS ***
danne_111: raises $3 to $6
assitoni: calls $3
*** FLOP *** [5d Kh Tc]
assitoni: checks
danne_111: checks
*** TURN *** [5d Kh Tc] [7s]
assitoni: checks
danne_111: bets $6
assitoni: folds
Uncalled bet ($6) returned to danne_111
danne_111 collected $11.76 from pot
danne_111: doesn't show hand
*** SUMMARY ***
Total pot $12 | Rake $0.24
Board [5d Kh Tc 7s]
Seat 1: assitoni (big blind) folded on the Turn
Seat 5: danne_111 (button) (small blind) collected ($11.76)


PokerStars Hand #162265907087:  Hold'em Limit ($3/$6 USD) - 2016/12/01 18:46:27 ET
Table 'Ella' 10-max Seat #1 is the button
Seat 1: assitoni ($113.82 in chips)
Seat 5: danne_111 ($50 in chips)
assitoni: posts small blind $1
danne_111: posts big blind $3
*** HOLE CARDS ***
assitoni: raises $3 to $6
danne_111: calls $3
*** FLOP *** [Qd 3s Jc]
danne_111: checks
assitoni: bets $3
danne_111: calls $3
*** TURN *** [Qd 3s Jc] [Jd]
danne_111: checks
assitoni: checks
*** RIVER *** [Qd 3s Jc Jd] [3c]
danne_111: bets $6
assitoni: folds
Uncalled bet ($6) returned to danne_111
danne_111 collected $17.64 from pot
danne_111: doesn't show hand
*** SUMMARY ***
Total pot $18 | Rake $0.36
Board [Qd 3s Jc Jd 3c]
Seat 1: assitoni (button) (small blind) folded on the River
Seat 5: danne_111 (big blind) collected ($17.64)


PokerStars Hand #162266032794:  Hold'em Limit ($3/$6 USD) - 2016/12/01 18:49:08 ET
Table 'Ella' 10-max Seat #5 is the button
Seat 5: danne_111 ($38.40 in chips)
Seat 6: TinaTurner72 ($124.64 in chips)
danne_111: posts small blind $1
TinaTurner72: posts big blind $3
*** HOLE CARDS ***
danne_111: raises $3 to $6
TinaTurner72: raises $3 to $9
danne_111: raises $3 to $12
Betting is capped
TinaTurner72: calls $3
*** FLOP *** [Kc 8d 4c]
TinaTurner72: checks
danne_111: bets $3
TinaTurner72: calls $3
*** TURN *** [Kc 8d 4c] [2h]
TinaTurner72: checks
danne_111: bets $6
TinaTurner72: calls $6
*** RIVER *** [Kc 8d 4c 2h] [Js]
TinaTurner72: checks
danne_111: bets $6
TinaTurner72: calls $6
*** SHOW DOWN ***
danne_111: shows [Th Jd] (a pair of Jacks)
TinaTurner72: mucks hand
danne_111 collected $53.50 from pot
*** SUMMARY ***
Total pot $54 | Rake $0.50
Board [Kc 8d 4c 2h Js]
Seat 5: danne_111 (button) (small blind) showed [Th Jd] and won ($53.50) with a pair of Jacks
Seat 6: TinaTurner72 (big blind) mucked


PokerStars Hand #162266094681:  Hold'em Limit ($3/$6 USD) - 2016/12/01 18:50:28 ET
Table 'Ella' 10-max Seat #6 is the button
Seat 5: danne_111 ($50.90 in chips)
Seat 6: TinaTurner72 ($111.16 in chips)
TinaTurner72: posts small blind $1
danne_111: posts big blind $3
*** HOLE CARDS ***
TinaTurner72: raises $3 to $6
danne_111: calls $3
*** FLOP *** [As 3h Ks]
danne_111: checks
TinaTurner72: bets $3
danne_111: folds
Uncalled bet ($3) returned to TinaTurner72
TinaTurner72 collected $11.76 from pot
TinaTurner72: doesn't show hand
*** SUMMARY ***
Total pot $12 | Rake $0.24
Board [As 3h Ks]
Seat 5: danne_111 (big blind) folded on the Flop
Seat 6: TinaTurner72 (button) (small blind) collected ($11.76)


PokerStars Hand #162266075361:  Hold'em Limit ($3/$6 USD) - 2016/12/01 18:50:03 ET
Table 'Ella' 10-max Seat #6 is the button
Seat 5: danne_111 ($57.90 in chips)
Seat 6: TinaTurner72 ($104.40 in chips)
TinaTurner72: posts small blind $1
danne_111: posts big blind $3
*** HOLE CARDS ***
TinaTurner72: raises $3 to $6
danne_111: calls $3
*** FLOP *** [2c Qc 5d]
danne_111: checks
TinaTurner72: bets $3
danne_111: folds
Uncalled bet ($3) returned to TinaTurner72
TinaTurner72 collected $11.76 from pot
TinaTurner72: doesn't show hand
*** SUMMARY ***
Total pot $12 | Rake $0.24
Board [2c Qc 5d]
Seat 5: danne_111 (big blind) folded on the Flop
Seat 6: TinaTurner72 (button) (small blind) collected ($11.76)


PokerStars Hand #162266071171:  Hold'em Limit ($3/$6 USD) - 2016/12/01 18:49:57 ET
Table 'Ella' 10-max Seat #5 is the button
Seat 5: danne_111 ($58.90 in chips)
Seat 6: TinaTurner72 ($103.40 in chips)
danne_111: posts small blind $1
TinaTurner72: posts big blind $3
*** HOLE CARDS ***
danne_111: folds
Uncalled bet ($2) returned to TinaTurner72
TinaTurner72 collected $2 from pot
TinaTurner72: doesn't show hand
*** SUMMARY ***
Total pot $2 | Rake $0
Seat 5: danne_111 (button) (small blind) folded before Flop
Seat 6: TinaTurner72 (big blind) collected ($2)


PokerStars Hand #162266060999:  Hold'em Limit ($3/$6 USD) - 2016/12/01 18:49:44 ET
Table 'Ella' 10-max Seat #6 is the button
Seat 5: danne_111 ($64.90 in chips)
Seat 6: TinaTurner72 ($97.64 in chips)
TinaTurner72: posts small blind $1
danne_111: posts big blind $3
*** HOLE CARDS ***
TinaTurner72: raises $3 to $6
danne_111: calls $3
*** FLOP *** [Ad 5h 5c]
danne_111: checks
TinaTurner72: bets $3
danne_111: folds
Uncalled bet ($3) returned to TinaTurner72
TinaTurner72 collected $11.76 from pot
TinaTurner72: doesn't show hand
*** SUMMARY ***
Total pot $12 | Rake $0.24
Board [Ad 5h 5c]
Seat 5: danne_111 (big blind) folded on the Flop
Seat 6: TinaTurner72 (button) (small blind) collected ($11.76)


PokerStars Hand #162266140684:  Hold'em Limit ($3/$6 USD) - 2016/12/01 18:51:29 ET
Table 'Ella' 10-max Seat #6 is the button
Seat 5: danne_111 ($71.40 in chips)
Seat 6: TinaTurner72 ($89.92 in chips)
TinaTurner72: posts small blind $1
danne_111: posts big blind $3
*** HOLE CARDS ***
TinaTurner72: raises $3 to $6
danne_111: folds
Uncalled bet ($3) returned to TinaTurner72
TinaTurner72 collected $6 from pot
TinaTurner72: doesn't show hand
*** SUMMARY ***
Total pot $6 | Rake $0
Seat 5: danne_111 (big blind) folded before Flop
Seat 6: TinaTurner72 (button) (small blind) collected ($6)


PokerStars Hand #162266106007:  Hold'em Limit ($3/$6 USD) - 2016/12/01 18:50:44 ET
Table 'Ella' 10-max Seat #5 is the button
Seat 5: danne_111 ($44.90 in chips)
Seat 6: TinaTurner72 ($116.92 in chips)
danne_111: posts small blind $1
TinaTurner72: posts big blind $3
*** HOLE CARDS ***
danne_111: raises $3 to $6
TinaTurner72: raises $3 to $9
danne_111: raises $3 to $12
Betting is capped
TinaTurner72: calls $3
*** FLOP *** [9c Jh Kd]
TinaTurner72: checks
danne_111: bets $3
TinaTurner72: calls $3
*** TURN *** [9c Jh Kd] [Ah]
TinaTurner72: bets $6
danne_111: calls $6
*** RIVER *** [9c Jh Kd Ah] [7h]
TinaTurner72: bets $6
danne_111: calls $6
*** SHOW DOWN ***
TinaTurner72: shows [8c Ac] (a pair of Aces)
danne_111: shows [Qd As] (a pair of Aces - King+Queen kicker)
danne_111 collected $53.50 from pot
*** SUMMARY ***
Total pot $54 | Rake $0.50
Board [9c Jh Kd Ah 7h]
Seat 5: danne_111 (button) (small blind) showed [Qd As] and won ($53.50) with a pair of Aces
Seat 6: TinaTurner72 (big blind) showed [8c Ac] and lost with a pair of Aces


PokerStars Hand #162266154302:  Hold'em Limit ($3/$6 USD) - 2016/12/01 18:51:47 ET
Table 'Ella' 10-max Seat #6 is the button
Seat 5: danne_111 ($71.40 in chips)
Seat 6: TinaTurner72 ($89.92 in chips)
TinaTurner72: posts small blind $1
danne_111: posts big blind $3
*** HOLE CARDS ***
TinaTurner72: raises $3 to $6
danne_111: calls $3
*** FLOP *** [4c 8d 6s]
danne_111: checks
TinaTurner72: bets $3
danne_111: calls $3
*** TURN *** [4c 8d 6s] [3d]
danne_111: checks
TinaTurner72: bets $6
danne_111: calls $6
*** RIVER *** [4c 8d 6s 3d] [5c]
danne_111: checks
TinaTurner72: bets $6
danne_111: calls $6
*** SHOW DOWN ***
TinaTurner72: shows [6d 7s] (a straight, Four to Eight)
danne_111: mucks hand
TinaTurner72 collected $41.50 from pot
*** SUMMARY ***
Total pot $42 | Rake $0.50
Board [4c 8d 6s 3d 5c]
Seat 5: danne_111 (big blind) mucked
Seat 6: TinaTurner72 (button) (small blind) showed [6d 7s] and won ($41.50) with a straight, Four to Eight


PokerStars Hand #162266176653:  Hold'em Limit ($3/$6 USD) - 2016/12/01 18:52:16 ET
Table 'Ella' 10-max Seat #5 is the button
Seat 5: danne_111 ($50.40 in chips)
Seat 6: TinaTurner72 ($110.42 in chips)
danne_111: posts small blind $1
TinaTurner72: posts big blind $3
*** HOLE CARDS ***
danne_111: raises $3 to $6
TinaTurner72: raises $3 to $9
danne_111: raises $3 to $12
Betting is capped
TinaTurner72: calls $3
*** FLOP *** [9s Kd 7c]
TinaTurner72: checks
danne_111: bets $3
TinaTurner72: calls $3
*** TURN *** [9s Kd 7c] [5h]
TinaTurner72: checks
danne_111: bets $6
TinaTurner72: calls $6
*** RIVER *** [9s Kd 7c 5h] [Ad]
TinaTurner72: bets $6
danne_111: calls $6
*** SHOW DOWN ***
TinaTurner72: shows [Jh As] (a pair of Aces)
danne_111: mucks hand
TinaTurner72 collected $53.50 from pot
*** SUMMARY ***
Total pot $54 | Rake $0.50
Board [9s Kd 7c 5h Ad]
Seat 5: danne_111 (button) (small blind) mucked
Seat 6: TinaTurner72 (big blind) showed [Jh As] and won ($53.50) with a pair of Aces


PokerStars Hand #162266227145:  Hold'em Limit ($3/$6 USD) - 2016/12/01 18:53:24 ET
Table 'Ella' 10-max Seat #6 is the button
Seat 5: danne_111 ($40.30 in chips)
Seat 6: TinaTurner72 ($119.52 in chips)
TinaTurner72: posts small blind $1
danne_111: posts big blind $3
*** HOLE CARDS ***
TinaTurner72: raises $3 to $6
danne_111: folds
Uncalled bet ($3) returned to TinaTurner72
TinaTurner72 collected $6 from pot
TinaTurner72: doesn't show hand
*** SUMMARY ***
Total pot $6 | Rake $0
Seat 5: danne_111 (big blind) folded before Flop
Seat 6: TinaTurner72 (button) (small blind) collected ($6)


PokerStars Hand #162266206515:  Hold'em Limit ($3/$6 USD) - 2016/12/01 18:52:56 ET
Table 'Ella' 10-max Seat #5 is the button
Seat 5: danne_111 ($20.40 in chips)
Seat 6: TinaTurner72 ($139.92 in chips)
danne_111: posts small blind $1
TinaTurner72: posts big blind $3
*** HOLE CARDS ***
danne_111: raises $3 to $6
TinaTurner72: raises $3 to $9
danne_111: raises $3 to $12
Betting is capped
TinaTurner72: calls $3
*** FLOP *** [7h Ts 7s]
TinaTurner72: bets $3
danne_111: raises $3 to $6
TinaTurner72: raises $3 to $9
danne_111: calls $2.40 and is all-in
Uncalled bet ($0.60) returned to TinaTurner72
*** TURN *** [7h Ts 7s] [3c]
*** RIVER *** [7h Ts 7s 3c] [8d]
*** SHOW DOWN ***
TinaTurner72: shows [6d 6c] (two pair, Sevens and Sixes)
danne_111: shows [Tc Qd] (two pair, Tens and Sevens)
danne_111 collected $40.30 from pot
*** SUMMARY ***
Total pot $40.80 | Rake $0.50
Board [7h Ts 7s 3c 8d]
Seat 5: danne_111 (button) (small blind) showed [Tc Qd] and won ($40.30) with two pair, Tens and Sevens
Seat 6: TinaTurner72 (big blind) showed [6d 6c] and lost with two pair, Sevens and Sixes


PokerStars Hand #162266198672:  Hold'em Limit ($3/$6 USD) - 2016/12/01 18:52:46 ET
Table 'Ella' 10-max Seat #6 is the button
Seat 5: danne_111 ($23.40 in chips)
Seat 6: TinaTurner72 ($136.92 in chips)
TinaTurner72: posts small blind $1
danne_111: posts big blind $3
*** HOLE CARDS ***
danne_111 said, "lol"
TinaTurner72: raises $3 to $6
danne_111: folds
Uncalled bet ($3) returned to TinaTurner72
TinaTurner72 collected $6 from pot
TinaTurner72: doesn't show hand
*** SUMMARY ***
Total pot $6 | Rake $0
Seat 5: danne_111 (big blind) folded before Flop
Seat 6: TinaTurner72 (button) (small blind) collected ($6)


PokerStars Hand #162266267229:  Hold'em Limit ($3/$6 USD) - 2016/12/01 18:54:17 ET
Table 'Ella' 10-max Seat #6 is the button
Seat 5: danne_111 ($54.80 in chips)
Seat 6: TinaTurner72 ($104.52 in chips)
TinaTurner72: posts small blind $1
danne_111: posts big blind $3
*** HOLE CARDS ***
TinaTurner72: raises $3 to $6
danne_111: calls $3
*** FLOP *** [4h 3s Td]
TinaTurner72 said, "32"
danne_111: checks
TinaTurner72: bets $3
danne_111: folds
Uncalled bet ($3) returned to TinaTurner72
TinaTurner72 collected $11.76 from pot
TinaTurner72: doesn't show hand
*** SUMMARY ***
Total pot $12 | Rake $0.24
Board [4h 3s Td]
Seat 5: danne_111 (big blind) folded on the Flop
Seat 6: TinaTurner72 (button) (small blind) collected ($11.76)


PokerStars Hand #162266231912:  Hold'em Limit ($3/$6 USD) - 2016/12/01 18:53:30 ET
Table 'Ella' 10-max Seat #5 is the button
Seat 5: danne_111 ($37.30 in chips)
Seat 6: TinaTurner72 ($122.52 in chips)
danne_111: posts small blind $1
TinaTurner72: posts big blind $3
*** HOLE CARDS ***
danne_111: calls $2
TinaTurner72: checks
*** FLOP *** [2s 2d Ah]
TinaTurner72: checks
danne_111: bets $3
TinaTurner72: calls $3
*** TURN *** [2s 2d Ah] [3d]
TinaTurner72: checks
danne_111: bets $6
TinaTurner72: calls $6
*** RIVER *** [2s 2d Ah 3d] [Ks]
TinaTurner72: checks
danne_111: bets $6
TinaTurner72: calls $6
*** SHOW DOWN ***
danne_111: shows [3c 2c] (a full house, Deuces full of Threes)
TinaTurner72: mucks hand
danne_111 collected $35.50 from pot
*** SUMMARY ***
Total pot $36 | Rake $0.50
Board [2s 2d Ah 3d Ks]
Seat 5: danne_111 (button) (small blind) showed [3c 2c] and won ($35.50) with a full house, Deuces full of Threes
Seat 6: TinaTurner72 (big blind) mucked


PokerStars Hand #162266276858:  Hold'em Limit ($3/$6 USD) - 2016/12/01 18:54:31 ET
Table 'Ella' 10-max Seat #5 is the button
Seat 5: danne_111 ($48.80 in chips)
Seat 6: TinaTurner72 ($110.28 in chips)
danne_111: posts small blind $1
TinaTurner72: posts big blind $3
*** HOLE CARDS ***
danne_111: raises $3 to $6
TinaTurner72: raises $3 to $9
danne_111: raises $3 to $12
Betting is capped
TinaTurner72: calls $3
*** FLOP *** [5h 4c Ad]
TinaTurner72: checks
danne_111: checks
*** TURN *** [5h 4c Ad] [4h]
TinaTurner72: checks
danne_111: checks
*** RIVER *** [5h 4c Ad 4h] [7d]
TinaTurner72: bets $6
danne_111: calls $6
*** SHOW DOWN ***
TinaTurner72: shows [8c Ac] (two pair, Aces and Fours)
danne_111: mucks hand
TinaTurner72 collected $35.50 from pot
*** SUMMARY ***
Total pot $36 | Rake $0.50
Board [5h 4c Ad 4h 7d]
Seat 5: danne_111 (button) (small blind) mucked
Seat 6: TinaTurner72 (big blind) showed [8c Ac] and won ($35.50) with two pair, Aces and Fours


PokerStars Hand #162266303358:  Hold'em Limit ($3/$6 USD) - 2016/12/01 18:55:06 ET
Table 'Ella' 10-max Seat #5 is the button
Seat 5: danne_111 ($27.80 in chips)
Seat 6: TinaTurner72 ($130.78 in chips)
danne_111: posts small blind $1
TinaTurner72: posts big blind $3
*** HOLE CARDS ***
danne_111: raises $3 to $6
TinaTurner72: calls $3
*** FLOP *** [8c 3d 6d]
TinaTurner72: checks
danne_111: bets $3
TinaTurner72: raises $3 to $6
danne_111: calls $3
*** TURN *** [8c 3d 6d] [4h]
TinaTurner72: bets $6
danne_111: raises $6 to $12
TinaTurner72: raises $6 to $18
danne_111: calls $3.80 and is all-in
Uncalled bet ($2.20) returned to TinaTurner72
*** RIVER *** [8c 3d 6d 4h] [Qd]
*** SHOW DOWN ***
TinaTurner72: shows [Tc 9d] (high card Queen)
danne_111: shows [7d 5d] (a flush, Queen high)
danne_111 collected $55.10 from pot
*** SUMMARY ***
Total pot $55.60 | Rake $0.50
Board [8c 3d 6d 4h Qd]
Seat 5: danne_111 (button) (small blind) showed [7d 5d] and won ($55.10) with a flush, Queen high
Seat 6: TinaTurner72 (big blind) showed [Tc 9d] and lost with high card Queen


PokerStars Hand #162266298177:  Hold'em Limit ($3/$6 USD) - 2016/12/01 18:54:59 ET
Table 'Ella' 10-max Seat #6 is the button
Seat 5: danne_111 ($30.80 in chips)
Seat 6: TinaTurner72 ($127.78 in chips)
TinaTurner72: posts small blind $1
danne_111: posts big blind $3
*** HOLE CARDS ***
TinaTurner72: raises $3 to $6
danne_111: folds
Uncalled bet ($3) returned to TinaTurner72
TinaTurner72 collected $6 from pot
TinaTurner72: doesn't show hand
*** SUMMARY ***
Total pot $6 | Rake $0
Seat 5: danne_111 (big blind) folded before Flop
Seat 6: TinaTurner72 (button) (small blind) collected ($6)


PokerStars Hand #162266322721:  Hold'em Limit ($3/$6 USD) - 2016/12/01 18:55:36 ET
Table 'Ella' 10-max Seat #6 is the button
Seat 5: danne_111 ($55.10 in chips)
Seat 6: TinaTurner72 ($102.98 in chips)
TinaTurner72: posts small blind $1
danne_111: posts big blind $3
*** HOLE CARDS ***
TinaTurner72: raises $3 to $6
danne_111: calls $3
*** FLOP *** [3d 8c 2d]
danne_111: checks
TinaTurner72: bets $3
danne_111: folds
Uncalled bet ($3) returned to TinaTurner72
TinaTurner72 collected $11.76 from pot
TinaTurner72: doesn't show hand
*** SUMMARY ***
Total pot $12 | Rake $0.24
Board [3d 8c 2d]
Seat 5: danne_111 (big blind) folded on the Flop
Seat 6: TinaTurner72 (button) (small blind) collected ($11.76)


PokerStars Hand #162266335695:  Hold'em Limit ($3/$6 USD) - 2016/12/01 18:55:58 ET
Table 'Ella' 10-max Seat #5 is the button
Seat 5: danne_111 ($49.10 in chips)
Seat 6: TinaTurner72 ($108.74 in chips)
danne_111: posts small blind $1
TinaTurner72: posts big blind $3
*** HOLE CARDS ***
danne_111: calls $2
TinaTurner72: raises $3 to $6
danne_111: calls $3
*** FLOP *** [2s 5d 9d]
TinaTurner72: bets $3
danne_111: calls $3
*** TURN *** [2s 5d 9d] [5h]
TinaTurner72: bets $6
danne_111: raises $6 to $12
TinaTurner72: calls $6
*** RIVER *** [2s 5d 9d 5h] [Kc]
TinaTurner72: checks
danne_111: bets $6
TinaTurner72: calls $6
*** SHOW DOWN ***
danne_111: shows [5s 3s] (three of a kind, Fives)
TinaTurner72: mucks hand
danne_111 collected $53.50 from pot
*** SUMMARY ***
Total pot $54 | Rake $0.50
Board [2s 5d 9d 5h Kc]
Seat 5: danne_111 (button) (small blind) showed [5s 3s] and won ($53.50) with three of a kind, Fives
Seat 6: TinaTurner72 (big blind) mucked


PokerStars Hand #162266351499:  Hold'em Limit ($3/$6 USD) - 2016/12/01 18:56:23 ET
Table 'Ella' 10-max Seat #6 is the button
Seat 5: danne_111 ($75.60 in chips)
Seat 6: TinaTurner72 ($81.74 in chips)
TinaTurner72: posts small blind $1
danne_111: posts big blind $3
*** HOLE CARDS ***
TinaTurner72: raises $3 to $6
danne_111: calls $3
*** FLOP *** [3d Ah 5s]
danne_111: bets $3
TinaTurner72: calls $3
*** TURN *** [3d Ah 5s] [7d]
danne_111: checks
TinaTurner72: bets $6
danne_111: raises $6 to $12
TinaTurner72: calls $6
*** RIVER *** [3d Ah 5s 7d] [Qd]
danne_111: bets $6
TinaTurner72: calls $6
*** SHOW DOWN ***
danne_111: shows [3s 3h] (three of a kind, Threes)
TinaTurner72: mucks hand
danne_111 collected $53.50 from pot
*** SUMMARY ***
Total pot $54 | Rake $0.50
Board [3d Ah 5s 7d Qd]
Seat 5: danne_111 (big blind) showed [3s 3h] and won ($53.50) with three of a kind, Threes
Seat 6: TinaTurner72 (button) (small blind) mucked


PokerStars Hand #162266374369:  Hold'em Limit ($3/$6 USD) - 2016/12/01 18:57:00 ET
Table 'Ella' 10-max Seat #5 is the button
Seat 5: danne_111 ($102.10 in chips)
Seat 6: TinaTurner72 ($54.74 in chips)
danne_111: posts small blind $1
TinaTurner72: posts big blind $3
*** HOLE CARDS ***
danne_111: folds
Uncalled bet ($2) returned to TinaTurner72
TinaTurner72 collected $2 from pot
TinaTurner72: doesn't show hand
*** SUMMARY ***
Total pot $2 | Rake $0
Seat 5: danne_111 (button) (small blind) folded before Flop
Seat 6: TinaTurner72 (big blind) collected ($2)


PokerStars Hand #162266370375:  Hold'em Limit ($3/$6 USD) - 2016/12/01 18:56:53 ET
Table 'Ella' 10-max Seat #6 is the button
Seat 5: danne_111 ($101.10 in chips)
Seat 6: TinaTurner72 ($55.74 in chips)
TinaTurner72: posts small blind $1
danne_111: posts big blind $3
*** HOLE CARDS ***
TinaTurner72: folds
Uncalled bet ($2) returned to danne_111
danne_111 collected $2 from pot
danne_111: doesn't show hand
*** SUMMARY ***
Total pot $2 | Rake $0
Seat 5: danne_111 (big blind) collected ($2)
Seat 6: TinaTurner72 (button) (small blind) folded before Flop


PokerStars Hand #162266366510:  Hold'em Limit ($3/$6 USD) - 2016/12/01 18:56:47 ET
Table 'Ella' 10-max Seat #5 is the button
Seat 5: danne_111 ($102.10 in chips)
Seat 6: TinaTurner72 ($54.74 in chips)
danne_111: posts small blind $1
TinaTurner72: posts big blind $3
*** HOLE CARDS ***
danne_111: folds
Uncalled bet ($2) returned to TinaTurner72
TinaTurner72 collected $2 from pot
TinaTurner72: doesn't show hand
*** SUMMARY ***
Total pot $2 | Rake $0
Seat 5: danne_111 (button) (small blind) folded before Flop
Seat 6: TinaTurner72 (big blind) collected ($2)


PokerStars Hand #162266394264:  Hold'em Limit ($3/$6 USD) - 2016/12/01 18:57:32 ET
Table 'Ella' 10-max Seat #5 is the button
Seat 5: danne_111 ($118.60 in chips)
Seat 6: TinaTurner72 ($37.74 in chips)
danne_111: posts small blind $1
TinaTurner72: posts big blind $3
*** HOLE CARDS ***
danne_111: raises $3 to $6
TinaTurner72: calls $3
*** FLOP *** [7h Td 2h]
TinaTurner72: checks
danne_111: checks
*** TURN *** [7h Td 2h] [6h]
TinaTurner72: checks
danne_111: bets $6
TinaTurner72: folds
Uncalled bet ($6) returned to danne_111
danne_111 collected $11.76 from pot
danne_111: doesn't show hand
*** SUMMARY ***
Total pot $12 | Rake $0.24
Board [7h Td 2h 6h]
Seat 5: danne_111 (button) (small blind) collected ($11.76)
Seat 6: TinaTurner72 (big blind) folded on the Turn


PokerStars Hand #162266377698:  Hold'em Limit ($3/$6 USD) - 2016/12/01 18:57:05 ET
Table 'Ella' 10-max Seat #6 is the button
Seat 5: danne_111 ($101.10 in chips)
Seat 6: TinaTurner72 ($55.74 in chips)
TinaTurner72: posts small blind $1
danne_111: posts big blind $3
*** HOLE CARDS ***
TinaTurner72: raises $3 to $6
danne_111: calls $3
*** FLOP *** [5h 8s 2d]
danne_111: checks
TinaTurner72: bets $3
danne_111: raises $3 to $6
TinaTurner72: calls $3
*** TURN *** [5h 8s 2d] [3s]
danne_111: bets $6
TinaTurner72: calls $6
*** RIVER *** [5h 8s 2d 3s] [Tc]
danne_111: checks
TinaTurner72: checks
*** SHOW DOWN ***
danne_111: shows [9d 8h] (a pair of Eights)
TinaTurner72: mucks hand
danne_111 collected $35.50 from pot
*** SUMMARY ***
Total pot $36 | Rake $0.50
Board [5h 8s 2d 3s Tc]
Seat 5: danne_111 (big blind) showed [9d 8h] and won ($35.50) with a pair of Eights
Seat 6: TinaTurner72 (button) (small blind) mucked


PokerStars Hand #162266404980:  Hold'em Limit ($3/$6 USD) - 2016/12/01 18:57:49 ET
Table 'Ella' 10-max Seat #6 is the button
Seat 5: danne_111 ($124.36 in chips)
Seat 6: TinaTurner72 ($31.74 in chips)
TinaTurner72: posts small blind $1
danne_111: posts big blind $3
*** HOLE CARDS ***
TinaTurner72: raises $3 to $6
danne_111: calls $3
*** FLOP *** [Qc 6h 5d]
danne_111: checks
TinaTurner72: bets $3
danne_111: folds
Uncalled bet ($3) returned to TinaTurner72
TinaTurner72 collected $11.76 from pot
TinaTurner72: doesn't show hand
*** SUMMARY ***
Total pot $12 | Rake $0.24
Board [Qc 6h 5d]
Seat 5: danne_111 (big blind) folded on the Flop
Seat 6: TinaTurner72 (button) (small blind) collected ($11.76)


PokerStars Hand #162266412798:  Hold'em Limit ($3/$6 USD) - 2016/12/01 18:58:01 ET
Table 'Ella' 10-max Seat #5 is the button
Seat 5: danne_111 ($118.36 in chips)
Seat 6: TinaTurner72 ($97.50 in chips)
danne_111: posts small blind $1
TinaTurner72: posts big blind $3
*** HOLE CARDS ***
danne_111: calls $2
TinaTurner72: checks
*** FLOP *** [3s Ts 8h]
TinaTurner72: checks
danne_111: checks
*** TURN *** [3s Ts 8h] [Qd]
TinaTurner72: checks
danne_111: bets $6
TinaTurner72: folds
Uncalled bet ($6) returned to danne_111
danne_111 collected $5.88 from pot
danne_111: doesn't show hand
*** SUMMARY ***
Total pot $6 | Rake $0.12
Board [3s Ts 8h Qd]
Seat 5: danne_111 (button) (small blind) collected ($5.88)
Seat 6: TinaTurner72 (big blind) folded on the Turn


PokerStars Hand #162266422873:  Hold'em Limit ($3/$6 USD) - 2016/12/01 18:58:17 ET
Table 'Ella' 10-max Seat #6 is the button
Seat 5: danne_111 ($121.24 in chips)
Seat 6: TinaTurner72 ($94.50 in chips)
TinaTurner72: posts small blind $1
danne_111: posts big blind $3
*** HOLE CARDS ***
TinaTurner72: raises $3 to $6
danne_111: raises $3 to $9
TinaTurner72: calls $3
*** FLOP *** [Tc 2d Jh]
danne_111: bets $3
TinaTurner72: calls $3
*** TURN *** [Tc 2d Jh] [Th]
danne_111: bets $6
ToDaFelt joins the table at seat #7
TinaTurner72: calls $6
*** RIVER *** [Tc 2d Jh Th] [7s]
danne_111: checks
TinaTurner72: bets $6
danne_111: calls $6
*** SHOW DOWN ***
TinaTurner72: shows [Jd Ts] (a full house, Tens full of Jacks)
danne_111: mucks hand
TinaTurner72 collected $47.50 from pot
*** SUMMARY ***
Total pot $48 | Rake $0.50
Board [Tc 2d Jh Th 7s]
Seat 5: danne_111 (big blind) mucked
Seat 6: TinaTurner72 (button) (small blind) showed [Jd Ts] and won ($47.50) with a full house, Tens full of Jacks


