PokerStars Hand #144511185007:  Hold'em Limit ($3/$6 USD) - 2015/11/28 11:22:36 ET
Table 'Ellicott II' 6-max Seat #6 is the button
Seat 2: LukaSteel ($219.13 in chips)
Seat 6: Wuceifer ($38.74 in chips)
Wuceifer: posts small blind $1
steinchen: is sitting out
LukaSteel: posts big blind $3
*** HOLE CARDS ***
Wuceifer: calls $2
LukaSteel: raises $3 to $6
Wuceifer: calls $3
*** FLOP *** [9d Ah 4c]
LukaSteel: bets $3
Wuceifer: folds
Uncalled bet ($3) returned to LukaSteel
Poo Chana joins the table at seat #5
LukaSteel collected $11.76 from pot
LukaSteel: doesn't show hand
*** SUMMARY ***
Total pot $12 | Rake $0.24
Board [9d Ah 4c]
Seat 2: LukaSteel (big blind) collected ($11.76)
Seat 6: Wuceifer (button) (small blind) folded on the Flop


PokerStars Hand #144511317352:  Hold'em Limit ($3/$6 USD) - 2015/11/28 11:25:24 ET
Table 'Ellicott II' 6-max Seat #2 is the button
Seat 2: LukaSteel ($151.89 in chips)
Seat 5: Poo Chana ($133.50 in chips)
LukaSteel: posts small blind $1
Poo Chana: posts big blind $3
*** HOLE CARDS ***
LukaSteel: folds
Uncalled bet ($2) returned to Poo Chana
Poo Chana collected $2 from pot
Poo Chana: doesn't show hand
*** SUMMARY ***
Total pot $2 | Rake $0
Seat 2: LukaSteel (button) (small blind) folded before Flop
Seat 5: Poo Chana (big blind) collected ($2)


PokerStars Hand #144511280360:  Hold'em Limit ($3/$6 USD) - 2015/11/28 11:24:37 ET
Table 'Ellicott II' 6-max Seat #5 is the button
Seat 2: LukaSteel ($175.89 in chips)
Seat 5: Poo Chana ($110 in chips)
Poo Chana: posts small blind $1
Wuceifer: is sitting out
LukaSteel: posts big blind $3
*** HOLE CARDS ***
steinchen leaves the table
Wuceifer leaves the table
Poo Chana: raises $3 to $6
LukaSteel: raises $3 to $9
Poo Chana: calls $3
*** FLOP *** [Ks Js 6d]
LukaSteel: bets $3
Poo Chana: calls $3
*** TURN *** [Ks Js 6d] [4s]
LukaSteel: bets $6
Poo Chana: calls $6
*** RIVER *** [Ks Js 6d 4s] [Th]
LukaSteel: checks
Poo Chana: bets $6
LukaSteel: calls $6
*** SHOW DOWN ***
Poo Chana: shows [8s 9s] (a flush, King high)
LukaSteel: mucks hand
Poo Chana collected $47.50 from pot
*** SUMMARY ***
Total pot $48 | Rake $0.50
Board [Ks Js 6d 4s Th]
Seat 2: LukaSteel (big blind) mucked
Seat 5: Poo Chana (button) (small blind) showed [8s 9s] and won ($47.50) with a flush, King high


