PokerStars Hand #151103850970:  Hold'em Limit ($3/$6 USD) - 2016/03/29 4:33:21 ET
Table 'Elnath' 6-max Seat #3 is the button
Seat 3: Jokerfish777 ($69.55 in chips)
Seat 4: VolkovDmitri ($126.76 in chips)
Jokerfish777: posts small blind $1
VolkovDmitri: posts big blind $3
*** HOLE CARDS ***
Jokerfish777: folds
Uncalled bet ($2) returned to VolkovDmitri
VolkovDmitri collected $2 from pot
VolkovDmitri: doesn't show hand
*** SUMMARY ***
Total pot $2 | Rake $0
Seat 3: Jokerfish777 (button) (small blind) folded before Flop
Seat 4: VolkovDmitri (big blind) collected ($2)


PokerStars Hand #151103827572:  Hold'em Limit ($3/$6 USD) - 2016/03/29 4:32:14 ET
Table 'Elnath' 6-max Seat #4 is the button
Seat 3: Jokerfish777 ($50.05 in chips)
Seat 4: VolkovDmitri ($121 in chips)
VolkovDmitri: posts small blind $1
Jokerfish777: posts big blind $3
*** HOLE CARDS ***
VolkovDmitri: raises $3 to $6
Jokerfish777: calls $3
*** FLOP *** [As Qc Jh]
Jokerfish777: bets $3
VolkovDmitri: calls $3
*** TURN *** [As Qc Jh] [Ad]
Jokerfish777: bets $6
VolkovDmitri: raises $6 to $12
Jokerfish777: calls $6
*** RIVER *** [As Qc Jh Ad] [5h]
Jokerfish777: checks
VolkovDmitri: bets $6
Jokerfish777: calls $6
*** SHOW DOWN ***
VolkovDmitri: shows [Js Qh] (two pair, Aces and Queens)
Jokerfish777: shows [4c Ac] (three of a kind, Aces)
Jokerfish777 collected $53.50 from pot
*** SUMMARY ***
Total pot $54 | Rake $0.50
Board [As Qc Jh Ad 5h]
Seat 3: Jokerfish777 (big blind) showed [4c Ac] and won ($53.50) with three of a kind, Aces
Seat 4: VolkovDmitri (button) (small blind) showed [Js Qh] and lost with two pair, Aces and Queens


PokerStars Hand #151103844369:  Hold'em Limit ($3/$6 USD) - 2016/03/29 4:33:02 ET
Table 'Elnath' 6-max Seat #4 is the button
Seat 3: Jokerfish777 ($75.55 in chips)
Seat 4: VolkovDmitri ($121 in chips)
VolkovDmitri: posts small blind $1
Jokerfish777: posts big blind $3
*** HOLE CARDS ***
VolkovDmitri: raises $3 to $6
Jokerfish777: calls $3
*** FLOP *** [2d 2h 6s]
Jokerfish777: checks
VolkovDmitri: bets $3
Jokerfish777: folds
Uncalled bet ($3) returned to VolkovDmitri
VolkovDmitri collected $11.76 from pot
VolkovDmitri: doesn't show hand
*** SUMMARY ***
Total pot $12 | Rake $0.24
Board [2d 2h 6s]
Seat 3: Jokerfish777 (big blind) folded on the Flop
Seat 4: VolkovDmitri (button) (small blind) collected ($11.76)


PokerStars Hand #151103857500:  Hold'em Limit ($3/$6 USD) - 2016/03/29 4:33:40 ET
Table 'Elnath' 6-max Seat #3 is the button
Seat 3: Jokerfish777 ($65.55 in chips)
Seat 4: VolkovDmitri ($130.76 in chips)
Jokerfish777: posts small blind $1
VolkovDmitri: posts big blind $3
*** HOLE CARDS ***
Jokerfish777: folds
Uncalled bet ($2) returned to VolkovDmitri
VolkovDmitri collected $2 from pot
VolkovDmitri: doesn't show hand
*** SUMMARY ***
Total pot $2 | Rake $0
Seat 3: Jokerfish777 (button) (small blind) folded before Flop
Seat 4: VolkovDmitri (big blind) collected ($2)


PokerStars Hand #151103852684:  Hold'em Limit ($3/$6 USD) - 2016/03/29 4:33:26 ET
Table 'Elnath' 6-max Seat #4 is the button
Seat 3: Jokerfish777 ($68.55 in chips)
Seat 4: VolkovDmitri ($127.76 in chips)
VolkovDmitri: posts small blind $1
Jokerfish777: posts big blind $3
*** HOLE CARDS ***
Chessnok joins the table at seat #5
VolkovDmitri: raises $3 to $6
Jokerfish777: folds
Uncalled bet ($3) returned to VolkovDmitri
VolkovDmitri collected $6 from pot
VolkovDmitri: doesn't show hand
*** SUMMARY ***
Total pot $6 | Rake $0
Seat 3: Jokerfish777 (big blind) folded before Flop
Seat 4: VolkovDmitri (button) (small blind) collected ($6)


PokerStars Hand #151105747519:  Hold'em Limit ($3/$6 USD) - 2016/03/29 5:54:56 ET
Table 'Elnath' 6-max Seat #3 is the button
Seat 3: monylondon ($139.10 in chips)
Seat 4: VolkovDmitri ($259.51 in chips)
monylondon: posts small blind $1
VolkovDmitri: posts big blind $3
*** HOLE CARDS ***
monylondon: folds
Uncalled bet ($2) returned to VolkovDmitri
VolkovDmitri collected $2 from pot
VolkovDmitri: doesn't show hand
*** SUMMARY ***
Total pot $2 | Rake $0
Seat 3: monylondon (button) (small blind) folded before Flop
Seat 4: VolkovDmitri (big blind) collected ($2)


PokerStars Hand #151105728563:  Hold'em Limit ($3/$6 USD) - 2016/03/29 5:54:10 ET
Table 'Elnath' 6-max Seat #4 is the button
Seat 3: monylondon ($145.10 in chips)
Seat 4: VolkovDmitri ($253.75 in chips)
VolkovDmitri: posts small blind $1
RockKillerTY was removed from the table for failing to post
monylondon: posts big blind $3
*** HOLE CARDS ***
RockKillerTY joins the table at seat #5
VolkovDmitri: raises $3 to $6
monylondon: calls $3
*** FLOP *** [7c 2d 9s]
monylondon: checks
VolkovDmitri: bets $3
monylondon: folds
Uncalled bet ($3) returned to VolkovDmitri
VolkovDmitri collected $11.76 from pot
VolkovDmitri: doesn't show hand
*** SUMMARY ***
Total pot $12 | Rake $0.24
Board [7c 2d 9s]
Seat 3: monylondon (big blind) folded on the Flop
Seat 4: VolkovDmitri (button) (small blind) collected ($11.76)


PokerStars Hand #151107071632:  Hold'em Limit ($3/$6 USD) - 2016/03/29 6:44:50 ET
Table 'Elnath' 6-max Seat #6 is the button
Seat 4: VolkovDmitri ($191.99 in chips)
Seat 6: haydy142 ($102.65 in chips)
haydy142: posts small blind $1
bentinck113: is sitting out
VolkovDmitri: posts big blind $3
*** HOLE CARDS ***
haydy142: folds
Uncalled bet ($2) returned to VolkovDmitri
VolkovDmitri collected $2 from pot
VolkovDmitri: doesn't show hand
*** SUMMARY ***
Total pot $2 | Rake $0
Seat 4: VolkovDmitri (big blind) collected ($2)
Seat 6: haydy142 (button) (small blind) folded before Flop


