PokerStars Hand #174405620267:  Hold'em Limit ($3/$6 USD) - 2017/08/16 10:51:43 ET
Table 'Elpis' 6-max Seat #5 is the button
Seat 2: luckyzb ($101.54 in chips)
Seat 5: B_loJkl ($141.23 in chips)
B_loJkl: posts small blind $1
fleabaggs: is sitting out
luckyzb: posts big blind $3
*** HOLE CARDS ***
B_loJkl: raises $3 to $6
fleabaggs leaves the table
luckyzb: calls $3
*** FLOP *** [9d Tc 6h]
luckyzb: checks
B_loJkl: bets $3
luckyzb: folds
Uncalled bet ($3) returned to B_loJkl
B_loJkl collected $11.76 from pot
B_loJkl: doesn't show hand
*** SUMMARY ***
Total pot $12 | Rake $0.24
Board [9d Tc 6h]
Seat 2: luckyzb (big blind) folded on the Flop
Seat 5: B_loJkl (button) (small blind) collected ($11.76)


PokerStars Hand #174405667214:  Hold'em Limit ($3/$6 USD) - 2017/08/16 10:53:09 ET
Table 'Elpis' 6-max Seat #5 is the button
Seat 2: luckyzb ($112.04 in chips)
Seat 5: B_loJkl ($129.99 in chips)
B_loJkl: posts small blind $1
luckyzb: posts big blind $3
*** HOLE CARDS ***
B_loJkl: raises $3 to $6
luckyzb: calls $3
*** FLOP *** [Jh 7d 5s]
WSpieler joins the table at seat #6
luckyzb: checks
B_loJkl: bets $3
luckyzb: folds
Uncalled bet ($3) returned to B_loJkl
B_loJkl collected $11.76 from pot
B_loJkl: doesn't show hand
*** SUMMARY ***
Total pot $12 | Rake $0.24
Board [Jh 7d 5s]
Seat 2: luckyzb (big blind) folded on the Flop
Seat 5: B_loJkl (button) (small blind) collected ($11.76)


PokerStars Hand #174405663853:  Hold'em Limit ($3/$6 USD) - 2017/08/16 10:53:03 ET
Table 'Elpis' 6-max Seat #2 is the button
Seat 2: luckyzb ($113.04 in chips)
Seat 5: B_loJkl ($128.99 in chips)
luckyzb: posts small blind $1
B_loJkl: posts big blind $3
*** HOLE CARDS ***
luckyzb: folds
Uncalled bet ($2) returned to B_loJkl
B_loJkl collected $2 from pot
B_loJkl: doesn't show hand
*** SUMMARY ***
Total pot $2 | Rake $0
Seat 2: luckyzb (button) (small blind) folded before Flop
Seat 5: B_loJkl (big blind) collected ($2)


PokerStars Hand #174405658882:  Hold'em Limit ($3/$6 USD) - 2017/08/16 10:52:54 ET
Table 'Elpis' 6-max Seat #5 is the button
Seat 2: luckyzb ($116.04 in chips)
Seat 5: B_loJkl ($125.99 in chips)
B_loJkl: posts small blind $1
luckyzb: posts big blind $3
*** HOLE CARDS ***
B_loJkl: raises $3 to $6
luckyzb: folds
Uncalled bet ($3) returned to B_loJkl
B_loJkl collected $6 from pot
B_loJkl: doesn't show hand
*** SUMMARY ***
Total pot $6 | Rake $0
Seat 2: luckyzb (big blind) folded before Flop
Seat 5: B_loJkl (button) (small blind) collected ($6)


PokerStars Hand #174405631463:  Hold'em Limit ($3/$6 USD) - 2017/08/16 10:52:04 ET
Table 'Elpis' 6-max Seat #2 is the button
Seat 2: luckyzb ($95.54 in chips)
Seat 5: B_loJkl ($146.99 in chips)
luckyzb: posts small blind $1
B_loJkl: posts big blind $3
*** HOLE CARDS ***
luckyzb: raises $3 to $6
B_loJkl: calls $3
*** FLOP *** [9h 6s Jd]
B_loJkl: checks
luckyzb: bets $3
B_loJkl: calls $3
*** TURN *** [9h 6s Jd] [9c]
B_loJkl: checks
luckyzb: bets $6
B_loJkl: calls $6
*** RIVER *** [9h 6s Jd 9c] [Ac]
vasilioo leaves the table
B_loJkl: checks
luckyzb: bets $6
B_loJkl: calls $6
*** SHOW DOWN ***
luckyzb: shows [9d Qd] (three of a kind, Nines)
B_loJkl: mucks hand
luckyzb collected $41.50 from pot
*** SUMMARY ***
Total pot $42 | Rake $0.50
Board [9h 6s Jd 9c Ac]
Seat 2: luckyzb (button) (small blind) showed [9d Qd] and won ($41.50) with three of a kind, Nines
Seat 5: B_loJkl (big blind) mucked


PokerStars Hand #174405678525:  Hold'em Limit ($3/$6 USD) - 2017/08/16 10:53:29 ET
Table 'Elpis' 6-max Seat #2 is the button
Seat 2: luckyzb ($106.04 in chips)
Seat 5: B_loJkl ($135.75 in chips)
luckyzb: posts small blind $1
orimen was removed from the table for failing to post
B_loJkl: posts big blind $3
*** HOLE CARDS ***
luckyzb: folds
Uncalled bet ($2) returned to B_loJkl
B_loJkl collected $2 from pot
B_loJkl: doesn't show hand
*** SUMMARY ***
Total pot $2 | Rake $0
Seat 2: luckyzb (button) (small blind) folded before Flop
Seat 5: B_loJkl (big blind) collected ($2)


PokerStars Hand #174409833014:  Hold'em Limit ($3/$6 USD) - 2017/08/16 12:53:00 ET
Table 'Elpis' 6-max Seat #2 is the button
Seat 1: favete lin ($166.60 in chips)
Seat 2: B_loJkl ($98.29 in chips)
B_loJkl: posts small blind $1
favete lin: posts big blind $3
*** HOLE CARDS ***
zizonmusang joins the table at seat #6
B_loJkl: raises $3 to $6
favete lin: calls $3
*** FLOP *** [Ah 9h Kd]
favete lin: checks
B_loJkl: bets $3
favete lin: folds
Uncalled bet ($3) returned to B_loJkl
B_loJkl collected $11.76 from pot
B_loJkl: doesn't show hand
*** SUMMARY ***
Total pot $12 | Rake $0.24
Board [Ah 9h Kd]
Seat 1: favete lin (big blind) folded on the Flop
Seat 2: B_loJkl (button) (small blind) collected ($11.76)


PokerStars Hand #174409853023:  Hold'em Limit ($3/$6 USD) - 2017/08/16 12:53:31 ET
Table 'Elpis' 6-max Seat #1 is the button
Seat 1: favete lin ($160.60 in chips)
Seat 2: B_loJkl ($104.05 in chips)
favete lin: posts small blind $1
B_loJkl: posts big blind $3
*** HOLE CARDS ***
favete lin: raises $3 to $6
B_loJkl: raises $3 to $9
favete lin: calls $3
*** FLOP *** [Ts 2c 6d]
B_loJkl: bets $3
favete lin: raises $3 to $6
B_loJkl: raises $3 to $9
favete lin: calls $3
*** TURN *** [Ts 2c 6d] [5s]
B_loJkl: bets $6
favete lin: calls $6
*** RIVER *** [Ts 2c 6d 5s] [5c]
B_loJkl: bets $6
favete lin: calls $6
*** SHOW DOWN ***
B_loJkl: shows [Js Jd] (two pair, Jacks and Fives)
favete lin: mucks hand
B_loJkl collected $59.50 from pot
*** SUMMARY ***
Total pot $60 | Rake $0.50
Board [Ts 2c 6d 5s 5c]
Seat 1: favete lin (button) (small blind) mucked
Seat 2: B_loJkl (big blind) showed [Js Jd] and won ($59.50) with two pair, Jacks and Fives


PokerStars Hand #174410596620:  Hold'em Limit ($3/$6 USD) - 2017/08/16 13:13:26 ET
Table 'Elpis' 6-max Seat #1 is the button
Seat 1: favete lin ($281.27 in chips)
Seat 2: B_loJkl ($93.24 in chips)
favete lin: posts small blind $1
B_loJkl: posts big blind $3
*** HOLE CARDS ***
favete lin: folds
Uncalled bet ($2) returned to B_loJkl
B_loJkl collected $2 from pot
B_loJkl: doesn't show hand
*** SUMMARY ***
Total pot $2 | Rake $0
Seat 1: favete lin (button) (small blind) folded before Flop
Seat 2: B_loJkl (big blind) collected ($2)


PokerStars Hand #174410575388:  Hold'em Limit ($3/$6 USD) - 2017/08/16 13:12:55 ET
Table 'Elpis' 6-max Seat #2 is the button
Seat 1: favete lin ($269.75 in chips)
Seat 2: B_loJkl ($105.24 in chips)
B_loJkl: posts small blind $1
favete lin: posts big blind $3
*** HOLE CARDS ***
B_loJkl: raises $3 to $6
favete lin: calls $3
*** FLOP *** [3h 2s 2d]
favete lin: checks
zizonmusang leaves the table
B_loJkl: bets $3
favete lin: raises $3 to $6
B_loJkl: calls $3
*** TURN *** [3h 2s 2d] [8h]
favete lin: bets $6
B_loJkl: folds
Uncalled bet ($6) returned to favete lin
favete lin collected $23.52 from pot
favete lin: doesn't show hand
*** SUMMARY ***
Total pot $24 | Rake $0.48
Board [3h 2s 2d 8h]
Seat 1: favete lin (big blind) collected ($23.52)
Seat 2: B_loJkl (button) (small blind) folded on the Turn


PokerStars Hand #174410599960:  Hold'em Limit ($3/$6 USD) - 2017/08/16 13:13:31 ET
Table 'Elpis' 6-max Seat #2 is the button
Seat 1: favete lin ($280.27 in chips)
Seat 2: B_loJkl ($94.24 in chips)
B_loJkl: posts small blind $1
favete lin: posts big blind $3
*** HOLE CARDS ***
B_loJkl: raises $3 to $6
favete lin: calls $3
*** FLOP *** [Ts Kd Qc]
favete lin: checks
B_loJkl: bets $3
favete lin: calls $3
*** TURN *** [Ts Kd Qc] [5h]
favete lin: checks
B_loJkl: checks
*** RIVER *** [Ts Kd Qc 5h] [Kc]
favete lin: checks
B_loJkl: checks
*** SHOW DOWN ***
favete lin: shows [Ac 4c] (a pair of Kings)
B_loJkl: mucks hand
favete lin collected $17.64 from pot
*** SUMMARY ***
Total pot $18 | Rake $0.36
Board [Ts Kd Qc 5h Kc]
Seat 1: favete lin (big blind) showed [Ac 4c] and won ($17.64) with a pair of Kings
Seat 2: B_loJkl (button) (small blind) mucked


PokerStars Hand #174410659139:  Hold'em Limit ($3/$6 USD) - 2017/08/16 13:15:01 ET
Table 'Elpis' 6-max Seat #2 is the button
Seat 1: favete lin ($315.41 in chips)
Seat 2: B_loJkl ($58.24 in chips)
B_loJkl: posts small blind $1
favete lin: posts big blind $3
*** HOLE CARDS ***
B_loJkl: raises $3 to $6
favete lin: calls $3
*** FLOP *** [7c 9d 8c]
favete lin: checks
B_loJkl: checks
*** TURN *** [7c 9d 8c] [Ac]
favete lin: checks
B_loJkl: bets $6
favete lin: calls $6
*** RIVER *** [7c 9d 8c Ac] [6d]
favete lin: checks
B_loJkl: checks
*** SHOW DOWN ***
favete lin: shows [7s 4d] (a pair of Sevens)
B_loJkl: mucks hand
favete lin collected $23.52 from pot
*** SUMMARY ***
Total pot $24 | Rake $0.48
Board [7c 9d 8c Ac 6d]
Seat 1: favete lin (big blind) showed [7s 4d] and won ($23.52) with a pair of Sevens
Seat 2: B_loJkl (button) (small blind) mucked


PokerStars Hand #174410620611:  Hold'em Limit ($3/$6 USD) - 2017/08/16 13:14:02 ET
Table 'Elpis' 6-max Seat #1 is the button
Seat 1: favete lin ($288.91 in chips)
Seat 2: B_loJkl ($85.24 in chips)
favete lin: posts small blind $1
B_loJkl: posts big blind $3
*** HOLE CARDS ***
favete lin: raises $3 to $6
B_loJkl: calls $3
*** FLOP *** [5s 7h 3s]
B_loJkl: checks
favete lin: bets $3
B_loJkl: calls $3
*** TURN *** [5s 7h 3s] [Ad]
B_loJkl: checks
favete lin: bets $6
B_loJkl: raises $6 to $12
favete lin: raises $6 to $18
B_loJkl: calls $6
*** RIVER *** [5s 7h 3s Ad] [Js]
B_loJkl: checks
favete lin: bets $6
B_loJkl: folds
Uncalled bet ($6) returned to favete lin
favete lin collected $53.50 from pot
favete lin: doesn't show hand
*** SUMMARY ***
Total pot $54 | Rake $0.50
Board [5s 7h 3s Ad Js]
Seat 1: favete lin (button) (small blind) collected ($53.50)
Seat 2: B_loJkl (big blind) folded on the River


