PokerStars Hand #172126107953:  Hold'em Limit ($3/$6 USD) - 2017/06/23 2:31:26 ET
Table 'Elpis' 6-max Seat #2 is the button
Seat 2: Chessnok ($170.28 in chips)
Seat 3: fender676 ($254.69 in chips)
Chessnok: posts small blind $1
fender676: posts big blind $3
*** HOLE CARDS ***
Chessnok: raises $3 to $6
fender676: calls $3
*** FLOP *** [5h 9s Jh]
fender676: checks
Chessnok: bets $3
fender676: raises $3 to $6
Chessnok: folds
Uncalled bet ($3) returned to fender676
fender676 collected $17.64 from pot
fender676: doesn't show hand
*** SUMMARY ***
Total pot $18 | Rake $0.36
Board [5h 9s Jh]
Seat 2: Chessnok (button) (small blind) folded on the Flop
Seat 3: fender676 (big blind) collected ($17.64)


PokerStars Hand #172126110615:  Hold'em Limit ($3/$6 USD) - 2017/06/23 2:31:37 ET
Table 'Elpis' 6-max Seat #3 is the button
Seat 2: Chessnok ($161.28 in chips)
Seat 3: fender676 ($263.33 in chips)
fender676: posts small blind $1
fire852181 was removed from the table for failing to post
Chessnok: posts big blind $3
*** HOLE CARDS ***
fender676: raises $3 to $6
Chessnok: raises $3 to $9
fender676: calls $3
*** FLOP *** [4s 6d Jc]
Chessnok: bets $3
fender676: raises $3 to $6
Chessnok: raises $3 to $9
fender676: calls $3
*** TURN *** [4s 6d Jc] [Ts]
Chessnok: bets $6
fender676: calls $6
*** RIVER *** [4s 6d Jc Ts] [7c]
Chessnok: bets $6
fender676: calls $6
*** SHOW DOWN ***
Chessnok: shows [Qh Tc] (a pair of Tens)
fender676: mucks hand
Chessnok collected $59.50 from pot
*** SUMMARY ***
Total pot $60 | Rake $0.50
Board [4s 6d Jc Ts 7c]
Seat 2: Chessnok (big blind) showed [Qh Tc] and won ($59.50) with a pair of Tens
Seat 3: fender676 (button) (small blind) mucked


PokerStars Hand #172126115500:  Hold'em Limit ($3/$6 USD) - 2017/06/23 2:31:58 ET
Table 'Elpis' 6-max Seat #2 is the button
Seat 2: Chessnok ($190.78 in chips)
Seat 3: fender676 ($233.33 in chips)
Chessnok: posts small blind $1
fender676: posts big blind $3
*** HOLE CARDS ***
Chessnok: folds
Uncalled bet ($2) returned to fender676
fender676 collected $2 from pot
fender676: doesn't show hand
*** SUMMARY ***
Total pot $2 | Rake $0
Seat 2: Chessnok (button) (small blind) folded before Flop
Seat 3: fender676 (big blind) collected ($2)


PokerStars Hand #172126121602:  Hold'em Limit ($3/$6 USD) - 2017/06/23 2:32:23 ET
Table 'Elpis' 6-max Seat #2 is the button
Seat 2: Chessnok ($162.78 in chips)
Seat 3: fender676 ($260.83 in chips)
Chessnok: posts small blind $1
fender676: posts big blind $3
*** HOLE CARDS ***
Chessnok: raises $3 to $6
fender676: calls $3
*** FLOP *** [Ac 7d 4h]
fender676: checks
Chessnok: bets $3
fender676: folds
Uncalled bet ($3) returned to Chessnok
Chessnok collected $11.76 from pot
Chessnok: doesn't show hand
*** SUMMARY ***
Total pot $12 | Rake $0.24
Board [Ac 7d 4h]
Seat 2: Chessnok (button) (small blind) collected ($11.76)
Seat 3: fender676 (big blind) folded on the Flop


PokerStars Hand #172126116537:  Hold'em Limit ($3/$6 USD) - 2017/06/23 2:32:02 ET
Table 'Elpis' 6-max Seat #3 is the button
Seat 2: Chessnok ($189.78 in chips)
Seat 3: fender676 ($234.33 in chips)
fender676: posts small blind $1
Chessnok: posts big blind $3
*** HOLE CARDS ***
fire852181 joins the table at seat #6
fender676: raises $3 to $6
Agrotait joins the table at seat #1
Chessnok: raises $3 to $9
fender676: raises $3 to $12
Betting is capped
Chessnok: calls $3
*** FLOP *** [6s Ks 8d]
Chessnok: checks
fender676: bets $3
Chessnok: calls $3
*** TURN *** [6s Ks 8d] [9h]
Chessnok: checks
fender676: bets $6
Chessnok: calls $6
*** RIVER *** [6s Ks 8d 9h] [4c]
Chessnok: checks
fender676: bets $6
Chessnok: calls $6
*** SHOW DOWN ***
fender676: shows [Kd Qs] (a pair of Kings)
Chessnok: mucks hand
fender676 collected $53.50 from pot
*** SUMMARY ***
Total pot $54 | Rake $0.50
Board [6s Ks 8d 9h 4c]
Seat 2: Chessnok (big blind) mucked
Seat 3: fender676 (button) (small blind) showed [Kd Qs] and won ($53.50) with a pair of Kings


PokerStars Hand #172131671954:  Hold'em Limit ($3/$6 USD) - 2017/06/23 7:25:27 ET
Table 'Elpis' 6-max Seat #3 is the button
Seat 3: fender676 ($68.25 in chips)
Seat 5: scorpio04 ($174.92 in chips)
fender676: posts small blind $1
scorpio04: posts big blind $3
*** HOLE CARDS ***
fender676: raises $3 to $6
scorpio04: raises $3 to $9
fender676: calls $3
*** FLOP *** [Jc Ah 8d]
scorpio04: bets $3
Actionni13 leaves the table
fender676: folds
Uncalled bet ($3) returned to scorpio04
scorpio04 collected $17.64 from pot
scorpio04: doesn't show hand
*** SUMMARY ***
Total pot $18 | Rake $0.36
Board [Jc Ah 8d]
Seat 3: fender676 (button) (small blind) folded on the Flop
Seat 5: scorpio04 (big blind) collected ($17.64)


PokerStars Hand #172131676364:  Hold'em Limit ($3/$6 USD) - 2017/06/23 7:25:38 ET
Table 'Elpis' 6-max Seat #5 is the button
Seat 3: fender676 ($59.25 in chips)
Seat 5: scorpio04 ($183.56 in chips)
scorpio04: posts small blind $1
fender676: posts big blind $3
*** HOLE CARDS ***
scorpio04: raises $3 to $6
fender676: calls $3
*** FLOP *** [2d Kd 3d]
fender676: checks
scorpio04: bets $3
fender676: folds
Uncalled bet ($3) returned to scorpio04
scorpio04 collected $11.76 from pot
scorpio04: doesn't show hand
*** SUMMARY ***
Total pot $12 | Rake $0.24
Board [2d Kd 3d]
Seat 3: fender676 (big blind) folded on the Flop
Seat 5: scorpio04 (button) (small blind) collected ($11.76)


