PokerStars Hand #158934776617:  Hold'em Limit ($3/$6 USD) - 2016/09/22 6:55:37 ET
Table 'Elsa' 6-max Seat #6 is the button
Seat 4: Alexsandr.NT ($106.10 in chips)
Seat 6: Chari-fari ($35.59 in chips)
Chari-fari: posts small blind $1
TbIP-TbIP 88: is sitting out
Alexsandr.NT: posts big blind $3
*** HOLE CARDS ***
Chari-fari: raises $3 to $6
Alexsandr.NT: calls $3
*** FLOP *** [4s 9d Jh]
Alexsandr.NT: checks
Chari-fari: bets $3
Alexsandr.NT: calls $3
*** TURN *** [4s 9d Jh] [Ah]
Alexsandr.NT: checks
Chari-fari: bets $6
Alexsandr.NT: calls $6
*** RIVER *** [4s 9d Jh Ah] [Qd]
Alexsandr.NT: checks
Chari-fari: checks
*** SHOW DOWN ***
Alexsandr.NT: shows [4d 5d] (a pair of Fours)
Chari-fari: shows [6s 9h] (a pair of Nines)
Chari-fari collected $29.50 from pot
*** SUMMARY ***
Total pot $30 | Rake $0.50
Board [4s 9d Jh Ah Qd]
Seat 4: Alexsandr.NT (big blind) showed [4d 5d] and lost with a pair of Fours
Seat 6: Chari-fari (button) (small blind) showed [6s 9h] and won ($29.50) with a pair of Nines


