PokerStars Hand #165931916863:  Hold'em Limit ($3/$6 USD) - 2017/02/09 9:18:36 ET
Table 'Elsa' 6-max Seat #2 is the button
Seat 1: _fayzulllo_ ($72 in chips)
Seat 2: belik555 ($90 in chips)
belik555: posts small blind $1
TbIP-TbIP 88 has timed out
TbIP-TbIP 88: is sitting out
_fayzulllo_: posts big blind $3
*** HOLE CARDS ***
belik555: raises $3 to $6
_fayzulllo_: calls $3
*** FLOP *** [7c 6h 3d]
_fayzulllo_: checks
belik555: bets $3
_fayzulllo_: calls $3
*** TURN *** [7c 6h 3d] [5h]
_fayzulllo_: checks
belik555: checks
*** RIVER *** [7c 6h 3d 5h] [2d]
_fayzulllo_: bets $6
belik555: calls $6
tamnt10549 joins the table at seat #5
*** SHOW DOWN ***
_fayzulllo_: shows [3c Jc] (a pair of Threes)
TbIP-TbIP 88 leaves the table
belik555: mucks hand
_fayzulllo_ collected $29.50 from pot
*** SUMMARY ***
Total pot $30 | Rake $0.50
Board [7c 6h 3d 5h 2d]
Seat 1: _fayzulllo_ (big blind) showed [3c Jc] and won ($29.50) with a pair of Threes
Seat 2: belik555 (button) (small blind) mucked


PokerStars Hand #165931940600:  Hold'em Limit ($3/$6 USD) - 2017/02/09 9:19:13 ET
Table 'Elsa' 6-max Seat #1 is the button
Seat 1: _fayzulllo_ ($86.50 in chips)
Seat 2: belik555 ($90 in chips)
_fayzulllo_: posts small blind $1
belik555: posts big blind $3
*** HOLE CARDS ***
TinaTurner72 joins the table at seat #6
_fayzulllo_: calls $2
belik555: checks
*** FLOP *** [4c Jd Qc]
tttzzz joins the table at seat #3
belik555: checks
_fayzulllo_: checks
*** TURN *** [4c Jd Qc] [6c]
belik555: checks
_fayzulllo_: bets $6
belik555: folds
Uncalled bet ($6) returned to _fayzulllo_
_fayzulllo_ collected $5.88 from pot
_fayzulllo_: doesn't show hand
*** SUMMARY ***
Total pot $6 | Rake $0.12
Board [4c Jd Qc 6c]
Seat 1: _fayzulllo_ (button) (small blind) collected ($5.88)
Seat 2: belik555 (big blind) folded on the Turn


PokerStars Hand #165932719496:  Hold'em Limit ($3/$6 USD) - 2017/02/09 9:39:13 ET
Table 'Elsa' 6-max Seat #2 is the button
Seat 1: TinaTurner72 ($138.74 in chips)
Seat 2: threeeyejack ($82.46 in chips)
threeeyejack: posts small blind $1
LouisB: is sitting out
DePokeraap was removed from the table for failing to post
belik555: is sitting out
TinaTurner72: posts big blind $3
*** HOLE CARDS ***
belik555 leaves the table
threeeyejack: raises $3 to $6
belik555 joins the table at seat #3
TinaTurner72: calls $3
*** FLOP *** [9c As 2d]
LouisB leaves the table
TinaTurner72: checks
threeeyejack: bets $3
TinaTurner72: raises $3 to $6
threeeyejack: calls $3
*** TURN *** [9c As 2d] [4h]
TinaTurner72: checks
threeeyejack: bets $6
TinaTurner72: folds
Uncalled bet ($6) returned to threeeyejack
threeeyejack collected $23.52 from pot
threeeyejack: doesn't show hand
*** SUMMARY ***
Total pot $24 | Rake $0.48
Board [9c As 2d 4h]
Seat 1: TinaTurner72 (big blind) folded on the Turn
Seat 2: threeeyejack (button) (small blind) collected ($23.52)


