PokerStars Hand #169094175634:  Hold'em Limit ($3/$6 USD) - 2017/04/15 17:59:25 ET
Table 'Eltigen' 6-max Seat #6 is the button
Seat 3: simper11 ($140.50 in chips)
Seat 6: D Juice11 ($129.55 in chips)
D Juice11: posts small blind $1
simper11: posts big blind $3
*** HOLE CARDS ***
D Juice11: folds
Uncalled bet ($2) returned to simper11
simper11 collected $2 from pot
simper11: doesn't show hand
*** SUMMARY ***
Total pot $2 | Rake $0
Seat 3: simper11 (big blind) collected ($2)
Seat 6: D Juice11 (button) (small blind) folded before Flop


PokerStars Hand #169094159579:  Hold'em Limit ($3/$6 USD) - 2017/04/15 17:58:59 ET
Table 'Eltigen' 6-max Seat #3 is the button
Seat 3: simper11 ($120 in chips)
Seat 6: D Juice11 ($150.55 in chips)
simper11: posts small blind $1
D Juice11: posts big blind $3
*** HOLE CARDS ***
simper11: raises $3 to $6
D Juice11: calls $3
*** FLOP *** [6d 5d 9h]
D Juice11: checks
simper11: bets $3
D Juice11: calls $3
*** TURN *** [6d 5d 9h] [Js]
D Juice11: checks
simper11: bets $6
D Juice11: calls $6
*** RIVER *** [6d 5d 9h Js] [Ac]
D Juice11: bets $6
simper11: raises $6 to $12
D Juice11: folds
Uncalled bet ($6) returned to simper11
simper11 collected $41.50 from pot
simper11: doesn't show hand
*** SUMMARY ***
Total pot $42 | Rake $0.50
Board [6d 5d 9h Js Ac]
Seat 3: simper11 (button) (small blind) collected ($41.50)
Seat 6: D Juice11 (big blind) folded on the River


PokerStars Hand #169094200890:  Hold'em Limit ($3/$6 USD) - 2017/04/15 18:00:06 ET
Table 'Eltigen' 6-max Seat #6 is the button
Seat 3: simper11 ($136.50 in chips)
Seat 6: D Juice11 ($133.43 in chips)
D Juice11: posts small blind $1
simper11: posts big blind $3
*** HOLE CARDS ***
D Juice11: calls $2
simper11: checks
*** FLOP *** [6c 7s 8d]
simper11: checks
D Juice11: bets $3
simper11: folds
Uncalled bet ($3) returned to D Juice11
D Juice11 collected $5.88 from pot
D Juice11: doesn't show hand
*** SUMMARY ***
Total pot $6 | Rake $0.12
Board [6c 7s 8d]
Seat 3: simper11 (big blind) folded on the Flop
Seat 6: D Juice11 (button) (small blind) collected ($5.88)


PokerStars Hand #169094197073:  Hold'em Limit ($3/$6 USD) - 2017/04/15 18:00:00 ET
Table 'Eltigen' 6-max Seat #3 is the button
Seat 3: simper11 ($137.50 in chips)
Seat 6: D Juice11 ($132.43 in chips)
simper11: posts small blind $1
D Juice11: posts big blind $3
*** HOLE CARDS ***
simper11: folds
Uncalled bet ($2) returned to D Juice11
D Juice11 collected $2 from pot
D Juice11: doesn't show hand
*** SUMMARY ***
Total pot $2 | Rake $0
Seat 3: simper11 (button) (small blind) folded before Flop
Seat 6: D Juice11 (big blind) collected ($2)


PokerStars Hand #169094193413:  Hold'em Limit ($3/$6 USD) - 2017/04/15 17:59:54 ET
Table 'Eltigen' 6-max Seat #6 is the button
Seat 3: simper11 ($140.50 in chips)
Seat 6: D Juice11 ($129.43 in chips)
D Juice11: posts small blind $1
simper11: posts big blind $3
*** HOLE CARDS ***
D Juice11: raises $3 to $6
simper11: folds
Uncalled bet ($3) returned to D Juice11
D Juice11 collected $6 from pot
D Juice11: doesn't show hand
*** SUMMARY ***
Total pot $6 | Rake $0
Seat 3: simper11 (big blind) folded before Flop
Seat 6: D Juice11 (button) (small blind) collected ($6)


PokerStars Hand #169094190269:  Hold'em Limit ($3/$6 USD) - 2017/04/15 17:59:49 ET
Table 'Eltigen' 6-max Seat #3 is the button
Seat 3: simper11 ($141.50 in chips)
Seat 6: D Juice11 ($128.43 in chips)
simper11: posts small blind $1
D Juice11: posts big blind $3
*** HOLE CARDS ***
simper11: folds
Uncalled bet ($2) returned to D Juice11
D Juice11 collected $2 from pot
D Juice11: doesn't show hand
*** SUMMARY ***
Total pot $2 | Rake $0
Seat 3: simper11 (button) (small blind) folded before Flop
Seat 6: D Juice11 (big blind) collected ($2)


PokerStars Hand #169094183585:  Hold'em Limit ($3/$6 USD) - 2017/04/15 17:59:38 ET
Table 'Eltigen' 6-max Seat #6 is the button
Seat 3: simper11 ($144.50 in chips)
Seat 6: D Juice11 ($125.55 in chips)
D Juice11: posts small blind $1
simper11: posts big blind $3
*** HOLE CARDS ***
D Juice11: calls $2
simper11: checks
*** FLOP *** [Qh Ad Kc]
simper11: checks
D Juice11: bets $3
simper11: folds
Uncalled bet ($3) returned to D Juice11
D Juice11 collected $5.88 from pot
D Juice11: doesn't show hand
*** SUMMARY ***
Total pot $6 | Rake $0.12
Board [Qh Ad Kc]
Seat 3: simper11 (big blind) folded on the Flop
Seat 6: D Juice11 (button) (small blind) collected ($5.88)


PokerStars Hand #169094179217:  Hold'em Limit ($3/$6 USD) - 2017/04/15 17:59:31 ET
Table 'Eltigen' 6-max Seat #3 is the button
Seat 3: simper11 ($141.50 in chips)
Seat 6: D Juice11 ($128.55 in chips)
simper11: posts small blind $1
D Juice11: posts big blind $3
*** HOLE CARDS ***
simper11: raises $3 to $6
D Juice11: folds
Uncalled bet ($3) returned to simper11
simper11 collected $6 from pot
simper11: doesn't show hand
*** SUMMARY ***
Total pot $6 | Rake $0
Seat 3: simper11 (button) (small blind) collected ($6)
Seat 6: D Juice11 (big blind) folded before Flop


PokerStars Hand #169094220325:  Hold'em Limit ($3/$6 USD) - 2017/04/15 18:00:36 ET
Table 'Eltigen' 6-max Seat #6 is the button
Seat 3: simper11 ($154 in chips)
Seat 6: D Juice11 ($115.31 in chips)
D Juice11: posts small blind $1
simper11: posts big blind $3
*** HOLE CARDS ***
D Juice11: raises $3 to $6
simper11: raises $3 to $9
D Juice11: calls $3
*** FLOP *** [Ad Tc 5s]
simper11: bets $3
D Juice11: calls $3
*** TURN *** [Ad Tc 5s] [3c]
simper11: bets $6
D Juice11: calls $6
*** RIVER *** [Ad Tc 5s 3c] [Qc]
simper11: bets $6
D Juice11: calls $6
*** SHOW DOWN ***
simper11: shows [As Qh] (two pair, Aces and Queens)
D Juice11: mucks hand
simper11 collected $47.50 from pot
*** SUMMARY ***
Total pot $48 | Rake $0.50
Board [Ad Tc 5s 3c Qc]
Seat 3: simper11 (big blind) showed [As Qh] and won ($47.50) with two pair, Aces and Queens
Seat 6: D Juice11 (button) (small blind) mucked


PokerStars Hand #169094207228:  Hold'em Limit ($3/$6 USD) - 2017/04/15 18:00:16 ET
Table 'Eltigen' 6-max Seat #3 is the button
Seat 3: simper11 ($133.50 in chips)
Seat 6: D Juice11 ($136.31 in chips)
simper11: posts small blind $1
D Juice11: posts big blind $3
*** HOLE CARDS ***
simper11: raises $3 to $6
D Juice11: calls $3
*** FLOP *** [9h 6h Tc]
D Juice11: checks
simper11: bets $3
D Juice11: calls $3
*** TURN *** [9h 6h Tc] [Th]
D Juice11: checks
simper11: bets $6
D Juice11: calls $6
*** RIVER *** [9h 6h Tc Th] [2d]
D Juice11: checks
simper11: bets $6
D Juice11: calls $6
*** SHOW DOWN ***
simper11: shows [2h Ah] (a flush, Ace high)
D Juice11: mucks hand
simper11 collected $41.50 from pot
*** SUMMARY ***
Total pot $42 | Rake $0.50
Board [9h 6h Tc Th 2d]
Seat 3: simper11 (button) (small blind) showed [2h Ah] and won ($41.50) with a flush, Ace high
Seat 6: D Juice11 (big blind) mucked


