PokerStars Hand #148896459651:  Hold'em Limit ($3/$6 USD) - 2016/02/16 8:26:19 ET
Table 'Eltigen' 6-max Seat #6 is the button
Seat 1: VolkovDmitri ($120 in chips)
Seat 6: PokerProf-MG ($66.26 in chips)
PokerProf-MG: posts small blind $1
VolkovDmitri: posts big blind $3
*** HOLE CARDS ***
PokerProf-MG: raises $3 to $6
VolkovDmitri: calls $3
*** FLOP *** [2d 4d Qc]
VolkovDmitri: checks
PokerProf-MG: bets $3
VolkovDmitri: folds
Uncalled bet ($3) returned to PokerProf-MG
PokerProf-MG collected $11.76 from pot
PokerProf-MG: doesn't show hand
*** SUMMARY ***
Total pot $12 | Rake $0.24
Board [2d 4d Qc]
Seat 1: VolkovDmitri (big blind) folded on the Flop
Seat 6: PokerProf-MG (button) (small blind) collected ($11.76)


PokerStars Hand #148896493370:  Hold'em Limit ($3/$6 USD) - 2016/02/16 8:27:12 ET
Table 'Eltigen' 6-max Seat #6 is the button
Seat 1: VolkovDmitri ($120 in chips)
Seat 6: PokerProf-MG ($83.54 in chips)
PokerProf-MG: posts small blind $1
VolkovDmitri: posts big blind $3
*** HOLE CARDS ***
PokerProf-MG: raises $3 to $6
VolkovDmitri: folds
Uncalled bet ($3) returned to PokerProf-MG
PokerProf-MG collected $6 from pot
PokerProf-MG: doesn't show hand
*** SUMMARY ***
Total pot $6 | Rake $0
Seat 1: VolkovDmitri (big blind) folded before Flop
Seat 6: PokerProf-MG (button) (small blind) collected ($6)


PokerStars Hand #148896476744:  Hold'em Limit ($3/$6 USD) - 2016/02/16 8:26:46 ET
Table 'Eltigen' 6-max Seat #1 is the button
Seat 1: VolkovDmitri ($120 in chips)
Seat 6: PokerProf-MG ($72.02 in chips)
VolkovDmitri: posts small blind $1
PokerProf-MG: posts big blind $3
*** HOLE CARDS ***
VolkovDmitri: raises $3 to $6
PokerProf-MG: calls $3
*** FLOP *** [5d 7h Jd]
PokerProf-MG: checks
VolkovDmitri: bets $3
PokerProf-MG: raises $3 to $6
VolkovDmitri: calls $3
*** TURN *** [5d 7h Jd] [4h]
PokerProf-MG: bets $6
VolkovDmitri: folds
Uncalled bet ($6) returned to PokerProf-MG
PokerProf-MG collected $23.52 from pot
PokerProf-MG: doesn't show hand
*** SUMMARY ***
Total pot $24 | Rake $0.48
Board [5d 7h Jd 4h]
Seat 1: VolkovDmitri (button) (small blind) folded on the Turn
Seat 6: PokerProf-MG (big blind) collected ($23.52)


PokerStars Hand #148896497236:  Hold'em Limit ($3/$6 USD) - 2016/02/16 8:27:18 ET
Table 'Eltigen' 6-max Seat #1 is the button
Seat 1: VolkovDmitri ($120 in chips)
Seat 6: PokerProf-MG ($86.54 in chips)
VolkovDmitri: posts small blind $1
PokerProf-MG: posts big blind $3
*** HOLE CARDS ***
VolkovDmitri: raises $3 to $6
PokerProf-MG: calls $3
*** FLOP *** [3d 6s Jc]
PokerProf-MG: checks
VolkovDmitri: bets $3
PokerProf-MG: folds
Uncalled bet ($3) returned to VolkovDmitri
VolkovDmitri collected $11.76 from pot
VolkovDmitri: doesn't show hand
*** SUMMARY ***
Total pot $12 | Rake $0.24
Board [3d 6s Jc]
Seat 1: VolkovDmitri (button) (small blind) collected ($11.76)
Seat 6: PokerProf-MG (big blind) folded on the Flop


PokerStars Hand #148896524698:  Hold'em Limit ($3/$6 USD) - 2016/02/16 8:28:00 ET
Table 'Eltigen' 6-max Seat #1 is the button
Seat 1: VolkovDmitri ($120 in chips)
Seat 6: PokerProf-MG ($89.18 in chips)
VolkovDmitri: posts small blind $1
PokerProf-MG: posts big blind $3
*** HOLE CARDS ***
VolkovDmitri: folds
Uncalled bet ($2) returned to PokerProf-MG
PokerProf-MG collected $2 from pot
PokerProf-MG: doesn't show hand
*** SUMMARY ***
Total pot $2 | Rake $0
Seat 1: VolkovDmitri (button) (small blind) folded before Flop
Seat 6: PokerProf-MG (big blind) collected ($2)


PokerStars Hand #148896504539:  Hold'em Limit ($3/$6 USD) - 2016/02/16 8:27:29 ET
Table 'Eltigen' 6-max Seat #6 is the button
Seat 1: VolkovDmitri ($125.76 in chips)
Seat 6: PokerProf-MG ($80.54 in chips)
PokerProf-MG: posts small blind $1
VolkovDmitri: posts big blind $3
*** HOLE CARDS ***
PokerProf-MG: raises $3 to $6
VolkovDmitri: calls $3
*** FLOP *** [Qd 9c 4s]
VolkovDmitri: checks
PokerProf-MG: bets $3
VolkovDmitri: calls $3
*** TURN *** [Qd 9c 4s] [6d]
VolkovDmitri: checks
PokerProf-MG: checks
*** RIVER *** [Qd 9c 4s 6d] [Jh]
VolkovDmitri: checks
PokerProf-MG: bets $6
VolkovDmitri: folds
Uncalled bet ($6) returned to PokerProf-MG
PokerProf-MG collected $17.64 from pot
PokerProf-MG: doesn't show hand
*** SUMMARY ***
Total pot $18 | Rake $0.36
Board [Qd 9c 4s 6d Jh]
Seat 1: VolkovDmitri (big blind) folded on the River
Seat 6: PokerProf-MG (button) (small blind) collected ($17.64)


PokerStars Hand #148896529140:  Hold'em Limit ($3/$6 USD) - 2016/02/16 8:28:07 ET
Table 'Eltigen' 6-max Seat #6 is the button
Seat 1: VolkovDmitri ($120 in chips)
Seat 6: PokerProf-MG ($90.18 in chips)
PokerProf-MG: posts small blind $1
VolkovDmitri: posts big blind $3
*** HOLE CARDS ***
PokerProf-MG: folds
Uncalled bet ($2) returned to VolkovDmitri
VolkovDmitri collected $2 from pot
VolkovDmitri: doesn't show hand
*** SUMMARY ***
Total pot $2 | Rake $0
Seat 1: VolkovDmitri (big blind) collected ($2)
Seat 6: PokerProf-MG (button) (small blind) folded before Flop


PokerStars Hand #148896533414:  Hold'em Limit ($3/$6 USD) - 2016/02/16 8:28:13 ET
Table 'Eltigen' 6-max Seat #1 is the button
Seat 1: VolkovDmitri ($121 in chips)
Seat 6: PokerProf-MG ($89.18 in chips)
VolkovDmitri: posts small blind $1
PokerProf-MG: posts big blind $3
*** HOLE CARDS ***
VolkovDmitri: raises $3 to $6
PokerProf-MG: calls $3
*** FLOP *** [8h Jh 7h]
PokerProf-MG: bets $3
VolkovDmitri: calls $3
*** TURN *** [8h Jh 7h] [9h]
PokerProf-MG: bets $6
VolkovDmitri: folds
Uncalled bet ($6) returned to PokerProf-MG
PokerProf-MG collected $17.64 from pot
PokerProf-MG: doesn't show hand
*** SUMMARY ***
Total pot $18 | Rake $0.36
Board [8h Jh 7h 9h]
Seat 1: VolkovDmitri (button) (small blind) folded on the Turn
Seat 6: PokerProf-MG (big blind) collected ($17.64)


PokerStars Hand #148896542957:  Hold'em Limit ($3/$6 USD) - 2016/02/16 8:28:28 ET
Table 'Eltigen' 6-max Seat #6 is the button
Seat 1: VolkovDmitri ($120 in chips)
Seat 6: PokerProf-MG ($97.82 in chips)
PokerProf-MG: posts small blind $1
VolkovDmitri: posts big blind $3
*** HOLE CARDS ***
PokerProf-MG: folds
Uncalled bet ($2) returned to VolkovDmitri
VolkovDmitri collected $2 from pot
VolkovDmitri: doesn't show hand
*** SUMMARY ***
Total pot $2 | Rake $0
Seat 1: VolkovDmitri (big blind) collected ($2)
Seat 6: PokerProf-MG (button) (small blind) folded before Flop


PokerStars Hand #148896549340:  Hold'em Limit ($3/$6 USD) - 2016/02/16 8:28:38 ET
Table 'Eltigen' 6-max Seat #1 is the button
Seat 1: VolkovDmitri ($121 in chips)
Seat 6: PokerProf-MG ($96.82 in chips)
VolkovDmitri: posts small blind $1
PokerProf-MG: posts big blind $3
*** HOLE CARDS ***
VolkovDmitri: raises $3 to $6
PokerProf-MG: folds
Uncalled bet ($3) returned to VolkovDmitri
VolkovDmitri collected $6 from pot
*** SUMMARY ***
Total pot $6 | Rake $0
Seat 1: VolkovDmitri (button) (small blind) collected ($6)
Seat 6: PokerProf-MG (big blind) folded before Flop


PokerStars Hand #148896554214:  Hold'em Limit ($3/$6 USD) - 2016/02/16 8:28:46 ET
Table 'Eltigen' 6-max Seat #6 is the button
Seat 1: VolkovDmitri ($124 in chips)
Seat 6: PokerProf-MG ($93.82 in chips)
PokerProf-MG: posts small blind $1
VolkovDmitri: posts big blind $3
*** HOLE CARDS ***
PokerProf-MG: raises $3 to $6
VolkovDmitri: calls $3
*** FLOP *** [Th Ac 3d]
VolkovDmitri: checks
PokerProf-MG: checks
*** TURN *** [Th Ac 3d] [4s]
VolkovDmitri: bets $6
PokerProf-MG: calls $6
*** RIVER *** [Th Ac 3d 4s] [3c]
VolkovDmitri: bets $6
PokerProf-MG: calls $6
*** SHOW DOWN ***
VolkovDmitri: shows [Ah 6c] (two pair, Aces and Threes)
PokerProf-MG: mucks hand
VolkovDmitri collected $35.50 from pot
*** SUMMARY ***
Total pot $36 | Rake $0.50
Board [Th Ac 3d 4s 3c]
Seat 1: VolkovDmitri (big blind) showed [Ah 6c] and won ($35.50) with two pair, Aces and Threes
Seat 6: PokerProf-MG (button) (small blind) mucked


PokerStars Hand #148896564435:  Hold'em Limit ($3/$6 USD) - 2016/02/16 8:29:02 ET
Table 'Eltigen' 6-max Seat #1 is the button
Seat 1: VolkovDmitri ($141.50 in chips)
Seat 6: PokerProf-MG ($75.82 in chips)
VolkovDmitri: posts small blind $1
PokerProf-MG: posts big blind $3
*** HOLE CARDS ***
VolkovDmitri: raises $3 to $6
PokerProf-MG: raises $3 to $9
VolkovDmitri: calls $3
*** FLOP *** [2s 7c Js]
drillertag10 joins the table at seat #3
PokerProf-MG: bets $3
VolkovDmitri: calls $3
*** TURN *** [2s 7c Js] [8h]
PokerProf-MG: bets $6
VolkovDmitri: calls $6
*** RIVER *** [2s 7c Js 8h] [2c]
PokerProf-MG: bets $6
VolkovDmitri: calls $6
BuzovaPro joins the table at seat #4
*** SHOW DOWN ***
PokerProf-MG: shows [Ac Th] (a pair of Deuces)
VolkovDmitri: mucks hand
PokerProf-MG collected $47.50 from pot
*** SUMMARY ***
Total pot $48 | Rake $0.50
Board [2s 7c Js 8h 2c]
Seat 1: VolkovDmitri (button) (small blind) mucked
Seat 6: PokerProf-MG (big blind) showed [Ac Th] and won ($47.50) with a pair of Deuces


PokerStars Hand #148896582063:  Hold'em Limit ($3/$6 USD) - 2016/02/16 8:29:30 ET
Table 'Eltigen' 6-max Seat #6 is the button
Seat 1: VolkovDmitri ($120 in chips)
Seat 6: PokerProf-MG ($99.32 in chips)
PokerProf-MG: posts small blind $1
VolkovDmitri: posts big blind $3
*** HOLE CARDS ***
PokerProf-MG: calls $2
VolkovDmitri: raises $3 to $6
PokerProf-MG: calls $3
*** FLOP *** [7h 6s 7d]
VolkovDmitri: bets $3
PokerProf-MG: calls $3
*** TURN *** [7h 6s 7d] [3c]
VolkovDmitri: checks
PokerProf-MG: checks
*** RIVER *** [7h 6s 7d 3c] [9s]
VolkovDmitri: checks
PokerProf-MG: bets $6
VolkovDmitri: folds
Uncalled bet ($6) returned to PokerProf-MG
PokerProf-MG collected $17.64 from pot
PokerProf-MG: doesn't show hand
*** SUMMARY ***
Total pot $18 | Rake $0.36
Board [7h 6s 7d 3c 9s]
Seat 1: VolkovDmitri (big blind) folded on the River
Seat 6: PokerProf-MG (button) (small blind) collected ($17.64)


PokerStars Hand #148896682843:  Hold'em Limit ($3/$6 USD) - 2016/02/16 8:32:03 ET
Table 'Eltigen' 6-max Seat #1 is the button
Seat 1: VolkovDmitri ($152.66 in chips)
Seat 4: BuzovaPro ($103.05 in chips)
VolkovDmitri: posts small blind $1
BuzovaPro: posts big blind $3
*** HOLE CARDS ***
VolkovDmitri: raises $3 to $6
BuzovaPro: raises $3 to $9
drillertag10 leaves the table
VolkovDmitri: calls $3
*** FLOP *** [Jh 5c 4d]
BuzovaPro: bets $3
VolkovDmitri: calls $3
*** TURN *** [Jh 5c 4d] [Ks]
BuzovaPro: bets $6
VolkovDmitri: calls $6
*** RIVER *** [Jh 5c 4d Ks] [7s]
BuzovaPro: checks
VolkovDmitri: checks
*** SHOW DOWN ***
BuzovaPro: shows [Ah Qc] (high card Ace)
VolkovDmitri: shows [4s Qd] (a pair of Fours)
VolkovDmitri collected $35.50 from pot
*** SUMMARY ***
Total pot $36 | Rake $0.50
Board [Jh 5c 4d Ks 7s]
Seat 1: VolkovDmitri (button) (small blind) showed [4s Qd] and won ($35.50) with a pair of Fours
Seat 4: BuzovaPro (big blind) showed [Ah Qc] and lost with high card Ace


PokerStars Hand #148896730258:  Hold'em Limit ($3/$6 USD) - 2016/02/16 8:33:14 ET
Table 'Eltigen' 6-max Seat #5 is the button
Seat 4: BuzovaPro ($84.05 in chips)
Seat 5: MAHAC ($39.37 in chips)
MAHAC: posts small blind $1
BuzovaPro: posts big blind $3
*** HOLE CARDS ***
MAHAC: folds
Uncalled bet ($2) returned to BuzovaPro
BuzovaPro collected $2 from pot
BuzovaPro: doesn't show hand
*** SUMMARY ***
Total pot $2 | Rake $0
Seat 4: BuzovaPro (big blind) collected ($2)
Seat 5: MAHAC (button) (small blind) folded before Flop


PokerStars Hand #148896725335:  Hold'em Limit ($3/$6 USD) - 2016/02/16 8:33:07 ET
Table 'Eltigen' 6-max Seat #4 is the button
Seat 4: BuzovaPro ($85.05 in chips)
Seat 5: MAHAC ($38.37 in chips)
BuzovaPro: posts small blind $1
MAHAC: posts big blind $3
*** HOLE CARDS ***
BuzovaPro: folds
Uncalled bet ($2) returned to MAHAC
MAHAC collected $2 from pot
*** SUMMARY ***
Total pot $2 | Rake $0
Seat 4: BuzovaPro (button) (small blind) folded before Flop
Seat 5: MAHAC (big blind) collected ($2)


PokerStars Hand #148896773808:  Hold'em Limit ($3/$6 USD) - 2016/02/16 8:34:21 ET
Table 'Eltigen' 6-max Seat #4 is the button
Seat 4: BuzovaPro ($84.69 in chips)
Seat 5: MAHAC ($38.01 in chips)
BuzovaPro: posts small blind $1
MAHAC: posts big blind $3
*** HOLE CARDS ***
BuzovaPro: raises $3 to $6
MAHAC: folds
Uncalled bet ($3) returned to BuzovaPro
BuzovaPro collected $6 from pot
BuzovaPro: doesn't show hand
*** SUMMARY ***
Total pot $6 | Rake $0
Seat 4: BuzovaPro (button) (small blind) collected ($6)
Seat 5: MAHAC (big blind) folded before Flop


PokerStars Hand #148896761624:  Hold'em Limit ($3/$6 USD) - 2016/02/16 8:34:02 ET
Table 'Eltigen' 6-max Seat #5 is the button
Seat 4: BuzovaPro ($76.05 in chips)
Seat 5: MAHAC ($47.01 in chips)
MAHAC: posts small blind $1
BuzovaPro: posts big blind $3
*** HOLE CARDS ***
MAHAC: raises $3 to $6
BuzovaPro: calls $3
*** FLOP *** [6s Kh Qs]
BuzovaPro: checks
MAHAC: bets $3
BuzovaPro: raises $3 to $6
MAHAC: folds
Uncalled bet ($3) returned to BuzovaPro
BuzovaPro collected $17.64 from pot
BuzovaPro: doesn't show hand
*** SUMMARY ***
Total pot $18 | Rake $0.36
Board [6s Kh Qs]
Seat 4: BuzovaPro (big blind) collected ($17.64)
Seat 5: MAHAC (button) (small blind) folded on the Flop


PokerStars Hand #148896734095:  Hold'em Limit ($3/$6 USD) - 2016/02/16 8:33:20 ET
Table 'Eltigen' 6-max Seat #4 is the button
Seat 4: BuzovaPro ($85.05 in chips)
Seat 5: MAHAC ($38.37 in chips)
BuzovaPro: posts small blind $1
MAHAC: posts big blind $3
*** HOLE CARDS ***
BuzovaPro: raises $3 to $6
MAHAC: calls $3
*** FLOP *** [9h 3s Th]
MAHAC: checks
BuzovaPro: bets $3
MAHAC: calls $3
*** TURN *** [9h 3s Th] [7d]
MAHAC: checks
BuzovaPro: checks
*** RIVER *** [9h 3s Th 7d] [Qd]
MAHAC: checks
BuzovaPro: checks
*** SHOW DOWN ***
MAHAC: shows [Kc Qc] (a pair of Queens)
BuzovaPro: mucks hand
MAHAC collected $17.64 from pot
*** SUMMARY ***
Total pot $18 | Rake $0.36
Board [9h 3s Th 7d Qd]
Seat 4: BuzovaPro (button) (small blind) mucked
Seat 5: MAHAC (big blind) showed [Kc Qc] and won ($17.64) with a pair of Queens


PokerStars Hand #148896823007:  Hold'em Limit ($3/$6 USD) - 2016/02/16 8:35:36 ET
Table 'Eltigen' 6-max Seat #4 is the button
Seat 4: BuzovaPro ($80.64 in chips)
Seat 5: MAHAC ($47.51 in chips)
BuzovaPro: posts small blind $1
MAHAC: posts big blind $3
*** HOLE CARDS ***
BuzovaPro: folds
Uncalled bet ($2) returned to MAHAC
MAHAC collected $2 from pot
*** SUMMARY ***
Total pot $2 | Rake $0
Seat 4: BuzovaPro (button) (small blind) folded before Flop
Seat 5: MAHAC (big blind) collected ($2)


PokerStars Hand #148896811602:  Hold'em Limit ($3/$6 USD) - 2016/02/16 8:35:19 ET
Table 'Eltigen' 6-max Seat #5 is the button
Seat 4: BuzovaPro ($72 in chips)
Seat 5: MAHAC ($56.51 in chips)
MAHAC: posts small blind $1
BuzovaPro: posts big blind $3
*** HOLE CARDS ***
MAHAC: raises $3 to $6
BuzovaPro: calls $3
*** FLOP *** [7h 7s 6h]
BuzovaPro: bets $3
MAHAC: calls $3
*** TURN *** [7h 7s 6h] [9d]
BuzovaPro: bets $6
MAHAC: folds
Uncalled bet ($6) returned to BuzovaPro
BuzovaPro collected $17.64 from pot
BuzovaPro: doesn't show hand
*** SUMMARY ***
Total pot $18 | Rake $0.36
Board [7h 7s 6h 9d]
Seat 4: BuzovaPro (big blind) collected ($17.64)
Seat 5: MAHAC (button) (small blind) folded on the Turn


PokerStars Hand #148896808324:  Hold'em Limit ($3/$6 USD) - 2016/02/16 8:35:14 ET
Table 'Eltigen' 6-max Seat #4 is the button
Seat 4: BuzovaPro ($72 in chips)
Seat 5: MAHAC ($55.51 in chips)
BuzovaPro: posts small blind $1
MAHAC: posts big blind $3
*** HOLE CARDS ***
BuzovaPro: folds
Uncalled bet ($2) returned to MAHAC
MAHAC collected $2 from pot
*** SUMMARY ***
Total pot $2 | Rake $0
Seat 4: BuzovaPro (button) (small blind) folded before Flop
Seat 5: MAHAC (big blind) collected ($2)


PokerStars Hand #148896778616:  Hold'em Limit ($3/$6 USD) - 2016/02/16 8:34:28 ET
Table 'Eltigen' 6-max Seat #5 is the button
Seat 4: BuzovaPro ($87.69 in chips)
Seat 5: MAHAC ($35.01 in chips)
MAHAC: posts small blind $1
BuzovaPro: posts big blind $3
*** HOLE CARDS ***
MAHAC: raises $3 to $6
BuzovaPro: calls $3
*** FLOP *** [Kh Jh Ts]
BuzovaPro: bets $3
MAHAC: calls $3
*** TURN *** [Kh Jh Ts] [Qc]
BuzovaPro: checks
MAHAC: bets $6
BuzovaPro: calls $6
*** RIVER *** [Kh Jh Ts Qc] [4d]
BuzovaPro: checks
MAHAC: bets $6
BuzovaPro: calls $6
*** SHOW DOWN ***
MAHAC: shows [9s 9d] (a straight, Nine to King)
BuzovaPro: mucks hand
MAHAC collected $41.50 from pot
*** SUMMARY ***
Total pot $42 | Rake $0.50
Board [Kh Jh Ts Qc 4d]
Seat 4: BuzovaPro (big blind) mucked
Seat 5: MAHAC (button) (small blind) showed [9s 9d] and won ($41.50) with a straight, Nine to King


PokerStars Hand #148896852003:  Hold'em Limit ($3/$6 USD) - 2016/02/16 8:36:19 ET
Table 'Eltigen' 6-max Seat #4 is the button
Seat 4: BuzovaPro ($97.14 in chips)
Seat 5: MAHAC ($30.51 in chips)
BuzovaPro: posts small blind $1
MAHAC: posts big blind $3
*** HOLE CARDS ***
BuzovaPro: raises $3 to $6
MAHAC: raises $3 to $9
BuzovaPro: calls $3
*** FLOP *** [5c Tc 2c]
MAHAC: bets $3
BuzovaPro: folds
Uncalled bet ($3) returned to MAHAC
MAHAC collected $17.64 from pot
*** SUMMARY ***
Total pot $18 | Rake $0.36
Board [5c Tc 2c]
Seat 4: BuzovaPro (button) (small blind) folded on the Flop
Seat 5: MAHAC (big blind) collected ($17.64)


PokerStars Hand #148896826277:  Hold'em Limit ($3/$6 USD) - 2016/02/16 8:35:41 ET
Table 'Eltigen' 6-max Seat #5 is the button
Seat 4: BuzovaPro ($79.64 in chips)
Seat 5: MAHAC ($48.51 in chips)
MAHAC: posts small blind $1
BuzovaPro: posts big blind $3
*** HOLE CARDS ***
MAHAC: raises $3 to $6
BuzovaPro: calls $3
*** FLOP *** [2c Jh 5c]
BuzovaPro: bets $3
MAHAC: raises $3 to $6
BuzovaPro: calls $3
*** TURN *** [2c Jh 5c] [Ad]
BuzovaPro: checks
MAHAC: checks
*** RIVER *** [2c Jh 5c Ad] [4c]
BuzovaPro: bets $6
MAHAC: calls $6
*** SHOW DOWN ***
BuzovaPro: shows [3s Jc] (a straight, Ace to Five)
MAHAC: mucks hand
BuzovaPro collected $35.50 from pot
*** SUMMARY ***
Total pot $36 | Rake $0.50
Board [2c Jh 5c Ad 4c]
Seat 4: BuzovaPro (big blind) showed [3s Jc] and won ($35.50) with a straight, Ace to Five
Seat 5: MAHAC (button) (small blind) mucked


PokerStars Hand #148896894019:  Hold'em Limit ($3/$6 USD) - 2016/02/16 8:37:23 ET
Table 'Eltigen' 6-max Seat #4 is the button
Seat 4: BuzovaPro ($73 in chips)
Seat 5: MAHAC ($65.65 in chips)
BuzovaPro: posts small blind $1
MAHAC: posts big blind $3
*** HOLE CARDS ***
BuzovaPro: folds
Uncalled bet ($2) returned to MAHAC
MAHAC collected $2 from pot
*** SUMMARY ***
Total pot $2 | Rake $0
Seat 4: BuzovaPro (button) (small blind) folded before Flop
Seat 5: MAHAC (big blind) collected ($2)


PokerStars Hand #148896890309:  Hold'em Limit ($3/$6 USD) - 2016/02/16 8:37:17 ET
Table 'Eltigen' 6-max Seat #5 is the button
Seat 4: BuzovaPro ($72 in chips)
Seat 5: MAHAC ($66.65 in chips)
MAHAC: posts small blind $1
BuzovaPro: posts big blind $3
*** HOLE CARDS ***
MAHAC: folds
Uncalled bet ($2) returned to BuzovaPro
BuzovaPro collected $2 from pot
BuzovaPro: doesn't show hand
*** SUMMARY ***
Total pot $2 | Rake $0
Seat 4: BuzovaPro (big blind) collected ($2)
Seat 5: MAHAC (button) (small blind) folded before Flop


PokerStars Hand #148896886239:  Hold'em Limit ($3/$6 USD) - 2016/02/16 8:37:11 ET
Table 'Eltigen' 6-max Seat #4 is the button
Seat 4: BuzovaPro ($72 in chips)
Seat 5: MAHAC ($65.65 in chips)
BuzovaPro: posts small blind $1
MAHAC: posts big blind $3
*** HOLE CARDS ***
BuzovaPro: folds
Uncalled bet ($2) returned to MAHAC
MAHAC collected $2 from pot
*** SUMMARY ***
Total pot $2 | Rake $0
Seat 4: BuzovaPro (button) (small blind) folded before Flop
Seat 5: MAHAC (big blind) collected ($2)


PokerStars Hand #148896871119:  Hold'em Limit ($3/$6 USD) - 2016/02/16 8:36:48 ET
Table 'Eltigen' 6-max Seat #5 is the button
Seat 4: BuzovaPro ($88.14 in chips)
Seat 5: MAHAC ($39.15 in chips)
MAHAC: posts small blind $1
BuzovaPro: posts big blind $3
*** HOLE CARDS ***
MAHAC: raises $3 to $6
BuzovaPro: calls $3
*** FLOP *** [4d 2c Th]
BuzovaPro: bets $3
MAHAC: calls $3
*** TURN *** [4d 2c Th] [4h]
BuzovaPro: bets $6
MAHAC: raises $6 to $12
BuzovaPro: calls $6
*** RIVER *** [4d 2c Th 4h] [Kd]
BuzovaPro: checks
MAHAC: bets $6
BuzovaPro: calls $6
*** SHOW DOWN ***
MAHAC: shows [4s Ah] (three of a kind, Fours)
BuzovaPro: mucks hand
MAHAC collected $53.50 from pot
*** SUMMARY ***
Total pot $54 | Rake $0.50
Board [4d 2c Th 4h Kd]
Seat 4: BuzovaPro (big blind) mucked
Seat 5: MAHAC (button) (small blind) showed [4s Ah] and won ($53.50) with three of a kind, Fours


PokerStars Hand #148896929174:  Hold'em Limit ($3/$6 USD) - 2016/02/16 8:38:16 ET
Table 'Eltigen' 6-max Seat #5 is the button
Seat 4: BuzovaPro ($86.52 in chips)
Seat 5: MAHAC ($51.65 in chips)
MAHAC: posts small blind $1
BuzovaPro: posts big blind $3
*** HOLE CARDS ***
MAHAC: folds
Uncalled bet ($2) returned to BuzovaPro
BuzovaPro collected $2 from pot
BuzovaPro: doesn't show hand
*** SUMMARY ***
Total pot $2 | Rake $0
Seat 4: BuzovaPro (big blind) collected ($2)
Seat 5: MAHAC (button) (small blind) folded before Flop


PokerStars Hand #148896923540:  Hold'em Limit ($3/$6 USD) - 2016/02/16 8:38:08 ET
Table 'Eltigen' 6-max Seat #4 is the button
Seat 4: BuzovaPro ($83.52 in chips)
Seat 5: MAHAC ($54.65 in chips)
BuzovaPro: posts small blind $1
MAHAC: posts big blind $3
*** HOLE CARDS ***
BuzovaPro: raises $3 to $6
MAHAC: folds
Uncalled bet ($3) returned to BuzovaPro
BuzovaPro collected $6 from pot
BuzovaPro: doesn't show hand
*** SUMMARY ***
Total pot $6 | Rake $0
Seat 4: BuzovaPro (button) (small blind) collected ($6)
Seat 5: MAHAC (big blind) folded before Flop


PokerStars Hand #148896900115:  Hold'em Limit ($3/$6 USD) - 2016/02/16 8:37:32 ET
Table 'Eltigen' 6-max Seat #5 is the button
Seat 4: BuzovaPro ($72 in chips)
Seat 5: MAHAC ($66.65 in chips)
MAHAC: posts small blind $1
BuzovaPro: posts big blind $3
*** HOLE CARDS ***
MAHAC: raises $3 to $6
BuzovaPro: raises $3 to $9
MAHAC: calls $3
*** FLOP *** [Qs 8c Kc]
BuzovaPro: bets $3
MAHAC: calls $3
*** TURN *** [Qs 8c Kc] [3c]
BuzovaPro: bets $6
MAHAC: folds
Uncalled bet ($6) returned to BuzovaPro
BuzovaPro collected $23.52 from pot
BuzovaPro: doesn't show hand
*** SUMMARY ***
Total pot $24 | Rake $0.48
Board [Qs 8c Kc 3c]
Seat 4: BuzovaPro (big blind) collected ($23.52)
Seat 5: MAHAC (button) (small blind) folded on the Turn


PokerStars Hand #148896932408:  Hold'em Limit ($3/$6 USD) - 2016/02/16 8:38:21 ET
Table 'Eltigen' 6-max Seat #4 is the button
Seat 4: BuzovaPro ($87.52 in chips)
Seat 5: MAHAC ($50.65 in chips)
BuzovaPro: posts small blind $1
MAHAC: posts big blind $3
*** HOLE CARDS ***
BuzovaPro: raises $3 to $6
MAHAC: calls $3
*** FLOP *** [Qc 9d 7h]
MAHAC: bets $3
B_loJkl joins the table at seat #6
BuzovaPro: calls $3
*** TURN *** [Qc 9d 7h] [3s]
MAHAC: bets $6
BuzovaPro: raises $6 to $12
MAHAC: calls $6
*** RIVER *** [Qc 9d 7h 3s] [3d]
MAHAC: checks
BuzovaPro: bets $6
MAHAC: calls $6
*** SHOW DOWN ***
BuzovaPro: shows [5s Qd] (two pair, Queens and Threes)
MAHAC: mucks hand
BuzovaPro collected $53.50 from pot
*** SUMMARY ***
Total pot $54 | Rake $0.50
Board [Qc 9d 7h 3s 3d]
Seat 4: BuzovaPro (button) (small blind) showed [5s Qd] and won ($53.50) with two pair, Queens and Threes
Seat 5: MAHAC (big blind) mucked


