PokerStars Hand #164495882381:  Hold'em Limit ($3/$6 USD) - 2017/01/13 5:49:13 ET
Table 'Eltigen' 6-max Seat #1 is the button
Seat 1: LifeisagameX ($84 in chips)
Seat 4: Actionni13 ($150 in chips)
LifeisagameX: posts small blind $1
Actionni13: posts big blind $3
*** HOLE CARDS ***
LifeisagameX: raises $3 to $6
Actionni13: calls $3
*** FLOP *** [3c 8s Qs]
Actionni13: checks
LifeisagameX: bets $3
Actionni13: folds
Uncalled bet ($3) returned to LifeisagameX
LifeisagameX collected $11.76 from pot
LifeisagameX: doesn't show hand
*** SUMMARY ***
Total pot $12 | Rake $0.24
Board [3c 8s Qs]
Seat 1: LifeisagameX (button) (small blind) collected ($11.76)
Seat 4: Actionni13 (big blind) folded on the Flop


PokerStars Hand #164495897611:  Hold'em Limit ($3/$6 USD) - 2017/01/13 5:49:45 ET
Table 'Eltigen' 6-max Seat #4 is the button
Seat 1: LifeisagameX ($89.76 in chips)
Seat 4: Actionni13 ($150 in chips)
Actionni13: posts small blind $1
LifeisagameX: posts big blind $3
*** HOLE CARDS ***
Actionni13: raises $3 to $6
LifeisagameX: calls $3
*** FLOP *** [3c 6s Qd]
volkovsky joins the table at seat #5
LifeisagameX: checks
Actionni13: bets $3
LifeisagameX: folds
Uncalled bet ($3) returned to Actionni13
Actionni13 collected $11.76 from pot
*** SUMMARY ***
Total pot $12 | Rake $0.24
Board [3c 6s Qd]
Seat 1: LifeisagameX (big blind) folded on the Flop
Seat 4: Actionni13 (button) (small blind) collected ($11.76)


PokerStars Hand #164495910922:  Hold'em Limit ($3/$6 USD) - 2017/01/13 5:50:14 ET
Table 'Eltigen' 6-max Seat #1 is the button
Seat 1: LifeisagameX ($84 in chips)
Seat 4: Actionni13 ($155.76 in chips)
LifeisagameX: posts small blind $1
Actionni13: posts big blind $3
*** HOLE CARDS ***
LifeisagameX: raises $3 to $6
Actionni13: calls $3
*** FLOP *** [Jh 4c 9h]
Actionni13: checks
LifeisagameX: bets $3
Actionni13: raises $3 to $6
LifeisagameX: calls $3
*** TURN *** [Jh 4c 9h] [As]
Actionni13: bets $6
LifeisagameX: raises $6 to $12
Actionni13: raises $6 to $18
LifeisagameX: calls $6
*** RIVER *** [Jh 4c 9h As] [Ks]
Actionni13: bets $6
parnishka11 joins the table at seat #6
sinsadir joins the table at seat #2
LifeisagameX: raises $6 to $12
Actionni13: folds
Uncalled bet ($6) returned to LifeisagameX
LifeisagameX collected $71.50 from pot
LifeisagameX: doesn't show hand
*** SUMMARY ***
Total pot $72 | Rake $0.50
Board [Jh 4c 9h As Ks]
Seat 1: LifeisagameX (button) (small blind) collected ($71.50)
Seat 4: Actionni13 (big blind) folded on the River


PokerStars Hand #164502530324:  Hold'em Limit ($3/$6 USD) - 2017/01/13 9:10:48 ET
Table 'Eltigen' 6-max Seat #4 is the button
Seat 2: sinsadir ($101.22 in chips)
Seat 4: Bouling ($58.95 in chips)
Bouling: posts small blind $1
parnishka11: is sitting out
sinsadir: posts big blind $3
*** HOLE CARDS ***
Bouling: calls $2
parnishka11 leaves the table
sinsadir: raises $3 to $6
Bouling: calls $3
*** FLOP *** [4c 8h Qd]
sinsadir: bets $3
Bouling: calls $3
*** TURN *** [4c 8h Qd] [3s]
sinsadir: bets $6
Bouling: raises $6 to $12
sinsadir: calls $6
*** RIVER *** [4c 8h Qd 3s] [9c]
sinsadir: checks
Bouling: bets $6
sinsadir: calls $6
*** SHOW DOWN ***
Bouling: shows [8d Qc] (two pair, Queens and Eights)
sinsadir: mucks hand
Bouling collected $53.50 from pot
*** SUMMARY ***
Total pot $54 | Rake $0.50
Board [4c 8h Qd 3s 9c]
Seat 2: sinsadir (big blind) mucked
Seat 4: Bouling (button) (small blind) showed [8d Qc] and won ($53.50) with two pair, Queens and Eights


PokerStars Hand #164502553058:  Hold'em Limit ($3/$6 USD) - 2017/01/13 9:11:22 ET
Table 'Eltigen' 6-max Seat #2 is the button
Seat 2: sinsadir ($74.22 in chips)
Seat 4: Bouling ($85.45 in chips)
sinsadir: posts small blind $1
Bouling: posts big blind $3
*** HOLE CARDS ***
sinsadir: raises $3 to $6
Bouling: folds
Uncalled bet ($3) returned to sinsadir
sinsadir collected $6 from pot
sinsadir: doesn't show hand
*** SUMMARY ***
Total pot $6 | Rake $0
Seat 2: sinsadir (button) (small blind) collected ($6)
Seat 4: Bouling (big blind) folded before Flop


