PokerStars Hand #175540985083:  Hold'em Limit ($3/$6 USD) - 2017/09/12 7:07:54 ET
Table 'Elvira' 6-max Seat #4 is the button
Seat 1: KillerZodiak ($18 in chips)
Seat 4: VolkovDmitri ($131.52 in chips)
VolkovDmitri: posts small blind $1
KillerZodiak: posts big blind $3
*** HOLE CARDS ***
VolkovDmitri: raises $3 to $6
KillerZodiak: calls $3
*** FLOP *** [5h Qh Th]
KillerZodiak: checks
VolkovDmitri: checks
*** TURN *** [5h Qh Th] [5s]
KillerZodiak: checks
VolkovDmitri: bets $6
KillerZodiak: folds
Uncalled bet ($6) returned to VolkovDmitri
VolkovDmitri collected $11.76 from pot
VolkovDmitri: doesn't show hand
*** SUMMARY ***
Total pot $12 | Rake $0.24
Board [5h Qh Th 5s]
Seat 1: KillerZodiak (big blind) folded on the Turn
Seat 4: VolkovDmitri (button) (small blind) collected ($11.76)


PokerStars Hand #175540994769:  Hold'em Limit ($3/$6 USD) - 2017/09/12 7:08:18 ET
Table 'Elvira' 6-max Seat #1 is the button
Seat 1: KillerZodiak ($12 in chips)
Seat 4: VolkovDmitri ($137.28 in chips)
KillerZodiak: posts small blind $1
VolkovDmitri: posts big blind $3
*** HOLE CARDS ***
KillerZodiak: calls $2
VolkovDmitri: checks
*** FLOP *** [3h Js Ac]
VolkovDmitri: checks
KillerZodiak: checks
*** TURN *** [3h Js Ac] [4d]
VolkovDmitri: checks
KillerZodiak: bets $6
VolkovDmitri: folds
Uncalled bet ($6) returned to KillerZodiak
KillerZodiak collected $5.88 from pot
KillerZodiak: doesn't show hand
*** SUMMARY ***
Total pot $6 | Rake $0.12
Board [3h Js Ac 4d]
Seat 1: KillerZodiak (button) (small blind) collected ($5.88)
Seat 4: VolkovDmitri (big blind) folded on the Turn


PokerStars Hand #175541002907:  Hold'em Limit ($3/$6 USD) - 2017/09/12 7:08:39 ET
Table 'Elvira' 6-max Seat #4 is the button
Seat 1: KillerZodiak ($14.88 in chips)
Seat 4: VolkovDmitri ($134.28 in chips)
VolkovDmitri: posts small blind $1
KillerZodiak: posts big blind $3
*** HOLE CARDS ***
VolkovDmitri: raises $3 to $6
KillerZodiak: folds
Uncalled bet ($3) returned to VolkovDmitri
KillerZodiak leaves the table
VolkovDmitri collected $6 from pot
VolkovDmitri: doesn't show hand
*** SUMMARY ***
Total pot $6 | Rake $0
Seat 1: KillerZodiak (big blind) folded before Flop
Seat 4: VolkovDmitri (button) (small blind) collected ($6)


