PokerStars Hand #158448768427:  Hold'em Limit ($3/$6 USD) - 2016/09/11 4:11:11 ET
Table 'Elyna' 10-max Seat #1 is the button
Seat 1: killer bud ($78 in chips)
Seat 5: Agrotait ($72 in chips)
killer bud: posts small blind $1
Agrotait: posts big blind $3
*** HOLE CARDS ***
killer bud: raises $3 to $6
Agrotait: calls $3
*** FLOP *** [Jd 8d 2s]
Agrotait: checks
killer bud: bets $3
Agrotait: raises $3 to $6
killer bud: raises $3 to $9
Agrotait: calls $3
*** TURN *** [Jd 8d 2s] [7d]
Agrotait: checks
killer bud: checks
*** RIVER *** [Jd 8d 2s 7d] [Tc]
Agrotait: checks
killer bud: checks
*** SHOW DOWN ***
Agrotait: shows [Ah 8s] (a pair of Eights)
killer bud: shows [8h Ts] (two pair, Tens and Eights)
killer bud collected $29.50 from pot
*** SUMMARY ***
Total pot $30 | Rake $0.50
Board [Jd 8d 2s 7d Tc]
Seat 1: killer bud (button) (small blind) showed [8h Ts] and won ($29.50) with two pair, Tens and Eights
Seat 5: Agrotait (big blind) showed [Ah 8s] and lost with a pair of Eights


PokerStars Hand #158448786519:  Hold'em Limit ($3/$6 USD) - 2016/09/11 4:12:05 ET
Table 'Elyna' 10-max Seat #5 is the button
Seat 1: killer bud ($92.50 in chips)
Seat 5: Agrotait ($72 in chips)
Agrotait: posts small blind $1
killer bud: posts big blind $3
*** HOLE CARDS ***
Agrotait: raises $3 to $6
killer bud: calls $3
*** FLOP *** [Kh 4c Qc]
killer bud: checks
Agrotait: bets $3
killer bud: calls $3
*** TURN *** [Kh 4c Qc] [5s]
killer bud: checks
Agrotait: checks
*** RIVER *** [Kh 4c Qc 5s] [Td]
killer bud: checks
Agrotait: bets $6
killer bud: folds
Uncalled bet ($6) returned to Agrotait
Agrotait collected $17.64 from pot
Agrotait: doesn't show hand
*** SUMMARY ***
Total pot $18 | Rake $0.36
Board [Kh 4c Qc 5s Td]
Seat 1: killer bud (big blind) folded on the River
Seat 5: Agrotait (button) (small blind) collected ($17.64)


PokerStars Hand #158448818708:  Hold'em Limit ($3/$6 USD) - 2016/09/11 4:13:41 ET
Table 'Elyna' 10-max Seat #1 is the button
Seat 1: killer bud ($83.38 in chips)
Seat 5: Agrotait ($80.64 in chips)
killer bud: posts small blind $1
Agrotait: posts big blind $3
*** HOLE CARDS ***
killer bud: calls $2
Agrotait: checks
*** FLOP *** [As Qs 3d]
Agrotait: bets $3
killer bud: folds
Uncalled bet ($3) returned to Agrotait
Agrotait collected $5.88 from pot
Agrotait: doesn't show hand
*** SUMMARY ***
Total pot $6 | Rake $0.12
Board [As Qs 3d]
Seat 1: killer bud (button) (small blind) folded on the Flop
Seat 5: Agrotait (big blind) collected ($5.88)


PokerStars Hand #158448821828:  Hold'em Limit ($3/$6 USD) - 2016/09/11 4:13:51 ET
Table 'Elyna' 10-max Seat #5 is the button
Seat 1: killer bud ($80.38 in chips)
Seat 5: Agrotait ($83.52 in chips)
Agrotait: posts small blind $1
killer bud: posts big blind $3
*** HOLE CARDS ***
Agrotait: raises $3 to $6
killer bud: raises $3 to $9
Agrotait: calls $3
*** FLOP *** [9c As 5d]
killer bud: bets $3
Agrotait: folds
Uncalled bet ($3) returned to killer bud
killer bud collected $17.64 from pot
killer bud: doesn't show hand
*** SUMMARY ***
Total pot $18 | Rake $0.36
Board [9c As 5d]
Seat 1: killer bud (big blind) collected ($17.64)
Seat 5: Agrotait (button) (small blind) folded on the Flop


PokerStars Hand #158448803876:  Hold'em Limit ($3/$6 USD) - 2016/09/11 4:12:57 ET
Table 'Elyna' 10-max Seat #1 is the button
Seat 1: killer bud ($83.50 in chips)
Seat 5: Agrotait ($80.64 in chips)
killer bud: posts small blind $1
Agrotait: posts big blind $3
*** HOLE CARDS ***
killer bud: calls $2
Agrotait: checks
*** FLOP *** [9d Ts Qd]
Agrotait: checks
killer bud: bets $3
Agrotait: folds
Uncalled bet ($3) returned to killer bud
killer bud collected $5.88 from pot
killer bud: doesn't show hand
*** SUMMARY ***
Total pot $6 | Rake $0.12
Board [9d Ts Qd]
Seat 1: killer bud (button) (small blind) collected ($5.88)
Seat 5: Agrotait (big blind) folded on the Flop


PokerStars Hand #158448814316:  Hold'em Limit ($3/$6 USD) - 2016/09/11 4:13:28 ET
Table 'Elyna' 10-max Seat #5 is the button
Seat 1: killer bud ($86.38 in chips)
Seat 5: Agrotait ($77.64 in chips)
Agrotait: posts small blind $1
killer bud: posts big blind $3
*** HOLE CARDS ***
Agrotait: raises $3 to $6
killer bud: folds
Uncalled bet ($3) returned to Agrotait
Agrotait collected $6 from pot
Agrotait: doesn't show hand
*** SUMMARY ***
Total pot $6 | Rake $0
Seat 1: killer bud (big blind) folded before Flop
Seat 5: Agrotait (button) (small blind) collected ($6)


PokerStars Hand #158448827702:  Hold'em Limit ($3/$6 USD) - 2016/09/11 4:14:08 ET
Table 'Elyna' 10-max Seat #1 is the button
Seat 1: killer bud ($89.02 in chips)
Seat 5: Agrotait ($74.52 in chips)
killer bud: posts small blind $1
Agrotait: posts big blind $3
*** HOLE CARDS ***
killer bud: calls $2
Agrotait: checks
*** FLOP *** [3s Qc 2c]
Agrotait: bets $3
killer bud: folds
Uncalled bet ($3) returned to Agrotait
Agrotait collected $5.88 from pot
Agrotait: doesn't show hand
*** SUMMARY ***
Total pot $6 | Rake $0.12
Board [3s Qc 2c]
Seat 1: killer bud (button) (small blind) folded on the Flop
Seat 5: Agrotait (big blind) collected ($5.88)


PokerStars Hand #158448836358:  Hold'em Limit ($3/$6 USD) - 2016/09/11 4:14:34 ET
Table 'Elyna' 10-max Seat #5 is the button
Seat 1: killer bud ($86.02 in chips)
Seat 5: Agrotait ($77.40 in chips)
Agrotait: posts small blind $1
killer bud: posts big blind $3
*** HOLE CARDS ***
Agrotait: raises $3 to $6
killer bud: calls $3
*** FLOP *** [Th 6h 5c]
killer bud: checks
Agrotait: bets $3
killer bud: calls $3
*** TURN *** [Th 6h 5c] [8s]
killer bud: checks
Agrotait: bets $6
killer bud: calls $6
*** RIVER *** [Th 6h 5c 8s] [7d]
killer bud: checks
Agrotait: bets $6
killer bud: calls $6
*** SHOW DOWN ***
Agrotait: shows [Ac 7c] (a pair of Sevens)
killer bud: shows [4d 3d] (a straight, Four to Eight)
killer bud collected $41.50 from pot
*** SUMMARY ***
Total pot $42 | Rake $0.50
Board [Th 6h 5c 8s 7d]
Seat 1: killer bud (big blind) showed [4d 3d] and won ($41.50) with a straight, Four to Eight
Seat 5: Agrotait (button) (small blind) showed [Ac 7c] and lost with a pair of Sevens


PokerStars Hand #158448853201:  Hold'em Limit ($3/$6 USD) - 2016/09/11 4:15:24 ET
Table 'Elyna' 10-max Seat #5 is the button
Seat 1: killer bud ($109.40 in chips)
Seat 5: Agrotait ($69 in chips)
Agrotait: posts small blind $1
killer bud: posts big blind $3
*** HOLE CARDS ***
Agrotait: raises $3 to $6
killer bud: calls $3
*** FLOP *** [Qd 9s Jh]
killer bud: checks
Agrotait: bets $3
killer bud: calls $3
*** TURN *** [Qd 9s Jh] [3s]
killer bud: checks
Agrotait: bets $6
killer bud: folds
Uncalled bet ($6) returned to Agrotait
Agrotait collected $17.64 from pot
Agrotait: doesn't show hand
*** SUMMARY ***
Total pot $18 | Rake $0.36
Board [Qd 9s Jh 3s]
Seat 1: killer bud (big blind) folded on the Turn
Seat 5: Agrotait (button) (small blind) collected ($17.64)


PokerStars Hand #158448847657:  Hold'em Limit ($3/$6 USD) - 2016/09/11 4:15:08 ET
Table 'Elyna' 10-max Seat #1 is the button
Seat 1: killer bud ($106.52 in chips)
Seat 5: Agrotait ($72 in chips)
killer bud: posts small blind $1
Agrotait: posts big blind $3
*** HOLE CARDS ***
killer bud: calls $2
Agrotait: checks
*** FLOP *** [5c 7s 6s]
Agrotait: checks
killer bud: bets $3
Agrotait: folds
Uncalled bet ($3) returned to killer bud
killer bud collected $5.88 from pot
killer bud: doesn't show hand
*** SUMMARY ***
Total pot $6 | Rake $0.12
Board [5c 7s 6s]
Seat 1: killer bud (button) (small blind) collected ($5.88)
Seat 5: Agrotait (big blind) folded on the Flop


PokerStars Hand #158448861869:  Hold'em Limit ($3/$6 USD) - 2016/09/11 4:15:50 ET
Table 'Elyna' 10-max Seat #1 is the button
Seat 1: killer bud ($100.40 in chips)
Seat 5: Agrotait ($77.64 in chips)
killer bud: posts small blind $1
Agrotait: posts big blind $3
*** HOLE CARDS ***
killer bud: folds
Uncalled bet ($2) returned to Agrotait
Agrotait collected $2 from pot
Agrotait: doesn't show hand
*** SUMMARY ***
Total pot $2 | Rake $0
Seat 1: killer bud (button) (small blind) folded before Flop
Seat 5: Agrotait (big blind) collected ($2)


PokerStars Hand #158448877573:  Hold'em Limit ($3/$6 USD) - 2016/09/11 4:16:37 ET
Table 'Elyna' 10-max Seat #5 is the button
Seat 1: killer bud ($69.40 in chips)
Seat 5: Agrotait ($107.78 in chips)
Agrotait: posts small blind $1
killer bud: posts big blind $3
*** HOLE CARDS ***
Agrotait: raises $3 to $6
killer bud: calls $3
*** FLOP *** [6s 5s 5h]
killer bud: checks
Agrotait: bets $3
killer bud: folds
Uncalled bet ($3) returned to Agrotait
Agrotait collected $11.76 from pot
Agrotait: doesn't show hand
*** SUMMARY ***
Total pot $12 | Rake $0.24
Board [6s 5s 5h]
Seat 1: killer bud (big blind) folded on the Flop
Seat 5: Agrotait (button) (small blind) collected ($11.76)


PokerStars Hand #158448873777:  Hold'em Limit ($3/$6 USD) - 2016/09/11 4:16:25 ET
Table 'Elyna' 10-max Seat #1 is the button
Seat 1: killer bud ($78.40 in chips)
Seat 5: Agrotait ($99.14 in chips)
killer bud: posts small blind $1
Agrotait: posts big blind $3
*** HOLE CARDS ***
killer bud: raises $3 to $6
Agrotait: calls $3
*** FLOP *** [8h 2s Kh]
Agrotait: checks
killer bud: bets $3
Agrotait: raises $3 to $6
killer bud: folds
Uncalled bet ($3) returned to Agrotait
Agrotait collected $17.64 from pot
Agrotait: doesn't show hand
*** SUMMARY ***
Total pot $18 | Rake $0.36
Board [8h 2s Kh]
Seat 1: killer bud (button) (small blind) folded on the Flop
Seat 5: Agrotait (big blind) collected ($17.64)


PokerStars Hand #158448863927:  Hold'em Limit ($3/$6 USD) - 2016/09/11 4:15:56 ET
Table 'Elyna' 10-max Seat #5 is the button
Seat 1: killer bud ($99.40 in chips)
Seat 5: Agrotait ($78.64 in chips)
Agrotait: posts small blind $1
killer bud: posts big blind $3
*** HOLE CARDS ***
Agrotait: raises $3 to $6
killer bud: calls $3
*** FLOP *** [Ts 7c 3h]
killer bud: checks
Agrotait: bets $3
killer bud: calls $3
*** TURN *** [Ts 7c 3h] [5h]
killer bud: checks
Agrotait: bets $6
killer bud: calls $6
*** RIVER *** [Ts 7c 3h 5h] [8h]
killer bud: checks
Agrotait: bets $6
killer bud: calls $6
*** SHOW DOWN ***
Agrotait: shows [Qs Th] (a pair of Tens)
killer bud: mucks hand
Agrotait collected $41.50 from pot
*** SUMMARY ***
Total pot $42 | Rake $0.50
Board [Ts 7c 3h 5h 8h]
Seat 1: killer bud (big blind) mucked
Seat 5: Agrotait (button) (small blind) showed [Qs Th] and won ($41.50) with a pair of Tens


PokerStars Hand #158448885573:  Hold'em Limit ($3/$6 USD) - 2016/09/11 4:17:00 ET
Table 'Elyna' 10-max Seat #1 is the button
Seat 1: killer bud ($63.40 in chips)
Seat 5: Agrotait ($113.54 in chips)
killer bud: posts small blind $1
Agrotait: posts big blind $3
*** HOLE CARDS ***
killer bud: folds
Uncalled bet ($2) returned to Agrotait
Agrotait collected $2 from pot
Agrotait: doesn't show hand
*** SUMMARY ***
Total pot $2 | Rake $0
Seat 1: killer bud (button) (small blind) folded before Flop
Seat 5: Agrotait (big blind) collected ($2)


PokerStars Hand #158448887164:  Hold'em Limit ($3/$6 USD) - 2016/09/11 4:17:05 ET
Table 'Elyna' 10-max Seat #5 is the button
Seat 1: killer bud ($62.40 in chips)
Seat 5: Agrotait ($114.54 in chips)
Agrotait: posts small blind $1
killer bud: posts big blind $3
*** HOLE CARDS ***
Agrotait: raises $3 to $6
killer bud: raises $3 to $9
Agrotait: calls $3
*** FLOP *** [Jd Jc 9c]
killer bud: bets $3
Agrotait: calls $3
*** TURN *** [Jd Jc 9c] [Ac]
killer bud: bets $6
Agrotait: calls $6
*** RIVER *** [Jd Jc 9c Ac] [3s]
killer bud: bets $6
Agrotait: calls $6
*** SHOW DOWN ***
killer bud: shows [Tc 5c] (a flush, Ace high)
Agrotait: mucks hand
killer bud collected $47.50 from pot
*** SUMMARY ***
Total pot $48 | Rake $0.50
Board [Jd Jc 9c Ac 3s]
Seat 1: killer bud (big blind) showed [Tc 5c] and won ($47.50) with a flush, Ace high
Seat 5: Agrotait (button) (small blind) mucked


PokerStars Hand #158448914099:  Hold'em Limit ($3/$6 USD) - 2016/09/11 4:18:25 ET
Table 'Elyna' 10-max Seat #1 is the button
Seat 1: killer bud ($70.90 in chips)
Seat 5: Agrotait ($105.06 in chips)
killer bud: posts small blind $1
Agrotait: posts big blind $3
*** HOLE CARDS ***
killer bud: raises $3 to $6
Agrotait: calls $3
*** FLOP *** [4h Jd 3c]
Agrotait: checks
killer bud: checks
*** TURN *** [4h Jd 3c] [9h]
Agrotait: bets $6
killer bud: calls $6
*** RIVER *** [4h Jd 3c 9h] [Qd]
Agrotait: checks
killer bud: checks
*** SHOW DOWN ***
Agrotait: shows [Ac 5c] (high card Ace)
killer bud: mucks hand
Agrotait collected $23.52 from pot
*** SUMMARY ***
Total pot $24 | Rake $0.48
Board [4h Jd 3c 9h Qd]
Seat 1: killer bud (button) (small blind) mucked
Seat 5: Agrotait (big blind) showed [Ac 5c] and won ($23.52) with high card Ace


PokerStars Hand #158448920692:  Hold'em Limit ($3/$6 USD) - 2016/09/11 4:18:44 ET
Table 'Elyna' 10-max Seat #5 is the button
Seat 1: killer bud ($58.90 in chips)
Seat 5: Agrotait ($116.58 in chips)
Agrotait: posts small blind $1
killer bud: posts big blind $3
*** HOLE CARDS ***
Agrotait: folds
Uncalled bet ($2) returned to killer bud
killer bud collected $2 from pot
killer bud: doesn't show hand
*** SUMMARY ***
Total pot $2 | Rake $0
Seat 1: killer bud (big blind) collected ($2)
Seat 5: Agrotait (button) (small blind) folded before Flop


PokerStars Hand #158448924459:  Hold'em Limit ($3/$6 USD) - 2016/09/11 4:18:55 ET
Table 'Elyna' 10-max Seat #1 is the button
Seat 1: killer bud ($59.90 in chips)
Seat 5: Agrotait ($115.58 in chips)
killer bud: posts small blind $1
Agrotait: posts big blind $3
*** HOLE CARDS ***
killer bud: calls $2
Agrotait: raises $3 to $6
killer bud: calls $3
*** FLOP *** [Ac Jh Kh]
Agrotait: bets $3
killer bud: folds
Uncalled bet ($3) returned to Agrotait
Agrotait collected $11.76 from pot
Agrotait: doesn't show hand
*** SUMMARY ***
Total pot $12 | Rake $0.24
Board [Ac Jh Kh]
Seat 1: killer bud (button) (small blind) folded on the Flop
Seat 5: Agrotait (big blind) collected ($11.76)


PokerStars Hand #158448904164:  Hold'em Limit ($3/$6 USD) - 2016/09/11 4:17:55 ET
Table 'Elyna' 10-max Seat #1 is the button
Seat 1: killer bud ($85.90 in chips)
Seat 5: Agrotait ($90.54 in chips)
killer bud: posts small blind $1
Agrotait: posts big blind $3
*** HOLE CARDS ***
killer bud: raises $3 to $6
Agrotait: calls $3
*** FLOP *** [9s Jh Jc]
Agrotait: checks
killer bud: checks
*** TURN *** [9s Jh Jc] [8h]
Agrotait: bets $6
killer bud: calls $6
*** RIVER *** [9s Jh Jc 8h] [Qs]
Agrotait: checks
killer bud: checks
*** SHOW DOWN ***
Agrotait: shows [4d 8d] (two pair, Jacks and Eights)
killer bud: mucks hand
Agrotait collected $23.52 from pot
*** SUMMARY ***
Total pot $24 | Rake $0.48
Board [9s Jh Jc 8h Qs]
Seat 1: killer bud (button) (small blind) mucked
Seat 5: Agrotait (big blind) showed [4d 8d] and won ($23.52) with two pair, Jacks and Eights


PokerStars Hand #158448911768:  Hold'em Limit ($3/$6 USD) - 2016/09/11 4:18:17 ET
Table 'Elyna' 10-max Seat #5 is the button
Seat 1: killer bud ($73.90 in chips)
Seat 5: Agrotait ($102.06 in chips)
Agrotait: posts small blind $1
killer bud: posts big blind $3
*** HOLE CARDS ***
Agrotait: raises $3 to $6
killer bud: folds
Uncalled bet ($3) returned to Agrotait
Agrotait collected $6 from pot
Agrotait: doesn't show hand
*** SUMMARY ***
Total pot $6 | Rake $0
Seat 1: killer bud (big blind) folded before Flop
Seat 5: Agrotait (button) (small blind) collected ($6)


PokerStars Hand #158448928989:  Hold'em Limit ($3/$6 USD) - 2016/09/11 4:19:08 ET
Table 'Elyna' 10-max Seat #5 is the button
Seat 1: killer bud ($53.90 in chips)
Seat 5: Agrotait ($121.34 in chips)
Agrotait: posts small blind $1
killer bud: posts big blind $3
*** HOLE CARDS ***
Agrotait: raises $3 to $6
killer bud: calls $3
*** FLOP *** [3h 8s 7h]
killer bud: checks
Agrotait: bets $3
killer bud: calls $3
*** TURN *** [3h 8s 7h] [2s]
killer bud: checks
Agrotait: bets $6
killer bud: calls $6
*** RIVER *** [3h 8s 7h 2s] [Jd]
killer bud: checks
Agrotait: checks
*** SHOW DOWN ***
killer bud: shows [2c 2h] (three of a kind, Deuces)
Agrotait: mucks hand
killer bud collected $29.50 from pot
*** SUMMARY ***
Total pot $30 | Rake $0.50
Board [3h 8s 7h 2s Jd]
Seat 1: killer bud (big blind) showed [2c 2h] and won ($29.50) with three of a kind, Deuces
Seat 5: Agrotait (button) (small blind) mucked


PokerStars Hand #158448941261:  Hold'em Limit ($3/$6 USD) - 2016/09/11 4:19:46 ET
Table 'Elyna' 10-max Seat #1 is the button
Seat 1: killer bud ($68.40 in chips)
Seat 5: Agrotait ($106.34 in chips)
killer bud: posts small blind $1
Agrotait: posts big blind $3
*** HOLE CARDS ***
killer bud: raises $3 to $6
Agrotait: calls $3
*** FLOP *** [6d 2d 3h]
Agrotait: checks
killer bud: bets $3
Agrotait: calls $3
*** TURN *** [6d 2d 3h] [6h]
Agrotait: checks
killer bud: checks
*** RIVER *** [6d 2d 3h 6h] [5h]
Agrotait: bets $6
killer bud: folds
Uncalled bet ($6) returned to Agrotait
Agrotait collected $17.64 from pot
Agrotait: doesn't show hand
*** SUMMARY ***
Total pot $18 | Rake $0.36
Board [6d 2d 3h 6h 5h]
Seat 1: killer bud (button) (small blind) folded on the River
Seat 5: Agrotait (big blind) collected ($17.64)


PokerStars Hand #158448955466:  Hold'em Limit ($3/$6 USD) - 2016/09/11 4:20:28 ET
Table 'Elyna' 10-max Seat #1 is the button
Seat 1: killer bud ($56.40 in chips)
Seat 5: Agrotait ($117.98 in chips)
killer bud: posts small blind $1
Agrotait: posts big blind $3
*** HOLE CARDS ***
killer bud: calls $2
Agrotait: checks
*** FLOP *** [3h Ks 3s]
Agrotait: bets $3
killer bud: folds
Uncalled bet ($3) returned to Agrotait
Agrotait collected $5.88 from pot
Agrotait: doesn't show hand
*** SUMMARY ***
Total pot $6 | Rake $0.12
Board [3h Ks 3s]
Seat 1: killer bud (button) (small blind) folded on the Flop
Seat 5: Agrotait (big blind) collected ($5.88)


PokerStars Hand #158448951766:  Hold'em Limit ($3/$6 USD) - 2016/09/11 4:20:17 ET
Table 'Elyna' 10-max Seat #5 is the button
Seat 1: killer bud ($59.40 in chips)
Seat 5: Agrotait ($114.98 in chips)
Agrotait: posts small blind $1
killer bud: posts big blind $3
*** HOLE CARDS ***
Agrotait: raises $3 to $6
killer bud: folds
Uncalled bet ($3) returned to Agrotait
Agrotait collected $6 from pot
Agrotait: doesn't show hand
*** SUMMARY ***
Total pot $6 | Rake $0
Seat 1: killer bud (big blind) folded before Flop
Seat 5: Agrotait (button) (small blind) collected ($6)


PokerStars Hand #158448978197:  Hold'em Limit ($3/$6 USD) - 2016/09/11 4:21:34 ET
Table 'Elyna' 10-max Seat #5 is the button
Seat 1: killer bud ($64.90 in chips)
Seat 5: Agrotait ($108.38 in chips)
Agrotait: posts small blind $1
killer bud: posts big blind $3
*** HOLE CARDS ***
Agrotait: raises $3 to $6
killer bud: calls $3
*** FLOP *** [9s Kh Jh]
killer bud: checks
Agrotait: checks
*** TURN *** [9s Kh Jh] [2s]
killer bud: checks
Agrotait: checks
*** RIVER *** [9s Kh Jh 2s] [2d]
killer bud: checks
Agrotait: bets $6
killer bud: calls $6
*** SHOW DOWN ***
Agrotait: shows [4s 8c] (a pair of Deuces)
killer bud: shows [3c 3d] (two pair, Threes and Deuces)
killer bud collected $23.52 from pot
*** SUMMARY ***
Total pot $24 | Rake $0.48
Board [9s Kh Jh 2s 2d]
Seat 1: killer bud (big blind) showed [3c 3d] and won ($23.52) with two pair, Threes and Deuces
Seat 5: Agrotait (button) (small blind) showed [4s 8c] and lost with a pair of Deuces


PokerStars Hand #158448960806:  Hold'em Limit ($3/$6 USD) - 2016/09/11 4:20:43 ET
Table 'Elyna' 10-max Seat #5 is the button
Seat 1: killer bud ($53.40 in chips)
Seat 5: Agrotait ($120.86 in chips)
Agrotait: posts small blind $1
killer bud: posts big blind $3
*** HOLE CARDS ***
Agrotait: raises $3 to $6
killer bud: raises $3 to $9
Agrotait: calls $3
*** FLOP *** [7c 6c 3s]
killer bud: bets $3
Agrotait: calls $3
*** TURN *** [7c 6c 3s] [5c]
killer bud: bets $6
Agrotait: calls $6
*** RIVER *** [7c 6c 3s 5c] [Jd]
killer bud: bets $6
Agrotait: calls $6
*** SHOW DOWN ***
killer bud: shows [Ts Jc] (a pair of Jacks)
Agrotait: mucks hand
killer bud collected $47.50 from pot
*** SUMMARY ***
Total pot $48 | Rake $0.50
Board [7c 6c 3s 5c Jd]
Seat 1: killer bud (big blind) showed [Ts Jc] and won ($47.50) with a pair of Jacks
Seat 5: Agrotait (button) (small blind) mucked


PokerStars Hand #158448972114:  Hold'em Limit ($3/$6 USD) - 2016/09/11 4:21:17 ET
Table 'Elyna' 10-max Seat #1 is the button
Seat 1: killer bud ($76.90 in chips)
Seat 5: Agrotait ($96.86 in chips)
killer bud: posts small blind $1
Agrotait: posts big blind $3
*** HOLE CARDS ***
killer bud: calls $2
Agrotait: checks
*** FLOP *** [3h 6c 7s]
Agrotait: bets $3
killer bud: calls $3
*** TURN *** [3h 6c 7s] [Tc]
Agrotait: bets $6
killer bud: calls $6
*** RIVER *** [3h 6c 7s Tc] [8d]
Agrotait: bets $6
killer bud: folds
Uncalled bet ($6) returned to Agrotait
Agrotait collected $23.52 from pot
Agrotait: doesn't show hand
*** SUMMARY ***
Total pot $24 | Rake $0.48
Board [3h 6c 7s Tc 8d]
Seat 1: killer bud (button) (small blind) folded on the River
Seat 5: Agrotait (big blind) collected ($23.52)


PokerStars Hand #158448997492:  Hold'em Limit ($3/$6 USD) - 2016/09/11 4:22:31 ET
Table 'Elyna' 10-max Seat #5 is the button
Seat 1: killer bud ($64.42 in chips)
Seat 5: Agrotait ($107.90 in chips)
Agrotait: posts small blind $1
killer bud: posts big blind $3
*** HOLE CARDS ***
Agrotait: folds
Uncalled bet ($2) returned to killer bud
killer bud collected $2 from pot
killer bud: doesn't show hand
*** SUMMARY ***
Total pot $2 | Rake $0
Seat 1: killer bud (big blind) collected ($2)
Seat 5: Agrotait (button) (small blind) folded before Flop


PokerStars Hand #158448988995:  Hold'em Limit ($3/$6 USD) - 2016/09/11 4:22:06 ET
Table 'Elyna' 10-max Seat #1 is the button
Seat 1: killer bud ($76.42 in chips)
Seat 5: Agrotait ($96.38 in chips)
killer bud: posts small blind $1
Agrotait: posts big blind $3
*** HOLE CARDS ***
killer bud: calls $2
Agrotait: checks
*** FLOP *** [4h 8h 3s]
Agrotait: bets $3
killer bud: calls $3
*** TURN *** [4h 8h 3s] [Ah]
Agrotait: bets $6
killer bud: calls $6
*** RIVER *** [4h 8h 3s Ah] [7d]
Agrotait: bets $6
killer bud: folds
Uncalled bet ($6) returned to Agrotait
Agrotait collected $23.52 from pot
Agrotait: doesn't show hand
*** SUMMARY ***
Total pot $24 | Rake $0.48
Board [4h 8h 3s Ah 7d]
Seat 1: killer bud (button) (small blind) folded on the River
Seat 5: Agrotait (big blind) collected ($23.52)


PokerStars Hand #158449002760:  Hold'em Limit ($3/$6 USD) - 2016/09/11 4:22:46 ET
Table 'Elyna' 10-max Seat #1 is the button
Seat 1: killer bud ($65.42 in chips)
Seat 5: Agrotait ($106.90 in chips)
killer bud: posts small blind $1
Agrotait: posts big blind $3
*** HOLE CARDS ***
killer bud: raises $3 to $6
Agrotait: raises $3 to $9
killer bud: calls $3
*** FLOP *** [8d 3d 9c]
Agrotait: bets $3
killer bud: calls $3
*** TURN *** [8d 3d 9c] [4c]
Agrotait: bets $6
killer bud: calls $6
*** RIVER *** [8d 3d 9c 4c] [4d]
Agrotait: bets $6
killer bud: folds
Uncalled bet ($6) returned to Agrotait
Agrotait collected $35.50 from pot
Agrotait: doesn't show hand
*** SUMMARY ***
Total pot $36 | Rake $0.50
Board [8d 3d 9c 4c 4d]
Seat 1: killer bud (button) (small blind) folded on the River
Seat 5: Agrotait (big blind) collected ($35.50)


PokerStars Hand #158449015634:  Hold'em Limit ($3/$6 USD) - 2016/09/11 4:23:24 ET
Table 'Elyna' 10-max Seat #5 is the button
Seat 1: killer bud ($47.42 in chips)
Seat 5: Agrotait ($124.40 in chips)
Agrotait: posts small blind $1
killer bud: posts big blind $3
*** HOLE CARDS ***
Agrotait: raises $3 to $6
killer bud: calls $3
*** FLOP *** [8h Qc 4h]
killer bud: checks
Agrotait: bets $3
killer bud: calls $3
*** TURN *** [8h Qc 4h] [2s]
killer bud: checks
Agrotait: checks
*** RIVER *** [8h Qc 4h 2s] [9s]
killer bud: checks
Agrotait: checks
*** SHOW DOWN ***
killer bud: shows [Jd 9h] (a pair of Nines)
Agrotait: mucks hand
killer bud collected $17.64 from pot
*** SUMMARY ***
Total pot $18 | Rake $0.36
Board [8h Qc 4h 2s 9s]
Seat 1: killer bud (big blind) showed [Jd 9h] and won ($17.64) with a pair of Nines
Seat 5: Agrotait (button) (small blind) mucked


PokerStars Hand #158449029264:  Hold'em Limit ($3/$6 USD) - 2016/09/11 4:24:04 ET
Table 'Elyna' 10-max Seat #1 is the button
Seat 1: killer bud ($56.06 in chips)
Seat 5: Agrotait ($115.40 in chips)
killer bud: posts small blind $1
Agrotait: posts big blind $3
*** HOLE CARDS ***
killer bud: calls $2
Agrotait: raises $3 to $6
killer bud: calls $3
*** FLOP *** [5d 9s Ah]
Agrotait: bets $3
killer bud: calls $3
*** TURN *** [5d 9s Ah] [2h]
Agrotait: bets $6
killer bud: calls $6
*** RIVER *** [5d 9s Ah 2h] [6c]
Agrotait: bets $6
killer bud: calls $6
*** SHOW DOWN ***
Agrotait: shows [Qh Qd] (a pair of Queens)
killer bud: shows [8h As] (a pair of Aces)
killer bud collected $41.50 from pot
*** SUMMARY ***
Total pot $42 | Rake $0.50
Board [5d 9s Ah 2h 6c]
Seat 1: killer bud (button) (small blind) showed [8h As] and won ($41.50) with a pair of Aces
Seat 5: Agrotait (big blind) showed [Qh Qd] and lost with a pair of Queens


PokerStars Hand #158449056624:  Hold'em Limit ($3/$6 USD) - 2016/09/11 4:25:25 ET
Table 'Elyna' 10-max Seat #1 is the button
Seat 1: killer bud ($73.56 in chips)
Seat 5: Agrotait ($97.40 in chips)
killer bud: posts small blind $1
Agrotait: posts big blind $3
*** HOLE CARDS ***
killer bud: folds
Uncalled bet ($2) returned to Agrotait
Agrotait collected $2 from pot
Agrotait: doesn't show hand
*** SUMMARY ***
Total pot $2 | Rake $0
Seat 1: killer bud (button) (small blind) folded before Flop
Seat 5: Agrotait (big blind) collected ($2)


PokerStars Hand #158449054678:  Hold'em Limit ($3/$6 USD) - 2016/09/11 4:25:19 ET
Table 'Elyna' 10-max Seat #5 is the button
Seat 1: killer bud ($72.56 in chips)
Seat 5: Agrotait ($98.40 in chips)
Agrotait: posts small blind $1
killer bud: posts big blind $3
*** HOLE CARDS ***
Agrotait: folds
Uncalled bet ($2) returned to killer bud
killer bud collected $2 from pot
killer bud: doesn't show hand
*** SUMMARY ***
Total pot $2 | Rake $0
Seat 1: killer bud (big blind) collected ($2)
Seat 5: Agrotait (button) (small blind) folded before Flop


PokerStars Hand #158449058338:  Hold'em Limit ($3/$6 USD) - 2016/09/11 4:25:30 ET
Table 'Elyna' 10-max Seat #5 is the button
Seat 1: killer bud ($72.56 in chips)
Seat 5: Agrotait ($98.40 in chips)
Agrotait: posts small blind $1
killer bud: posts big blind $3
*** HOLE CARDS ***
Agrotait: raises $3 to $6
killer bud: raises $3 to $9
Agrotait: calls $3
*** FLOP *** [5h 2s 4c]
killer bud: bets $3
Agrotait: calls $3
*** TURN *** [5h 2s 4c] [Qd]
killer bud: bets $6
Agrotait: calls $6
*** RIVER *** [5h 2s 4c Qd] [3c]
killer bud: checks
Agrotait: checks
*** SHOW DOWN ***
killer bud: shows [Jh Jd] (a pair of Jacks)
Agrotait: mucks hand
killer bud collected $35.50 from pot
*** SUMMARY ***
Total pot $36 | Rake $0.50
Board [5h 2s 4c Qd 3c]
Seat 1: killer bud (big blind) showed [Jh Jd] and won ($35.50) with a pair of Jacks
Seat 5: Agrotait (button) (small blind) mucked


PokerStars Hand #158449052930:  Hold'em Limit ($3/$6 USD) - 2016/09/11 4:25:14 ET
Table 'Elyna' 10-max Seat #1 is the button
Seat 1: killer bud ($73.56 in chips)
Seat 5: Agrotait ($97.40 in chips)
killer bud: posts small blind $1
Agrotait: posts big blind $3
*** HOLE CARDS ***
killer bud: folds
Uncalled bet ($2) returned to Agrotait
Agrotait collected $2 from pot
Agrotait: doesn't show hand
*** SUMMARY ***
Total pot $2 | Rake $0
Seat 1: killer bud (button) (small blind) folded before Flop
Seat 5: Agrotait (big blind) collected ($2)


PokerStars Hand #158449049055:  Hold'em Limit ($3/$6 USD) - 2016/09/11 4:25:03 ET
Table 'Elyna' 10-max Seat #5 is the button
Seat 1: killer bud ($76.56 in chips)
Seat 5: Agrotait ($94.40 in chips)
Agrotait: posts small blind $1
killer bud: posts big blind $3
*** HOLE CARDS ***
Agrotait: raises $3 to $6
killer bud: folds
Uncalled bet ($3) returned to Agrotait
Agrotait collected $6 from pot
Agrotait: doesn't show hand
*** SUMMARY ***
Total pot $6 | Rake $0
Seat 1: killer bud (big blind) folded before Flop
Seat 5: Agrotait (button) (small blind) collected ($6)


PokerStars Hand #158449068893:  Hold'em Limit ($3/$6 USD) - 2016/09/11 4:26:01 ET
Table 'Elyna' 10-max Seat #1 is the button
Seat 1: killer bud ($90.06 in chips)
Seat 5: Agrotait ($80.40 in chips)
killer bud: posts small blind $1
Agrotait: posts big blind $3
*** HOLE CARDS ***
killer bud: raises $3 to $6
Agrotait: folds
Uncalled bet ($3) returned to killer bud
killer bud collected $6 from pot
killer bud: doesn't show hand
*** SUMMARY ***
Total pot $6 | Rake $0
Seat 1: killer bud (button) (small blind) collected ($6)
Seat 5: Agrotait (big blind) folded before Flop


PokerStars Hand #158449085919:  Hold'em Limit ($3/$6 USD) - 2016/09/11 4:26:51 ET
Table 'Elyna' 10-max Seat #5 is the button
Seat 1: killer bud ($65.06 in chips)
Seat 5: Agrotait ($104.90 in chips)
Agrotait: posts small blind $1
killer bud: posts big blind $3
*** HOLE CARDS ***
Agrotait: folds
Uncalled bet ($2) returned to killer bud
killer bud collected $2 from pot
killer bud: doesn't show hand
*** SUMMARY ***
Total pot $2 | Rake $0
Seat 1: killer bud (big blind) collected ($2)
Seat 5: Agrotait (button) (small blind) folded before Flop


PokerStars Hand #158449088319:  Hold'em Limit ($3/$6 USD) - 2016/09/11 4:26:58 ET
Table 'Elyna' 10-max Seat #1 is the button
Seat 1: killer bud ($66.06 in chips)
Seat 5: Agrotait ($103.90 in chips)
killer bud: posts small blind $1
Agrotait: posts big blind $3
*** HOLE CARDS ***
killer bud: folds
Uncalled bet ($2) returned to Agrotait
Agrotait collected $2 from pot
Agrotait: doesn't show hand
*** SUMMARY ***
Total pot $2 | Rake $0
Seat 1: killer bud (button) (small blind) folded before Flop
Seat 5: Agrotait (big blind) collected ($2)


PokerStars Hand #158449084328:  Hold'em Limit ($3/$6 USD) - 2016/09/11 4:26:46 ET
Table 'Elyna' 10-max Seat #1 is the button
Seat 1: killer bud ($66.06 in chips)
Seat 5: Agrotait ($103.90 in chips)
killer bud: posts small blind $1
Agrotait: posts big blind $3
*** HOLE CARDS ***
killer bud: folds
Uncalled bet ($2) returned to Agrotait
Agrotait collected $2 from pot
Agrotait: doesn't show hand
*** SUMMARY ***
Total pot $2 | Rake $0
Seat 1: killer bud (button) (small blind) folded before Flop
Seat 5: Agrotait (big blind) collected ($2)


PokerStars Hand #158449071728:  Hold'em Limit ($3/$6 USD) - 2016/09/11 4:26:09 ET
Table 'Elyna' 10-max Seat #5 is the button
Seat 1: killer bud ($93.06 in chips)
Seat 5: Agrotait ($77.40 in chips)
Agrotait: posts small blind $1
killer bud: posts big blind $3
*** HOLE CARDS ***
Agrotait: raises $3 to $6
killer bud: raises $3 to $9
Agrotait: calls $3
*** FLOP *** [9d 8h 4c]
killer bud: bets $3
Agrotait: raises $3 to $6
killer bud: calls $3
*** TURN *** [9d 8h 4c] [Jc]
killer bud: checks
Agrotait: bets $6
killer bud: calls $6
*** RIVER *** [9d 8h 4c Jc] [4h]
killer bud: checks
Agrotait: bets $6
killer bud: calls $6
*** SHOW DOWN ***
Agrotait: shows [3c 9c] (two pair, Nines and Fours)
killer bud: mucks hand
Agrotait collected $53.50 from pot
*** SUMMARY ***
Total pot $54 | Rake $0.50
Board [9d 8h 4c Jc 4h]
Seat 1: killer bud (big blind) mucked
Seat 5: Agrotait (button) (small blind) showed [3c 9c] and won ($53.50) with two pair, Nines and Fours


PokerStars Hand #158449100866:  Hold'em Limit ($3/$6 USD) - 2016/09/11 4:27:34 ET
Table 'Elyna' 10-max Seat #1 is the button
Seat 1: killer bud ($59.15 in chips)
Seat 5: Agrotait ($110.66 in chips)
killer bud: posts small blind $1
Agrotait: posts big blind $3
*** HOLE CARDS ***
killer bud: calls $2
Agrotait: checks
*** FLOP *** [Kc 6c 2d]
Agrotait: bets $3
killer bud: folds
Uncalled bet ($3) returned to Agrotait
Agrotait collected $5.88 from pot
Agrotait: doesn't show hand
*** SUMMARY ***
Total pot $6 | Rake $0.12
Board [Kc 6c 2d]
Seat 1: killer bud (button) (small blind) folded on the Flop
Seat 5: Agrotait (big blind) collected ($5.88)


PokerStars Hand #158449091540:  Hold'em Limit ($3/$6 USD) - 2016/09/11 4:27:07 ET
Table 'Elyna' 10-max Seat #5 is the button
Seat 1: killer bud ($65.06 in chips)
Seat 5: Agrotait ($104.90 in chips)
Agrotait: posts small blind $1
killer bud: posts big blind $3
*** HOLE CARDS ***
Agrotait: raises $3 to $6
killer bud: calls $3
*** FLOP *** [Kd As Ks]
killer bud: checks
Agrotait: bets $3
killer bud: folds
Uncalled bet ($3) returned to Agrotait
Agrotait collected $11.76 from pot
Agrotait: doesn't show hand
*** SUMMARY ***
Total pot $12 | Rake $0.24
Board [Kd As Ks]
Seat 1: killer bud (big blind) folded on the Flop
Seat 5: Agrotait (button) (small blind) collected ($11.76)


PokerStars Hand #158449098325:  Hold'em Limit ($3/$6 USD) - 2016/09/11 4:27:27 ET
Table 'Elyna' 10-max Seat #5 is the button
Seat 1: killer bud ($58.15 in chips)
Seat 5: Agrotait ($111.66 in chips)
Agrotait: posts small blind $1
killer bud: posts big blind $3
*** HOLE CARDS ***
Agrotait: folds
Uncalled bet ($2) returned to killer bud
killer bud collected $2 from pot
killer bud: doesn't show hand
*** SUMMARY ***
Total pot $2 | Rake $0
Seat 1: killer bud (big blind) collected ($2)
Seat 5: Agrotait (button) (small blind) folded before Flop


PokerStars Hand #158449096451:  Hold'em Limit ($3/$6 USD) - 2016/09/11 4:27:21 ET
Table 'Elyna' 10-max Seat #1 is the button
Seat 1: killer bud ($59.15 in chips)
Seat 5: Agrotait ($110.66 in chips)
killer bud: posts small blind $1
Agrotait: posts big blind $3
*** HOLE CARDS ***
killer bud: folds
Uncalled bet ($2) returned to Agrotait
Agrotait collected $2 from pot
Agrotait: doesn't show hand
*** SUMMARY ***
Total pot $2 | Rake $0
Seat 1: killer bud (button) (small blind) folded before Flop
Seat 5: Agrotait (big blind) collected ($2)


PokerStars Hand #158449112586:  Hold'em Limit ($3/$6 USD) - 2016/09/11 4:28:09 ET
Table 'Elyna' 10-max Seat #5 is the button
Seat 1: killer bud ($56.15 in chips)
Seat 5: Agrotait ($113.54 in chips)
Agrotait: posts small blind $1
killer bud: posts big blind $3
*** HOLE CARDS ***
Agrotait: folds
Uncalled bet ($2) returned to killer bud
killer bud collected $2 from pot
killer bud: doesn't show hand
*** SUMMARY ***
Total pot $2 | Rake $0
Seat 1: killer bud (big blind) collected ($2)
Seat 5: Agrotait (button) (small blind) folded before Flop


PokerStars Hand #158449125804:  Hold'em Limit ($3/$6 USD) - 2016/09/11 4:28:47 ET
Table 'Elyna' 10-max Seat #5 is the button
Seat 1: killer bud ($62.91 in chips)
Seat 5: Agrotait ($106.54 in chips)
Agrotait: posts small blind $1
killer bud: posts big blind $3
*** HOLE CARDS ***
Agrotait: folds
Uncalled bet ($2) returned to killer bud
killer bud collected $2 from pot
killer bud: doesn't show hand
*** SUMMARY ***
Total pot $2 | Rake $0
Seat 1: killer bud (big blind) collected ($2)
Seat 5: Agrotait (button) (small blind) folded before Flop


PokerStars Hand #158449118555:  Hold'em Limit ($3/$6 USD) - 2016/09/11 4:28:26 ET
Table 'Elyna' 10-max Seat #1 is the button
Seat 1: killer bud ($57.15 in chips)
Seat 5: Agrotait ($112.54 in chips)
killer bud: posts small blind $1
Agrotait: posts big blind $3
*** HOLE CARDS ***
killer bud: calls $2
Agrotait: checks
*** FLOP *** [8h Js 5h]
Agrotait: bets $3
killer bud: raises $3 to $6
Agrotait: folds
Uncalled bet ($3) returned to killer bud
killer bud collected $11.76 from pot
killer bud: doesn't show hand
*** SUMMARY ***
Total pot $12 | Rake $0.24
Board [8h Js 5h]
Seat 1: killer bud (button) (small blind) collected ($11.76)
Seat 5: Agrotait (big blind) folded on the Flop


PokerStars Hand #158449145900:  Hold'em Limit ($3/$6 USD) - 2016/09/11 4:29:45 ET
Table 'Elyna' 10-max Seat #1 is the button
Seat 1: killer bud ($45.91 in chips)
Seat 5: Agrotait ($123.04 in chips)
killer bud: posts small blind $1
Agrotait: posts big blind $3
*** HOLE CARDS ***
killer bud: folds
Uncalled bet ($2) returned to Agrotait
Agrotait collected $2 from pot
Agrotait: doesn't show hand
*** SUMMARY ***
Total pot $2 | Rake $0
Seat 1: killer bud (button) (small blind) folded before Flop
Seat 5: Agrotait (big blind) collected ($2)


PokerStars Hand #158449143414:  Hold'em Limit ($3/$6 USD) - 2016/09/11 4:29:38 ET
Table 'Elyna' 10-max Seat #5 is the button
Seat 1: killer bud ($48.91 in chips)
Seat 5: Agrotait ($120.04 in chips)
Agrotait: posts small blind $1
killer bud: posts big blind $3
*** HOLE CARDS ***
Agrotait: raises $3 to $6
killer bud: folds
Uncalled bet ($3) returned to Agrotait
Agrotait collected $6 from pot
Agrotait: doesn't show hand
*** SUMMARY ***
Total pot $6 | Rake $0
Seat 1: killer bud (big blind) folded before Flop
Seat 5: Agrotait (button) (small blind) collected ($6)


PokerStars Hand #158449149981:  Hold'em Limit ($3/$6 USD) - 2016/09/11 4:29:57 ET
Table 'Elyna' 10-max Seat #1 is the button
Seat 1: killer bud ($45.91 in chips)
Seat 5: Agrotait ($123.04 in chips)
killer bud: posts small blind $1
Agrotait: posts big blind $3
*** HOLE CARDS ***
killer bud: folds
Uncalled bet ($2) returned to Agrotait
Agrotait collected $2 from pot
Agrotait: doesn't show hand
*** SUMMARY ***
Total pot $2 | Rake $0
Seat 1: killer bud (button) (small blind) folded before Flop
Seat 5: Agrotait (big blind) collected ($2)


PokerStars Hand #158449148213:  Hold'em Limit ($3/$6 USD) - 2016/09/11 4:29:52 ET
Table 'Elyna' 10-max Seat #5 is the button
Seat 1: killer bud ($44.91 in chips)
Seat 5: Agrotait ($124.04 in chips)
Agrotait: posts small blind $1
killer bud: posts big blind $3
*** HOLE CARDS ***
Agrotait: folds
Uncalled bet ($2) returned to killer bud
killer bud collected $2 from pot
killer bud: doesn't show hand
*** SUMMARY ***
Total pot $2 | Rake $0
Seat 1: killer bud (big blind) collected ($2)
Seat 5: Agrotait (button) (small blind) folded before Flop


PokerStars Hand #158449127950:  Hold'em Limit ($3/$6 USD) - 2016/09/11 4:28:53 ET
Table 'Elyna' 10-max Seat #1 is the button
Seat 1: killer bud ($63.91 in chips)
Seat 5: Agrotait ($105.54 in chips)
killer bud: posts small blind $1
Agrotait: posts big blind $3
*** HOLE CARDS ***
killer bud: calls $2
Agrotait: raises $3 to $6
killer bud: calls $3
*** FLOP *** [Td 9h 5d]
Agrotait: bets $3
killer bud: calls $3
*** TURN *** [Td 9h 5d] [3h]
Agrotait: bets $6
killer bud: calls $6
*** RIVER *** [Td 9h 5d 3h] [Th]
Agrotait: checks
killer bud: checks
*** SHOW DOWN ***
Agrotait: shows [As Kd] (a pair of Tens)
killer bud: mucks hand
Agrotait collected $29.50 from pot
*** SUMMARY ***
Total pot $30 | Rake $0.50
Board [Td 9h 5d 3h Th]
Seat 1: killer bud (button) (small blind) mucked
Seat 5: Agrotait (big blind) showed [As Kd] and won ($29.50) with a pair of Tens


PokerStars Hand #158449151591:  Hold'em Limit ($3/$6 USD) - 2016/09/11 4:30:02 ET
Table 'Elyna' 10-max Seat #5 is the button
Seat 1: killer bud ($44.91 in chips)
Seat 5: Agrotait ($124.04 in chips)
Agrotait: posts small blind $1
killer bud: posts big blind $3
*** HOLE CARDS ***
Agrotait: raises $3 to $6
killer bud: folds
Uncalled bet ($3) returned to Agrotait
Agrotait collected $6 from pot
Agrotait: doesn't show hand
*** SUMMARY ***
Total pot $6 | Rake $0
Seat 1: killer bud (big blind) folded before Flop
Seat 5: Agrotait (button) (small blind) collected ($6)


PokerStars Hand #158449159372:  Hold'em Limit ($3/$6 USD) - 2016/09/11 4:30:26 ET
Table 'Elyna' 10-max Seat #1 is the button
Seat 1: killer bud ($37.91 in chips)
Seat 5: Agrotait ($131.04 in chips)
killer bud: posts small blind $1
Agrotait: posts big blind $3
*** HOLE CARDS ***
killer bud: raises $3 to $6
Agrotait: raises $3 to $9
killer bud: calls $3
*** FLOP *** [Jd 3h Qd]
Agrotait: bets $3
killer bud: folds
Uncalled bet ($3) returned to Agrotait
Agrotait collected $17.64 from pot
Agrotait: doesn't show hand
*** SUMMARY ***
Total pot $18 | Rake $0.36
Board [Jd 3h Qd]
Seat 1: killer bud (button) (small blind) folded on the Flop
Seat 5: Agrotait (big blind) collected ($17.64)


PokerStars Hand #158449164509:  Hold'em Limit ($3/$6 USD) - 2016/09/11 4:30:42 ET
Table 'Elyna' 10-max Seat #5 is the button
Seat 1: killer bud ($28.91 in chips)
Seat 5: Agrotait ($139.68 in chips)
Agrotait: posts small blind $1
killer bud: posts big blind $3
*** HOLE CARDS ***
Agrotait: raises $3 to $6
killer bud: calls $3
*** FLOP *** [Td Jc 8d]
killer bud: checks
Agrotait: checks
*** TURN *** [Td Jc 8d] [8s]
killer bud: checks
Agrotait: bets $6
killer bud: calls $6
*** RIVER *** [Td Jc 8d 8s] [2s]
killer bud: checks
Agrotait: checks
*** SHOW DOWN ***
killer bud: shows [Qs Kd] (a pair of Eights)
Agrotait: mucks hand
killer bud collected $23.52 from pot
*** SUMMARY ***
Total pot $24 | Rake $0.48
Board [Td Jc 8d 8s 2s]
Seat 1: killer bud (big blind) showed [Qs Kd] and won ($23.52) with a pair of Eights
Seat 5: Agrotait (button) (small blind) mucked


PokerStars Hand #158449155293:  Hold'em Limit ($3/$6 USD) - 2016/09/11 4:30:13 ET
Table 'Elyna' 10-max Seat #1 is the button
Seat 1: killer bud ($41.91 in chips)
Seat 5: Agrotait ($127.04 in chips)
killer bud: posts small blind $1
Agrotait: posts big blind $3
*** HOLE CARDS ***
killer bud: folds
Uncalled bet ($2) returned to Agrotait
Agrotait collected $2 from pot
Agrotait: doesn't show hand
*** SUMMARY ***
Total pot $2 | Rake $0
Seat 1: killer bud (button) (small blind) folded before Flop
Seat 5: Agrotait (big blind) collected ($2)


PokerStars Hand #158449157183:  Hold'em Limit ($3/$6 USD) - 2016/09/11 4:30:19 ET
Table 'Elyna' 10-max Seat #5 is the button
Seat 1: killer bud ($40.91 in chips)
Seat 5: Agrotait ($128.04 in chips)
Agrotait: posts small blind $1
killer bud: posts big blind $3
*** HOLE CARDS ***
Agrotait: raises $3 to $6
killer bud: folds
Uncalled bet ($3) returned to Agrotait
Agrotait collected $6 from pot
Agrotait: doesn't show hand
*** SUMMARY ***
Total pot $6 | Rake $0
Seat 1: killer bud (big blind) folded before Flop
Seat 5: Agrotait (button) (small blind) collected ($6)


PokerStars Hand #158449178295:  Hold'em Limit ($3/$6 USD) - 2016/09/11 4:31:23 ET
Table 'Elyna' 10-max Seat #5 is the button
Seat 1: killer bud ($37.43 in chips)
Seat 5: Agrotait ($130.56 in chips)
Agrotait: posts small blind $1
killer bud: posts big blind $3
*** HOLE CARDS ***
Agrotait: raises $3 to $6
killer bud: calls $3
*** FLOP *** [4d Th 8s]
killer bud: checks
Agrotait: bets $3
killer bud: calls $3
*** TURN *** [4d Th 8s] [4c]
killer bud: checks
Agrotait: bets $6
killer bud: calls $6
*** RIVER *** [4d Th 8s 4c] [Js]
killer bud: checks
Agrotait: checks
*** SHOW DOWN ***
killer bud: shows [Ts 7s] (two pair, Tens and Fours)
Agrotait: mucks hand
killer bud collected $29.50 from pot
*** SUMMARY ***
Total pot $30 | Rake $0.50
Board [4d Th 8s 4c Js]
Seat 1: killer bud (big blind) showed [Ts 7s] and won ($29.50) with two pair, Tens and Fours
Seat 5: Agrotait (button) (small blind) mucked


PokerStars Hand #158449189929:  Hold'em Limit ($3/$6 USD) - 2016/09/11 4:31:57 ET
Table 'Elyna' 10-max Seat #1 is the button
Seat 1: killer bud ($51.93 in chips)
Seat 5: Agrotait ($115.56 in chips)
killer bud: posts small blind $1
Agrotait: posts big blind $3
*** HOLE CARDS ***
killer bud: calls $2
Agrotait: checks
*** FLOP *** [7c 8s 9h]
AllinRamstad joins the table at seat #6
Agrotait: bets $3
killer bud: folds
Uncalled bet ($3) returned to Agrotait
Agrotait collected $5.88 from pot
Agrotait: doesn't show hand
*** SUMMARY ***
Total pot $6 | Rake $0.12
Board [7c 8s 9h]
Seat 1: killer bud (button) (small blind) folded on the Flop
Seat 5: Agrotait (big blind) collected ($5.88)


PokerStars Hand #158449173381:  Hold'em Limit ($3/$6 USD) - 2016/09/11 4:31:09 ET
Table 'Elyna' 10-max Seat #1 is the button
Seat 1: killer bud ($40.43 in chips)
Seat 5: Agrotait ($127.68 in chips)
killer bud: posts small blind $1
Agrotait: posts big blind $3
*** HOLE CARDS ***
killer bud: calls $2
Agrotait: checks
*** FLOP *** [6c Ac 2c]
Agrotait: checks
killer bud: checks
*** TURN *** [6c Ac 2c] [5s]
Agrotait: bets $6
killer bud: folds
Uncalled bet ($6) returned to Agrotait
Agrotait collected $5.88 from pot
Agrotait: doesn't show hand
*** SUMMARY ***
Total pot $6 | Rake $0.12
Board [6c Ac 2c 5s]
Seat 1: killer bud (button) (small blind) folded on the Turn
Seat 5: Agrotait (big blind) collected ($5.88)


PokerStars Hand #158449481763:  Hold'em Limit ($3/$6 USD) - 2016/09/11 4:45:45 ET
Table 'Elyna' 10-max Seat #7 is the button
Seat 6: AllinRamstad ($124.82 in chips)
Seat 7: Apanage ($82.07 in chips)
Apanage: posts small blind $1
AllinRamstad: posts big blind $3
*** HOLE CARDS ***
Apanage: raises $3 to $6
AllinRamstad: folds
Uncalled bet ($3) returned to Apanage
Apanage collected $6 from pot
Apanage: doesn't show hand
*** SUMMARY ***
Total pot $6 | Rake $0
Seat 6: AllinRamstad (big blind) folded before Flop
Seat 7: Apanage (button) (small blind) collected ($6)


PokerStars Hand #158449470417:  Hold'em Limit ($3/$6 USD) - 2016/09/11 4:45:13 ET
Table 'Elyna' 10-max Seat #7 is the button
Seat 6: AllinRamstad ($112.30 in chips)
Seat 7: Apanage ($95.07 in chips)
Apanage: posts small blind $1
Agrotait: is sitting out
AllinRamstad: posts big blind $3
*** HOLE CARDS ***
Agrotait leaves the table
Apanage: folds
Uncalled bet ($2) returned to AllinRamstad
AllinRamstad collected $2 from pot
AllinRamstad: doesn't show hand
*** SUMMARY ***
Total pot $2 | Rake $0
Seat 6: AllinRamstad (big blind) collected ($2)
Seat 7: Apanage (button) (small blind) folded before Flop


PokerStars Hand #158449484097:  Hold'em Limit ($3/$6 USD) - 2016/09/11 4:45:51 ET
Table 'Elyna' 10-max Seat #6 is the button
Seat 6: AllinRamstad ($121.82 in chips)
Seat 7: Apanage ($85.07 in chips)
AllinRamstad: posts small blind $1
Apanage: posts big blind $3
*** HOLE CARDS ***
AllinRamstad: raises $3 to $6
Apanage: calls $3
*** FLOP *** [Jc Ks 3c]
Apanage: checks
AllinRamstad: bets $3
Apanage: calls $3
*** TURN *** [Jc Ks 3c] [As]
Apanage: bets $6
AllinRamstad: folds
Uncalled bet ($6) returned to Apanage
Apanage collected $17.64 from pot
Apanage: doesn't show hand
*** SUMMARY ***
Total pot $18 | Rake $0.36
Board [Jc Ks 3c As]
Seat 6: AllinRamstad (button) (small blind) folded on the Turn
Seat 7: Apanage (big blind) collected ($17.64)


PokerStars Hand #158449473189:  Hold'em Limit ($3/$6 USD) - 2016/09/11 4:45:21 ET
Table 'Elyna' 10-max Seat #6 is the button
Seat 6: AllinRamstad ($113.30 in chips)
Seat 7: Apanage ($94.07 in chips)
AllinRamstad: posts small blind $1
Apanage: posts big blind $3
*** HOLE CARDS ***
AllinRamstad: raises $3 to $6
Apanage: raises $3 to $9
AllinRamstad: raises $3 to $12
Betting is capped
Apanage: calls $3
*** FLOP *** [4d Ad 8h]
Apanage: checks
AllinRamstad: bets $3
Apanage: folds
Uncalled bet ($3) returned to AllinRamstad
AllinRamstad collected $23.52 from pot
AllinRamstad: doesn't show hand
*** SUMMARY ***
Total pot $24 | Rake $0.48
Board [4d Ad 8h]
Seat 6: AllinRamstad (button) (small blind) collected ($23.52)
Seat 7: Apanage (big blind) folded on the Flop


PokerStars Hand #158449502134:  Hold'em Limit ($3/$6 USD) - 2016/09/11 4:46:42 ET
Table 'Elyna' 10-max Seat #6 is the button
Seat 6: AllinRamstad ($100.82 in chips)
Seat 7: Apanage ($105.23 in chips)
AllinRamstad: posts small blind $1
Apanage: posts big blind $3
*** HOLE CARDS ***
AllinRamstad: folds
Uncalled bet ($2) returned to Apanage
Apanage collected $2 from pot
Apanage: doesn't show hand
*** SUMMARY ***
Total pot $2 | Rake $0
Seat 6: AllinRamstad (button) (small blind) folded before Flop
Seat 7: Apanage (big blind) collected ($2)


PokerStars Hand #158449492312:  Hold'em Limit ($3/$6 USD) - 2016/09/11 4:46:14 ET
Table 'Elyna' 10-max Seat #7 is the button
Seat 6: AllinRamstad ($112.82 in chips)
Seat 7: Apanage ($93.71 in chips)
Apanage: posts small blind $1
AllinRamstad: posts big blind $3
*** HOLE CARDS ***
Apanage: raises $3 to $6
AllinRamstad: calls $3
*** FLOP *** [8s Qs Ac]
AllinRamstad: checks
Apanage: bets $3
AllinRamstad: raises $3 to $6
Apanage: calls $3
*** TURN *** [8s Qs Ac] [9s]
AllinRamstad: checks
Apanage: checks
*** RIVER *** [8s Qs Ac 9s] [9h]
AllinRamstad: checks
Apanage: checks
*** SHOW DOWN ***
AllinRamstad: shows [Ks Th] (a pair of Nines)
Apanage: shows [8h Kc] (two pair, Nines and Eights)
Apanage collected $23.52 from pot
*** SUMMARY ***
Total pot $24 | Rake $0.48
Board [8s Qs Ac 9s 9h]
Seat 6: AllinRamstad (big blind) showed [Ks Th] and lost with a pair of Nines
Seat 7: Apanage (button) (small blind) showed [8h Kc] and won ($23.52) with two pair, Nines and Eights


PokerStars Hand #158449512427:  Hold'em Limit ($3/$6 USD) - 2016/09/11 4:47:11 ET
Table 'Elyna' 10-max Seat #6 is the button
Seat 6: AllinRamstad ($72.82 in chips)
Seat 7: Apanage ($132.73 in chips)
SAMIFRANC507 joins the table at seat #8
AllinRamstad: posts small blind $1
Apanage: posts big blind $3
*** HOLE CARDS ***
AllinRamstad: folds
Uncalled bet ($2) returned to Apanage
Apanage collected $2 from pot
Apanage: doesn't show hand
*** SUMMARY ***
Total pot $2 | Rake $0
Seat 6: AllinRamstad (button) (small blind) folded before Flop
Seat 7: Apanage (big blind) collected ($2)


PokerStars Hand #158449504197:  Hold'em Limit ($3/$6 USD) - 2016/09/11 4:46:48 ET
Table 'Elyna' 10-max Seat #7 is the button
Seat 6: AllinRamstad ($99.82 in chips)
Seat 7: Apanage ($106.23 in chips)
Apanage: posts small blind $1
AllinRamstad: posts big blind $3
*** HOLE CARDS ***
Apanage: raises $3 to $6
AllinRamstad: calls $3
*** FLOP *** [6d 3s 3d]
AllinRamstad: checks
Apanage: bets $3
AllinRamstad: calls $3
*** TURN *** [6d 3s 3d] [5d]
AllinRamstad: checks
Apanage: bets $6
AllinRamstad: calls $6
*** RIVER *** [6d 3s 3d 5d] [Tc]
AllinRamstad: bets $6
Apanage: raises $6 to $12
AllinRamstad: calls $6
*** SHOW DOWN ***
Apanage: shows [Qd 4d] (a flush, Queen high)
AllinRamstad: mucks hand
Apanage collected $53.50 from pot
*** SUMMARY ***
Total pot $54 | Rake $0.50
Board [6d 3s 3d 5d Tc]
Seat 6: AllinRamstad (big blind) mucked
Seat 7: Apanage (button) (small blind) showed [Qd 4d] and won ($53.50) with a flush, Queen high


PokerStars Hand #158449533001:  Hold'em Limit ($3/$6 USD) - 2016/09/11 4:48:08 ET
Table 'Elyna' 10-max Seat #6 is the button
Seat 6: AllinRamstad ($100.82 in chips)
Seat 8: SAMIFRANC507 ($14 in chips)
AllinRamstad: posts small blind $1
Apanage: is sitting out
SAMIFRANC507: posts big blind $3
*** HOLE CARDS ***
AllinRamstad: folds
Uncalled bet ($2) returned to SAMIFRANC507
Apanage leaves the table
SAMIFRANC507 collected $2 from pot
SAMIFRANC507: doesn't show hand
*** SUMMARY ***
Total pot $2 | Rake $0
Seat 6: AllinRamstad (button) (small blind) folded before Flop
Seat 8: SAMIFRANC507 (big blind) collected ($2)


PokerStars Hand #158449534736:  Hold'em Limit ($3/$6 USD) - 2016/09/11 4:48:13 ET
Table 'Elyna' 10-max Seat #8 is the button
Seat 6: AllinRamstad ($99.82 in chips)
Seat 8: SAMIFRANC507 ($15 in chips)
SAMIFRANC507: posts small blind $1
AllinRamstad: posts big blind $3
*** HOLE CARDS ***
SAMIFRANC507: raises $3 to $6
AllinRamstad: calls $3
*** FLOP *** [6h Qc 5h]
AllinRamstad: checks
SAMIFRANC507: bets $3
Apanage joins the table at seat #9
AllinRamstad: folds
Uncalled bet ($3) returned to SAMIFRANC507
SAMIFRANC507 collected $11.76 from pot
SAMIFRANC507: doesn't show hand
*** SUMMARY ***
Total pot $12 | Rake $0.24
Board [6h Qc 5h]
Seat 6: AllinRamstad (big blind) folded on the Flop
Seat 8: SAMIFRANC507 (button) (small blind) collected ($11.76)


PokerStars Hand #158449539794:  Hold'em Limit ($3/$6 USD) - 2016/09/11 4:48:27 ET
Table 'Elyna' 10-max Seat #6 is the button
Seat 6: AllinRamstad ($93.82 in chips)
Seat 8: SAMIFRANC507 ($20.76 in chips)
AllinRamstad: posts small blind $1
SAMIFRANC507: posts big blind $3
*** HOLE CARDS ***
AllinRamstad: raises $3 to $6
SAMIFRANC507: calls $3
*** FLOP *** [4h Kc 6d]
SAMIFRANC507: bets $3
AllinRamstad: calls $3
*** TURN *** [4h Kc 6d] [Jd]
SAMIFRANC507: bets $6
AllinRamstad: raises $6 to $12
SAMIFRANC507: calls $5.76 and is all-in
Uncalled bet ($0.24) returned to AllinRamstad
*** RIVER *** [4h Kc 6d Jd] [7s]
*** SHOW DOWN ***
SAMIFRANC507: shows [Jh 6h] (two pair, Jacks and Sixes)
AllinRamstad: shows [Tc Kh] (a pair of Kings)
SAMIFRANC507 collected $41.02 from pot
*** SUMMARY ***
Total pot $41.52 | Rake $0.50
Board [4h Kc 6d Jd 7s]
Seat 6: AllinRamstad (button) (small blind) showed [Tc Kh] and lost with a pair of Kings
Seat 8: SAMIFRANC507 (big blind) showed [Jh 6h] and won ($41.02) with two pair, Jacks and Sixes


PokerStars Hand #158449728028:  Hold'em Limit ($3/$6 USD) - 2016/09/11 4:57:01 ET
Table 'Elyna' 10-max Seat #8 is the button
Seat 6: AllinRamstad ($133.85 in chips)
Seat 8: SAMIFRANC507 ($54.52 in chips)
SAMIFRANC507: posts small blind $1
AllinRamstad: posts big blind $3
*** HOLE CARDS ***
SAMIFRANC507: raises $3 to $6
AllinRamstad: calls $3
*** FLOP *** [2h 2d 3c]
AllinRamstad: checks
SAMIFRANC507: bets $3
AllinRamstad: calls $3
*** TURN *** [2h 2d 3c] [8d]
AllinRamstad: checks
SAMIFRANC507: bets $6
AllinRamstad: folds
Uncalled bet ($6) returned to SAMIFRANC507
SAMIFRANC507 collected $17.64 from pot
SAMIFRANC507: doesn't show hand
*** SUMMARY ***
Total pot $18 | Rake $0.36
Board [2h 2d 3c 8d]
Seat 6: AllinRamstad (big blind) folded on the Turn
Seat 8: SAMIFRANC507 (button) (small blind) collected ($17.64)


PokerStars Hand #158449723060:  Hold'em Limit ($3/$6 USD) - 2016/09/11 4:56:45 ET
Table 'Elyna' 10-max Seat #6 is the button
Seat 6: AllinRamstad ($142.85 in chips)
Seat 8: SAMIFRANC507 ($45.88 in chips)
AllinRamstad: posts small blind $1
SAMIFRANC507: posts big blind $3
*** HOLE CARDS ***
AllinRamstad: raises $3 to $6
SAMIFRANC507: calls $3
*** FLOP *** [6d 3s 9c]
SAMIFRANC507: bets $3
AllinRamstad: calls $3
*** TURN *** [6d 3s 9c] [Ac]
SAMIFRANC507: bets $6
AllinRamstad: folds
Uncalled bet ($6) returned to SAMIFRANC507
SAMIFRANC507 collected $17.64 from pot
SAMIFRANC507: doesn't show hand
*** SUMMARY ***
Total pot $18 | Rake $0.36
Board [6d 3s 9c Ac]
Seat 6: AllinRamstad (button) (small blind) folded on the Turn
Seat 8: SAMIFRANC507 (big blind) collected ($17.64)


PokerStars Hand #158449706011:  Hold'em Limit ($3/$6 USD) - 2016/09/11 4:56:13 ET
Table 'Elyna' 10-max Seat #8 is the button
Seat 6: AllinRamstad ($141.85 in chips)
Seat 8: SAMIFRANC507 ($46.88 in chips)
skogsbarn has timed out while disconnected
skogsbarn: is sitting out
SAMIFRANC507: posts small blind $1
AllinRamstad: posts big blind $3
*** HOLE CARDS ***
SAMIFRANC507: folds
Uncalled bet ($2) returned to AllinRamstad
AllinRamstad collected $2 from pot
AllinRamstad: doesn't show hand
*** SUMMARY ***
Total pot $2 | Rake $0
Seat 6: AllinRamstad (big blind) collected ($2)
Seat 8: SAMIFRANC507 (button) (small blind) folded before Flop


PokerStars Hand #158449742494:  Hold'em Limit ($3/$6 USD) - 2016/09/11 4:57:45 ET
Table 'Elyna' 10-max Seat #8 is the button
Seat 6: AllinRamstad ($145.35 in chips)
Seat 8: SAMIFRANC507 ($42.16 in chips)
SAMIFRANC507: posts small blind $1
AllinRamstad: posts big blind $3
*** HOLE CARDS ***
SAMIFRANC507: raises $3 to $6
AllinRamstad: calls $3
*** FLOP *** [Ac 6d 8h]
AllinRamstad: checks
SAMIFRANC507: bets $3
AllinRamstad: calls $3
*** TURN *** [Ac 6d 8h] [Tc]
AllinRamstad: checks
SAMIFRANC507: bets $6
AllinRamstad: folds
Uncalled bet ($6) returned to SAMIFRANC507
SAMIFRANC507 collected $17.64 from pot
SAMIFRANC507: doesn't show hand
*** SUMMARY ***
Total pot $18 | Rake $0.36
Board [Ac 6d 8h Tc]
Seat 6: AllinRamstad (big blind) folded on the Turn
Seat 8: SAMIFRANC507 (button) (small blind) collected ($17.64)


PokerStars Hand #158449734110:  Hold'em Limit ($3/$6 USD) - 2016/09/11 4:57:19 ET
Table 'Elyna' 10-max Seat #6 is the button
Seat 6: AllinRamstad ($124.85 in chips)
Seat 8: SAMIFRANC507 ($63.16 in chips)
AllinRamstad: posts small blind $1
SAMIFRANC507: posts big blind $3
*** HOLE CARDS ***
AllinRamstad: raises $3 to $6
SAMIFRANC507: calls $3
*** FLOP *** [9d 7s 7d]
SAMIFRANC507: checks
AllinRamstad: bets $3
SAMIFRANC507: calls $3
*** TURN *** [9d 7s 7d] [6s]
SAMIFRANC507: bets $6
AllinRamstad: calls $6
*** RIVER *** [9d 7s 7d 6s] [Qc]
SAMIFRANC507: bets $6
AllinRamstad: calls $6
*** SHOW DOWN ***
SAMIFRANC507: shows [Jd 4d] (a pair of Sevens)
AllinRamstad: shows [6h Kd] (two pair, Sevens and Sixes)
AllinRamstad collected $41.50 from pot
*** SUMMARY ***
Total pot $42 | Rake $0.50
Board [9d 7s 7d 6s Qc]
Seat 6: AllinRamstad (button) (small blind) showed [6h Kd] and won ($41.50) with two pair, Sevens and Sixes
Seat 8: SAMIFRANC507 (big blind) showed [Jd 4d] and lost with a pair of Sevens


PokerStars Hand #158449748231:  Hold'em Limit ($3/$6 USD) - 2016/09/11 4:58:02 ET
Table 'Elyna' 10-max Seat #6 is the button
Seat 6: AllinRamstad ($136.35 in chips)
Seat 8: SAMIFRANC507 ($50.80 in chips)
AllinRamstad: posts small blind $1
SAMIFRANC507: posts big blind $3
*** HOLE CARDS ***
AllinRamstad: raises $3 to $6
SAMIFRANC507: calls $3
*** FLOP *** [2d 4d 8h]
SAMIFRANC507: checks
AllinRamstad: bets $3
SAMIFRANC507: raises $3 to $6
AllinRamstad: calls $3
*** TURN *** [2d 4d 8h] [6h]
SAMIFRANC507: bets $6
AllinRamstad: calls $6
*** RIVER *** [2d 4d 8h 6h] [Kh]
SAMIFRANC507: bets $6
AllinRamstad: calls $6
*** SHOW DOWN ***
SAMIFRANC507: shows [3d 8d] (a pair of Eights)
AllinRamstad: mucks hand
SAMIFRANC507 collected $47.50 from pot
*** SUMMARY ***
Total pot $48 | Rake $0.50
Board [2d 4d 8h 6h Kh]
Seat 6: AllinRamstad (button) (small blind) mucked
Seat 8: SAMIFRANC507 (big blind) showed [3d 8d] and won ($47.50) with a pair of Eights


PokerStars Hand #158449788148:  Hold'em Limit ($3/$6 USD) - 2016/09/11 5:00:03 ET
Table 'Elyna' 10-max Seat #6 is the button
Seat 3: skogsbarn ($110.49 in chips)
Seat 6: AllinRamstad ($82.35 in chips)
AllinRamstad: posts small blind $1
SAMIFRANC507: is sitting out
skogsbarn: posts big blind $3
*** HOLE CARDS ***
AllinRamstad: folds
Uncalled bet ($2) returned to skogsbarn
skogsbarn collected $2 from pot
skogsbarn: doesn't show hand
*** SUMMARY ***
Total pot $2 | Rake $0
Seat 3: skogsbarn (big blind) collected ($2)
Seat 6: AllinRamstad (button) (small blind) folded before Flop


PokerStars Hand #158449790110:  Hold'em Limit ($3/$6 USD) - 2016/09/11 5:00:08 ET
Table 'Elyna' 10-max Seat #3 is the button
Seat 3: skogsbarn ($111.49 in chips)
Seat 6: AllinRamstad ($81.35 in chips)
skogsbarn: posts small blind $1
AllinRamstad: posts big blind $3
*** HOLE CARDS ***
skogsbarn: folds
Uncalled bet ($2) returned to AllinRamstad
AllinRamstad collected $2 from pot
AllinRamstad: doesn't show hand
*** SUMMARY ***
Total pot $2 | Rake $0
Seat 3: skogsbarn (button) (small blind) folded before Flop
Seat 6: AllinRamstad (big blind) collected ($2)


PokerStars Hand #158449803170:  Hold'em Limit ($3/$6 USD) - 2016/09/11 5:00:47 ET
Table 'Elyna' 10-max Seat #3 is the button
Seat 3: skogsbarn ($92.49 in chips)
Seat 6: AllinRamstad ($99.85 in chips)
skogsbarn: posts small blind $1
AllinRamstad: posts big blind $3
*** HOLE CARDS ***
skogsbarn: raises $3 to $6
AllinRamstad: folds
Uncalled bet ($3) returned to skogsbarn
skogsbarn collected $6 from pot
skogsbarn: doesn't show hand
*** SUMMARY ***
Total pot $6 | Rake $0
Seat 3: skogsbarn (button) (small blind) collected ($6)
Seat 6: AllinRamstad (big blind) folded before Flop


PokerStars Hand #158449792834:  Hold'em Limit ($3/$6 USD) - 2016/09/11 5:00:16 ET
Table 'Elyna' 10-max Seat #6 is the button
Seat 3: skogsbarn ($110.49 in chips)
Seat 6: AllinRamstad ($82.35 in chips)
AllinRamstad: posts small blind $1
skogsbarn: posts big blind $3
*** HOLE CARDS ***
AllinRamstad: raises $3 to $6
skogsbarn: calls $3
*** FLOP *** [6h 8c 2s]
skogsbarn: checks
AllinRamstad: bets $3
skogsbarn: raises $3 to $6
AllinRamstad: calls $3
*** TURN *** [6h 8c 2s] [4d]
skogsbarn: bets $6
AllinRamstad: calls $6
*** RIVER *** [6h 8c 2s 4d] [4h]
skogsbarn: checks
AllinRamstad: checks
*** SHOW DOWN ***
skogsbarn: shows [Jh Kh] (a pair of Fours)
AllinRamstad: shows [Ac 2d] (two pair, Fours and Deuces)
AllinRamstad collected $35.50 from pot
*** SUMMARY ***
Total pot $36 | Rake $0.50
Board [6h 8c 2s 4d 4h]
Seat 3: skogsbarn (big blind) showed [Jh Kh] and lost with a pair of Fours
Seat 6: AllinRamstad (button) (small blind) showed [Ac 2d] and won ($35.50) with two pair, Fours and Deuces


