PokerStars Hand #156080858137:  Hold'em Limit ($3/$6 USD) - 2016/07/17 10:13:43 ET
Table 'Elyna' 10-max Seat #6 is the button
Seat 5: isaliv ($114 in chips)
Seat 6: Agrotait ($77.76 in chips)
Agrotait: posts small blind $1
isaliv: posts big blind $3
*** HOLE CARDS ***
Agrotait: folds
Uncalled bet ($2) returned to isaliv
isaliv collected $2 from pot
isaliv: doesn't show hand
*** SUMMARY ***
Total pot $2 | Rake $0
Seat 5: isaliv (big blind) collected ($2)
Seat 6: Agrotait (button) (small blind) folded before Flop


PokerStars Hand #156080844461:  Hold'em Limit ($3/$6 USD) - 2016/07/17 10:13:21 ET
Table 'Elyna' 10-max Seat #5 is the button
Seat 5: isaliv ($120 in chips)
Seat 6: Agrotait ($72 in chips)
isaliv: posts small blind $1
Agrotait: posts big blind $3
*** HOLE CARDS ***
isaliv: calls $2
Agrotait: raises $3 to $6
isaliv: calls $3
*** FLOP *** [2h 3h 8d]
Agrotait: bets $3
isaliv: folds
Uncalled bet ($3) returned to Agrotait
Agrotait collected $11.76 from pot
Agrotait: doesn't show hand
*** SUMMARY ***
Total pot $12 | Rake $0.24
Board [2h 3h 8d]
Seat 5: isaliv (button) (small blind) folded on the Flop
Seat 6: Agrotait (big blind) collected ($11.76)


PokerStars Hand #156080862469:  Hold'em Limit ($3/$6 USD) - 2016/07/17 10:13:50 ET
Table 'Elyna' 10-max Seat #5 is the button
Seat 5: isaliv ($115 in chips)
Seat 6: Agrotait ($76.76 in chips)
isaliv: posts small blind $1
Agrotait: posts big blind $3
*** HOLE CARDS ***
isaliv: raises $3 to $6
Agrotait: calls $3
*** FLOP *** [5s 2d 8h]
Agrotait: checks
isaliv: bets $3
Agrotait: calls $3
*** TURN *** [5s 2d 8h] [Kc]
Agrotait: checks
isaliv: bets $6
Agrotait: calls $6
*** RIVER *** [5s 2d 8h Kc] [Jh]
Agrotait: checks
isaliv: bets $6
Agrotait: calls $6
*** SHOW DOWN ***
isaliv: shows [Jd Js] (three of a kind, Jacks)
Agrotait: mucks hand
isaliv collected $41.50 from pot
*** SUMMARY ***
Total pot $42 | Rake $0.50
Board [5s 2d 8h Kc Jh]
Seat 5: isaliv (button) (small blind) showed [Jd Js] and won ($41.50) with three of a kind, Jacks
Seat 6: Agrotait (big blind) mucked


PokerStars Hand #156080922037:  Hold'em Limit ($3/$6 USD) - 2016/07/17 10:15:25 ET
Table 'Elyna' 10-max Seat #6 is the button
Seat 5: isaliv ($126.26 in chips)
Seat 6: Agrotait ($80.50 in chips)
Agrotait: posts small blind $1
isaliv: posts big blind $3
*** HOLE CARDS ***
Agrotait: folds
Uncalled bet ($2) returned to isaliv
isaliv collected $2 from pot
isaliv: doesn't show hand
*** SUMMARY ***
Total pot $2 | Rake $0
Seat 5: isaliv (big blind) collected ($2)
Seat 6: Agrotait (button) (small blind) folded before Flop


PokerStars Hand #156080911866:  Hold'em Limit ($3/$6 USD) - 2016/07/17 10:15:09 ET
Table 'Elyna' 10-max Seat #5 is the button
Seat 5: isaliv ($120.50 in chips)
Seat 6: Agrotait ($86.50 in chips)
isaliv: posts small blind $1
Agrotait: posts big blind $3
*** HOLE CARDS ***
isaliv: calls $2
Agrotait: checks
*** FLOP *** [6c Jh Kd]
Agrotait: bets $3
isaliv: calls $3
*** TURN *** [6c Jh Kd] [Tc]
Agrotait: checks
isaliv: bets $6
Agrotait: folds
Uncalled bet ($6) returned to isaliv
isaliv collected $11.76 from pot
isaliv: doesn't show hand
*** SUMMARY ***
Total pot $12 | Rake $0.24
Board [6c Jh Kd Tc]
Seat 5: isaliv (button) (small blind) collected ($11.76)
Seat 6: Agrotait (big blind) folded on the Turn


PokerStars Hand #156080895185:  Hold'em Limit ($3/$6 USD) - 2016/07/17 10:14:43 ET
Table 'Elyna' 10-max Seat #6 is the button
Seat 5: isaliv ($135.50 in chips)
Seat 6: Agrotait ($72 in chips)
Agrotait: posts small blind $1
isaliv: posts big blind $3
*** HOLE CARDS ***
Agrotait: raises $3 to $6
isaliv: calls $3
*** FLOP *** [4h Jd Qd]
isaliv: checks
Agrotait: bets $3
isaliv: calls $3
*** TURN *** [4h Jd Qd] [6h]
isaliv: checks
Agrotait: bets $6
isaliv: calls $6
*** RIVER *** [4h Jd Qd 6h] [Qc]
isaliv: checks
Agrotait: bets $6
isaliv: folds
Uncalled bet ($6) returned to Agrotait
Agrotait collected $29.50 from pot
Agrotait: doesn't show hand
*** SUMMARY ***
Total pot $30 | Rake $0.50
Board [4h Jd Qd 6h Qc]
Seat 5: isaliv (big blind) folded on the River
Seat 6: Agrotait (button) (small blind) collected ($29.50)


PokerStars Hand #156080964096:  Hold'em Limit ($3/$6 USD) - 2016/07/17 10:16:32 ET
Table 'Elyna' 10-max Seat #5 is the button
Seat 5: isaliv ($141.66 in chips)
Seat 6: Agrotait ($64.50 in chips)
isaliv: posts small blind $1
Agrotait: posts big blind $3
*** HOLE CARDS ***
isaliv: calls $2
Agrotait: checks
*** FLOP *** [5s Kc 6h]
Agrotait: checks
isaliv: bets $3
Agrotait: raises $3 to $6
isaliv: calls $3
*** TURN *** [5s Kc 6h] [8h]
Agrotait: bets $6
isaliv: raises $6 to $12
Agrotait: folds
Uncalled bet ($6) returned to isaliv
isaliv collected $29.50 from pot
isaliv: doesn't show hand
*** SUMMARY ***
Total pot $30 | Rake $0.50
Board [5s Kc 6h 8h]
Seat 5: isaliv (button) (small blind) collected ($29.50)
Seat 6: Agrotait (big blind) folded on the Turn


PokerStars Hand #156080947629:  Hold'em Limit ($3/$6 USD) - 2016/07/17 10:16:06 ET
Table 'Elyna' 10-max Seat #6 is the button
Seat 5: isaliv ($133.02 in chips)
Seat 6: Agrotait ($73.50 in chips)
Agrotait: posts small blind $1
isaliv: posts big blind $3
*** HOLE CARDS ***
Agrotait: raises $3 to $6
isaliv: calls $3
*** FLOP *** [3s 9d 6h]
isaliv: checks
Agrotait: bets $3
isaliv: calls $3
*** TURN *** [3s 9d 6h] [Ts]
isaliv: checks
Agrotait: checks
*** RIVER *** [3s 9d 6h Ts] [2s]
isaliv: bets $6
Agrotait: folds
Uncalled bet ($6) returned to isaliv
isaliv collected $17.64 from pot
isaliv: doesn't show hand
*** SUMMARY ***
Total pot $18 | Rake $0.36
Board [3s 9d 6h Ts 2s]
Seat 5: isaliv (big blind) collected ($17.64)
Seat 6: Agrotait (button) (small blind) folded on the River


PokerStars Hand #156080929139:  Hold'em Limit ($3/$6 USD) - 2016/07/17 10:15:37 ET
Table 'Elyna' 10-max Seat #5 is the button
Seat 5: isaliv ($127.26 in chips)
Seat 6: Agrotait ($79.50 in chips)
isaliv: posts small blind $1
Agrotait: posts big blind $3
*** HOLE CARDS ***
isaliv: calls $2
Agrotait: checks
*** FLOP *** [4d Kh 8s]
Agrotait: bets $3
isaliv: calls $3
*** TURN *** [4d Kh 8s] [7c]
Agrotait: checks
isaliv: bets $6
Agrotait: folds
Uncalled bet ($6) returned to isaliv
isaliv collected $11.76 from pot
isaliv: doesn't show hand
*** SUMMARY ***
Total pot $12 | Rake $0.24
Board [4d Kh 8s 7c]
Seat 5: isaliv (button) (small blind) collected ($11.76)
Seat 6: Agrotait (big blind) folded on the Turn


PokerStars Hand #156081008702:  Hold'em Limit ($3/$6 USD) - 2016/07/17 10:17:43 ET
Table 'Elyna' 10-max Seat #5 is the button
Seat 5: isaliv ($137.16 in chips)
Seat 6: Agrotait ($90.50 in chips)
isaliv: posts small blind $1
Agrotait: posts big blind $3
*** HOLE CARDS ***
isaliv: folds
Uncalled bet ($2) returned to Agrotait
Agrotait collected $2 from pot
Agrotait: doesn't show hand
*** SUMMARY ***
Total pot $2 | Rake $0
Seat 5: isaliv (button) (small blind) folded before Flop
Seat 6: Agrotait (big blind) collected ($2)


PokerStars Hand #156080986840:  Hold'em Limit ($3/$6 USD) - 2016/07/17 10:17:09 ET
Table 'Elyna' 10-max Seat #6 is the button
Seat 5: isaliv ($152.16 in chips)
Seat 6: Agrotait ($76 in chips)
Agrotait: posts small blind $1
isaliv: posts big blind $3
*** HOLE CARDS ***
Agrotait: raises $3 to $6
isaliv: calls $3
*** FLOP *** [8c 3c 5c]
isaliv: checks
Agrotait: bets $3
isaliv: calls $3
*** TURN *** [8c 3c 5c] [Qh]
isaliv: checks
Agrotait: bets $6
isaliv: calls $6
*** RIVER *** [8c 3c 5c Qh] [3d]
isaliv: checks
Agrotait: checks
*** SHOW DOWN ***
isaliv: shows [Ah 4h] (a pair of Threes)
Agrotait: shows [5h Kc] (two pair, Fives and Threes)
Agrotait collected $29.50 from pot
*** SUMMARY ***
Total pot $30 | Rake $0.50
Board [8c 3c 5c Qh 3d]
Seat 5: isaliv (big blind) showed [Ah 4h] and lost with a pair of Threes
Seat 6: Agrotait (button) (small blind) showed [5h Kc] and won ($29.50) with two pair, Fives and Threes


PokerStars Hand #156080983584:  Hold'em Limit ($3/$6 USD) - 2016/07/17 10:17:03 ET
Table 'Elyna' 10-max Seat #5 is the button
Seat 5: isaliv ($153.16 in chips)
Seat 6: Agrotait ($75 in chips)
isaliv: posts small blind $1
Agrotait: posts big blind $3
*** HOLE CARDS ***
isaliv: folds
Uncalled bet ($2) returned to Agrotait
Agrotait collected $2 from pot
Agrotait: doesn't show hand
*** SUMMARY ***
Total pot $2 | Rake $0
Seat 5: isaliv (button) (small blind) folded before Flop
Seat 6: Agrotait (big blind) collected ($2)


PokerStars Hand #156080980027:  Hold'em Limit ($3/$6 USD) - 2016/07/17 10:16:58 ET
Table 'Elyna' 10-max Seat #6 is the button
Seat 5: isaliv ($156.16 in chips)
Seat 6: Agrotait ($72 in chips)
Agrotait: posts small blind $1
isaliv: posts big blind $3
*** HOLE CARDS ***
Agrotait: raises $3 to $6
isaliv: folds
Uncalled bet ($3) returned to Agrotait
Agrotait collected $6 from pot
Agrotait: doesn't show hand
*** SUMMARY ***
Total pot $6 | Rake $0
Seat 5: isaliv (big blind) folded before Flop
Seat 6: Agrotait (button) (small blind) collected ($6)


PokerStars Hand #156081024113:  Hold'em Limit ($3/$6 USD) - 2016/07/17 10:18:08 ET
Table 'Elyna' 10-max Seat #5 is the button
Seat 5: isaliv ($121.16 in chips)
Seat 6: Agrotait ($106 in chips)
isaliv: posts small blind $1
Agrotait: posts big blind $3
*** HOLE CARDS ***
isaliv: raises $3 to $6
Agrotait: calls $3
*** FLOP *** [4c 7c 9c]
Agrotait: checks
isaliv: bets $3
Agrotait: calls $3
*** TURN *** [4c 7c 9c] [Qh]
Agrotait: checks
isaliv: bets $6
Agrotait: folds
Uncalled bet ($6) returned to isaliv
isaliv collected $17.64 from pot
isaliv: doesn't show hand
*** SUMMARY ***
Total pot $18 | Rake $0.36
Board [4c 7c 9c Qh]
Seat 5: isaliv (button) (small blind) collected ($17.64)
Seat 6: Agrotait (big blind) folded on the Turn


PokerStars Hand #156081012035:  Hold'em Limit ($3/$6 USD) - 2016/07/17 10:17:49 ET
Table 'Elyna' 10-max Seat #6 is the button
Seat 5: isaliv ($136.16 in chips)
Seat 6: Agrotait ($91.50 in chips)
Agrotait: posts small blind $1
isaliv: posts big blind $3
*** HOLE CARDS ***
Agrotait: raises $3 to $6
isaliv: calls $3
*** FLOP *** [Ah 8d 2s]
isaliv: bets $3
Agrotait: calls $3
*** TURN *** [Ah 8d 2s] [Qd]
isaliv: bets $6
Agrotait: calls $6
*** RIVER *** [Ah 8d 2s Qd] [Js]
isaliv: checks
Agrotait: checks
*** SHOW DOWN ***
isaliv: shows [3d 4h] (high card Ace)
Agrotait: shows [5h 8s] (a pair of Eights)
Agrotait collected $29.50 from pot
*** SUMMARY ***
Total pot $30 | Rake $0.50
Board [Ah 8d 2s Qd Js]
Seat 5: isaliv (big blind) showed [3d 4h] and lost with high card Ace
Seat 6: Agrotait (button) (small blind) showed [5h 8s] and won ($29.50) with a pair of Eights


PokerStars Hand #156081077108:  Hold'em Limit ($3/$6 USD) - 2016/07/17 10:19:32 ET
Table 'Elyna' 10-max Seat #5 is the button
Seat 5: isaliv ($132.44 in chips)
Seat 6: Agrotait ($93.88 in chips)
isaliv: posts small blind $1
Agrotait: posts big blind $3
*** HOLE CARDS ***
isaliv: raises $3 to $6
Agrotait: folds
Uncalled bet ($3) returned to isaliv
isaliv collected $6 from pot
isaliv: doesn't show hand
*** SUMMARY ***
Total pot $6 | Rake $0
Seat 5: isaliv (button) (small blind) collected ($6)
Seat 6: Agrotait (big blind) folded before Flop


PokerStars Hand #156081073871:  Hold'em Limit ($3/$6 USD) - 2016/07/17 10:19:26 ET
Table 'Elyna' 10-max Seat #6 is the button
Seat 5: isaliv ($135.44 in chips)
Seat 6: Agrotait ($90.88 in chips)
Agrotait: posts small blind $1
isaliv: posts big blind $3
*** HOLE CARDS ***
Agrotait: raises $3 to $6
isaliv: folds
Uncalled bet ($3) returned to Agrotait
Agrotait collected $6 from pot
Agrotait: doesn't show hand
*** SUMMARY ***
Total pot $6 | Rake $0
Seat 5: isaliv (big blind) folded before Flop
Seat 6: Agrotait (button) (small blind) collected ($6)


PokerStars Hand #156081065994:  Hold'em Limit ($3/$6 USD) - 2016/07/17 10:19:14 ET
Table 'Elyna' 10-max Seat #5 is the button
Seat 5: isaliv ($138.44 in chips)
Seat 6: Agrotait ($88 in chips)
isaliv: posts small blind $1
Agrotait: posts big blind $3
*** HOLE CARDS ***
isaliv: calls $2
Agrotait: checks
*** FLOP *** [6c 4d 4h]
Agrotait: bets $3
isaliv: folds
Uncalled bet ($3) returned to Agrotait
Agrotait collected $5.88 from pot
Agrotait: doesn't show hand
*** SUMMARY ***
Total pot $6 | Rake $0.12
Board [6c 4d 4h]
Seat 5: isaliv (button) (small blind) folded on the Flop
Seat 6: Agrotait (big blind) collected ($5.88)


PokerStars Hand #156081050176:  Hold'em Limit ($3/$6 USD) - 2016/07/17 10:18:49 ET
Table 'Elyna' 10-max Seat #6 is the button
Seat 5: isaliv ($129.80 in chips)
Seat 6: Agrotait ($97 in chips)
Agrotait: posts small blind $1
isaliv: posts big blind $3
*** HOLE CARDS ***
Agrotait: raises $3 to $6
isaliv: calls $3
*** FLOP *** [6s Jd 3s]
isaliv: checks
Agrotait: bets $3
isaliv: calls $3
*** TURN *** [6s Jd 3s] [Kc]
isaliv: checks
Agrotait: checks
*** RIVER *** [6s Jd 3s Kc] [Ad]
isaliv: bets $6
Agrotait: folds
Uncalled bet ($6) returned to isaliv
isaliv collected $17.64 from pot
isaliv: doesn't show hand
*** SUMMARY ***
Total pot $18 | Rake $0.36
Board [6s Jd 3s Kc Ad]
Seat 5: isaliv (big blind) collected ($17.64)
Seat 6: Agrotait (button) (small blind) folded on the River


PokerStars Hand #156081122230:  Hold'em Limit ($3/$6 USD) - 2016/07/17 10:20:43 ET
Table 'Elyna' 10-max Seat #6 is the button
Seat 5: isaliv ($145.46 in chips)
Seat 6: Agrotait ($79.38 in chips)
Agrotait: posts small blind $1
isaliv: posts big blind $3
*** HOLE CARDS ***
Agrotait: folds
Uncalled bet ($2) returned to isaliv
isaliv collected $2 from pot
isaliv: doesn't show hand
*** SUMMARY ***
Total pot $2 | Rake $0
Seat 5: isaliv (big blind) collected ($2)
Seat 6: Agrotait (button) (small blind) folded before Flop


PokerStars Hand #156081119209:  Hold'em Limit ($3/$6 USD) - 2016/07/17 10:20:39 ET
Table 'Elyna' 10-max Seat #5 is the button
Seat 5: isaliv ($146.46 in chips)
Seat 6: Agrotait ($78.38 in chips)
isaliv: posts small blind $1
Agrotait: posts big blind $3
*** HOLE CARDS ***
isaliv: folds
Uncalled bet ($2) returned to Agrotait
Agrotait collected $2 from pot
Agrotait: doesn't show hand
*** SUMMARY ***
Total pot $2 | Rake $0
Seat 5: isaliv (button) (small blind) folded before Flop
Seat 6: Agrotait (big blind) collected ($2)


PokerStars Hand #156081108565:  Hold'em Limit ($3/$6 USD) - 2016/07/17 10:20:22 ET
Table 'Elyna' 10-max Seat #6 is the button
Seat 5: isaliv ($128.96 in chips)
Seat 6: Agrotait ($96.38 in chips)
Agrotait: posts small blind $1
isaliv: posts big blind $3
*** HOLE CARDS ***
Agrotait: raises $3 to $6
isaliv: raises $3 to $9
Agrotait: calls $3
*** FLOP *** [5s 7s 4s]
isaliv: bets $3
Agrotait: calls $3
*** TURN *** [5s 7s 4s] [Ac]
isaliv: bets $6
Agrotait: calls $6
*** RIVER *** [5s 7s 4s Ac] [Tc]
isaliv: bets $6
Agrotait: folds
Uncalled bet ($6) returned to isaliv
isaliv collected $35.50 from pot
isaliv: doesn't show hand
*** SUMMARY ***
Total pot $36 | Rake $0.50
Board [5s 7s 4s Ac Tc]
Seat 5: isaliv (big blind) collected ($35.50)
Seat 6: Agrotait (button) (small blind) folded on the River


PokerStars Hand #156081098011:  Hold'em Limit ($3/$6 USD) - 2016/07/17 10:20:05 ET
Table 'Elyna' 10-max Seat #5 is the button
Seat 5: isaliv ($146.96 in chips)
Seat 6: Agrotait ($78.88 in chips)
isaliv: posts small blind $1
Agrotait: posts big blind $3
*** HOLE CARDS ***
isaliv: calls $2
Agrotait: checks
*** FLOP *** [Js 6h 8s]
Agrotait: bets $3
isaliv: calls $3
*** TURN *** [Js 6h 8s] [Ah]
Agrotait: bets $6
isaliv: calls $6
*** RIVER *** [Js 6h 8s Ah] [4c]
Agrotait: bets $6
isaliv: calls $6
*** SHOW DOWN ***
Agrotait: shows [Ac 3d] (a pair of Aces)
isaliv: mucks hand
Agrotait collected $35.50 from pot
*** SUMMARY ***
Total pot $36 | Rake $0.50
Board [Js 6h 8s Ah 4c]
Seat 5: isaliv (button) (small blind) mucked
Seat 6: Agrotait (big blind) showed [Ac 3d] and won ($35.50) with a pair of Aces


PokerStars Hand #156081081471:  Hold'em Limit ($3/$6 USD) - 2016/07/17 10:19:38 ET
Table 'Elyna' 10-max Seat #6 is the button
Seat 5: isaliv ($135.44 in chips)
Seat 6: Agrotait ($90.88 in chips)
Agrotait: posts small blind $1
isaliv: posts big blind $3
*** HOLE CARDS ***
Agrotait: raises $3 to $6
isaliv: calls $3
*** FLOP *** [4h 2d Kc]
isaliv: bets $3
Agrotait: raises $3 to $6
isaliv: calls $3
*** TURN *** [4h 2d Kc] [7h]
isaliv: checks
Agrotait: checks
*** RIVER *** [4h 2d Kc 7h] [Ts]
isaliv: checks
Agrotait: checks
*** SHOW DOWN ***
isaliv: shows [4d Qd] (a pair of Fours)
Agrotait: mucks hand
isaliv collected $23.52 from pot
*** SUMMARY ***
Total pot $24 | Rake $0.48
Board [4h 2d Kc 7h Ts]
Seat 5: isaliv (big blind) showed [4d Qd] and won ($23.52) with a pair of Fours
Seat 6: Agrotait (button) (small blind) mucked


PokerStars Hand #156081155350:  Hold'em Limit ($3/$6 USD) - 2016/07/17 10:21:36 ET
Table 'Elyna' 10-max Seat #5 is the button
Seat 5: isaliv ($163.96 in chips)
Seat 6: Agrotait ($60.26 in chips)
isaliv: posts small blind $1
Agrotait: posts big blind $3
*** HOLE CARDS ***
isaliv: calls $2
Agrotait: checks
*** FLOP *** [3c 8c 3d]
Agrotait: checks
isaliv: checks
*** TURN *** [3c 8c 3d] [3s]
Agrotait: checks
isaliv: bets $6
Agrotait: folds
Uncalled bet ($6) returned to isaliv
isaliv collected $5.88 from pot
isaliv: doesn't show hand
*** SUMMARY ***
Total pot $6 | Rake $0.12
Board [3c 8c 3d 3s]
Seat 5: isaliv (button) (small blind) collected ($5.88)
Seat 6: Agrotait (big blind) folded on the Turn


PokerStars Hand #156081134729:  Hold'em Limit ($3/$6 USD) - 2016/07/17 10:21:03 ET
Table 'Elyna' 10-max Seat #6 is the button
Seat 5: isaliv ($143.46 in chips)
Seat 6: Agrotait ($81.26 in chips)
Agrotait: posts small blind $1
isaliv: posts big blind $3
*** HOLE CARDS ***
Agrotait: raises $3 to $6
isaliv: calls $3
*** FLOP *** [8d 4h Th]
isaliv: bets $3
Agrotait: calls $3
*** TURN *** [8d 4h Th] [5s]
isaliv: bets $6
Agrotait: calls $6
*** RIVER *** [8d 4h Th 5s] [5c]
isaliv: bets $6
Agrotait: calls $6
*** SHOW DOWN ***
isaliv: shows [3h 8h] (two pair, Eights and Fives)
Agrotait: mucks hand
isaliv collected $41.50 from pot
*** SUMMARY ***
Total pot $42 | Rake $0.50
Board [8d 4h Th 5s 5c]
Seat 5: isaliv (big blind) showed [3h 8h] and won ($41.50) with two pair, Eights and Fives
Seat 6: Agrotait (button) (small blind) mucked


PokerStars Hand #156081126496:  Hold'em Limit ($3/$6 USD) - 2016/07/17 10:20:50 ET
Table 'Elyna' 10-max Seat #5 is the button
Seat 5: isaliv ($146.46 in chips)
Seat 6: Agrotait ($78.38 in chips)
isaliv: posts small blind $1
Agrotait: posts big blind $3
*** HOLE CARDS ***
isaliv: calls $2
Agrotait: checks
*** FLOP *** [8d Qc As]
Agrotait: bets $3
isaliv: folds
Uncalled bet ($3) returned to Agrotait
Agrotait collected $5.88 from pot
Agrotait: doesn't show hand
*** SUMMARY ***
Total pot $6 | Rake $0.12
Board [8d Qc As]
Seat 5: isaliv (button) (small blind) folded on the Flop
Seat 6: Agrotait (big blind) collected ($5.88)


PokerStars Hand #156081175620:  Hold'em Limit ($3/$6 USD) - 2016/07/17 10:22:08 ET
Table 'Elyna' 10-max Seat #5 is the button
Seat 5: isaliv ($160.84 in chips)
Seat 6: Agrotait ($77.76 in chips)
isaliv: posts small blind $1
Agrotait: posts big blind $3
*** HOLE CARDS ***
isaliv: calls $2
Agrotait: raises $3 to $6
isaliv: calls $3
*** FLOP *** [9s 5d Qc]
Agrotait: bets $3
isaliv: raises $3 to $6
Agrotait: calls $3
*** TURN *** [9s 5d Qc] [Ts]
Agrotait: checks
isaliv: bets $6
Agrotait: calls $6
*** RIVER *** [9s 5d Qc Ts] [4h]
Agrotait: checks
isaliv: bets $6
Agrotait: folds
Uncalled bet ($6) returned to isaliv
isaliv collected $35.50 from pot
isaliv: doesn't show hand
*** SUMMARY ***
Total pot $36 | Rake $0.50
Board [9s 5d Qc Ts 4h]
Seat 5: isaliv (button) (small blind) collected ($35.50)
Seat 6: Agrotait (big blind) folded on the River


PokerStars Hand #156081168309:  Hold'em Limit ($3/$6 USD) - 2016/07/17 10:21:56 ET
Table 'Elyna' 10-max Seat #6 is the button
Seat 5: isaliv ($166.84 in chips)
Seat 6: Agrotait ($72 in chips)
Agrotait: posts small blind $1
isaliv: posts big blind $3
*** HOLE CARDS ***
Agrotait: raises $3 to $6
isaliv: calls $3
*** FLOP *** [Ts 9h 7d]
isaliv: checks
Agrotait: bets $3
isaliv: folds
Uncalled bet ($3) returned to Agrotait
Agrotait collected $11.76 from pot
Agrotait: doesn't show hand
*** SUMMARY ***
Total pot $12 | Rake $0.24
Board [Ts 9h 7d]
Seat 5: isaliv (big blind) folded on the Flop
Seat 6: Agrotait (button) (small blind) collected ($11.76)


PokerStars Hand #156081241526:  Hold'em Limit ($3/$6 USD) - 2016/07/17 10:23:53 ET
Table 'Elyna' 10-max Seat #6 is the button
Seat 5: isaliv ($181.84 in chips)
Seat 6: Agrotait ($67.38 in chips)
Agrotait: posts small blind $1
isaliv: posts big blind $3
*** HOLE CARDS ***
Agrotait: raises $3 to $6
isaliv: folds
Uncalled bet ($3) returned to Agrotait
Agrotait collected $6 from pot
Agrotait: doesn't show hand
*** SUMMARY ***
Total pot $6 | Rake $0
Seat 5: isaliv (big blind) folded before Flop
Seat 6: Agrotait (button) (small blind) collected ($6)


PokerStars Hand #156081233283:  Hold'em Limit ($3/$6 USD) - 2016/07/17 10:23:40 ET
Table 'Elyna' 10-max Seat #5 is the button
Seat 5: isaliv ($184.84 in chips)
Seat 6: Agrotait ($64.50 in chips)
isaliv: posts small blind $1
Agrotait: posts big blind $3
*** HOLE CARDS ***
isaliv: calls $2
Agrotait: checks
*** FLOP *** [2c 4c 6c]
Agrotait: bets $3
isaliv: folds
Uncalled bet ($3) returned to Agrotait
Agrotait collected $5.88 from pot
Agrotait: doesn't show hand
*** SUMMARY ***
Total pot $6 | Rake $0.12
Board [2c 4c 6c]
Seat 5: isaliv (button) (small blind) folded on the Flop
Seat 6: Agrotait (big blind) collected ($5.88)


PokerStars Hand #156081229223:  Hold'em Limit ($3/$6 USD) - 2016/07/17 10:23:33 ET
Table 'Elyna' 10-max Seat #6 is the button
Seat 5: isaliv ($183.84 in chips)
Seat 6: Agrotait ($65.50 in chips)
Agrotait: posts small blind $1
isaliv: posts big blind $3
*** HOLE CARDS ***
Agrotait: folds
Uncalled bet ($2) returned to isaliv
isaliv collected $2 from pot
isaliv: doesn't show hand
*** SUMMARY ***
Total pot $2 | Rake $0
Seat 5: isaliv (big blind) collected ($2)
Seat 6: Agrotait (button) (small blind) folded before Flop


PokerStars Hand #156081211464:  Hold'em Limit ($3/$6 USD) - 2016/07/17 10:23:05 ET
Table 'Elyna' 10-max Seat #5 is the button
Seat 5: isaliv ($163.34 in chips)
Seat 6: Agrotait ($86.50 in chips)
isaliv: posts small blind $1
Agrotait: posts big blind $3
*** HOLE CARDS ***
isaliv: raises $3 to $6
Agrotait: calls $3
*** FLOP *** [9h 8d 9s]
Agrotait: checks
isaliv: bets $3
Agrotait: calls $3
*** TURN *** [9h 8d 9s] [Th]
Agrotait: checks
isaliv: bets $6
Agrotait: calls $6
*** RIVER *** [9h 8d 9s Th] [2h]
Agrotait: checks
isaliv: bets $6
Agrotait: calls $6
*** SHOW DOWN ***
isaliv: shows [Ts 7s] (two pair, Tens and Nines)
Agrotait: mucks hand
isaliv collected $41.50 from pot
*** SUMMARY ***
Total pot $42 | Rake $0.50
Board [9h 8d 9s Th 2h]
Seat 5: isaliv (button) (small blind) showed [Ts 7s] and won ($41.50) with two pair, Tens and Nines
Seat 6: Agrotait (big blind) mucked


PokerStars Hand #156081192854:  Hold'em Limit ($3/$6 USD) - 2016/07/17 10:22:36 ET
Table 'Elyna' 10-max Seat #6 is the button
Seat 5: isaliv ($178.34 in chips)
Seat 6: Agrotait ($72 in chips)
Agrotait: posts small blind $1
isaliv: posts big blind $3
*** HOLE CARDS ***
Agrotait: raises $3 to $6
isaliv: calls $3
*** FLOP *** [Ks Th 9c]
isaliv: checks
Agrotait: bets $3
isaliv: calls $3
*** TURN *** [Ks Th 9c] [4c]
isaliv: checks
Agrotait: checks
*** RIVER *** [Ks Th 9c 4c] [Qs]
isaliv: checks
Agrotait: bets $6
isaliv: calls $6
*** SHOW DOWN ***
Agrotait: shows [6s Js] (a straight, Nine to King)
isaliv: mucks hand
Agrotait collected $29.50 from pot
*** SUMMARY ***
Total pot $30 | Rake $0.50
Board [Ks Th 9c 4c Qs]
Seat 5: isaliv (big blind) mucked
Seat 6: Agrotait (button) (small blind) showed [6s Js] and won ($29.50) with a straight, Nine to King


PokerStars Hand #156081245221:  Hold'em Limit ($3/$6 USD) - 2016/07/17 10:23:58 ET
Table 'Elyna' 10-max Seat #5 is the button
Seat 5: isaliv ($178.84 in chips)
Seat 6: Agrotait ($70.38 in chips)
isaliv: posts small blind $1
Agrotait: posts big blind $3
*** HOLE CARDS ***
isaliv: calls $2
Agrotait: checks
*** FLOP *** [Ts Kh 2d]
Agrotait: bets $3
isaliv: folds
Uncalled bet ($3) returned to Agrotait
Agrotait collected $5.88 from pot
Agrotait: doesn't show hand
*** SUMMARY ***
Total pot $6 | Rake $0.12
Board [Ts Kh 2d]
Seat 5: isaliv (button) (small blind) folded on the Flop
Seat 6: Agrotait (big blind) collected ($5.88)


