PokerStars Hand #173698291430:  Hold'em Limit ($3/$6 USD) - 2017/07/30 9:02:07 ET
Table 'Emita' 6-max Seat #4 is the button
Seat 2: cola26licht ($104.90 in chips)
Seat 4: VolkovDmitri ($134.50 in chips)
VolkovDmitri: posts small blind $1
cola26licht: posts big blind $3
*** HOLE CARDS ***
VolkovDmitri: raises $3 to $6
cola26licht: calls $3
*** FLOP *** [8s 3s Jc]
cola26licht: checks
VolkovDmitri: bets $3
cola26licht: folds
Uncalled bet ($3) returned to VolkovDmitri
VolkovDmitri collected $11.76 from pot
VolkovDmitri: doesn't show hand
*** SUMMARY ***
Total pot $12 | Rake $0.24
Board [8s 3s Jc]
Seat 2: cola26licht (big blind) folded on the Flop
Seat 4: VolkovDmitri (button) (small blind) collected ($11.76)


PokerStars Hand #173698276248:  Hold'em Limit ($3/$6 USD) - 2017/07/30 9:01:39 ET
Table 'Emita' 6-max Seat #2 is the button
Seat 2: cola26licht ($90.40 in chips)
Seat 4: VolkovDmitri ($149.50 in chips)
cola26licht: posts small blind $1
VolkovDmitri: posts big blind $3
*** HOLE CARDS ***
cola26licht: raises $3 to $6
VolkovDmitri: raises $3 to $9
cola26licht: calls $3
*** FLOP *** [2d 5h 6s]
VolkovDmitri: bets $3
cola26licht: raises $3 to $6
VolkovDmitri: calls $3
*** TURN *** [2d 5h 6s] [Tc]
VolkovDmitri: checks
cola26licht: bets $6
VolkovDmitri: folds
Uncalled bet ($6) returned to cola26licht
cola26licht collected $29.50 from pot
*** SUMMARY ***
Total pot $30 | Rake $0.50
Board [2d 5h 6s Tc]
Seat 2: cola26licht (button) (small blind) collected ($29.50)
Seat 4: VolkovDmitri (big blind) folded on the Turn


PokerStars Hand #173698247109:  Hold'em Limit ($3/$6 USD) - 2017/07/30 9:00:40 ET
Table 'Emita' 6-max Seat #4 is the button
Seat 2: cola26licht ($120.40 in chips)
Seat 4: VolkovDmitri ($120 in chips)
VolkovDmitri: posts small blind $1
cola26licht: posts big blind $3
*** HOLE CARDS ***
VolkovDmitri: raises $3 to $6
cola26licht: calls $3
*** FLOP *** [7d Jd Kh]
cola26licht: checks
VolkovDmitri: bets $3
cola26licht: raises $3 to $6
VolkovDmitri: calls $3
*** TURN *** [7d Jd Kh] [5s]
cola26licht: bets $6
VolkovDmitri: raises $6 to $12
cola26licht: calls $6
*** RIVER *** [7d Jd Kh 5s] [As]
cola26licht: bets $6
VolkovDmitri: calls $6
*** SHOW DOWN ***
cola26licht: shows [Js 8c] (a pair of Jacks)
VolkovDmitri: shows [Kd 4s] (a pair of Kings)
VolkovDmitri collected $59.50 from pot
*** SUMMARY ***
Total pot $60 | Rake $0.50
Board [7d Jd Kh 5s As]
Seat 2: cola26licht (big blind) showed [Js 8c] and lost with a pair of Jacks
Seat 4: VolkovDmitri (button) (small blind) showed [Kd 4s] and won ($59.50) with a pair of Kings


PokerStars Hand #173698313600:  Hold'em Limit ($3/$6 USD) - 2017/07/30 9:02:47 ET
Table 'Emita' 6-max Seat #4 is the button
Seat 2: cola26licht ($118.40 in chips)
Seat 4: VolkovDmitri ($120.26 in chips)
VolkovDmitri: posts small blind $1
cola26licht: posts big blind $3
*** HOLE CARDS ***
VolkovDmitri: raises $3 to $6
cola26licht: calls $3
*** FLOP *** [Qc 8d 8c]
cola26licht: checks
VolkovDmitri: bets $3
cola26licht: calls $3
*** TURN *** [Qc 8d 8c] [Ad]
cola26licht: checks
VolkovDmitri: checks
*** RIVER *** [Qc 8d 8c Ad] [Ts]
cola26licht: bets $6
VolkovDmitri: folds
Uncalled bet ($6) returned to cola26licht
cola26licht collected $17.64 from pot
*** SUMMARY ***
Total pot $18 | Rake $0.36
Board [Qc 8d 8c Ad Ts]
Seat 2: cola26licht (big blind) collected ($17.64)
Seat 4: VolkovDmitri (button) (small blind) folded on the River


PokerStars Hand #173698302191:  Hold'em Limit ($3/$6 USD) - 2017/07/30 9:02:27 ET
Table 'Emita' 6-max Seat #2 is the button
Seat 2: cola26licht ($94.90 in chips)
Seat 4: VolkovDmitri ($144.26 in chips)
cola26licht: posts small blind $1
VolkovDmitri: posts big blind $3
*** HOLE CARDS ***
cola26licht: raises $3 to $6
VolkovDmitri: calls $3
*** FLOP *** [2s Js 5d]
VolkovDmitri: checks
cola26licht: bets $3
VolkovDmitri: raises $3 to $6
cola26licht: calls $3
*** TURN *** [2s Js 5d] [Jh]
VolkovDmitri: bets $6
cola26licht: calls $6
*** RIVER *** [2s Js 5d Jh] [2h]
VolkovDmitri: bets $6
cola26licht: raises $6 to $12
VolkovDmitri: folds
Uncalled bet ($6) returned to cola26licht
cola26licht collected $47.50 from pot
*** SUMMARY ***
Total pot $48 | Rake $0.50
Board [2s Js 5d Jh 2h]
Seat 2: cola26licht (button) (small blind) collected ($47.50)
Seat 4: VolkovDmitri (big blind) folded on the River


PokerStars Hand #173698299367:  Hold'em Limit ($3/$6 USD) - 2017/07/30 9:02:22 ET
Table 'Emita' 6-max Seat #4 is the button
Seat 2: cola26licht ($97.90 in chips)
Seat 4: VolkovDmitri ($141.26 in chips)
VolkovDmitri: posts small blind $1
cola26licht: posts big blind $3
*** HOLE CARDS ***
VolkovDmitri: raises $3 to $6
cola26licht: folds
Uncalled bet ($3) returned to VolkovDmitri
VolkovDmitri collected $6 from pot
VolkovDmitri: doesn't show hand
*** SUMMARY ***
Total pot $6 | Rake $0
Seat 2: cola26licht (big blind) folded before Flop
Seat 4: VolkovDmitri (button) (small blind) collected ($6)


PokerStars Hand #173698296914:  Hold'em Limit ($3/$6 USD) - 2017/07/30 9:02:17 ET
Table 'Emita' 6-max Seat #2 is the button
Seat 2: cola26licht ($98.90 in chips)
Seat 4: VolkovDmitri ($140.26 in chips)
cola26licht: posts small blind $1
VolkovDmitri: posts big blind $3
*** HOLE CARDS ***
cola26licht: folds
Uncalled bet ($2) returned to VolkovDmitri
VolkovDmitri collected $2 from pot
VolkovDmitri: doesn't show hand
*** SUMMARY ***
Total pot $2 | Rake $0
Seat 2: cola26licht (button) (small blind) folded before Flop
Seat 4: VolkovDmitri (big blind) collected ($2)


PokerStars Hand #173698354389:  Hold'em Limit ($3/$6 USD) - 2017/07/30 9:04:03 ET
Table 'Emita' 6-max Seat #2 is the button
Seat 2: cola26licht ($153.08 in chips)
Seat 4: VolkovDmitri ($120 in chips)
cola26licht: posts small blind $1
VolkovDmitri: posts big blind $3
*** HOLE CARDS ***
cola26licht: folds
Uncalled bet ($2) returned to VolkovDmitri
VolkovDmitri collected $2 from pot
VolkovDmitri: doesn't show hand
*** SUMMARY ***
Total pot $2 | Rake $0
Seat 2: cola26licht (button) (small blind) folded before Flop
Seat 4: VolkovDmitri (big blind) collected ($2)


PokerStars Hand #173698351479:  Hold'em Limit ($3/$6 USD) - 2017/07/30 9:03:58 ET
Table 'Emita' 6-max Seat #4 is the button
Seat 2: cola26licht ($152.08 in chips)
Seat 4: VolkovDmitri ($120 in chips)
VolkovDmitri: posts small blind $1
cola26licht: posts big blind $3
*** HOLE CARDS ***
VolkovDmitri: folds
Uncalled bet ($2) returned to cola26licht
cola26licht collected $2 from pot
*** SUMMARY ***
Total pot $2 | Rake $0
Seat 2: cola26licht (big blind) collected ($2)
Seat 4: VolkovDmitri (button) (small blind) folded before Flop


PokerStars Hand #173698348287:  Hold'em Limit ($3/$6 USD) - 2017/07/30 9:03:52 ET
Table 'Emita' 6-max Seat #2 is the button
Seat 2: cola26licht ($149.08 in chips)
Seat 4: VolkovDmitri ($120 in chips)
cola26licht: posts small blind $1
VolkovDmitri: posts big blind $3
*** HOLE CARDS ***
cola26licht: raises $3 to $6
VolkovDmitri: folds
Uncalled bet ($3) returned to cola26licht
cola26licht collected $6 from pot
*** SUMMARY ***
Total pot $6 | Rake $0
Seat 2: cola26licht (button) (small blind) collected ($6)
Seat 4: VolkovDmitri (big blind) folded before Flop


PokerStars Hand #173698342730:  Hold'em Limit ($3/$6 USD) - 2017/07/30 9:03:41 ET
Table 'Emita' 6-max Seat #4 is the button
Seat 2: cola26licht ($140.44 in chips)
Seat 4: VolkovDmitri ($121 in chips)
VolkovDmitri: posts small blind $1
cola26licht: posts big blind $3
*** HOLE CARDS ***
VolkovDmitri: raises $3 to $6
cola26licht: calls $3
*** FLOP *** [Kh 3s 3h]
cola26licht: checks
VolkovDmitri: bets $3
cola26licht: raises $3 to $6
VolkovDmitri: folds
Uncalled bet ($3) returned to cola26licht
cola26licht collected $17.64 from pot
*** SUMMARY ***
Total pot $18 | Rake $0.36
Board [Kh 3s 3h]
Seat 2: cola26licht (big blind) collected ($17.64)
Seat 4: VolkovDmitri (button) (small blind) folded on the Flop


PokerStars Hand #173698340211:  Hold'em Limit ($3/$6 USD) - 2017/07/30 9:03:37 ET
Table 'Emita' 6-max Seat #2 is the button
Seat 2: cola26licht ($141.44 in chips)
Seat 4: VolkovDmitri ($120 in chips)
cola26licht: posts small blind $1
VolkovDmitri: posts big blind $3
*** HOLE CARDS ***
cola26licht: folds
Uncalled bet ($2) returned to VolkovDmitri
VolkovDmitri collected $2 from pot
VolkovDmitri: doesn't show hand
*** SUMMARY ***
Total pot $2 | Rake $0
Seat 2: cola26licht (button) (small blind) folded before Flop
Seat 4: VolkovDmitri (big blind) collected ($2)


PokerStars Hand #173698332973:  Hold'em Limit ($3/$6 USD) - 2017/07/30 9:03:24 ET
Table 'Emita' 6-max Seat #4 is the button
Seat 2: cola26licht ($132.80 in chips)
Seat 4: VolkovDmitri ($120 in chips)
VolkovDmitri: posts small blind $1
cola26licht: posts big blind $3
*** HOLE CARDS ***
VolkovDmitri: raises $3 to $6
cola26licht: raises $3 to $9
VolkovDmitri: calls $3
*** FLOP *** [Qd 7h Td]
cola26licht: bets $3
VolkovDmitri: folds
Uncalled bet ($3) returned to cola26licht
cola26licht collected $17.64 from pot
*** SUMMARY ***
Total pot $18 | Rake $0.36
Board [Qd 7h Td]
Seat 2: cola26licht (big blind) collected ($17.64)
Seat 4: VolkovDmitri (button) (small blind) folded on the Flop


PokerStars Hand #173698326595:  Hold'em Limit ($3/$6 USD) - 2017/07/30 9:03:11 ET
Table 'Emita' 6-max Seat #2 is the button
Seat 2: cola26licht ($127.04 in chips)
Seat 4: VolkovDmitri ($120 in chips)
cola26licht: posts small blind $1
VolkovDmitri: posts big blind $3
*** HOLE CARDS ***
cola26licht: raises $3 to $6
VolkovDmitri: calls $3
*** FLOP *** [9d 3s As]
VolkovDmitri: checks
cola26licht: bets $3
VolkovDmitri: folds
Uncalled bet ($3) returned to cola26licht
cola26licht collected $11.76 from pot
*** SUMMARY ***
Total pot $12 | Rake $0.24
Board [9d 3s As]
Seat 2: cola26licht (button) (small blind) collected ($11.76)
Seat 4: VolkovDmitri (big blind) folded on the Flop


PokerStars Hand #173698383024:  Hold'em Limit ($3/$6 USD) - 2017/07/30 9:04:55 ET
Table 'Emita' 6-max Seat #2 is the button
Seat 2: cola26licht ($107.08 in chips)
Seat 4: VolkovDmitri ($165.26 in chips)
cola26licht: posts small blind $1
VolkovDmitri: posts big blind $3
*** HOLE CARDS ***
cola26licht: raises $3 to $6
VolkovDmitri: calls $3
*** FLOP *** [Ah Ts 7d]
VolkovDmitri: checks
cola26licht: checks
*** TURN *** [Ah Ts 7d] [4d]
VolkovDmitri: bets $6
cola26licht: raises $6 to $12
VolkovDmitri: folds
Uncalled bet ($6) returned to cola26licht
cola26licht collected $23.52 from pot
*** SUMMARY ***
Total pot $24 | Rake $0.48
Board [Ah Ts 7d 4d]
Seat 2: cola26licht (button) (small blind) collected ($23.52)
Seat 4: VolkovDmitri (big blind) folded on the Turn


PokerStars Hand #173698379726:  Hold'em Limit ($3/$6 USD) - 2017/07/30 9:04:49 ET
Table 'Emita' 6-max Seat #4 is the button
Seat 2: cola26licht ($110.08 in chips)
Seat 4: VolkovDmitri ($162.26 in chips)
VolkovDmitri: posts small blind $1
cola26licht: posts big blind $3
*** HOLE CARDS ***
VolkovDmitri: raises $3 to $6
cola26licht: folds
Uncalled bet ($3) returned to VolkovDmitri
VolkovDmitri collected $6 from pot
VolkovDmitri: doesn't show hand
*** SUMMARY ***
Total pot $6 | Rake $0
Seat 2: cola26licht (big blind) folded before Flop
Seat 4: VolkovDmitri (button) (small blind) collected ($6)


PokerStars Hand #173698376943:  Hold'em Limit ($3/$6 USD) - 2017/07/30 9:04:44 ET
Table 'Emita' 6-max Seat #2 is the button
Seat 2: cola26licht ($111.08 in chips)
Seat 4: VolkovDmitri ($161.26 in chips)
cola26licht: posts small blind $1
VolkovDmitri: posts big blind $3
*** HOLE CARDS ***
cola26licht: folds
Uncalled bet ($2) returned to VolkovDmitri
VolkovDmitri collected $2 from pot
VolkovDmitri: doesn't show hand
*** SUMMARY ***
Total pot $2 | Rake $0
Seat 2: cola26licht (button) (small blind) folded before Flop
Seat 4: VolkovDmitri (big blind) collected ($2)


PokerStars Hand #173698374135:  Hold'em Limit ($3/$6 USD) - 2017/07/30 9:04:39 ET
Table 'Emita' 6-max Seat #4 is the button
Seat 2: cola26licht ($110.08 in chips)
Seat 4: VolkovDmitri ($162.26 in chips)
VolkovDmitri: posts small blind $1
cola26licht: posts big blind $3
*** HOLE CARDS ***
VolkovDmitri: folds
Uncalled bet ($2) returned to cola26licht
cola26licht collected $2 from pot
*** SUMMARY ***
Total pot $2 | Rake $0
Seat 2: cola26licht (big blind) collected ($2)
Seat 4: VolkovDmitri (button) (small blind) folded before Flop


PokerStars Hand #173698368626:  Hold'em Limit ($3/$6 USD) - 2017/07/30 9:04:29 ET
Table 'Emita' 6-max Seat #2 is the button
Seat 2: cola26licht ($116.08 in chips)
Seat 4: VolkovDmitri ($156.50 in chips)
cola26licht: posts small blind $1
VolkovDmitri: posts big blind $3
*** HOLE CARDS ***
cola26licht: raises $3 to $6
VolkovDmitri: calls $3
*** FLOP *** [8c Qc 2s]
VolkovDmitri: checks
cola26licht: checks
*** TURN *** [8c Qc 2s] [2c]
VolkovDmitri: bets $6
cola26licht: folds
Uncalled bet ($6) returned to VolkovDmitri
VolkovDmitri collected $11.76 from pot
VolkovDmitri: doesn't show hand
*** SUMMARY ***
Total pot $12 | Rake $0.24
Board [8c Qc 2s 2c]
Seat 2: cola26licht (button) (small blind) folded on the Turn
Seat 4: VolkovDmitri (big blind) collected ($11.76)


PokerStars Hand #173698356972:  Hold'em Limit ($3/$6 USD) - 2017/07/30 9:04:08 ET
Table 'Emita' 6-max Seat #4 is the button
Seat 2: cola26licht ($152.08 in chips)
Seat 4: VolkovDmitri ($121 in chips)
VolkovDmitri: posts small blind $1
cola26licht: posts big blind $3
*** HOLE CARDS ***
VolkovDmitri: raises $3 to $6
cola26licht: raises $3 to $9
VolkovDmitri: calls $3
*** FLOP *** [6h 3d Qc]
cola26licht: bets $3
VolkovDmitri: calls $3
*** TURN *** [6h 3d Qc] [4h]
cola26licht: bets $6
VolkovDmitri: calls $6
*** RIVER *** [6h 3d Qc 4h] [4s]
cola26licht: bets $6
VolkovDmitri: raises $6 to $12
cola26licht: raises $6 to $18
VolkovDmitri: calls $6
*** SHOW DOWN ***
cola26licht: shows [Ad As] (two pair, Aces and Fours)
VolkovDmitri: shows [8c 4c] (three of a kind, Fours)
VolkovDmitri collected $71.50 from pot
*** SUMMARY ***
Total pot $72 | Rake $0.50
Board [6h 3d Qc 4h 4s]
Seat 2: cola26licht (big blind) showed [Ad As] and lost with two pair, Aces and Fours
Seat 4: VolkovDmitri (button) (small blind) showed [8c 4c] and won ($71.50) with three of a kind, Fours


PokerStars Hand #173698407132:  Hold'em Limit ($3/$6 USD) - 2017/07/30 9:05:38 ET
Table 'Emita' 6-max Seat #2 is the button
Seat 2: cola26licht ($133.10 in chips)
Seat 4: VolkovDmitri ($138.26 in chips)
cola26licht: posts small blind $1
VolkovDmitri: posts big blind $3
*** HOLE CARDS ***
cola26licht: folds
Uncalled bet ($2) returned to VolkovDmitri
VolkovDmitri collected $2 from pot
VolkovDmitri: doesn't show hand
*** SUMMARY ***
Total pot $2 | Rake $0
Seat 2: cola26licht (button) (small blind) folded before Flop
Seat 4: VolkovDmitri (big blind) collected ($2)


PokerStars Hand #173698395004:  Hold'em Limit ($3/$6 USD) - 2017/07/30 9:05:16 ET
Table 'Emita' 6-max Seat #4 is the button
Seat 2: cola26licht ($118.60 in chips)
Seat 4: VolkovDmitri ($153.26 in chips)
VolkovDmitri: posts small blind $1
cola26licht: posts big blind $3
*** HOLE CARDS ***
VolkovDmitri: raises $3 to $6
cola26licht: calls $3
*** FLOP *** [7h 7s Jh]
cola26licht: bets $3
VolkovDmitri: calls $3
*** TURN *** [7h 7s Jh] [6h]
cola26licht: bets $6
VolkovDmitri: calls $6
*** RIVER *** [7h 7s Jh 6h] [3s]
cola26licht: bets $6
VolkovDmitri: folds
Uncalled bet ($6) returned to cola26licht
cola26licht collected $29.50 from pot
*** SUMMARY ***
Total pot $30 | Rake $0.50
Board [7h 7s Jh 6h 3s]
Seat 2: cola26licht (big blind) collected ($29.50)
Seat 4: VolkovDmitri (button) (small blind) folded on the River


PokerStars Hand #173698459496:  Hold'em Limit ($3/$6 USD) - 2017/07/30 9:07:11 ET
Table 'Emita' 6-max Seat #2 is the button
Seat 2: cola26licht ($160.10 in chips)
Seat 4: VolkovDmitri ($120 in chips)
cola26licht: posts small blind $1
VolkovDmitri: posts big blind $3
*** HOLE CARDS ***
cola26licht: folds
Uncalled bet ($2) returned to VolkovDmitri
VolkovDmitri collected $2 from pot
VolkovDmitri: doesn't show hand
*** SUMMARY ***
Total pot $2 | Rake $0
Seat 2: cola26licht (button) (small blind) folded before Flop
Seat 4: VolkovDmitri (big blind) collected ($2)


PokerStars Hand #173698446815:  Hold'em Limit ($3/$6 USD) - 2017/07/30 9:06:49 ET
Table 'Emita' 6-max Seat #4 is the button
Seat 2: cola26licht ($130.60 in chips)
Seat 4: VolkovDmitri ($139.66 in chips)
VolkovDmitri: posts small blind $1
cola26licht: posts big blind $3
*** HOLE CARDS ***
VolkovDmitri: raises $3 to $6
cola26licht: calls $3
*** FLOP *** [5h 3h Js]
cola26licht: checks
VolkovDmitri: bets $3
cola26licht: raises $3 to $6
VolkovDmitri: calls $3
*** TURN *** [5h 3h Js] [Ad]
cola26licht: bets $6
VolkovDmitri: raises $6 to $12
cola26licht: raises $6 to $18
VolkovDmitri: calls $6
*** RIVER *** [5h 3h Js Ad] [Kd]
cola26licht: bets $6
VolkovDmitri: folds
Uncalled bet ($6) returned to cola26licht
cola26licht collected $59.50 from pot
*** SUMMARY ***
Total pot $60 | Rake $0.50
Board [5h 3h Js Ad Kd]
Seat 2: cola26licht (big blind) collected ($59.50)
Seat 4: VolkovDmitri (button) (small blind) folded on the River


PokerStars Hand #173698444234:  Hold'em Limit ($3/$6 USD) - 2017/07/30 9:06:44 ET
Table 'Emita' 6-max Seat #2 is the button
Seat 2: cola26licht ($131.60 in chips)
Seat 4: VolkovDmitri ($138.66 in chips)
cola26licht: posts small blind $1
VolkovDmitri: posts big blind $3
*** HOLE CARDS ***
cola26licht: folds
Uncalled bet ($2) returned to VolkovDmitri
VolkovDmitri collected $2 from pot
VolkovDmitri: doesn't show hand
*** SUMMARY ***
Total pot $2 | Rake $0
Seat 2: cola26licht (button) (small blind) folded before Flop
Seat 4: VolkovDmitri (big blind) collected ($2)


PokerStars Hand #173698438461:  Hold'em Limit ($3/$6 USD) - 2017/07/30 9:06:34 ET
Table 'Emita' 6-max Seat #4 is the button
Seat 2: cola26licht ($137.60 in chips)
Seat 4: VolkovDmitri ($132.90 in chips)
VolkovDmitri: posts small blind $1
cola26licht: posts big blind $3
*** HOLE CARDS ***
VolkovDmitri: raises $3 to $6
cola26licht: calls $3
*** FLOP *** [Kh 3c Qs]
cola26licht: checks
VolkovDmitri: bets $3
cola26licht: folds
Uncalled bet ($3) returned to VolkovDmitri
VolkovDmitri collected $11.76 from pot
VolkovDmitri: doesn't show hand
*** SUMMARY ***
Total pot $12 | Rake $0.24
Board [Kh 3c Qs]
Seat 2: cola26licht (big blind) folded on the Flop
Seat 4: VolkovDmitri (button) (small blind) collected ($11.76)


PokerStars Hand #173698432734:  Hold'em Limit ($3/$6 USD) - 2017/07/30 9:06:24 ET
Table 'Emita' 6-max Seat #2 is the button
Seat 2: cola26licht ($146.60 in chips)
Seat 4: VolkovDmitri ($124.26 in chips)
cola26licht: posts small blind $1
VolkovDmitri: posts big blind $3
*** HOLE CARDS ***
cola26licht: raises $3 to $6
VolkovDmitri: raises $3 to $9
cola26licht: calls $3
*** FLOP *** [4c 3h Qc]
VolkovDmitri: bets $3
cola26licht: folds
Uncalled bet ($3) returned to VolkovDmitri
VolkovDmitri collected $17.64 from pot
VolkovDmitri: doesn't show hand
*** SUMMARY ***
Total pot $18 | Rake $0.36
Board [4c 3h Qc]
Seat 2: cola26licht (button) (small blind) folded on the Flop
Seat 4: VolkovDmitri (big blind) collected ($17.64)


PokerStars Hand #173698409706:  Hold'em Limit ($3/$6 USD) - 2017/07/30 9:05:43 ET
Table 'Emita' 6-max Seat #4 is the button
Seat 2: cola26licht ($132.10 in chips)
Seat 4: VolkovDmitri ($139.26 in chips)
VolkovDmitri: posts small blind $1
cola26licht: posts big blind $3
*** HOLE CARDS ***
VolkovDmitri: raises $3 to $6
cola26licht: calls $3
*** FLOP *** [Kc 5h 5d]
cola26licht: checks
VolkovDmitri: bets $3
cola26licht: calls $3
*** TURN *** [Kc 5h 5d] [7d]
cola26licht: checks
VolkovDmitri: checks
*** RIVER *** [Kc 5h 5d 7d] [Ks]
cola26licht: bets $6
VolkovDmitri: calls $6
*** SHOW DOWN ***
cola26licht: shows [Kd 8c] (a full house, Kings full of Fives)
VolkovDmitri: mucks hand
cola26licht collected $29.50 from pot
*** SUMMARY ***
Total pot $30 | Rake $0.50
Board [Kc 5h 5d 7d Ks]
Seat 2: cola26licht (big blind) showed [Kd 8c] and won ($29.50) with a full house, Kings full of Fives
Seat 4: VolkovDmitri (button) (small blind) mucked


PokerStars Hand #173698482531:  Hold'em Limit ($3/$6 USD) - 2017/07/30 9:07:51 ET
Table 'Emita' 6-max Seat #4 is the button
Seat 2: cola26licht ($137.10 in chips)
Seat 4: VolkovDmitri ($142.50 in chips)
VolkovDmitri: posts small blind $1
cola26licht: posts big blind $3
*** HOLE CARDS ***
VolkovDmitri: raises $3 to $6
cola26licht: calls $3
*** FLOP *** [6c 9c 7h]
cola26licht: bets $3
VolkovDmitri: calls $3
*** TURN *** [6c 9c 7h] [3h]
cola26licht: checks
VolkovDmitri: bets $6
cola26licht: raises $6 to $12
VolkovDmitri: folds
Uncalled bet ($6) returned to cola26licht
cola26licht collected $29.50 from pot
*** SUMMARY ***
Total pot $30 | Rake $0.50
Board [6c 9c 7h 3h]
Seat 2: cola26licht (big blind) collected ($29.50)
Seat 4: VolkovDmitri (button) (small blind) folded on the Turn


PokerStars Hand #173698478821:  Hold'em Limit ($3/$6 USD) - 2017/07/30 9:07:45 ET
Table 'Emita' 6-max Seat #2 is the button
Seat 2: cola26licht ($134.10 in chips)
Seat 4: VolkovDmitri ($145.50 in chips)
cola26licht: posts small blind $1
VolkovDmitri: posts big blind $3
*** HOLE CARDS ***
cola26licht: raises $3 to $6
VolkovDmitri: folds
Uncalled bet ($3) returned to cola26licht
cola26licht collected $6 from pot
*** SUMMARY ***
Total pot $6 | Rake $0
Seat 2: cola26licht (button) (small blind) collected ($6)
Seat 4: VolkovDmitri (big blind) folded before Flop


PokerStars Hand #173698475030:  Hold'em Limit ($3/$6 USD) - 2017/07/30 9:07:38 ET
Table 'Emita' 6-max Seat #4 is the button
Seat 2: cola26licht ($137.10 in chips)
Seat 4: VolkovDmitri ($142.50 in chips)
VolkovDmitri: posts small blind $1
cola26licht: posts big blind $3
*** HOLE CARDS ***
VolkovDmitri: raises $3 to $6
cola26licht: folds
Uncalled bet ($3) returned to VolkovDmitri
VolkovDmitri collected $6 from pot
VolkovDmitri: doesn't show hand
*** SUMMARY ***
Total pot $6 | Rake $0
Seat 2: cola26licht (big blind) folded before Flop
Seat 4: VolkovDmitri (button) (small blind) collected ($6)


PokerStars Hand #173698472343:  Hold'em Limit ($3/$6 USD) - 2017/07/30 9:07:34 ET
Table 'Emita' 6-max Seat #2 is the button
Seat 2: cola26licht ($138.10 in chips)
Seat 4: VolkovDmitri ($141.50 in chips)
cola26licht: posts small blind $1
VolkovDmitri: posts big blind $3
*** HOLE CARDS ***
cola26licht: folds
Uncalled bet ($2) returned to VolkovDmitri
VolkovDmitri collected $2 from pot
VolkovDmitri: doesn't show hand
*** SUMMARY ***
Total pot $2 | Rake $0
Seat 2: cola26licht (button) (small blind) folded before Flop
Seat 4: VolkovDmitri (big blind) collected ($2)


PokerStars Hand #173698462284:  Hold'em Limit ($3/$6 USD) - 2017/07/30 9:07:16 ET
Table 'Emita' 6-max Seat #4 is the button
Seat 2: cola26licht ($159.10 in chips)
Seat 4: VolkovDmitri ($121 in chips)
VolkovDmitri: posts small blind $1
cola26licht: posts big blind $3
*** HOLE CARDS ***
VolkovDmitri: raises $3 to $6
cola26licht: calls $3
*** FLOP *** [3c Kh 2c]
cola26licht: checks
VolkovDmitri: bets $3
cola26licht: calls $3
*** TURN *** [3c Kh 2c] [Tc]
cola26licht: bets $6
VolkovDmitri: raises $6 to $12
cola26licht: calls $6
*** RIVER *** [3c Kh 2c Tc] [8h]
cola26licht: checks
VolkovDmitri: checks
*** SHOW DOWN ***
cola26licht: shows [5c 5h] (a pair of Fives)
VolkovDmitri: shows [8d Qc] (a pair of Eights)
VolkovDmitri collected $41.50 from pot
*** SUMMARY ***
Total pot $42 | Rake $0.50
Board [3c Kh 2c Tc 8h]
Seat 2: cola26licht (big blind) showed [5c 5h] and lost with a pair of Fives
Seat 4: VolkovDmitri (button) (small blind) showed [8d Qc] and won ($41.50) with a pair of Eights


PokerStars Hand #173698520245:  Hold'em Limit ($3/$6 USD) - 2017/07/30 9:08:57 ET
Table 'Emita' 6-max Seat #4 is the button
Seat 2: cola26licht ($148.10 in chips)
Seat 4: VolkovDmitri ($129.64 in chips)
VolkovDmitri: posts small blind $1
cola26licht: posts big blind $3
*** HOLE CARDS ***
VolkovDmitri: raises $3 to $6
cola26licht: calls $3
*** FLOP *** [9s 6d 8s]
cola26licht: checks
VolkovDmitri: checks
*** TURN *** [9s 6d 8s] [Qc]
cola26licht: checks
VolkovDmitri: checks
*** RIVER *** [9s 6d 8s Qc] [7c]
cola26licht: checks
VolkovDmitri: bets $6
cola26licht: calls $6
*** SHOW DOWN ***
VolkovDmitri: shows [2d Ts] (a straight, Six to Ten)
cola26licht: mucks hand
VolkovDmitri collected $23.52 from pot
*** SUMMARY ***
Total pot $24 | Rake $0.48
Board [9s 6d 8s Qc 7c]
Seat 2: cola26licht (big blind) mucked
Seat 4: VolkovDmitri (button) (small blind) showed [2d Ts] and won ($23.52) with a straight, Six to Ten


PokerStars Hand #173698513411:  Hold'em Limit ($3/$6 USD) - 2017/07/30 9:08:45 ET
Table 'Emita' 6-max Seat #2 is the button
Seat 2: cola26licht ($157.10 in chips)
Seat 4: VolkovDmitri ($121 in chips)
cola26licht: posts small blind $1
VolkovDmitri: posts big blind $3
*** HOLE CARDS ***
cola26licht: raises $3 to $6
VolkovDmitri: calls $3
*** FLOP *** [4d 6h 3c]
VolkovDmitri: bets $3
cola26licht: calls $3
*** TURN *** [4d 6h 3c] [6s]
VolkovDmitri: bets $6
cola26licht: folds
Uncalled bet ($6) returned to VolkovDmitri
VolkovDmitri collected $17.64 from pot
VolkovDmitri: doesn't show hand
*** SUMMARY ***
Total pot $18 | Rake $0.36
Board [4d 6h 3c 6s]
Seat 2: cola26licht (button) (small blind) folded on the Turn
Seat 4: VolkovDmitri (big blind) collected ($17.64)


PokerStars Hand #173698502446:  Hold'em Limit ($3/$6 USD) - 2017/07/30 9:08:26 ET
Table 'Emita' 6-max Seat #4 is the button
Seat 2: cola26licht ($127.60 in chips)
Seat 4: VolkovDmitri ($151 in chips)
VolkovDmitri: posts small blind $1
cola26licht: posts big blind $3
*** HOLE CARDS ***
VolkovDmitri: raises $3 to $6
cola26licht: raises $3 to $9
VolkovDmitri: calls $3
*** FLOP *** [7h 5d 2d]
cola26licht: bets $3
VolkovDmitri: calls $3
*** TURN *** [7h 5d 2d] [Qs]
cola26licht: bets $6
VolkovDmitri: raises $6 to $12
cola26licht: raises $6 to $18
VolkovDmitri: calls $6
*** RIVER *** [7h 5d 2d Qs] [2c]
cola26licht: bets $6
VolkovDmitri: folds
Uncalled bet ($6) returned to cola26licht
cola26licht collected $59.50 from pot
*** SUMMARY ***
Total pot $60 | Rake $0.50
Board [7h 5d 2d Qs 2c]
Seat 2: cola26licht (big blind) collected ($59.50)
Seat 4: VolkovDmitri (button) (small blind) folded on the River


PokerStars Hand #173698493072:  Hold'em Limit ($3/$6 USD) - 2017/07/30 9:08:10 ET
Table 'Emita' 6-max Seat #2 is the button
Seat 2: cola26licht ($151.60 in chips)
Seat 4: VolkovDmitri ($127.50 in chips)
cola26licht: posts small blind $1
VolkovDmitri: posts big blind $3
*** HOLE CARDS ***
cola26licht: raises $3 to $6
VolkovDmitri: raises $3 to $9
cola26licht: calls $3
*** FLOP *** [2h Jd Tc]
VolkovDmitri: bets $3
cola26licht: calls $3
*** TURN *** [2h Jd Tc] [5s]
VolkovDmitri: bets $6
cola26licht: calls $6
*** RIVER *** [2h Jd Tc 5s] [Kc]
VolkovDmitri: bets $6
cola26licht: calls $6
*** SHOW DOWN ***
VolkovDmitri: shows [Kh Jc] (two pair, Kings and Jacks)
cola26licht: mucks hand
VolkovDmitri collected $47.50 from pot
*** SUMMARY ***
Total pot $48 | Rake $0.50
Board [2h Jd Tc 5s Kc]
Seat 2: cola26licht (button) (small blind) mucked
Seat 4: VolkovDmitri (big blind) showed [Kh Jc] and won ($47.50) with two pair, Kings and Jacks


PokerStars Hand #173698556989:  Hold'em Limit ($3/$6 USD) - 2017/07/30 9:10:02 ET
Table 'Emita' 6-max Seat #2 is the button
Seat 2: cola26licht ($183.10 in chips)
Seat 4: VolkovDmitri ($120 in chips)
cola26licht: posts small blind $1
VolkovDmitri: posts big blind $3
*** HOLE CARDS ***
cola26licht: raises $3 to $6
VolkovDmitri: calls $3
*** FLOP *** [8s 2d 8d]
VolkovDmitri: checks
cola26licht: checks
*** TURN *** [8s 2d 8d] [3h]
VolkovDmitri: bets $6
cola26licht: folds
Uncalled bet ($6) returned to VolkovDmitri
VolkovDmitri collected $11.76 from pot
VolkovDmitri: doesn't show hand
*** SUMMARY ***
Total pot $12 | Rake $0.24
Board [8s 2d 8d 3h]
Seat 2: cola26licht (button) (small blind) folded on the Turn
Seat 4: VolkovDmitri (big blind) collected ($11.76)


PokerStars Hand #173698530098:  Hold'em Limit ($3/$6 USD) - 2017/07/30 9:09:15 ET
Table 'Emita' 6-max Seat #2 is the button
Seat 2: cola26licht ($136.10 in chips)
Seat 4: VolkovDmitri ($141.16 in chips)
cola26licht: posts small blind $1
VolkovDmitri: posts big blind $3
*** HOLE CARDS ***
cola26licht: raises $3 to $6
VolkovDmitri: calls $3
*** FLOP *** [Ah 9d 7d]
VolkovDmitri: checks
cola26licht: bets $3
VolkovDmitri: calls $3
*** TURN *** [Ah 9d 7d] [Jc]
VolkovDmitri: checks
cola26licht: bets $6
VolkovDmitri: calls $6
*** RIVER *** [Ah 9d 7d Jc] [9c]
VolkovDmitri: checks
cola26licht: bets $6
VolkovDmitri: calls $6
*** SHOW DOWN ***
cola26licht: shows [Ac Kh] (two pair, Aces and Nines)
VolkovDmitri: mucks hand
cola26licht collected $41.50 from pot
*** SUMMARY ***
Total pot $42 | Rake $0.50
Board [Ah 9d 7d Jc 9c]
Seat 2: cola26licht (button) (small blind) showed [Ac Kh] and won ($41.50) with two pair, Aces and Nines
Seat 4: VolkovDmitri (big blind) mucked


PokerStars Hand #173698543676:  Hold'em Limit ($3/$6 USD) - 2017/07/30 9:09:39 ET
Table 'Emita' 6-max Seat #4 is the button
Seat 2: cola26licht ($156.60 in chips)
Seat 4: VolkovDmitri ($120.16 in chips)
VolkovDmitri: posts small blind $1
cola26licht: posts big blind $3
*** HOLE CARDS ***
VolkovDmitri: raises $3 to $6
cola26licht: calls $3
*** FLOP *** [Ts As 4c]
cola26licht: checks
VolkovDmitri: bets $3
cola26licht: calls $3
*** TURN *** [Ts As 4c] [9s]
cola26licht: bets $6
VolkovDmitri: raises $6 to $12
cola26licht: calls $6
*** RIVER *** [Ts As 4c 9s] [6s]
cola26licht: bets $6
VolkovDmitri: calls $6
*** SHOW DOWN ***
cola26licht: shows [Kh 7s] (a flush, Ace high)
VolkovDmitri: mucks hand
cola26licht collected $53.50 from pot
*** SUMMARY ***
Total pot $54 | Rake $0.50
Board [Ts As 4c 9s 6s]
Seat 2: cola26licht (big blind) showed [Kh 7s] and won ($53.50) with a flush, Ace high
Seat 4: VolkovDmitri (button) (small blind) mucked


PokerStars Hand #173698591415:  Hold'em Limit ($3/$6 USD) - 2017/07/30 9:11:02 ET
Table 'Emita' 6-max Seat #2 is the button
Seat 2: cola26licht ($181.74 in chips)
Seat 4: VolkovDmitri ($120.76 in chips)
cola26licht: posts small blind $1
VolkovDmitri: posts big blind $3
*** HOLE CARDS ***
cola26licht: folds
Uncalled bet ($2) returned to VolkovDmitri
VolkovDmitri collected $2 from pot
VolkovDmitri: doesn't show hand
*** SUMMARY ***
Total pot $2 | Rake $0
Seat 2: cola26licht (button) (small blind) folded before Flop
Seat 4: VolkovDmitri (big blind) collected ($2)


PokerStars Hand #173698575578:  Hold'em Limit ($3/$6 USD) - 2017/07/30 9:10:35 ET
Table 'Emita' 6-max Seat #4 is the button
Seat 2: cola26licht ($173.10 in chips)
Seat 4: VolkovDmitri ($129.76 in chips)
VolkovDmitri: posts small blind $1
cola26licht: posts big blind $3
*** HOLE CARDS ***
VolkovDmitri: raises $3 to $6
cola26licht: raises $3 to $9
VolkovDmitri: calls $3
*** FLOP *** [Kd 7s 3h]
cola26licht: bets $3
VolkovDmitri: folds
Uncalled bet ($3) returned to cola26licht
cola26licht collected $17.64 from pot
*** SUMMARY ***
Total pot $18 | Rake $0.36
Board [Kd 7s 3h]
Seat 2: cola26licht (big blind) collected ($17.64)
Seat 4: VolkovDmitri (button) (small blind) folded on the Flop


PokerStars Hand #173698565059:  Hold'em Limit ($3/$6 USD) - 2017/07/30 9:10:16 ET
Table 'Emita' 6-max Seat #4 is the button
Seat 2: cola26licht ($177.10 in chips)
Seat 4: VolkovDmitri ($125.76 in chips)
VolkovDmitri: posts small blind $1
cola26licht: posts big blind $3
*** HOLE CARDS ***
VolkovDmitri: raises $3 to $6
cola26licht: folds
Uncalled bet ($3) returned to VolkovDmitri
VolkovDmitri collected $6 from pot
VolkovDmitri: doesn't show hand
*** SUMMARY ***
Total pot $6 | Rake $0
Seat 2: cola26licht (big blind) folded before Flop
Seat 4: VolkovDmitri (button) (small blind) collected ($6)


PokerStars Hand #173698572943:  Hold'em Limit ($3/$6 USD) - 2017/07/30 9:10:30 ET
Table 'Emita' 6-max Seat #2 is the button
Seat 2: cola26licht ($174.10 in chips)
Seat 4: VolkovDmitri ($128.76 in chips)
cola26licht: posts small blind $1
VolkovDmitri: posts big blind $3
*** HOLE CARDS ***
cola26licht: folds
Uncalled bet ($2) returned to VolkovDmitri
VolkovDmitri collected $2 from pot
VolkovDmitri: doesn't show hand
*** SUMMARY ***
Total pot $2 | Rake $0
Seat 2: cola26licht (button) (small blind) folded before Flop
Seat 4: VolkovDmitri (big blind) collected ($2)


PokerStars Hand #173698594007:  Hold'em Limit ($3/$6 USD) - 2017/07/30 9:11:07 ET
Table 'Emita' 6-max Seat #4 is the button
Seat 2: cola26licht ($180.74 in chips)
Seat 4: VolkovDmitri ($121.76 in chips)
VolkovDmitri: posts small blind $1
cola26licht: posts big blind $3
*** HOLE CARDS ***
VolkovDmitri: raises $3 to $6
cola26licht: calls $3
*** FLOP *** [5h Kc 8c]
cola26licht: checks
VolkovDmitri: bets $3
cola26licht: raises $3 to $6
VolkovDmitri: calls $3
*** TURN *** [5h Kc 8c] [6h]
cola26licht: bets $6
VolkovDmitri: calls $6
*** RIVER *** [5h Kc 8c 6h] [Kh]
cola26licht: bets $6
VolkovDmitri: folds
Uncalled bet ($6) returned to cola26licht
cola26licht collected $35.50 from pot
*** SUMMARY ***
Total pot $36 | Rake $0.50
Board [5h Kc 8c 6h Kh]
Seat 2: cola26licht (big blind) collected ($35.50)
Seat 4: VolkovDmitri (button) (small blind) folded on the River


PokerStars Hand #173698608295:  Hold'em Limit ($3/$6 USD) - 2017/07/30 9:11:32 ET
Table 'Emita' 6-max Seat #2 is the button
Seat 2: cola26licht ($198.24 in chips)
Seat 4: VolkovDmitri ($120 in chips)
cola26licht: posts small blind $1
VolkovDmitri: posts big blind $3
*** HOLE CARDS ***
cola26licht: folds
Uncalled bet ($2) returned to VolkovDmitri
VolkovDmitri collected $2 from pot
VolkovDmitri: doesn't show hand
*** SUMMARY ***
Total pot $2 | Rake $0
Seat 2: cola26licht (button) (small blind) folded before Flop
Seat 4: VolkovDmitri (big blind) collected ($2)


PokerStars Hand #173698610946:  Hold'em Limit ($3/$6 USD) - 2017/07/30 9:11:36 ET
Table 'Emita' 6-max Seat #4 is the button
Seat 2: cola26licht ($197.24 in chips)
Seat 4: VolkovDmitri ($121 in chips)
VolkovDmitri: posts small blind $1
cola26licht: posts big blind $3
*** HOLE CARDS ***
VolkovDmitri: raises $3 to $6
cola26licht: folds
Uncalled bet ($3) returned to VolkovDmitri
VolkovDmitri collected $6 from pot
VolkovDmitri: doesn't show hand
*** SUMMARY ***
Total pot $6 | Rake $0
Seat 2: cola26licht (big blind) folded before Flop
Seat 4: VolkovDmitri (button) (small blind) collected ($6)


PokerStars Hand #173698622544:  Hold'em Limit ($3/$6 USD) - 2017/07/30 9:11:57 ET
Table 'Emita' 6-max Seat #4 is the button
Seat 2: cola26licht ($205.76 in chips)
Seat 4: VolkovDmitri ($120 in chips)
VolkovDmitri: posts small blind $1
cola26licht: posts big blind $3
*** HOLE CARDS ***
VolkovDmitri: raises $3 to $6
cola26licht: folds
Uncalled bet ($3) returned to VolkovDmitri
VolkovDmitri collected $6 from pot
VolkovDmitri: doesn't show hand
*** SUMMARY ***
Total pot $6 | Rake $0
Seat 2: cola26licht (big blind) folded before Flop
Seat 4: VolkovDmitri (button) (small blind) collected ($6)


PokerStars Hand #173698614736:  Hold'em Limit ($3/$6 USD) - 2017/07/30 9:11:43 ET
Table 'Emita' 6-max Seat #2 is the button
Seat 2: cola26licht ($194.24 in chips)
Seat 4: VolkovDmitri ($124 in chips)
cola26licht: posts small blind $1
VolkovDmitri: posts big blind $3
*** HOLE CARDS ***
cola26licht: raises $3 to $6
VolkovDmitri: calls $3
*** FLOP *** [Jc 5h 3h]
VolkovDmitri: checks
cola26licht: checks
*** TURN *** [Jc 5h 3h] [6h]
VolkovDmitri: bets $6
cola26licht: calls $6
*** RIVER *** [Jc 5h 3h 6h] [Jh]
VolkovDmitri: checks
cola26licht: checks
*** SHOW DOWN ***
VolkovDmitri: shows [6d Qs] (two pair, Jacks and Sixes)
cola26licht: shows [Qc 8h] (a flush, Jack high)
cola26licht collected $23.52 from pot
*** SUMMARY ***
Total pot $24 | Rake $0.48
Board [Jc 5h 3h 6h Jh]
Seat 2: cola26licht (button) (small blind) showed [Qc 8h] and won ($23.52) with a flush, Jack high
Seat 4: VolkovDmitri (big blind) showed [6d Qs] and lost with two pair, Jacks and Sixes


PokerStars Hand #173698625711:  Hold'em Limit ($3/$6 USD) - 2017/07/30 9:12:02 ET
Table 'Emita' 6-max Seat #2 is the button
Seat 2: cola26licht ($202.76 in chips)
Seat 4: VolkovDmitri ($123 in chips)
cola26licht: posts small blind $1
VolkovDmitri: posts big blind $3
*** HOLE CARDS ***
cola26licht: folds
Uncalled bet ($2) returned to VolkovDmitri
VolkovDmitri collected $2 from pot
VolkovDmitri: doesn't show hand
*** SUMMARY ***
Total pot $2 | Rake $0
Seat 2: cola26licht (button) (small blind) folded before Flop
Seat 4: VolkovDmitri (big blind) collected ($2)


PokerStars Hand #173698653180:  Hold'em Limit ($3/$6 USD) - 2017/07/30 9:12:50 ET
Table 'Emita' 6-max Seat #4 is the button
Seat 2: cola26licht ($206.26 in chips)
Seat 4: VolkovDmitri ($132.52 in chips)
VolkovDmitri: posts small blind $1
cola26licht: posts big blind $3
*** HOLE CARDS ***
VolkovDmitri: raises $3 to $6
cola26licht: calls $3
*** FLOP *** [6s 5d 7d]
cola26licht: bets $3
VolkovDmitri: calls $3
*** TURN *** [6s 5d 7d] [3s]
cola26licht: bets $6
VolkovDmitri: calls $6
*** RIVER *** [6s 5d 7d 3s] [9s]
cola26licht: bets $6
VolkovDmitri: folds
Uncalled bet ($6) returned to cola26licht
cola26licht collected $29.50 from pot
*** SUMMARY ***
Total pot $30 | Rake $0.50
Board [6s 5d 7d 3s 9s]
Seat 2: cola26licht (big blind) collected ($29.50)
Seat 4: VolkovDmitri (button) (small blind) folded on the River


PokerStars Hand #173698646914:  Hold'em Limit ($3/$6 USD) - 2017/07/30 9:12:39 ET
Table 'Emita' 6-max Seat #2 is the button
Seat 2: cola26licht ($212.26 in chips)
Seat 4: VolkovDmitri ($126.76 in chips)
cola26licht: posts small blind $1
VolkovDmitri: posts big blind $3
*** HOLE CARDS ***
cola26licht: raises $3 to $6
VolkovDmitri: calls $3
*** FLOP *** [4c 6s 9c]
VolkovDmitri: checks
cola26licht: checks
*** TURN *** [4c 6s 9c] [3s]
VolkovDmitri: bets $6
cola26licht: folds
Uncalled bet ($6) returned to VolkovDmitri
VolkovDmitri collected $11.76 from pot
VolkovDmitri: doesn't show hand
*** SUMMARY ***
Total pot $12 | Rake $0.24
Board [4c 6s 9c 3s]
Seat 2: cola26licht (button) (small blind) folded on the Turn
Seat 4: VolkovDmitri (big blind) collected ($11.76)


PokerStars Hand #173698637423:  Hold'em Limit ($3/$6 USD) - 2017/07/30 9:12:23 ET
Table 'Emita' 6-max Seat #2 is the button
Seat 2: cola26licht ($219.26 in chips)
Seat 4: VolkovDmitri ($120 in chips)
cola26licht: posts small blind $1
VolkovDmitri: posts big blind $3
*** HOLE CARDS ***
cola26licht: folds
Uncalled bet ($2) returned to VolkovDmitri
VolkovDmitri collected $2 from pot
VolkovDmitri: doesn't show hand
*** SUMMARY ***
Total pot $2 | Rake $0
Seat 2: cola26licht (button) (small blind) folded before Flop
Seat 4: VolkovDmitri (big blind) collected ($2)


PokerStars Hand #173698640302:  Hold'em Limit ($3/$6 USD) - 2017/07/30 9:12:28 ET
Table 'Emita' 6-max Seat #4 is the button
Seat 2: cola26licht ($218.26 in chips)
Seat 4: VolkovDmitri ($121 in chips)
VolkovDmitri: posts small blind $1
cola26licht: posts big blind $3
*** HOLE CARDS ***
VolkovDmitri: raises $3 to $6
cola26licht: calls $3
*** FLOP *** [4c Jh Tc]
cola26licht: checks
VolkovDmitri: bets $3
cola26licht: folds
Uncalled bet ($3) returned to VolkovDmitri
VolkovDmitri collected $11.76 from pot
VolkovDmitri: doesn't show hand
*** SUMMARY ***
Total pot $12 | Rake $0.24
Board [4c Jh Tc]
Seat 2: cola26licht (big blind) folded on the Flop
Seat 4: VolkovDmitri (button) (small blind) collected ($11.76)


PokerStars Hand #173698661565:  Hold'em Limit ($3/$6 USD) - 2017/07/30 9:13:05 ET
Table 'Emita' 6-max Seat #2 is the button
Seat 2: cola26licht ($220.76 in chips)
Seat 4: VolkovDmitri ($120 in chips)
cola26licht: posts small blind $1
VolkovDmitri: posts big blind $3
*** HOLE CARDS ***
cola26licht: raises $3 to $6
VolkovDmitri: calls $3
*** FLOP *** [Qc 7h 8h]
VolkovDmitri: bets $3
cola26licht: raises $3 to $6
VolkovDmitri: raises $3 to $9
cola26licht: raises $3 to $12
Betting is capped
VolkovDmitri: calls $3
*** TURN *** [Qc 7h 8h] [Kc]
VolkovDmitri: checks
cola26licht: bets $6
VolkovDmitri: calls $6
*** RIVER *** [Qc 7h 8h Kc] [Js]
VolkovDmitri: checks
cola26licht: checks
*** SHOW DOWN ***
VolkovDmitri: shows [9d 8c] (a pair of Eights)
cola26licht: shows [6c Qd] (a pair of Queens)
cola26licht collected $47.50 from pot
*** SUMMARY ***
Total pot $48 | Rake $0.50
Board [Qc 7h 8h Kc Js]
Seat 2: cola26licht (button) (small blind) showed [6c Qd] and won ($47.50) with a pair of Queens
Seat 4: VolkovDmitri (big blind) showed [9d 8c] and lost with a pair of Eights


PokerStars Hand #173698683217:  Hold'em Limit ($3/$6 USD) - 2017/07/30 9:13:43 ET
Table 'Emita' 6-max Seat #2 is the button
Seat 2: cola26licht ($241.26 in chips)
Seat 4: VolkovDmitri ($123 in chips)
cola26licht: posts small blind $1
VolkovDmitri: posts big blind $3
*** HOLE CARDS ***
cola26licht: folds
Uncalled bet ($2) returned to VolkovDmitri
VolkovDmitri collected $2 from pot
VolkovDmitri: doesn't show hand
*** SUMMARY ***
Total pot $2 | Rake $0
Seat 2: cola26licht (button) (small blind) folded before Flop
Seat 4: VolkovDmitri (big blind) collected ($2)


PokerStars Hand #173698674514:  Hold'em Limit ($3/$6 USD) - 2017/07/30 9:13:28 ET
Table 'Emita' 6-max Seat #4 is the button
Seat 2: cola26licht ($244.26 in chips)
Seat 4: VolkovDmitri ($120 in chips)
VolkovDmitri: posts small blind $1
cola26licht: posts big blind $3
*** HOLE CARDS ***
VolkovDmitri: raises $3 to $6
cola26licht: folds
Uncalled bet ($3) returned to VolkovDmitri
VolkovDmitri collected $6 from pot
VolkovDmitri: doesn't show hand
*** SUMMARY ***
Total pot $6 | Rake $0
Seat 2: cola26licht (big blind) folded before Flop
Seat 4: VolkovDmitri (button) (small blind) collected ($6)


PokerStars Hand #173698686718:  Hold'em Limit ($3/$6 USD) - 2017/07/30 9:13:49 ET
Table 'Emita' 6-max Seat #4 is the button
Seat 2: cola26licht ($240.26 in chips)
Seat 4: VolkovDmitri ($124 in chips)
VolkovDmitri: posts small blind $1
cola26licht: posts big blind $3
*** HOLE CARDS ***
VolkovDmitri: raises $3 to $6
cola26licht: raises $3 to $9
VolkovDmitri: calls $3
*** FLOP *** [9c Ac 4s]
cola26licht: bets $3
VolkovDmitri: folds
Uncalled bet ($3) returned to cola26licht
cola26licht collected $17.64 from pot
*** SUMMARY ***
Total pot $18 | Rake $0.36
Board [9c Ac 4s]
Seat 2: cola26licht (big blind) collected ($17.64)
Seat 4: VolkovDmitri (button) (small blind) folded on the Flop


PokerStars Hand #173698693546:  Hold'em Limit ($3/$6 USD) - 2017/07/30 9:14:01 ET
Table 'Emita' 6-max Seat #2 is the button
Seat 2: cola26licht ($248.90 in chips)
Seat 4: VolkovDmitri ($120 in chips)
cola26licht: posts small blind $1
VolkovDmitri: posts big blind $3
*** HOLE CARDS ***
cola26licht: raises $3 to $6
VolkovDmitri: calls $3
*** FLOP *** [Jh Tc Kd]
VolkovDmitri: checks
cola26licht: checks
*** TURN *** [Jh Tc Kd] [4s]
VolkovDmitri: bets $6
cola26licht: folds
Uncalled bet ($6) returned to VolkovDmitri
VolkovDmitri collected $11.76 from pot
VolkovDmitri: doesn't show hand
*** SUMMARY ***
Total pot $12 | Rake $0.24
Board [Jh Tc Kd 4s]
Seat 2: cola26licht (button) (small blind) folded on the Turn
Seat 4: VolkovDmitri (big blind) collected ($11.76)


PokerStars Hand #173698702082:  Hold'em Limit ($3/$6 USD) - 2017/07/30 9:14:16 ET
Table 'Emita' 6-max Seat #4 is the button
Seat 2: cola26licht ($242.90 in chips)
Seat 4: VolkovDmitri ($125.76 in chips)
VolkovDmitri: posts small blind $1
cola26licht: posts big blind $3
*** HOLE CARDS ***
VolkovDmitri: raises $3 to $6
cola26licht: raises $3 to $9
VolkovDmitri: calls $3
*** FLOP *** [4s Qc 3h]
cola26licht: bets $3
VolkovDmitri: calls $3
*** TURN *** [4s Qc 3h] [6c]
cola26licht: bets $6
VolkovDmitri: calls $6
*** RIVER *** [4s Qc 3h 6c] [9c]
cola26licht: bets $6
VolkovDmitri: folds
Uncalled bet ($6) returned to cola26licht
cola26licht collected $35.50 from pot
*** SUMMARY ***
Total pot $36 | Rake $0.50
Board [4s Qc 3h 6c 9c]
Seat 2: cola26licht (big blind) collected ($35.50)
Seat 4: VolkovDmitri (button) (small blind) folded on the River


PokerStars Hand #173698717831:  Hold'em Limit ($3/$6 USD) - 2017/07/30 9:14:43 ET
Table 'Emita' 6-max Seat #2 is the button
Seat 2: cola26licht ($260.40 in chips)
Seat 4: VolkovDmitri ($120 in chips)
cola26licht: posts small blind $1
VolkovDmitri: posts big blind $3
*** HOLE CARDS ***
cola26licht: raises $3 to $6
VolkovDmitri: raises $3 to $9
cola26licht: calls $3
*** FLOP *** [Qs 2c 3d]
VolkovDmitri: bets $3
cola26licht: calls $3
*** TURN *** [Qs 2c 3d] [7s]
VolkovDmitri: bets $6
cola26licht: calls $6
*** RIVER *** [Qs 2c 3d 7s] [9h]
VolkovDmitri: checks
cola26licht: bets $6
VolkovDmitri: calls $6
*** SHOW DOWN ***
cola26licht: shows [Qd 8s] (a pair of Queens)
VolkovDmitri: mucks hand
cola26licht collected $47.50 from pot
*** SUMMARY ***
Total pot $48 | Rake $0.50
Board [Qs 2c 3d 7s 9h]
Seat 2: cola26licht (button) (small blind) showed [Qd 8s] and won ($47.50) with a pair of Queens
Seat 4: VolkovDmitri (big blind) mucked


PokerStars Hand #173698729270:  Hold'em Limit ($3/$6 USD) - 2017/07/30 9:15:03 ET
Table 'Emita' 6-max Seat #4 is the button
Seat 2: cola26licht ($283.90 in chips)
Seat 4: VolkovDmitri ($120 in chips)
VolkovDmitri: posts small blind $1
cola26licht: posts big blind $3
*** HOLE CARDS ***
VolkovDmitri: raises $3 to $6
cola26licht: calls $3
*** FLOP *** [6s 8d Jd]
cola26licht: checks
VolkovDmitri: bets $3
cola26licht: raises $3 to $6
VolkovDmitri: raises $3 to $9
cola26licht: calls $3
*** TURN *** [6s 8d Jd] [2h]
cola26licht: checks
VolkovDmitri: bets $6
cola26licht: calls $6
*** RIVER *** [6s 8d Jd 2h] [Ac]
cola26licht: checks
VolkovDmitri: bets $6
cola26licht: folds
Uncalled bet ($6) returned to VolkovDmitri
VolkovDmitri collected $41.50 from pot
VolkovDmitri: doesn't show hand
*** SUMMARY ***
Total pot $42 | Rake $0.50
Board [6s 8d Jd 2h Ac]
Seat 2: cola26licht (big blind) folded on the River
Seat 4: VolkovDmitri (button) (small blind) collected ($41.50)


PokerStars Hand #173698740386:  Hold'em Limit ($3/$6 USD) - 2017/07/30 9:15:23 ET
Table 'Emita' 6-max Seat #2 is the button
Seat 2: cola26licht ($262.90 in chips)
Seat 4: VolkovDmitri ($140.50 in chips)
cola26licht: posts small blind $1
VolkovDmitri: posts big blind $3
*** HOLE CARDS ***
cola26licht: raises $3 to $6
VolkovDmitri: calls $3
*** FLOP *** [8c Kc 4s]
VolkovDmitri: checks
cola26licht: bets $3
VolkovDmitri: calls $3
*** TURN *** [8c Kc 4s] [4d]
VolkovDmitri: checks
cola26licht: bets $6
VolkovDmitri: folds
Uncalled bet ($6) returned to cola26licht
cola26licht collected $17.64 from pot
*** SUMMARY ***
Total pot $18 | Rake $0.36
Board [8c Kc 4s 4d]
Seat 2: cola26licht (button) (small blind) collected ($17.64)
Seat 4: VolkovDmitri (big blind) folded on the Turn


PokerStars Hand #173698749255:  Hold'em Limit ($3/$6 USD) - 2017/07/30 9:15:38 ET
Table 'Emita' 6-max Seat #4 is the button
Seat 2: cola26licht ($271.54 in chips)
Seat 4: VolkovDmitri ($131.50 in chips)
VolkovDmitri: posts small blind $1
cola26licht: posts big blind $3
*** HOLE CARDS ***
VolkovDmitri: raises $3 to $6
cola26licht: folds
Uncalled bet ($3) returned to VolkovDmitri
VolkovDmitri collected $6 from pot
VolkovDmitri: doesn't show hand
*** SUMMARY ***
Total pot $6 | Rake $0
Seat 2: cola26licht (big blind) folded before Flop
Seat 4: VolkovDmitri (button) (small blind) collected ($6)


PokerStars Hand #173698752449:  Hold'em Limit ($3/$6 USD) - 2017/07/30 9:15:43 ET
Table 'Emita' 6-max Seat #2 is the button
Seat 2: cola26licht ($268.54 in chips)
Seat 4: VolkovDmitri ($134.50 in chips)
cola26licht: posts small blind $1
VolkovDmitri: posts big blind $3
*** HOLE CARDS ***
cola26licht: raises $3 to $6
VolkovDmitri: calls $3
*** FLOP *** [7d 8d Th]
VolkovDmitri: checks
cola26licht: bets $3
VolkovDmitri: folds
Uncalled bet ($3) returned to cola26licht
cola26licht collected $11.76 from pot
*** SUMMARY ***
Total pot $12 | Rake $0.24
Board [7d 8d Th]
Seat 2: cola26licht (button) (small blind) collected ($11.76)
Seat 4: VolkovDmitri (big blind) folded on the Flop


PokerStars Hand #173698758755:  Hold'em Limit ($3/$6 USD) - 2017/07/30 9:15:54 ET
Table 'Emita' 6-max Seat #4 is the button
Seat 2: cola26licht ($274.30 in chips)
Seat 4: VolkovDmitri ($128.50 in chips)
VolkovDmitri: posts small blind $1
cola26licht: posts big blind $3
*** HOLE CARDS ***
VolkovDmitri: raises $3 to $6
cola26licht: calls $3
*** FLOP *** [3d 5d 3s]
cola26licht: bets $3
VolkovDmitri: calls $3
*** TURN *** [3d 5d 3s] [5s]
cola26licht: checks
VolkovDmitri: bets $6
cola26licht: calls $6
*** RIVER *** [3d 5d 3s 5s] [2h]
cola26licht: bets $6
VolkovDmitri: raises $6 to $12
cola26licht: folds
Uncalled bet ($6) returned to VolkovDmitri
VolkovDmitri collected $41.50 from pot
VolkovDmitri: doesn't show hand
*** SUMMARY ***
Total pot $42 | Rake $0.50
Board [3d 5d 3s 5s 2h]
Seat 2: cola26licht (big blind) folded on the River
Seat 4: VolkovDmitri (button) (small blind) collected ($41.50)


PokerStars Hand #173698779482:  Hold'em Limit ($3/$6 USD) - 2017/07/30 9:16:30 ET
Table 'Emita' 6-max Seat #4 is the button
Seat 2: cola26licht ($261.94 in chips)
Seat 4: VolkovDmitri ($140 in chips)
VolkovDmitri: posts small blind $1
cola26licht: posts big blind $3
*** HOLE CARDS ***
VolkovDmitri: raises $3 to $6
cola26licht: folds
Uncalled bet ($3) returned to VolkovDmitri
VolkovDmitri collected $6 from pot
VolkovDmitri: doesn't show hand
*** SUMMARY ***
Total pot $6 | Rake $0
Seat 2: cola26licht (big blind) folded before Flop
Seat 4: VolkovDmitri (button) (small blind) collected ($6)


PokerStars Hand #173698782984:  Hold'em Limit ($3/$6 USD) - 2017/07/30 9:16:36 ET
Table 'Emita' 6-max Seat #2 is the button
Seat 2: cola26licht ($258.94 in chips)
Seat 4: VolkovDmitri ($143 in chips)
cola26licht: posts small blind $1
VolkovDmitri: posts big blind $3
*** HOLE CARDS ***
cola26licht: raises $3 to $6
VolkovDmitri: calls $3
*** FLOP *** [Kd Jd 7h]
VolkovDmitri: checks
cola26licht: bets $3
VolkovDmitri: raises $3 to $6
cola26licht: raises $3 to $9
VolkovDmitri: calls $3
*** TURN *** [Kd Jd 7h] [9h]
VolkovDmitri: checks
cola26licht: bets $6
VolkovDmitri: calls $6
*** RIVER *** [Kd Jd 7h 9h] [Qh]
VolkovDmitri: checks
cola26licht: checks
*** SHOW DOWN ***
VolkovDmitri: shows [9d 3d] (a pair of Nines)
cola26licht: shows [7s Kh] (two pair, Kings and Sevens)
cola26licht collected $41.50 from pot
*** SUMMARY ***
Total pot $42 | Rake $0.50
Board [Kd Jd 7h 9h Qh]
Seat 2: cola26licht (button) (small blind) showed [7s Kh] and won ($41.50) with two pair, Kings and Sevens
Seat 4: VolkovDmitri (big blind) showed [9d 3d] and lost with a pair of Nines


PokerStars Hand #173698769399:  Hold'em Limit ($3/$6 USD) - 2017/07/30 9:16:13 ET
Table 'Emita' 6-max Seat #2 is the button
Seat 2: cola26licht ($253.30 in chips)
Seat 4: VolkovDmitri ($149 in chips)
cola26licht: posts small blind $1
VolkovDmitri: posts big blind $3
*** HOLE CARDS ***
cola26licht: raises $3 to $6
VolkovDmitri: calls $3
*** FLOP *** [4d 6h 7c]
VolkovDmitri: checks
cola26licht: bets $3
VolkovDmitri: calls $3
*** TURN *** [4d 6h 7c] [Ks]
VolkovDmitri: checks
cola26licht: bets $6
VolkovDmitri: folds
Uncalled bet ($6) returned to cola26licht
cola26licht collected $17.64 from pot
*** SUMMARY ***
Total pot $18 | Rake $0.36
Board [4d 6h 7c Ks]
Seat 2: cola26licht (button) (small blind) collected ($17.64)
Seat 4: VolkovDmitri (big blind) folded on the Turn


PokerStars Hand #173698817512:  Hold'em Limit ($3/$6 USD) - 2017/07/30 9:17:36 ET
Table 'Emita' 6-max Seat #4 is the button
Seat 2: cola26licht ($276.20 in chips)
Seat 4: VolkovDmitri ($124.64 in chips)
VolkovDmitri: posts small blind $1
cola26licht: posts big blind $3
*** HOLE CARDS ***
VolkovDmitri: raises $3 to $6
cola26licht: folds
Uncalled bet ($3) returned to VolkovDmitri
VolkovDmitri collected $6 from pot
VolkovDmitri: doesn't show hand
*** SUMMARY ***
Total pot $6 | Rake $0
Seat 2: cola26licht (big blind) folded before Flop
Seat 4: VolkovDmitri (button) (small blind) collected ($6)


PokerStars Hand #173698811917:  Hold'em Limit ($3/$6 USD) - 2017/07/30 9:17:26 ET
Table 'Emita' 6-max Seat #2 is the button
Seat 2: cola26licht ($270.44 in chips)
Seat 4: VolkovDmitri ($130.64 in chips)
cola26licht: posts small blind $1
VolkovDmitri: posts big blind $3
*** HOLE CARDS ***
cola26licht: raises $3 to $6
VolkovDmitri: calls $3
*** FLOP *** [6d 3s Kc]
VolkovDmitri: checks
cola26licht: bets $3
VolkovDmitri: folds
Uncalled bet ($3) returned to cola26licht
cola26licht collected $11.76 from pot
*** SUMMARY ***
Total pot $12 | Rake $0.24
Board [6d 3s Kc]
Seat 2: cola26licht (button) (small blind) collected ($11.76)
Seat 4: VolkovDmitri (big blind) folded on the Flop


PokerStars Hand #173698821795:  Hold'em Limit ($3/$6 USD) - 2017/07/30 9:17:43 ET
Table 'Emita' 6-max Seat #2 is the button
Seat 2: cola26licht ($273.20 in chips)
Seat 4: VolkovDmitri ($127.64 in chips)
cola26licht: posts small blind $1
VolkovDmitri: posts big blind $3
*** HOLE CARDS ***
cola26licht: raises $3 to $6
VolkovDmitri: folds
Uncalled bet ($3) returned to cola26licht
cola26licht collected $6 from pot
*** SUMMARY ***
Total pot $6 | Rake $0
Seat 2: cola26licht (button) (small blind) collected ($6)
Seat 4: VolkovDmitri (big blind) folded before Flop


PokerStars Hand #173698828575:  Hold'em Limit ($3/$6 USD) - 2017/07/30 9:17:54 ET
Table 'Emita' 6-max Seat #2 is the button
Seat 2: cola26licht ($273.20 in chips)
Seat 4: VolkovDmitri ($127.64 in chips)
cola26licht: posts small blind $1
VolkovDmitri: posts big blind $3
*** HOLE CARDS ***
cola26licht: folds
Uncalled bet ($2) returned to VolkovDmitri
VolkovDmitri collected $2 from pot
VolkovDmitri: doesn't show hand
*** SUMMARY ***
Total pot $2 | Rake $0
Seat 2: cola26licht (button) (small blind) folded before Flop
Seat 4: VolkovDmitri (big blind) collected ($2)


PokerStars Hand #173698825649:  Hold'em Limit ($3/$6 USD) - 2017/07/30 9:17:49 ET
Table 'Emita' 6-max Seat #4 is the button
Seat 2: cola26licht ($276.20 in chips)
Seat 4: VolkovDmitri ($124.64 in chips)
VolkovDmitri: posts small blind $1
cola26licht: posts big blind $3
*** HOLE CARDS ***
VolkovDmitri: raises $3 to $6
cola26licht: folds
Uncalled bet ($3) returned to VolkovDmitri
VolkovDmitri collected $6 from pot
VolkovDmitri: doesn't show hand
*** SUMMARY ***
Total pot $6 | Rake $0
Seat 2: cola26licht (big blind) folded before Flop
Seat 4: VolkovDmitri (button) (small blind) collected ($6)


PokerStars Hand #173698831548:  Hold'em Limit ($3/$6 USD) - 2017/07/30 9:17:59 ET
Table 'Emita' 6-max Seat #4 is the button
Seat 2: cola26licht ($272.20 in chips)
Seat 4: VolkovDmitri ($128.64 in chips)
VolkovDmitri: posts small blind $1
cola26licht: posts big blind $3
*** HOLE CARDS ***
VolkovDmitri: raises $3 to $6
cola26licht: raises $3 to $9
VolkovDmitri: raises $3 to $12
Betting is capped
cola26licht: calls $3
*** FLOP *** [5c Qd 7h]
cola26licht: checks
VolkovDmitri: checks
*** TURN *** [5c Qd 7h] [Kd]
cola26licht: checks
VolkovDmitri: checks
*** RIVER *** [5c Qd 7h Kd] [4d]
cola26licht: bets $6
VolkovDmitri: raises $6 to $12
cola26licht: calls $6
*** SHOW DOWN ***
VolkovDmitri: shows [Td Jd] (a flush, King high)
cola26licht: mucks hand
VolkovDmitri collected $47.50 from pot
*** SUMMARY ***
Total pot $48 | Rake $0.50
Board [5c Qd 7h Kd 4d]
Seat 2: cola26licht (big blind) mucked
Seat 4: VolkovDmitri (button) (small blind) showed [Td Jd] and won ($47.50) with a flush, King high


PokerStars Hand #173698795045:  Hold'em Limit ($3/$6 USD) - 2017/07/30 9:16:57 ET
Table 'Emita' 6-max Seat #4 is the button
Seat 2: cola26licht ($279.44 in chips)
Seat 4: VolkovDmitri ($122 in chips)
VolkovDmitri: posts small blind $1
cola26licht: posts big blind $3
*** HOLE CARDS ***
VolkovDmitri: raises $3 to $6
cola26licht: calls $3
*** FLOP *** [3s 6h 2d]
cola26licht: checks
VolkovDmitri: bets $3
cola26licht: calls $3
*** TURN *** [3s 6h 2d] [3d]
cola26licht: checks
VolkovDmitri: bets $6
cola26licht: folds
Uncalled bet ($6) returned to VolkovDmitri
VolkovDmitri collected $17.64 from pot
VolkovDmitri: doesn't show hand
*** SUMMARY ***
Total pot $18 | Rake $0.36
Board [3s 6h 2d 3d]
Seat 2: cola26licht (big blind) folded on the Turn
Seat 4: VolkovDmitri (button) (small blind) collected ($17.64)


