PokerStars Hand #169605334728:  Hold'em Limit ($3/$6 USD) - 2017/04/26 19:01:16 ET
Table 'Emita' 6-max Seat #5 is the button
Seat 1: Qvidde ($104.11 in chips)
Seat 5: hot shot2543 ($30 in chips)
hot shot2543: posts small blind $1
Qvidde: posts big blind $3
*** HOLE CARDS ***
ToDaFelt joins the table at seat #6
hot shot2543: raises $3 to $6
Qvidde: folds
Uncalled bet ($3) returned to hot shot2543
hot shot2543 collected $6 from pot
hot shot2543: doesn't show hand
*** SUMMARY ***
Total pot $6 | Rake $0
Seat 1: Qvidde (big blind) folded before Flop
Seat 5: hot shot2543 (button) (small blind) collected ($6)


PokerStars Hand #169605351550:  Hold'em Limit ($3/$6 USD) - 2017/04/26 19:01:38 ET
Table 'Emita' 6-max Seat #1 is the button
Seat 1: Qvidde ($101.11 in chips)
Seat 5: hot shot2543 ($33 in chips)
Qvidde: posts small blind $1
hot shot2543: posts big blind $3
*** HOLE CARDS ***
Qvidde: raises $3 to $6
hot shot2543: raises $3 to $9
Qvidde: calls $3
*** FLOP *** [2c Ah 9d]
hot shot2543: bets $3
Qvidde: calls $3
*** TURN *** [2c Ah 9d] [6d]
hot shot2543: bets $6
Qvidde: calls $6
*** RIVER *** [2c Ah 9d 6d] [Ac]
hot shot2543: bets $6
Qvidde: calls $6
*** SHOW DOWN ***
hot shot2543: shows [9c 7s] (two pair, Aces and Nines)
Qvidde: mucks hand
hot shot2543 collected $47.50 from pot
*** SUMMARY ***
Total pot $48 | Rake $0.50
Board [2c Ah 9d 6d Ac]
Seat 1: Qvidde (button) (small blind) mucked
Seat 5: hot shot2543 (big blind) showed [9c 7s] and won ($47.50) with two pair, Aces and Nines


PokerStars Hand #169605419773:  Hold'em Limit ($3/$6 USD) - 2017/04/26 19:03:29 ET
Table 'Emita' 6-max Seat #1 is the button
Seat 1: Qvidde ($143.53 in chips)
Seat 6: ToDaFelt ($136.89 in chips)
Qvidde: posts small blind $1
hot shot2543: is sitting out
ToDaFelt: posts big blind $3
*** HOLE CARDS ***
Qvidde: raises $3 to $6
ToDaFelt: calls $3
*** FLOP *** [Ts 5d 6h]
ToDaFelt: checks
hot shot2543 leaves the table
Qvidde: bets $3
ToDaFelt: raises $3 to $6
Qvidde: calls $3
*** TURN *** [Ts 5d 6h] [Qc]
ToDaFelt: bets $6
Qvidde: calls $6
*** RIVER *** [Ts 5d 6h Qc] [3h]
ToDaFelt: checks
Qvidde: bets $6
ToDaFelt: folds
Uncalled bet ($6) returned to Qvidde
Qvidde collected $35.50 from pot
Qvidde: doesn't show hand
*** SUMMARY ***
Total pot $36 | Rake $0.50
Board [Ts 5d 6h Qc 3h]
Seat 1: Qvidde (button) (small blind) collected ($35.50)
Seat 6: ToDaFelt (big blind) folded on the River


PokerStars Hand #169605451440:  Hold'em Limit ($3/$6 USD) - 2017/04/26 19:04:22 ET
Table 'Emita' 6-max Seat #6 is the button
Seat 1: Qvidde ($161.03 in chips)
Seat 6: ToDaFelt ($118.89 in chips)
ToDaFelt: posts small blind $1
Qvidde: posts big blind $3
*** HOLE CARDS ***
ToDaFelt: raises $3 to $6
Qvidde: calls $3
*** FLOP *** [Jh 5h 7d]
Qvidde: bets $3
ToDaFelt: calls $3
*** TURN *** [Jh 5h 7d] [3d]
Qvidde: checks
ToDaFelt: bets $6
Qvidde: calls $6
*** RIVER *** [Jh 5h 7d 3d] [5d]
Qvidde: checks
ToDaFelt: checks
*** SHOW DOWN ***
Qvidde: shows [Ad 4h] (a pair of Fives)
ToDaFelt: shows [6h 3h] (two pair, Fives and Threes)
ToDaFelt collected $29.50 from pot
*** SUMMARY ***
Total pot $30 | Rake $0.50
Board [Jh 5h 7d 3d 5d]
Seat 1: Qvidde (big blind) showed [Ad 4h] and lost with a pair of Fives
Seat 6: ToDaFelt (button) (small blind) showed [6h 3h] and won ($29.50) with two pair, Fives and Threes


