PokerStars Hand #155126190427:  Hold'em Limit ($3/$6 USD) - 2016/06/24 0:26:00 ET
Table 'Emita' 6-max Seat #1 is the button
Seat 1: YourMother66 ($136 in chips)
Seat 5: BrownieSpy ($203.45 in chips)
YourMother66: posts small blind $1
BrownieSpy: posts big blind $3
*** HOLE CARDS ***
YourMother66: raises $3 to $6
BrownieSpy: raises $3 to $9
DirtyDouble2 leaves the table
YourMother66: calls $3
*** FLOP *** [2c 6s 5h]
BrownieSpy: bets $3
YourMother66: calls $3
*** TURN *** [2c 6s 5h] [Qs]
BrownieSpy: bets $6
YourMother66: calls $6
*** RIVER *** [2c 6s 5h Qs] [Ac]
BrownieSpy: bets $6
YourMother66: calls $6
*** SHOW DOWN ***
BrownieSpy: shows [As Ad] (three of a kind, Aces)
YourMother66: mucks hand
BrownieSpy collected $47.50 from pot
*** SUMMARY ***
Total pot $48 | Rake $0.50
Board [2c 6s 5h Qs Ac]
Seat 1: YourMother66 (button) (small blind) mucked
Seat 5: BrownieSpy (big blind) showed [As Ad] and won ($47.50) with three of a kind, Aces


PokerStars Hand #155128151187:  Hold'em Limit ($3/$6 USD) - 2016/06/24 2:43:20 ET
Table 'Emita' 6-max Seat #5 is the button
Seat 3: Tryptamean ($95.32 in chips)
Seat 5: eldredj ($122.31 in chips)
eldredj: posts small blind $1
Tryptamean: posts big blind $3
*** HOLE CARDS ***
eldredj: folds
Uncalled bet ($2) returned to Tryptamean
Tryptamean collected $2 from pot
Tryptamean: doesn't show hand
*** SUMMARY ***
Total pot $2 | Rake $0
Seat 3: Tryptamean (big blind) collected ($2)
Seat 5: eldredj (button) (small blind) folded before Flop


PokerStars Hand #155128145972:  Hold'em Limit ($3/$6 USD) - 2016/06/24 2:42:58 ET
Table 'Emita' 6-max Seat #3 is the button
Seat 3: Tryptamean ($86.68 in chips)
Seat 5: eldredj ($131.31 in chips)
Tryptamean: posts small blind $1
AzureCaper: is sitting out
eldredj: posts big blind $3
*** HOLE CARDS ***
Tryptamean: raises $3 to $6
eldredj: calls $3
*** FLOP *** [Ad Kd 4s]
AzureCaper leaves the table
eldredj: checks
Tryptamean: bets $3
eldredj: calls $3
*** TURN *** [Ad Kd 4s] [Qc]
eldredj: checks
Tryptamean: bets $6
eldredj: folds
Uncalled bet ($6) returned to Tryptamean
Tryptamean collected $17.64 from pot
Tryptamean: doesn't show hand
*** SUMMARY ***
Total pot $18 | Rake $0.36
Board [Ad Kd 4s Qc]
Seat 3: Tryptamean (button) (small blind) collected ($17.64)
Seat 5: eldredj (big blind) folded on the Turn


PokerStars Hand #155128152418:  Hold'em Limit ($3/$6 USD) - 2016/06/24 2:43:25 ET
Table 'Emita' 6-max Seat #3 is the button
Seat 3: Tryptamean ($96.32 in chips)
Seat 5: eldredj ($121.31 in chips)
Tryptamean: posts small blind $1
eldredj: posts big blind $3
*** HOLE CARDS ***
Tryptamean: raises $3 to $6
eldredj: folds
Uncalled bet ($3) returned to Tryptamean
Tryptamean collected $6 from pot
Tryptamean: doesn't show hand
*** SUMMARY ***
Total pot $6 | Rake $0
Seat 3: Tryptamean (button) (small blind) collected ($6)
Seat 5: eldredj (big blind) folded before Flop


PokerStars Hand #155128154190:  Hold'em Limit ($3/$6 USD) - 2016/06/24 2:43:32 ET
Table 'Emita' 6-max Seat #5 is the button
Seat 3: Tryptamean ($99.32 in chips)
Seat 5: eldredj ($118.31 in chips)
eldredj: posts small blind $1
Tryptamean: posts big blind $3
*** HOLE CARDS ***
eldredj: raises $3 to $6
Tryptamean: calls $3
*** FLOP *** [7h Qs 4h]
Tryptamean: checks
eldredj: bets $3
Tryptamean: calls $3
*** TURN *** [7h Qs 4h] [Qd]
Tryptamean: checks
eldredj: bets $6
Tryptamean: calls $6
*** RIVER *** [7h Qs 4h Qd] [3d]
Tryptamean: checks
eldredj: bets $6
Tryptamean: calls $6
*** SHOW DOWN ***
eldredj: shows [9d 9s] (two pair, Queens and Nines)
Tryptamean: mucks hand
eldredj collected $41.50 from pot
*** SUMMARY ***
Total pot $42 | Rake $0.50
Board [7h Qs 4h Qd 3d]
Seat 3: Tryptamean (big blind) mucked
Seat 5: eldredj (button) (small blind) showed [9d 9s] and won ($41.50) with two pair, Queens and Nines


PokerStars Hand #155128166502:  Hold'em Limit ($3/$6 USD) - 2016/06/24 2:44:24 ET
Table 'Emita' 6-max Seat #3 is the button
Seat 3: Tryptamean ($78.32 in chips)
Seat 5: eldredj ($138.81 in chips)
Tryptamean: posts small blind $1
eldredj: posts big blind $3
*** HOLE CARDS ***
Tryptamean: raises $3 to $6
eldredj: calls $3
*** FLOP *** [9h Qh Ks]
eldredj: checks
Tryptamean: bets $3
eldredj: raises $3 to $6
Tryptamean: calls $3
*** TURN *** [9h Qh Ks] [As]
eldredj: bets $6
Tryptamean: folds
Uncalled bet ($6) returned to eldredj
eldredj collected $23.52 from pot
eldredj: doesn't show hand
*** SUMMARY ***
Total pot $24 | Rake $0.48
Board [9h Qh Ks As]
Seat 3: Tryptamean (button) (small blind) folded on the Turn
Seat 5: eldredj (big blind) collected ($23.52)


PokerStars Hand #155128179050:  Hold'em Limit ($3/$6 USD) - 2016/06/24 2:45:18 ET
Table 'Emita' 6-max Seat #5 is the button
Seat 3: Tryptamean ($66.32 in chips)
Seat 5: eldredj ($150.33 in chips)
eldredj: posts small blind $1
Tryptamean: posts big blind $3
*** HOLE CARDS ***
eldredj: raises $3 to $6
Tryptamean: calls $3
*** FLOP *** [As 3d 3h]
Tryptamean: checks
eldredj: bets $3
Tryptamean: calls $3
*** TURN *** [As 3d 3h] [Qd]
Tryptamean: checks
eldredj: bets $6
Tryptamean: calls $6
*** RIVER *** [As 3d 3h Qd] [6s]
Tryptamean: checks
eldredj: checks
*** SHOW DOWN ***
Tryptamean: shows [Qc 2s] (two pair, Queens and Threes)
eldredj: mucks hand
Tryptamean collected $29.50 from pot
*** SUMMARY ***
Total pot $30 | Rake $0.50
Board [As 3d 3h Qd 6s]
Seat 3: Tryptamean (big blind) showed [Qc 2s] and won ($29.50) with two pair, Queens and Threes
Seat 5: eldredj (button) (small blind) mucked


PokerStars Hand #155128190778:  Hold'em Limit ($3/$6 USD) - 2016/06/24 2:46:06 ET
Table 'Emita' 6-max Seat #3 is the button
Seat 3: Tryptamean ($80.82 in chips)
Seat 5: eldredj ($135.33 in chips)
Tryptamean: posts small blind $1
eldredj: posts big blind $3
*** HOLE CARDS ***
Tryptamean: raises $3 to $6
eldredj: calls $3
*** FLOP *** [Ah 5h 9h]
eldredj: bets $3
Tryptamean: folds
Uncalled bet ($3) returned to eldredj
eldredj collected $11.76 from pot
eldredj: doesn't show hand
*** SUMMARY ***
Total pot $12 | Rake $0.24
Board [Ah 5h 9h]
Seat 3: Tryptamean (button) (small blind) folded on the Flop
Seat 5: eldredj (big blind) collected ($11.76)


PokerStars Hand #155128218910:  Hold'em Limit ($3/$6 USD) - 2016/06/24 2:48:05 ET
Table 'Emita' 6-max Seat #5 is the button
Seat 3: Tryptamean ($71.32 in chips)
Seat 5: eldredj ($143.59 in chips)
eldredj: posts small blind $1
Tryptamean: posts big blind $3
*** HOLE CARDS ***
eldredj: folds
Uncalled bet ($2) returned to Tryptamean
Tryptamean collected $2 from pot
Tryptamean: doesn't show hand
*** SUMMARY ***
Total pot $2 | Rake $0
Seat 3: Tryptamean (big blind) collected ($2)
Seat 5: eldredj (button) (small blind) folded before Flop


PokerStars Hand #155128194833:  Hold'em Limit ($3/$6 USD) - 2016/06/24 2:46:24 ET
Table 'Emita' 6-max Seat #5 is the button
Seat 3: Tryptamean ($74.82 in chips)
Seat 5: eldredj ($141.09 in chips)
eldredj: posts small blind $1
Tryptamean: posts big blind $3
*** HOLE CARDS ***
eldredj: raises $3 to $6
Tryptamean: raises $3 to $9
eldredj: calls $3
*** FLOP *** [Tc 9s 5h]
Tryptamean: bets $3
eldredj: calls $3
*** TURN *** [Tc 9s 5h] [2d]
Tryptamean: checks
eldredj: bets $6
Tryptamean: calls $6
*** RIVER *** [Tc 9s 5h 2d] [6h]
Tryptamean: checks
eldredj: bets $6
Tryptamean: folds
Uncalled bet ($6) returned to eldredj
eldredj collected $35.50 from pot
eldredj: doesn't show hand
*** SUMMARY ***
Total pot $36 | Rake $0.50
Board [Tc 9s 5h 2d 6h]
Seat 3: Tryptamean (big blind) folded on the River
Seat 5: eldredj (button) (small blind) collected ($35.50)


PokerStars Hand #155128208081:  Hold'em Limit ($3/$6 USD) - 2016/06/24 2:47:19 ET
Table 'Emita' 6-max Seat #3 is the button
Seat 3: Tryptamean ($56.82 in chips)
Seat 5: eldredj ($158.59 in chips)
Tryptamean: posts small blind $1
eldredj: posts big blind $3
*** HOLE CARDS ***
Tryptamean: raises $3 to $6
eldredj: calls $3
*** FLOP *** [5s 8d Qs]
eldredj: checks
Tryptamean: bets $3
eldredj: calls $3
*** TURN *** [5s 8d Qs] [9c]
eldredj: checks
Tryptamean: bets $6
eldredj: calls $6
*** RIVER *** [5s 8d Qs 9c] [4c]
eldredj: checks
Tryptamean: bets $6
eldredj: folds
Uncalled bet ($6) returned to Tryptamean
Tryptamean collected $29.50 from pot
Tryptamean: doesn't show hand
*** SUMMARY ***
Total pot $30 | Rake $0.50
Board [5s 8d Qs 9c 4c]
Seat 3: Tryptamean (button) (small blind) collected ($29.50)
Seat 5: eldredj (big blind) folded on the River


PokerStars Hand #155128220274:  Hold'em Limit ($3/$6 USD) - 2016/06/24 2:48:11 ET
Table 'Emita' 6-max Seat #3 is the button
Seat 3: Tryptamean ($72.32 in chips)
Seat 5: eldredj ($142.59 in chips)
Tryptamean: posts small blind $1
eldredj: posts big blind $3
*** HOLE CARDS ***
Tryptamean: raises $3 to $6
eldredj: calls $3
*** FLOP *** [9h 5c Jh]
eldredj: checks
Tryptamean: bets $3
eldredj: calls $3
*** TURN *** [9h 5c Jh] [3c]
eldredj: checks
Tryptamean: bets $6
eldredj: folds
Uncalled bet ($6) returned to Tryptamean
Tryptamean collected $17.64 from pot
Tryptamean: doesn't show hand
*** SUMMARY ***
Total pot $18 | Rake $0.36
Board [9h 5c Jh 3c]
Seat 3: Tryptamean (button) (small blind) collected ($17.64)
Seat 5: eldredj (big blind) folded on the Turn


PokerStars Hand #155128230277:  Hold'em Limit ($3/$6 USD) - 2016/06/24 2:48:52 ET
Table 'Emita' 6-max Seat #5 is the button
Seat 3: Tryptamean ($80.96 in chips)
Seat 5: eldredj ($133.59 in chips)
eldredj: posts small blind $1
Tryptamean: posts big blind $3
*** HOLE CARDS ***
eldredj: raises $3 to $6
Tryptamean: calls $3
*** FLOP *** [5d 3s 9c]
Tryptamean: checks
eldredj: bets $3
Tryptamean: raises $3 to $6
eldredj: calls $3
*** TURN *** [5d 3s 9c] [6d]
Tryptamean: bets $6
eldredj: folds
Uncalled bet ($6) returned to Tryptamean
Tryptamean collected $23.52 from pot
Tryptamean: doesn't show hand
*** SUMMARY ***
Total pot $24 | Rake $0.48
Board [5d 3s 9c 6d]
Seat 3: Tryptamean (big blind) collected ($23.52)
Seat 5: eldredj (button) (small blind) folded on the Turn


PokerStars Hand #155128237652:  Hold'em Limit ($3/$6 USD) - 2016/06/24 2:49:23 ET
Table 'Emita' 6-max Seat #3 is the button
Seat 3: Tryptamean ($92.48 in chips)
Seat 5: eldredj ($121.59 in chips)
Tryptamean: posts small blind $1
eldredj: posts big blind $3
*** HOLE CARDS ***
Tryptamean: raises $3 to $6
eldredj: calls $3
*** FLOP *** [As 7d 2s]
eldredj: checks
Tryptamean: bets $3
eldredj: folds
Uncalled bet ($3) returned to Tryptamean
Tryptamean collected $11.76 from pot
Tryptamean: doesn't show hand
*** SUMMARY ***
Total pot $12 | Rake $0.24
Board [As 7d 2s]
Seat 3: Tryptamean (button) (small blind) collected ($11.76)
Seat 5: eldredj (big blind) folded on the Flop


PokerStars Hand #155128241995:  Hold'em Limit ($3/$6 USD) - 2016/06/24 2:49:42 ET
Table 'Emita' 6-max Seat #5 is the button
Seat 3: Tryptamean ($98.24 in chips)
Seat 5: eldredj ($115.59 in chips)
eldredj: posts small blind $1
Tryptamean: posts big blind $3
*** HOLE CARDS ***
eldredj: raises $3 to $6
Tryptamean: calls $3
*** FLOP *** [Th 3h 7h]
Tryptamean: checks
eldredj: bets $3
Tryptamean: folds
Uncalled bet ($3) returned to eldredj
eldredj collected $11.76 from pot
eldredj: doesn't show hand
*** SUMMARY ***
Total pot $12 | Rake $0.24
Board [Th 3h 7h]
Seat 3: Tryptamean (big blind) folded on the Flop
Seat 5: eldredj (button) (small blind) collected ($11.76)


PokerStars Hand #155128263284:  Hold'em Limit ($3/$6 USD) - 2016/06/24 2:51:11 ET
Table 'Emita' 6-max Seat #5 is the button
Seat 3: Tryptamean ($71.24 in chips)
Seat 5: eldredj ($141.85 in chips)
eldredj: posts small blind $1
Tryptamean: posts big blind $3
*** HOLE CARDS ***
eldredj: folds
Uncalled bet ($2) returned to Tryptamean
Tryptamean collected $2 from pot
Tryptamean: doesn't show hand
*** SUMMARY ***
Total pot $2 | Rake $0
Seat 3: Tryptamean (big blind) collected ($2)
Seat 5: eldredj (button) (small blind) folded before Flop


PokerStars Hand #155128247413:  Hold'em Limit ($3/$6 USD) - 2016/06/24 2:50:05 ET
Table 'Emita' 6-max Seat #3 is the button
Seat 3: Tryptamean ($92.24 in chips)
Seat 5: eldredj ($121.35 in chips)
Tryptamean: posts small blind $1
eldredj: posts big blind $3
*** HOLE CARDS ***
Tryptamean: raises $3 to $6
eldredj: calls $3
*** FLOP *** [2h Ks 6s]
eldredj: checks
Tryptamean: bets $3
eldredj: calls $3
*** TURN *** [2h Ks 6s] [7s]
eldredj: checks
Tryptamean: bets $6
eldredj: raises $6 to $12
Tryptamean: calls $6
*** RIVER *** [2h Ks 6s 7s] [Qd]
eldredj: bets $6
Tryptamean: folds
Uncalled bet ($6) returned to eldredj
eldredj collected $41.50 from pot
eldredj: doesn't show hand
*** SUMMARY ***
Total pot $42 | Rake $0.50
Board [2h Ks 6s 7s Qd]
Seat 3: Tryptamean (button) (small blind) folded on the River
Seat 5: eldredj (big blind) collected ($41.50)


PokerStars Hand #155128271834:  Hold'em Limit ($3/$6 USD) - 2016/06/24 2:51:19 ET
Table 'Emita' 6-max Seat #3 is the button
Seat 3: Tryptamean ($72.24 in chips)
Seat 5: eldredj ($140.85 in chips)
Tryptamean: posts small blind $1
eldredj: posts big blind $3
*** HOLE CARDS ***
Tryptamean: raises $3 to $6
eldredj: calls $3
*** FLOP *** [Ah Tc 8h]
eldredj: checks
Tryptamean: bets $3
eldredj: calls $3
*** TURN *** [Ah Tc 8h] [9c]
eldredj: checks
Tryptamean: checks
*** RIVER *** [Ah Tc 8h 9c] [5h]
eldredj: bets $6
Tryptamean: folds
Uncalled bet ($6) returned to eldredj
eldredj collected $17.64 from pot
eldredj: doesn't show hand
*** SUMMARY ***
Total pot $18 | Rake $0.36
Board [Ah Tc 8h 9c 5h]
Seat 3: Tryptamean (button) (small blind) folded on the River
Seat 5: eldredj (big blind) collected ($17.64)


PokerStars Hand #155128280069:  Hold'em Limit ($3/$6 USD) - 2016/06/24 2:51:53 ET
Table 'Emita' 6-max Seat #5 is the button
Seat 3: Tryptamean ($63.24 in chips)
Seat 5: eldredj ($149.49 in chips)
eldredj: posts small blind $1
Tryptamean: posts big blind $3
*** HOLE CARDS ***
eldredj: raises $3 to $6
Tryptamean: folds
Uncalled bet ($3) returned to eldredj
eldredj collected $6 from pot
eldredj: doesn't show hand
*** SUMMARY ***
Total pot $6 | Rake $0
Seat 3: Tryptamean (big blind) folded before Flop
Seat 5: eldredj (button) (small blind) collected ($6)


PokerStars Hand #155128283710:  Hold'em Limit ($3/$6 USD) - 2016/06/24 2:52:08 ET
Table 'Emita' 6-max Seat #3 is the button
Seat 3: Tryptamean ($60.24 in chips)
Seat 5: eldredj ($152.49 in chips)
Tryptamean: posts small blind $1
eldredj: posts big blind $3
*** HOLE CARDS ***
Tryptamean: raises $3 to $6
eldredj: calls $3
*** FLOP *** [2c Th 3s]
eldredj: checks
Tryptamean: bets $3
eldredj: folds
Uncalled bet ($3) returned to Tryptamean
Tryptamean collected $11.76 from pot
Tryptamean: doesn't show hand
*** SUMMARY ***
Total pot $12 | Rake $0.24
Board [2c Th 3s]
Seat 3: Tryptamean (button) (small blind) collected ($11.76)
Seat 5: eldredj (big blind) folded on the Flop


PokerStars Hand #155128290487:  Hold'em Limit ($3/$6 USD) - 2016/06/24 2:52:36 ET
Table 'Emita' 6-max Seat #5 is the button
Seat 3: Tryptamean ($66 in chips)
Seat 5: eldredj ($146.49 in chips)
eldredj: posts small blind $1
Tryptamean: posts big blind $3
*** HOLE CARDS ***
eldredj: raises $3 to $6
Tryptamean: raises $3 to $9
eldredj: calls $3
*** FLOP *** [7h 6d Qh]
Tryptamean: bets $3
eldredj: calls $3
*** TURN *** [7h 6d Qh] [Ts]
Tryptamean: checks
eldredj: bets $6
Tryptamean: calls $6
*** RIVER *** [7h 6d Qh Ts] [9s]
Tryptamean: checks
eldredj: checks
*** SHOW DOWN ***
Tryptamean: shows [8c As] (a straight, Six to Ten)
eldredj: mucks hand
Tryptamean collected $35.50 from pot
*** SUMMARY ***
Total pot $36 | Rake $0.50
Board [7h 6d Qh Ts 9s]
Seat 3: Tryptamean (big blind) showed [8c As] and won ($35.50) with a straight, Six to Ten
Seat 5: eldredj (button) (small blind) mucked


PokerStars Hand #155128304718:  Hold'em Limit ($3/$6 USD) - 2016/06/24 2:53:35 ET
Table 'Emita' 6-max Seat #3 is the button
Seat 3: Tryptamean ($83.50 in chips)
Seat 5: eldredj ($128.49 in chips)
Tryptamean: posts small blind $1
eldredj: posts big blind $3
*** HOLE CARDS ***
Tryptamean: raises $3 to $6
eldredj: calls $3
*** FLOP *** [5h Ah 6s]
eldredj: checks
Tryptamean: bets $3
eldredj: calls $3
*** TURN *** [5h Ah 6s] [4d]
eldredj: checks
Tryptamean: checks
*** RIVER *** [5h Ah 6s 4d] [9d]
eldredj: bets $6
Tryptamean: folds
Uncalled bet ($6) returned to eldredj
eldredj collected $17.64 from pot
eldredj: doesn't show hand
*** SUMMARY ***
Total pot $18 | Rake $0.36
Board [5h Ah 6s 4d 9d]
Seat 3: Tryptamean (button) (small blind) folded on the River
Seat 5: eldredj (big blind) collected ($17.64)


PokerStars Hand #155128321434:  Hold'em Limit ($3/$6 USD) - 2016/06/24 2:54:44 ET
Table 'Emita' 6-max Seat #3 is the button
Seat 3: Tryptamean ($50.50 in chips)
Seat 5: eldredj ($160.63 in chips)
Tryptamean: posts small blind $1
eldredj: posts big blind $3
*** HOLE CARDS ***
Tryptamean: raises $3 to $6
eldredj: calls $3
*** FLOP *** [3d 2s 4c]
eldredj: checks
Tryptamean: bets $3
eldredj: calls $3
*** TURN *** [3d 2s 4c] [Jc]
eldredj: checks
Tryptamean: bets $6
eldredj: folds
Uncalled bet ($6) returned to Tryptamean
Tryptamean collected $17.64 from pot
Tryptamean: doesn't show hand
*** SUMMARY ***
Total pot $18 | Rake $0.36
Board [3d 2s 4c Jc]
Seat 3: Tryptamean (button) (small blind) collected ($17.64)
Seat 5: eldredj (big blind) folded on the Turn


PokerStars Hand #155128312974:  Hold'em Limit ($3/$6 USD) - 2016/06/24 2:54:09 ET
Table 'Emita' 6-max Seat #5 is the button
Seat 3: Tryptamean ($74.50 in chips)
Seat 5: eldredj ($137.13 in chips)
eldredj: posts small blind $1
Tryptamean: posts big blind $3
*** HOLE CARDS ***
eldredj: raises $3 to $6
Tryptamean: raises $3 to $9
eldredj: calls $3
*** FLOP *** [4d Jc 4h]
Tryptamean: bets $3
eldredj: calls $3
*** TURN *** [4d Jc 4h] [Ah]
Tryptamean: bets $6
eldredj: calls $6
*** RIVER *** [4d Jc 4h Ah] [8d]
Tryptamean: bets $6
eldredj: calls $6
*** SHOW DOWN ***
Tryptamean: shows [Js Qh] (two pair, Jacks and Fours)
eldredj: shows [Jd 8h] (two pair, Jacks and Eights)
eldredj collected $47.50 from pot
*** SUMMARY ***
Total pot $48 | Rake $0.50
Board [4d Jc 4h Ah 8d]
Seat 3: Tryptamean (big blind) showed [Js Qh] and lost with two pair, Jacks and Fours
Seat 5: eldredj (button) (small blind) showed [Jd 8h] and won ($47.50) with two pair, Jacks and Eights


PokerStars Hand #155128327511:  Hold'em Limit ($3/$6 USD) - 2016/06/24 2:55:10 ET
Table 'Emita' 6-max Seat #5 is the button
Seat 3: Tryptamean ($59.14 in chips)
Seat 5: eldredj ($151.63 in chips)
eldredj: posts small blind $1
Tryptamean: posts big blind $3
*** HOLE CARDS ***
eldredj: raises $3 to $6
Tryptamean: calls $3
*** FLOP *** [6s Qd Ah]
Tryptamean: checks
eldredj: bets $3
Tryptamean: folds
Uncalled bet ($3) returned to eldredj
eldredj collected $11.76 from pot
eldredj: doesn't show hand
*** SUMMARY ***
Total pot $12 | Rake $0.24
Board [6s Qd Ah]
Seat 3: Tryptamean (big blind) folded on the Flop
Seat 5: eldredj (button) (small blind) collected ($11.76)


PokerStars Hand #155128333839:  Hold'em Limit ($3/$6 USD) - 2016/06/24 2:55:39 ET
Table 'Emita' 6-max Seat #3 is the button
Seat 3: Tryptamean ($53.14 in chips)
Seat 5: eldredj ($157.39 in chips)
Tryptamean: posts small blind $1
eldredj: posts big blind $3
*** HOLE CARDS ***
Tryptamean: raises $3 to $6
eldredj: calls $3
*** FLOP *** [Ts 8d 9h]
eldredj: checks
Tryptamean: bets $3
eldredj: calls $3
*** TURN *** [Ts 8d 9h] [7s]
eldredj: bets $6
Tryptamean: folds
Uncalled bet ($6) returned to eldredj
eldredj collected $17.64 from pot
eldredj: doesn't show hand
*** SUMMARY ***
Total pot $18 | Rake $0.36
Board [Ts 8d 9h 7s]
Seat 3: Tryptamean (button) (small blind) folded on the Turn
Seat 5: eldredj (big blind) collected ($17.64)


PokerStars Hand #155128340944:  Hold'em Limit ($3/$6 USD) - 2016/06/24 2:56:12 ET
Table 'Emita' 6-max Seat #5 is the button
Seat 3: Tryptamean ($120 in chips)
Seat 5: eldredj ($166.03 in chips)
eldredj: posts small blind $1
Tryptamean: posts big blind $3
*** HOLE CARDS ***
eldredj: folds
Uncalled bet ($2) returned to Tryptamean
Tryptamean collected $2 from pot
Tryptamean: doesn't show hand
*** SUMMARY ***
Total pot $2 | Rake $0
Seat 3: Tryptamean (big blind) collected ($2)
Seat 5: eldredj (button) (small blind) folded before Flop


PokerStars Hand #155128343157:  Hold'em Limit ($3/$6 USD) - 2016/06/24 2:56:22 ET
Table 'Emita' 6-max Seat #3 is the button
Seat 3: Tryptamean ($121 in chips)
Seat 5: eldredj ($165.03 in chips)
Tryptamean: posts small blind $1
eldredj: posts big blind $3
*** HOLE CARDS ***
Tryptamean: folds
Uncalled bet ($2) returned to eldredj
eldredj collected $2 from pot
eldredj: doesn't show hand
*** SUMMARY ***
Total pot $2 | Rake $0
Seat 3: Tryptamean (button) (small blind) folded before Flop
Seat 5: eldredj (big blind) collected ($2)


PokerStars Hand #155128345214:  Hold'em Limit ($3/$6 USD) - 2016/06/24 2:56:32 ET
Table 'Emita' 6-max Seat #5 is the button
Seat 3: Tryptamean ($120 in chips)
Seat 5: eldredj ($166.03 in chips)
eldredj: posts small blind $1
Tryptamean: posts big blind $3
*** HOLE CARDS ***
eldredj: raises $3 to $6
Shara.Vi joins the table at seat #2
Tryptamean: calls $3
*** FLOP *** [Jc 6h 2d]
Tryptamean: checks
eldredj: bets $3
Tryptamean: calls $3
*** TURN *** [Jc 6h 2d] [3c]
Tryptamean: checks
eldredj: bets $6
Tryptamean: calls $6
*** RIVER *** [Jc 6h 2d 3c] [Kh]
Tryptamean: checks
eldredj: bets $6
Tryptamean: calls $6
*** SHOW DOWN ***
eldredj: shows [Qc 6s] (a pair of Sixes)
Tryptamean: mucks hand
eldredj collected $41.50 from pot
*** SUMMARY ***
Total pot $42 | Rake $0.50
Board [Jc 6h 2d 3c Kh]
Seat 3: Tryptamean (big blind) mucked
Seat 5: eldredj (button) (small blind) showed [Qc 6s] and won ($41.50) with a pair of Sixes


PokerStars Hand #155128359828:  Hold'em Limit ($3/$6 USD) - 2016/06/24 2:57:37 ET
Table 'Emita' 6-max Seat #3 is the button
Seat 3: Tryptamean ($99 in chips)
Seat 5: eldredj ($186.53 in chips)
BrownieSpy joins the table at seat #4
Tryptamean: posts small blind $1
eldredj: posts big blind $3
*** HOLE CARDS ***
Tryptamean: raises $3 to $6
eldredj: calls $3
*** FLOP *** [Kd 7c Qd]
eldredj: checks
Tryptamean: bets $3
eldredj: folds
Uncalled bet ($3) returned to Tryptamean
Tryptamean collected $11.76 from pot
Tryptamean: doesn't show hand
*** SUMMARY ***
Total pot $12 | Rake $0.24
Board [Kd 7c Qd]
Seat 3: Tryptamean (button) (small blind) collected ($11.76)
Seat 5: eldredj (big blind) folded on the Flop


PokerStars Hand #155129128069:  Hold'em Limit ($3/$6 USD) - 2016/06/24 3:48:02 ET
Table 'Emita' 6-max Seat #5 is the button
Seat 1: AzureCaper ($151.70 in chips)
Seat 5: eldredj ($297.12 in chips)
eldredj: posts small blind $1
AzureCaper: posts big blind $3
*** HOLE CARDS ***
eldredj: raises $3 to $6
AzureCaper: calls $3
*** FLOP *** [7c Jd 9d]
AzureCaper: checks
eldredj: bets $3
AzureCaper: folds
Uncalled bet ($3) returned to eldredj
eldredj collected $11.76 from pot
eldredj: doesn't show hand
*** SUMMARY ***
Total pot $12 | Rake $0.24
Board [7c Jd 9d]
Seat 1: AzureCaper (big blind) folded on the Flop
Seat 5: eldredj (button) (small blind) collected ($11.76)


PokerStars Hand #155129125162:  Hold'em Limit ($3/$6 USD) - 2016/06/24 3:47:51 ET
Table 'Emita' 6-max Seat #1 is the button
Seat 1: AzureCaper ($145.94 in chips)
Seat 5: eldredj ($303.12 in chips)
AzureCaper: posts small blind $1
Tryptamean: is sitting out
eldredj: posts big blind $3
*** HOLE CARDS ***
AzureCaper: raises $3 to $6
eldredj: calls $3
*** FLOP *** [3d Kc 3s]
eldredj: checks
AzureCaper: bets $3
eldredj: folds
Uncalled bet ($3) returned to AzureCaper
AzureCaper collected $11.76 from pot
AzureCaper: doesn't show hand
*** SUMMARY ***
Total pot $12 | Rake $0.24
Board [3d Kc 3s]
Seat 1: AzureCaper (button) (small blind) collected ($11.76)
Seat 5: eldredj (big blind) folded on the Flop


PokerStars Hand #155129131042:  Hold'em Limit ($3/$6 USD) - 2016/06/24 3:48:13 ET
Table 'Emita' 6-max Seat #1 is the button
Seat 1: AzureCaper ($145.70 in chips)
Seat 5: eldredj ($302.88 in chips)
AzureCaper: posts small blind $1
eldredj: posts big blind $3
*** HOLE CARDS ***
AzureCaper: raises $3 to $6
eldredj: calls $3
*** FLOP *** [Th Qh 6s]
eldredj: checks
AzureCaper: bets $3
eldredj: raises $3 to $6
AzureCaper: folds
Uncalled bet ($3) returned to eldredj
eldredj collected $17.64 from pot
eldredj: doesn't show hand
*** SUMMARY ***
Total pot $18 | Rake $0.36
Board [Th Qh 6s]
Seat 1: AzureCaper (button) (small blind) folded on the Flop
Seat 5: eldredj (big blind) collected ($17.64)


PokerStars Hand #155129146037:  Hold'em Limit ($3/$6 USD) - 2016/06/24 3:49:09 ET
Table 'Emita' 6-max Seat #1 is the button
Seat 1: AzureCaper ($133.20 in chips)
Seat 5: eldredj ($314.02 in chips)
AzureCaper: posts small blind $1
eldredj: posts big blind $3
*** HOLE CARDS ***
AzureCaper: raises $3 to $6
eldredj: calls $3
*** FLOP *** [Ks 8h Jh]
eldredj: checks
AzureCaper: bets $3
eldredj: calls $3
*** TURN *** [Ks 8h Jh] [As]
eldredj: checks
AzureCaper: bets $6
eldredj: folds
Uncalled bet ($6) returned to AzureCaper
AzureCaper collected $17.64 from pot
AzureCaper: doesn't show hand
*** SUMMARY ***
Total pot $18 | Rake $0.36
Board [Ks 8h Jh As]
Seat 1: AzureCaper (button) (small blind) collected ($17.64)
Seat 5: eldredj (big blind) folded on the Turn


PokerStars Hand #155129135215:  Hold'em Limit ($3/$6 USD) - 2016/06/24 3:48:28 ET
Table 'Emita' 6-max Seat #1 is the button
Seat 1: AzureCaper ($133.70 in chips)
Seat 5: eldredj ($314.52 in chips)
AzureCaper: posts small blind $1
eldredj: posts big blind $3
*** HOLE CARDS ***
AzureCaper: raises $3 to $6
eldredj: calls $3
*** FLOP *** [4s 8s Qc]
eldredj: checks
AzureCaper: bets $3
eldredj: calls $3
*** TURN *** [4s 8s Qc] [5d]
eldredj: checks
AzureCaper: bets $6
eldredj: calls $6
*** RIVER *** [4s 8s Qc 5d] [8d]
eldredj: checks
AzureCaper: bets $6
eldredj: calls $6
*** SHOW DOWN ***
AzureCaper: shows [Qd 9c] (two pair, Queens and Eights)
eldredj: mucks hand
AzureCaper collected $41.50 from pot
*** SUMMARY ***
Total pot $42 | Rake $0.50
Board [4s 8s Qc 5d 8d]
Seat 1: AzureCaper (button) (small blind) showed [Qd 9c] and won ($41.50) with two pair, Queens and Eights
Seat 5: eldredj (big blind) mucked


PokerStars Hand #155129139851:  Hold'em Limit ($3/$6 USD) - 2016/06/24 3:48:46 ET
Table 'Emita' 6-max Seat #5 is the button
Seat 1: AzureCaper ($154.20 in chips)
Seat 5: eldredj ($293.52 in chips)
eldredj: posts small blind $1
AzureCaper: posts big blind $3
*** HOLE CARDS ***
eldredj: raises $3 to $6
AzureCaper: calls $3
*** FLOP *** [5d 7s 9c]
AzureCaper: checks
eldredj: bets $3
AzureCaper: calls $3
*** TURN *** [5d 7s 9c] [Kc]
AzureCaper: checks
eldredj: bets $6
AzureCaper: calls $6
*** RIVER *** [5d 7s 9c Kc] [2h]
AzureCaper: checks
eldredj: bets $6
AzureCaper: calls $6
*** SHOW DOWN ***
eldredj: shows [Qd Ks] (a pair of Kings)
AzureCaper: mucks hand
eldredj collected $41.50 from pot
*** SUMMARY ***
Total pot $42 | Rake $0.50
Board [5d 7s 9c Kc 2h]
Seat 1: AzureCaper (big blind) mucked
Seat 5: eldredj (button) (small blind) showed [Qd Ks] and won ($41.50) with a pair of Kings


PokerStars Hand #155129133930:  Hold'em Limit ($3/$6 USD) - 2016/06/24 3:48:23 ET
Table 'Emita' 6-max Seat #5 is the button
Seat 1: AzureCaper ($136.70 in chips)
Seat 5: eldredj ($311.52 in chips)
eldredj: posts small blind $1
AzureCaper: posts big blind $3
*** HOLE CARDS ***
eldredj: raises $3 to $6
AzureCaper: folds
Uncalled bet ($3) returned to eldredj
eldredj collected $6 from pot
eldredj: doesn't show hand
*** SUMMARY ***
Total pot $6 | Rake $0
Seat 1: AzureCaper (big blind) folded before Flop
Seat 5: eldredj (button) (small blind) collected ($6)


PokerStars Hand #155129150060:  Hold'em Limit ($3/$6 USD) - 2016/06/24 3:49:24 ET
Table 'Emita' 6-max Seat #5 is the button
Seat 1: AzureCaper ($141.84 in chips)
Seat 5: eldredj ($305.02 in chips)
eldredj: posts small blind $1
AzureCaper: posts big blind $3
*** HOLE CARDS ***
eldredj: raises $3 to $6
AzureCaper: calls $3
*** FLOP *** [Kh 9c 9h]
AzureCaper: checks
eldredj: bets $3
AzureCaper: calls $3
*** TURN *** [Kh 9c 9h] [4s]
AzureCaper: checks
eldredj: bets $6
AzureCaper: calls $6
*** RIVER *** [Kh 9c 9h 4s] [7d]
AzureCaper: checks
eldredj: bets $6
AzureCaper: calls $6
*** SHOW DOWN ***
eldredj: shows [Th 9s] (three of a kind, Nines)
AzureCaper: mucks hand
eldredj collected $41.50 from pot
*** SUMMARY ***
Total pot $42 | Rake $0.50
Board [Kh 9c 9h 4s 7d]
Seat 1: AzureCaper (big blind) mucked
Seat 5: eldredj (button) (small blind) showed [Th 9s] and won ($41.50) with three of a kind, Nines


PokerStars Hand #155129158529:  Hold'em Limit ($3/$6 USD) - 2016/06/24 3:49:55 ET
Table 'Emita' 6-max Seat #5 is the button
Seat 1: AzureCaper ($105.84 in chips)
Seat 5: eldredj ($340.02 in chips)
eldredj: posts small blind $1
AzureCaper: posts big blind $3
*** HOLE CARDS ***
eldredj: raises $3 to $6
AzureCaper: calls $3
*** FLOP *** [Ah 5h Jc]
AzureCaper: checks
eldredj: bets $3
AzureCaper: calls $3
*** TURN *** [Ah 5h Jc] [Jd]
AzureCaper: checks
eldredj: checks
*** RIVER *** [Ah 5h Jc Jd] [7h]
AzureCaper: bets $6
eldredj: raises $6 to $12
AzureCaper: folds
Uncalled bet ($6) returned to eldredj
eldredj collected $29.50 from pot
eldredj: doesn't show hand
*** SUMMARY ***
Total pot $30 | Rake $0.50
Board [Ah 5h Jc Jd 7h]
Seat 1: AzureCaper (big blind) folded on the River
Seat 5: eldredj (button) (small blind) collected ($29.50)


PokerStars Hand #155129154505:  Hold'em Limit ($3/$6 USD) - 2016/06/24 3:49:40 ET
Table 'Emita' 6-max Seat #1 is the button
Seat 1: AzureCaper ($120.84 in chips)
Seat 5: eldredj ($325.52 in chips)
AzureCaper: posts small blind $1
eldredj: posts big blind $3
*** HOLE CARDS ***
AzureCaper: raises $3 to $6
eldredj: calls $3
*** FLOP *** [3s 3d 9s]
eldredj: checks
AzureCaper: bets $3
eldredj: calls $3
*** TURN *** [3s 3d 9s] [Kc]
eldredj: checks
AzureCaper: bets $6
eldredj: raises $6 to $12
AzureCaper: folds
Uncalled bet ($6) returned to eldredj
eldredj collected $29.50 from pot
eldredj: doesn't show hand
*** SUMMARY ***
Total pot $30 | Rake $0.50
Board [3s 3d 9s Kc]
Seat 1: AzureCaper (button) (small blind) folded on the Turn
Seat 5: eldredj (big blind) collected ($29.50)


PokerStars Hand #155129175090:  Hold'em Limit ($3/$6 USD) - 2016/06/24 3:50:54 ET
Table 'Emita' 6-max Seat #5 is the button
Seat 1: AzureCaper ($111.34 in chips)
Seat 5: eldredj ($333.16 in chips)
eldredj: posts small blind $1
AzureCaper: posts big blind $3
*** HOLE CARDS ***
eldredj: raises $3 to $6
AzureCaper: calls $3
*** FLOP *** [5d 5h 2c]
AzureCaper: checks
eldredj: checks
*** TURN *** [5d 5h 2c] [Ks]
AzureCaper: bets $6
eldredj: folds
Uncalled bet ($6) returned to AzureCaper
AzureCaper collected $11.76 from pot
AzureCaper: doesn't show hand
*** SUMMARY ***
Total pot $12 | Rake $0.24
Board [5d 5h 2c Ks]
Seat 1: AzureCaper (big blind) collected ($11.76)
Seat 5: eldredj (button) (small blind) folded on the Turn


PokerStars Hand #155129168030:  Hold'em Limit ($3/$6 USD) - 2016/06/24 3:50:27 ET
Table 'Emita' 6-max Seat #5 is the button
Seat 1: AzureCaper ($123.34 in chips)
Seat 5: eldredj ($321.52 in chips)
eldredj: posts small blind $1
AzureCaper: posts big blind $3
*** HOLE CARDS ***
eldredj: raises $3 to $6
AzureCaper: folds
Uncalled bet ($3) returned to eldredj
eldredj collected $6 from pot
eldredj: doesn't show hand
*** SUMMARY ***
Total pot $6 | Rake $0
Seat 1: AzureCaper (big blind) folded before Flop
Seat 5: eldredj (button) (small blind) collected ($6)


PokerStars Hand #155129163782:  Hold'em Limit ($3/$6 USD) - 2016/06/24 3:50:12 ET
Table 'Emita' 6-max Seat #1 is the button
Seat 1: AzureCaper ($90.84 in chips)
Seat 5: eldredj ($354.52 in chips)
AzureCaper: posts small blind $1
eldredj: posts big blind $3
*** HOLE CARDS ***
AzureCaper: raises $3 to $6
eldredj: calls $3
*** FLOP *** [7c 9d 8s]
eldredj: checks
AzureCaper: bets $3
eldredj: calls $3
*** TURN *** [7c 9d 8s] [Ad]
eldredj: checks
AzureCaper: bets $6
eldredj: raises $6 to $12
AzureCaper: calls $6
*** RIVER *** [7c 9d 8s Ad] [6c]
eldredj: bets $6
AzureCaper: raises $6 to $12
eldredj: calls $6
*** SHOW DOWN ***
AzureCaper: shows [4s Ts] (a straight, Six to Ten)
eldredj: mucks hand
AzureCaper collected $65.50 from pot
*** SUMMARY ***
Total pot $66 | Rake $0.50
Board [7c 9d 8s Ad 6c]
Seat 1: AzureCaper (button) (small blind) showed [4s Ts] and won ($65.50) with a straight, Six to Ten
Seat 5: eldredj (big blind) mucked


PokerStars Hand #155129169593:  Hold'em Limit ($3/$6 USD) - 2016/06/24 3:50:33 ET
Table 'Emita' 6-max Seat #1 is the button
Seat 1: AzureCaper ($120.34 in chips)
Seat 5: eldredj ($324.52 in chips)
AzureCaper: posts small blind $1
eldredj: posts big blind $3
*** HOLE CARDS ***
AzureCaper: raises $3 to $6
eldredj: calls $3
*** FLOP *** [6s 8c 4s]
eldredj: checks
AzureCaper: bets $3
eldredj: calls $3
*** TURN *** [6s 8c 4s] [Ah]
eldredj: checks
AzureCaper: checks
*** RIVER *** [6s 8c 4s Ah] [9s]
eldredj: bets $6
AzureCaper: folds
Uncalled bet ($6) returned to eldredj
eldredj collected $17.64 from pot
eldredj: doesn't show hand
*** SUMMARY ***
Total pot $18 | Rake $0.36
Board [6s 8c 4s Ah 9s]
Seat 1: AzureCaper (button) (small blind) folded on the River
Seat 5: eldredj (big blind) collected ($17.64)


PokerStars Hand #155129183725:  Hold'em Limit ($3/$6 USD) - 2016/06/24 3:51:26 ET
Table 'Emita' 6-max Seat #5 is the button
Seat 1: AzureCaper ($125.74 in chips)
Seat 5: eldredj ($318.16 in chips)
eldredj: posts small blind $1
AzureCaper: posts big blind $3
*** HOLE CARDS ***
eldredj: raises $3 to $6
AzureCaper: folds
Uncalled bet ($3) returned to eldredj
eldredj collected $6 from pot
eldredj: doesn't show hand
*** SUMMARY ***
Total pot $6 | Rake $0
Seat 1: AzureCaper (big blind) folded before Flop
Seat 5: eldredj (button) (small blind) collected ($6)


PokerStars Hand #155129179309:  Hold'em Limit ($3/$6 USD) - 2016/06/24 3:51:10 ET
Table 'Emita' 6-max Seat #1 is the button
Seat 1: AzureCaper ($117.10 in chips)
Seat 5: eldredj ($327.16 in chips)
AzureCaper: posts small blind $1
eldredj: posts big blind $3
*** HOLE CARDS ***
AzureCaper: raises $3 to $6
eldredj: calls $3
*** FLOP *** [6c Ts 9s]
eldredj: checks
AzureCaper: bets $3
eldredj: calls $3
*** TURN *** [6c Ts 9s] [Tc]
eldredj: checks
AzureCaper: bets $6
eldredj: folds
Uncalled bet ($6) returned to AzureCaper
AzureCaper collected $17.64 from pot
AzureCaper: doesn't show hand
*** SUMMARY ***
Total pot $18 | Rake $0.36
Board [6c Ts 9s Tc]
Seat 1: AzureCaper (button) (small blind) collected ($17.64)
Seat 5: eldredj (big blind) folded on the Turn


PokerStars Hand #155129186249:  Hold'em Limit ($3/$6 USD) - 2016/06/24 3:51:36 ET
Table 'Emita' 6-max Seat #5 is the button
Seat 1: AzureCaper ($121.74 in chips)
Seat 5: eldredj ($322.16 in chips)
eldredj: posts small blind $1
AzureCaper: posts big blind $3
*** HOLE CARDS ***
eldredj: folds
Uncalled bet ($2) returned to AzureCaper
AzureCaper collected $2 from pot
AzureCaper: doesn't show hand
Dron21200 joins the table at seat #2
*** SUMMARY ***
Total pot $2 | Rake $0
Seat 1: AzureCaper (big blind) collected ($2)
Seat 5: eldredj (button) (small blind) folded before Flop


PokerStars Hand #155129185046:  Hold'em Limit ($3/$6 USD) - 2016/06/24 3:51:31 ET
Table 'Emita' 6-max Seat #1 is the button
Seat 1: AzureCaper ($122.74 in chips)
Seat 5: eldredj ($321.16 in chips)
AzureCaper: posts small blind $1
eldredj: posts big blind $3
*** HOLE CARDS ***
AzureCaper: folds
Uncalled bet ($2) returned to eldredj
eldredj collected $2 from pot
eldredj: doesn't show hand
*** SUMMARY ***
Total pot $2 | Rake $0
Seat 1: AzureCaper (button) (small blind) folded before Flop
Seat 5: eldredj (big blind) collected ($2)


PokerStars Hand #155129316942:  Hold'em Limit ($3/$6 USD) - 2016/06/24 4:00:03 ET
Table 'Emita' 6-max Seat #6 is the button
Seat 5: eldredj ($224.76 in chips)
Seat 6: Murrrr_@T ($62.50 in chips)
Murrrr_@T: posts small blind $1
eldredj: posts big blind $3
*** HOLE CARDS ***
Murrrr_@T: raises $3 to $6
eldredj: calls $3
*** FLOP *** [4s As Qd]
eldredj: checks
Murrrr_@T: bets $3
eldredj: calls $3
*** TURN *** [4s As Qd] [4d]
eldredj: checks
Murrrr_@T: checks
*** RIVER *** [4s As Qd 4d] [8h]
eldredj: bets $6
Murrrr_@T: calls $6
*** SHOW DOWN ***
eldredj: shows [Jd Ks] (a pair of Fours)
Murrrr_@T: shows [6h 8s] (two pair, Eights and Fours)
Murrrr_@T collected $29.50 from pot
*** SUMMARY ***
Total pot $30 | Rake $0.50
Board [4s As Qd 4d 8h]
Seat 5: eldredj (big blind) showed [Jd Ks] and lost with a pair of Fours
Seat 6: Murrrr_@T (button) (small blind) showed [6h 8s] and won ($29.50) with two pair, Eights and Fours


PokerStars Hand #155129321454:  Hold'em Limit ($3/$6 USD) - 2016/06/24 4:00:21 ET
Table 'Emita' 6-max Seat #5 is the button
Seat 5: eldredj ($209.76 in chips)
Seat 6: Murrrr_@T ($77 in chips)
eldredj: posts small blind $1
Murrrr_@T: posts big blind $3
*** HOLE CARDS ***
eldredj: raises $3 to $6
Murrrr_@T: raises $3 to $9
eldredj: calls $3
*** FLOP *** [Th 9c 4s]
Murrrr_@T: bets $3
eldredj: calls $3
*** TURN *** [Th 9c 4s] [2s]
Murrrr_@T: bets $6
eldredj: raises $6 to $12
Murrrr_@T: calls $6
*** RIVER *** [Th 9c 4s 2s] [7h]
Murrrr_@T: checks
eldredj: bets $6
Murrrr_@T: folds
Uncalled bet ($6) returned to eldredj
eldredj collected $47.50 from pot
eldredj: doesn't show hand
*** SUMMARY ***
Total pot $48 | Rake $0.50
Board [Th 9c 4s 2s 7h]
Seat 5: eldredj (button) (small blind) collected ($47.50)
Seat 6: Murrrr_@T (big blind) folded on the River


PokerStars Hand #155129329749:  Hold'em Limit ($3/$6 USD) - 2016/06/24 4:00:53 ET
Table 'Emita' 6-max Seat #6 is the button
Seat 5: eldredj ($233.26 in chips)
Seat 6: Murrrr_@T ($53 in chips)
Murrrr_@T: posts small blind $1
eldredj: posts big blind $3
*** HOLE CARDS ***
Murrrr_@T: raises $3 to $6
eldredj: folds
Uncalled bet ($3) returned to Murrrr_@T
Murrrr_@T collected $6 from pot
Murrrr_@T: doesn't show hand
*** SUMMARY ***
Total pot $6 | Rake $0
Seat 5: eldredj (big blind) folded before Flop
Seat 6: Murrrr_@T (button) (small blind) collected ($6)


PokerStars Hand #155129332243:  Hold'em Limit ($3/$6 USD) - 2016/06/24 4:01:03 ET
Table 'Emita' 6-max Seat #5 is the button
Seat 5: eldredj ($230.26 in chips)
Seat 6: Murrrr_@T ($56 in chips)
eldredj: posts small blind $1
Murrrr_@T: posts big blind $3
*** HOLE CARDS ***
eldredj: raises $3 to $6
Murrrr_@T: calls $3
*** FLOP *** [Jh Kc Qh]
Murrrr_@T: checks
eldredj: bets $3
Murrrr_@T: raises $3 to $6
eldredj: calls $3
*** TURN *** [Jh Kc Qh] [8h]
Murrrr_@T: bets $6
eldredj: folds
Uncalled bet ($6) returned to Murrrr_@T
Murrrr_@T collected $23.52 from pot
Murrrr_@T: doesn't show hand
*** SUMMARY ***
Total pot $24 | Rake $0.48
Board [Jh Kc Qh 8h]
Seat 5: eldredj (button) (small blind) folded on the Turn
Seat 6: Murrrr_@T (big blind) collected ($23.52)


PokerStars Hand #155129349959:  Hold'em Limit ($3/$6 USD) - 2016/06/24 4:02:08 ET
Table 'Emita' 6-max Seat #6 is the button
Seat 5: eldredj ($251.40 in chips)
Seat 6: Murrrr_@T ($93.52 in chips)
Murrrr_@T: posts small blind $1
eldredj: posts big blind $3
*** HOLE CARDS ***
Murrrr_@T: raises $3 to $6
eldredj: calls $3
*** FLOP *** [8d 3s Qc]
eldredj: checks
Murrrr_@T: bets $3
eldredj: folds
Uncalled bet ($3) returned to Murrrr_@T
Murrrr_@T collected $11.76 from pot
Murrrr_@T: doesn't show hand
*** SUMMARY ***
Total pot $12 | Rake $0.24
Board [8d 3s Qc]
Seat 5: eldredj (big blind) folded on the Flop
Seat 6: Murrrr_@T (button) (small blind) collected ($11.76)


PokerStars Hand #155129348365:  Hold'em Limit ($3/$6 USD) - 2016/06/24 4:02:02 ET
Table 'Emita' 6-max Seat #5 is the button
Seat 5: eldredj ($252.40 in chips)
Seat 6: Murrrr_@T ($32.52 in chips)
eldredj: posts small blind $1
Murrrr_@T: posts big blind $3
*** HOLE CARDS ***
eldredj: folds
Uncalled bet ($2) returned to Murrrr_@T
Murrrr_@T collected $2 from pot
Murrrr_@T: doesn't show hand
*** SUMMARY ***
Total pot $2 | Rake $0
Seat 5: eldredj (button) (small blind) folded before Flop
Seat 6: Murrrr_@T (big blind) collected ($2)


PokerStars Hand #155129343149:  Hold'em Limit ($3/$6 USD) - 2016/06/24 4:01:43 ET
Table 'Emita' 6-max Seat #6 is the button
Seat 5: eldredj ($225.90 in chips)
Seat 6: Murrrr_@T ($59.52 in chips)
Murrrr_@T: posts small blind $1
eldredj: posts big blind $3
*** HOLE CARDS ***
Murrrr_@T: raises $3 to $6
eldredj: calls $3
*** FLOP *** [7h Ts 3c]
eldredj: checks
Murrrr_@T: bets $3
eldredj: calls $3
*** TURN *** [7h Ts 3c] [5h]
eldredj: checks
Murrrr_@T: bets $6
eldredj: raises $6 to $12
Murrrr_@T: calls $6
*** RIVER *** [7h Ts 3c 5h] [8s]
eldredj: bets $6
Murrrr_@T: calls $6
*** SHOW DOWN ***
eldredj: shows [4s 6d] (a straight, Four to Eight)
Murrrr_@T: mucks hand
eldredj collected $53.50 from pot
*** SUMMARY ***
Total pot $54 | Rake $0.50
Board [7h Ts 3c 5h 8s]
Seat 5: eldredj (big blind) showed [4s 6d] and won ($53.50) with a straight, Four to Eight
Seat 6: Murrrr_@T (button) (small blind) mucked


PokerStars Hand #155129341654:  Hold'em Limit ($3/$6 USD) - 2016/06/24 4:01:38 ET
Table 'Emita' 6-max Seat #5 is the button
Seat 5: eldredj ($226.90 in chips)
Seat 6: Murrrr_@T ($58.52 in chips)
eldredj: posts small blind $1
Murrrr_@T: posts big blind $3
*** HOLE CARDS ***
eldredj: folds
Uncalled bet ($2) returned to Murrrr_@T
Murrrr_@T collected $2 from pot
Murrrr_@T: doesn't show hand
*** SUMMARY ***
Total pot $2 | Rake $0
Seat 5: eldredj (button) (small blind) folded before Flop
Seat 6: Murrrr_@T (big blind) collected ($2)


PokerStars Hand #155129337168:  Hold'em Limit ($3/$6 USD) - 2016/06/24 4:01:21 ET
Table 'Emita' 6-max Seat #6 is the button
Seat 5: eldredj ($218.26 in chips)
Seat 6: Murrrr_@T ($67.52 in chips)
Murrrr_@T: posts small blind $1
eldredj: posts big blind $3
*** HOLE CARDS ***
Murrrr_@T: raises $3 to $6
eldredj: calls $3
*** FLOP *** [Ad 2s 5h]
eldredj: checks
Murrrr_@T: bets $3
eldredj: calls $3
*** TURN *** [Ad 2s 5h] [Kd]
eldredj: checks
Murrrr_@T: checks
*** RIVER *** [Ad 2s 5h Kd] [Qs]
eldredj: checks
Murrrr_@T: checks
*** SHOW DOWN ***
eldredj: shows [7s 2d] (a pair of Deuces)
Murrrr_@T: mucks hand
eldredj collected $17.64 from pot
*** SUMMARY ***
Total pot $18 | Rake $0.36
Board [Ad 2s 5h Kd Qs]
Seat 5: eldredj (big blind) showed [7s 2d] and won ($17.64) with a pair of Deuces
Seat 6: Murrrr_@T (button) (small blind) mucked


PokerStars Hand #155129363657:  Hold'em Limit ($3/$6 USD) - 2016/06/24 4:02:57 ET
Table 'Emita' 6-max Seat #5 is the button
Seat 5: eldredj ($277.66 in chips)
Seat 6: Murrrr_@T ($66.28 in chips)
eldredj: posts small blind $1
Murrrr_@T: posts big blind $3
*** HOLE CARDS ***
eldredj: raises $3 to $6
Murrrr_@T: calls $3
*** FLOP *** [8s Ac 9s]
Murrrr_@T: checks
eldredj: bets $3
Dron21200 joins the table at seat #3
Murrrr_@T: raises $3 to $6
eldredj: folds
Uncalled bet ($3) returned to Murrrr_@T
Murrrr_@T collected $17.64 from pot
Murrrr_@T: doesn't show hand
*** SUMMARY ***
Total pot $18 | Rake $0.36
Board [8s Ac 9s]
Seat 5: eldredj (button) (small blind) folded on the Flop
Seat 6: Murrrr_@T (big blind) collected ($17.64)


PokerStars Hand #155129358167:  Hold'em Limit ($3/$6 USD) - 2016/06/24 4:02:38 ET
Table 'Emita' 6-max Seat #6 is the button
Seat 5: eldredj ($271.90 in chips)
Seat 6: Murrrr_@T ($72.28 in chips)
Murrrr_@T: posts small blind $1
eldredj: posts big blind $3
*** HOLE CARDS ***
Murrrr_@T: raises $3 to $6
eldredj: calls $3
*** FLOP *** [Ac 9s 2d]
eldredj: checks
Murrrr_@T: checks
*** TURN *** [Ac 9s 2d] [5d]
eldredj: checks
Murrrr_@T: checks
*** RIVER *** [Ac 9s 2d 5d] [Td]
eldredj: checks
Murrrr_@T: checks
*** SHOW DOWN ***
eldredj: shows [4h Ts] (a pair of Tens)
Murrrr_@T: mucks hand
eldredj collected $11.76 from pot
*** SUMMARY ***
Total pot $12 | Rake $0.24
Board [Ac 9s 2d 5d Td]
Seat 5: eldredj (big blind) showed [4h Ts] and won ($11.76) with a pair of Tens
Seat 6: Murrrr_@T (button) (small blind) mucked


PokerStars Hand #155129352831:  Hold'em Limit ($3/$6 USD) - 2016/06/24 4:02:18 ET
Table 'Emita' 6-max Seat #5 is the button
Seat 5: eldredj ($245.40 in chips)
Seat 6: Murrrr_@T ($99.28 in chips)
eldredj: posts small blind $1
Murrrr_@T: posts big blind $3
*** HOLE CARDS ***
eldredj: raises $3 to $6
Murrrr_@T: raises $3 to $9
eldredj: calls $3
*** FLOP *** [Tc Qs 9c]
Murrrr_@T: bets $3
eldredj: raises $3 to $6
Murrrr_@T: calls $3
*** TURN *** [Tc Qs 9c] [7h]
Murrrr_@T: checks
eldredj: bets $6
Murrrr_@T: calls $6
*** RIVER *** [Tc Qs 9c 7h] [9d]
Murrrr_@T: checks
eldredj: bets $6
Murrrr_@T: calls $6
*** SHOW DOWN ***
eldredj: shows [Jd Qd] (two pair, Queens and Nines)
Murrrr_@T: mucks hand
eldredj collected $53.50 from pot
*** SUMMARY ***
Total pot $54 | Rake $0.50
Board [Tc Qs 9c 7h 9d]
Seat 5: eldredj (button) (small blind) showed [Jd Qd] and won ($53.50) with two pair, Queens and Nines
Seat 6: Murrrr_@T (big blind) mucked


PokerStars Hand #155129558516:  Hold'em Limit ($3/$6 USD) - 2016/06/24 4:14:26 ET
Table 'Emita' 6-max Seat #5 is the button
Seat 5: eldredj ($239.39 in chips)
Seat 6: Murrrr_@T ($151.41 in chips)
eldredj: posts small blind $1
Murrrr_@T: posts big blind $3
*** HOLE CARDS ***
eldredj: raises $3 to $6
Murrrr_@T: calls $3
*** FLOP *** [5h 6h Jh]
Murrrr_@T: checks
eldredj: bets $3
Murrrr_@T: calls $3
*** TURN *** [5h 6h Jh] [Kd]
Murrrr_@T: checks
eldredj: checks
*** RIVER *** [5h 6h Jh Kd] [6c]
Murrrr_@T: checks
eldredj: checks
*** SHOW DOWN ***
Murrrr_@T: shows [As 2d] (a pair of Sixes)
eldredj: mucks hand
Murrrr_@T collected $17.64 from pot
*** SUMMARY ***
Total pot $18 | Rake $0.36
Board [5h 6h Jh Kd 6c]
Seat 5: eldredj (button) (small blind) mucked
Seat 6: Murrrr_@T (big blind) showed [As 2d] and won ($17.64) with a pair of Sixes


PokerStars Hand #155129653060:  Hold'em Limit ($3/$6 USD) - 2016/06/24 4:19:58 ET
Table 'Emita' 6-max Seat #5 is the button
Seat 5: eldredj ($240.74 in chips)
Seat 6: Murrrr_@T ($96.11 in chips)
eldredj: posts small blind $1
Murrrr_@T: posts big blind $3
*** HOLE CARDS ***
eldredj: raises $3 to $6
Murrrr_@T: calls $3
*** FLOP *** [5s Qd Kh]
Murrrr_@T: checks
eldredj: bets $3
Murrrr_@T: calls $3
*** TURN *** [5s Qd Kh] [2h]
Murrrr_@T: checks
eldredj: bets $6
Murrrr_@T: folds
Uncalled bet ($6) returned to eldredj
eldredj collected $17.64 from pot
eldredj: doesn't show hand
*** SUMMARY ***
Total pot $18 | Rake $0.36
Board [5s Qd Kh 2h]
Seat 5: eldredj (button) (small blind) collected ($17.64)
Seat 6: Murrrr_@T (big blind) folded on the Turn


PokerStars Hand #155129646508:  Hold'em Limit ($3/$6 USD) - 2016/06/24 4:19:36 ET
Table 'Emita' 6-max Seat #6 is the button
Seat 5: eldredj ($255.74 in chips)
Seat 6: Murrrr_@T ($81.61 in chips)
Murrrr_@T: posts small blind $1
eldredj: posts big blind $3
*** HOLE CARDS ***
Murrrr_@T: raises $3 to $6
eldredj: calls $3
*** FLOP *** [6d 3s 4c]
eldredj: checks
Murrrr_@T: bets $3
eldredj: calls $3
*** TURN *** [6d 3s 4c] [Th]
eldredj: checks
Murrrr_@T: bets $6
eldredj: calls $6
*** RIVER *** [6d 3s 4c Th] [Qc]
eldredj: checks
Murrrr_@T: checks
*** SHOW DOWN ***
eldredj: shows [Js Kh] (high card King)
Murrrr_@T: shows [As 5d] (high card Ace)
Murrrr_@T collected $29.50 from pot
*** SUMMARY ***
Total pot $30 | Rake $0.50
Board [6d 3s 4c Th Qc]
Seat 5: eldredj (big blind) showed [Js Kh] and lost with high card King
Seat 6: Murrrr_@T (button) (small blind) showed [As 5d] and won ($29.50) with high card Ace


PokerStars Hand #155129670006:  Hold'em Limit ($3/$6 USD) - 2016/06/24 4:20:57 ET
Table 'Emita' 6-max Seat #6 is the button
Seat 5: eldredj ($231.38 in chips)
Seat 6: Murrrr_@T ($104.39 in chips)
Murrrr_@T: posts small blind $1
eldredj: posts big blind $3
*** HOLE CARDS ***
Murrrr_@T: raises $3 to $6
eldredj: calls $3
*** FLOP *** [Td 3s 6c]
eldredj: checks
Murrrr_@T: bets $3
eldredj: folds
Uncalled bet ($3) returned to Murrrr_@T
Murrrr_@T collected $11.76 from pot
Murrrr_@T: doesn't show hand
*** SUMMARY ***
Total pot $12 | Rake $0.24
Board [Td 3s 6c]
Seat 5: eldredj (big blind) folded on the Flop
Seat 6: Murrrr_@T (button) (small blind) collected ($11.76)


PokerStars Hand #155129673553:  Hold'em Limit ($3/$6 USD) - 2016/06/24 4:21:10 ET
Table 'Emita' 6-max Seat #5 is the button
Seat 5: eldredj ($225.38 in chips)
Seat 6: Murrrr_@T ($110.15 in chips)
eldredj: posts small blind $1
Murrrr_@T: posts big blind $3
*** HOLE CARDS ***
eldredj: raises $3 to $6
Murrrr_@T: calls $3
*** FLOP *** [Jh Jd Qs]
Murrrr_@T: checks
eldredj: bets $3
Murrrr_@T: folds
Uncalled bet ($3) returned to eldredj
eldredj collected $11.76 from pot
eldredj: doesn't show hand
*** SUMMARY ***
Total pot $12 | Rake $0.24
Board [Jh Jd Qs]
Seat 5: eldredj (button) (small blind) collected ($11.76)
Seat 6: Murrrr_@T (big blind) folded on the Flop


PokerStars Hand #155129659106:  Hold'em Limit ($3/$6 USD) - 2016/06/24 4:20:19 ET
Table 'Emita' 6-max Seat #6 is the button
Seat 5: eldredj ($249.38 in chips)
Seat 6: Murrrr_@T ($87.11 in chips)
Murrrr_@T: posts small blind $1
eldredj: posts big blind $3
*** HOLE CARDS ***
Murrrr_@T: raises $3 to $6
eldredj: calls $3
*** FLOP *** [7d Tc Kh]
eldredj: checks
Murrrr_@T: bets $3
eldredj: folds
Uncalled bet ($3) returned to Murrrr_@T
Murrrr_@T collected $11.76 from pot
Murrrr_@T: doesn't show hand
*** SUMMARY ***
Total pot $12 | Rake $0.24
Board [7d Tc Kh]
Seat 5: eldredj (big blind) folded on the Flop
Seat 6: Murrrr_@T (button) (small blind) collected ($11.76)


PokerStars Hand #155129664502:  Hold'em Limit ($3/$6 USD) - 2016/06/24 4:20:38 ET
Table 'Emita' 6-max Seat #5 is the button
Seat 5: eldredj ($243.38 in chips)
Seat 6: Murrrr_@T ($92.87 in chips)
eldredj: posts small blind $1
Murrrr_@T: posts big blind $3
*** HOLE CARDS ***
eldredj: raises $3 to $6
Murrrr_@T: calls $3
*** FLOP *** [2s 3d 7d]
Murrrr_@T: checks
eldredj: bets $3
Murrrr_@T: raises $3 to $6
eldredj: calls $3
*** TURN *** [2s 3d 7d] [Js]
Murrrr_@T: bets $6
eldredj: folds
Uncalled bet ($6) returned to Murrrr_@T
Murrrr_@T collected $23.52 from pot
Murrrr_@T: doesn't show hand
*** SUMMARY ***
Total pot $24 | Rake $0.48
Board [2s 3d 7d Js]
Seat 5: eldredj (button) (small blind) folded on the Turn
Seat 6: Murrrr_@T (big blind) collected ($23.52)


PokerStars Hand #155129676787:  Hold'em Limit ($3/$6 USD) - 2016/06/24 4:21:21 ET
Table 'Emita' 6-max Seat #6 is the button
Seat 5: eldredj ($231.14 in chips)
Seat 6: Murrrr_@T ($104.15 in chips)
Murrrr_@T: posts small blind $1
eldredj: posts big blind $3
*** HOLE CARDS ***
Murrrr_@T: raises $3 to $6
eldredj: calls $3
*** FLOP *** [8d 6h Qh]
eldredj: checks
Murrrr_@T: bets $3
eldredj: folds
Uncalled bet ($3) returned to Murrrr_@T
Murrrr_@T collected $11.76 from pot
Murrrr_@T: doesn't show hand
*** SUMMARY ***
Total pot $12 | Rake $0.24
Board [8d 6h Qh]
Seat 5: eldredj (big blind) folded on the Flop
Seat 6: Murrrr_@T (button) (small blind) collected ($11.76)


PokerStars Hand #155129680268:  Hold'em Limit ($3/$6 USD) - 2016/06/24 4:21:33 ET
Table 'Emita' 6-max Seat #5 is the button
Seat 5: eldredj ($225.14 in chips)
Seat 6: Murrrr_@T ($109.91 in chips)
eldredj: posts small blind $1
Murrrr_@T: posts big blind $3
*** HOLE CARDS ***
eldredj: raises $3 to $6
Don Xuan13 is disconnected
Murrrr_@T: calls $3
*** FLOP *** [8s Tc 5h]
Murrrr_@T: checks
eldredj: bets $3
Murrrr_@T: calls $3
*** TURN *** [8s Tc 5h] [3h]
Murrrr_@T: checks
eldredj: bets $6
Murrrr_@T: calls $6
*** RIVER *** [8s Tc 5h 3h] [Jh]
Murrrr_@T: checks
eldredj: bets $6
Murrrr_@T: folds
Uncalled bet ($6) returned to eldredj
eldredj collected $29.50 from pot
eldredj: doesn't show hand
*** SUMMARY ***
Total pot $30 | Rake $0.50
Board [8s Tc 5h 3h Jh]
Seat 5: eldredj (button) (small blind) collected ($29.50)
Seat 6: Murrrr_@T (big blind) folded on the River


PokerStars Hand #155129696029:  Hold'em Limit ($3/$6 USD) - 2016/06/24 4:22:08 ET
Table 'Emita' 6-max Seat #6 is the button
Seat 5: eldredj ($239.64 in chips)
Seat 6: Murrrr_@T ($94.91 in chips)
Murrrr_@T: posts small blind $1
eldredj: posts big blind $3
*** HOLE CARDS ***
Murrrr_@T: raises $3 to $6
eldredj: folds
Uncalled bet ($3) returned to Murrrr_@T
Murrrr_@T collected $6 from pot
Murrrr_@T: doesn't show hand
*** SUMMARY ***
Total pot $6 | Rake $0
Seat 5: eldredj (big blind) folded before Flop
Seat 6: Murrrr_@T (button) (small blind) collected ($6)


PokerStars Hand #155129707949:  Hold'em Limit ($3/$6 USD) - 2016/06/24 4:22:50 ET
Table 'Emita' 6-max Seat #5 is the button
Seat 5: eldredj ($236.28 in chips)
Seat 6: Murrrr_@T ($97.55 in chips)
eldredj: posts small blind $1
Murrrr_@T: posts big blind $3
*** HOLE CARDS ***
eldredj: raises $3 to $6
Murrrr_@T: calls $3
*** FLOP *** [8c 4c 6c]
Murrrr_@T: checks
eldredj: bets $3
Murrrr_@T: raises $3 to $6
eldredj: calls $3
*** TURN *** [8c 4c 6c] [5h]
Murrrr_@T: bets $6
eldredj: raises $6 to $12
Murrrr_@T: calls $6
*** RIVER *** [8c 4c 6c 5h] [9c]
UnTwisteR joins the table at seat #2
Murrrr_@T: checks
eldredj: checks
*** SHOW DOWN ***
Murrrr_@T: shows [4h 5c] (a flush, Nine high)
eldredj: mucks hand
Murrrr_@T collected $47.50 from pot
*** SUMMARY ***
Total pot $48 | Rake $0.50
Board [8c 4c 6c 5h 9c]
Seat 5: eldredj (button) (small blind) mucked
Seat 6: Murrrr_@T (big blind) showed [4h 5c] and won ($47.50) with a flush, Nine high


PokerStars Hand #155129703193:  Hold'em Limit ($3/$6 USD) - 2016/06/24 4:22:33 ET
Table 'Emita' 6-max Seat #6 is the button
Seat 5: eldredj ($227.64 in chips)
Seat 6: Murrrr_@T ($106.55 in chips)
Murrrr_@T: posts small blind $1
eldredj: posts big blind $3
*** HOLE CARDS ***
Murrrr_@T: raises $3 to $6
eldredj: calls $3
*** FLOP *** [Jc 7d 2h]
eldredj: checks
Murrrr_@T: bets $3
eldredj: raises $3 to $6
Murrrr_@T: folds
Uncalled bet ($3) returned to eldredj
eldredj collected $17.64 from pot
eldredj: doesn't show hand
*** SUMMARY ***
Total pot $18 | Rake $0.36
Board [Jc 7d 2h]
Seat 5: eldredj (big blind) collected ($17.64)
Seat 6: Murrrr_@T (button) (small blind) folded on the Flop


PokerStars Hand #155129698056:  Hold'em Limit ($3/$6 USD) - 2016/06/24 4:22:15 ET
Table 'Emita' 6-max Seat #5 is the button
Seat 5: eldredj ($236.64 in chips)
Seat 6: Murrrr_@T ($97.91 in chips)
eldredj: posts small blind $1
Murrrr_@T: posts big blind $3
*** HOLE CARDS ***
eldredj: raises $3 to $6
Murrrr_@T: calls $3
*** FLOP *** [7s 8s Kd]
Murrrr_@T: checks
eldredj: bets $3
Murrrr_@T: raises $3 to $6
eldredj: folds
Uncalled bet ($3) returned to Murrrr_@T
Murrrr_@T collected $17.64 from pot
Murrrr_@T: doesn't show hand
*** SUMMARY ***
Total pot $18 | Rake $0.36
Board [7s 8s Kd]
Seat 5: eldredj (button) (small blind) folded on the Flop
Seat 6: Murrrr_@T (big blind) collected ($17.64)


