PokerStars Hand #152094680295:  Hold'em Limit ($3/$6 USD) - 2016/04/18 10:17:09 ET
Table 'Emita II' 6-max Seat #4 is the button
Seat 2: B_loJkl ($210.99 in chips)
Seat 4: Great_Kang ($126.87 in chips)
Great_Kang: posts small blind $1
B_loJkl: posts big blind $3
*** HOLE CARDS ***
Great_Kang: folds
Uncalled bet ($2) returned to B_loJkl
B_loJkl collected $2 from pot
B_loJkl: doesn't show hand
*** SUMMARY ***
Total pot $2 | Rake $0
Seat 2: B_loJkl (big blind) collected ($2)
Seat 4: Great_Kang (button) (small blind) folded before Flop


PokerStars Hand #152094674081:  Hold'em Limit ($3/$6 USD) - 2016/04/18 10:16:59 ET
Table 'Emita II' 6-max Seat #2 is the button
Seat 2: B_loJkl ($211.99 in chips)
Seat 4: Great_Kang ($125.87 in chips)
B_loJkl: posts small blind $1
Great_Kang: posts big blind $3
*** HOLE CARDS ***
B_loJkl: folds
Uncalled bet ($2) returned to Great_Kang
Great_Kang collected $2 from pot
Great_Kang: doesn't show hand
*** SUMMARY ***
Total pot $2 | Rake $0
Seat 2: B_loJkl (button) (small blind) folded before Flop
Seat 4: Great_Kang (big blind) collected ($2)


PokerStars Hand #152094684530:  Hold'em Limit ($3/$6 USD) - 2016/04/18 10:17:16 ET
Table 'Emita II' 6-max Seat #2 is the button
Seat 2: B_loJkl ($211.99 in chips)
Seat 4: Great_Kang ($125.87 in chips)
B_loJkl: posts small blind $1
Great_Kang: posts big blind $3
*** HOLE CARDS ***
B_loJkl: raises $3 to $6
Great_Kang: raises $3 to $9
B_loJkl: calls $3
*** FLOP *** [3h 3c Kh]
Great_Kang: bets $3
B_loJkl: calls $3
*** TURN *** [3h 3c Kh] [9c]
Great_Kang: checks
Mind90 joins the table at seat #6
B_loJkl: checks
*** RIVER *** [3h 3c Kh 9c] [Js]
Great_Kang: checks
B_loJkl: bets $6
Great_Kang: folds
Uncalled bet ($6) returned to B_loJkl
B_loJkl collected $23.52 from pot
B_loJkl: doesn't show hand
*** SUMMARY ***
Total pot $24 | Rake $0.48
Board [3h 3c Kh 9c Js]
Seat 2: B_loJkl (button) (small blind) collected ($23.52)
Seat 4: Great_Kang (big blind) folded on the River


PokerStars Hand #152094738683:  Hold'em Limit ($3/$6 USD) - 2016/04/18 10:18:42 ET
Table 'Emita II' 6-max Seat #6 is the button
Seat 4: Great_Kang ($120 in chips)
Seat 6: Mind90 ($187.45 in chips)
Mind90: posts small blind $1
B_loJkl: is sitting out
Great_Kang: posts big blind $3
*** HOLE CARDS ***
Mind90: raises $3 to $6
B_loJkl leaves the table
Great_Kang: calls $3
*** FLOP *** [8d Jh Jd]
Great_Kang: checks
Mind90: bets $3
B_loJkl joins the table at seat #1
Great_Kang: calls $3
*** TURN *** [8d Jh Jd] [Js]
Great_Kang: checks
Mind90: checks
*** RIVER *** [8d Jh Jd Js] [9s]
Great_Kang: checks
Mind90: bets $6
Great_Kang: calls $6
*** SHOW DOWN ***
Mind90: shows [2h 4h] (three of a kind, Jacks)
Great_Kang: shows [As 2c] (three of a kind, Jacks - Ace kicker)
Great_Kang collected $29.50 from pot
*** SUMMARY ***
Total pot $30 | Rake $0.50
Board [8d Jh Jd Js 9s]
Seat 4: Great_Kang (big blind) showed [As 2c] and won ($29.50) with three of a kind, Jacks
Seat 6: Mind90 (button) (small blind) showed [2h 4h] and lost with three of a kind, Jacks


PokerStars Hand #152094773794:  Hold'em Limit ($3/$6 USD) - 2016/04/18 10:19:38 ET
Table 'Emita II' 6-max Seat #4 is the button
Seat 4: Great_Kang ($134.50 in chips)
Seat 6: Mind90 ($172.45 in chips)
Great_Kang: posts small blind $1
Mind90: posts big blind $3
*** HOLE CARDS ***
Great_Kang: raises $3 to $6
Mind90: folds
Uncalled bet ($3) returned to Great_Kang
Great_Kang collected $6 from pot
Great_Kang: doesn't show hand
*** SUMMARY ***
Total pot $6 | Rake $0
Seat 4: Great_Kang (button) (small blind) collected ($6)
Seat 6: Mind90 (big blind) folded before Flop


PokerStars Hand #152094827698:  Hold'em Limit ($3/$6 USD) - 2016/04/18 10:21:05 ET
Table 'Emita II' 6-max Seat #4 is the button
Seat 1: B_loJkl ($135 in chips)
Seat 4: Great_Kang ($145.96 in chips)
Great_Kang: posts small blind $1
B_loJkl: posts big blind $3
*** HOLE CARDS ***
Great_Kang: raises $3 to $6
B_loJkl: calls $3
*** FLOP *** [9s Js 3s]
B_loJkl: checks
Great_Kang: bets $3
B_loJkl: raises $3 to $6
Great_Kang: calls $3
*** TURN *** [9s Js 3s] [2d]
B_loJkl: bets $6
Great_Kang: raises $6 to $12
B_loJkl: raises $6 to $18
Great_Kang: folds
Uncalled bet ($6) returned to B_loJkl
B_loJkl collected $47.50 from pot
B_loJkl: doesn't show hand
*** SUMMARY ***
Total pot $48 | Rake $0.50
Board [9s Js 3s 2d]
Seat 1: B_loJkl (big blind) collected ($47.50)
Seat 4: Great_Kang (button) (small blind) folded on the Turn


PokerStars Hand #152095818238:  Hold'em Limit ($3/$6 USD) - 2016/04/18 10:47:15 ET
Table 'Emita II' 6-max Seat #4 is the button
Seat 2: parnishka11 ($50.90 in chips)
Seat 4: Great_Kang ($120 in chips)
Great_Kang: posts small blind $1
parnishka11: posts big blind $3
*** HOLE CARDS ***
Great_Kang: raises $3 to $6
parnishka11: calls $3
*** FLOP *** [9s 8h Ac]
parnishka11: checks
Great_Kang: bets $3
parnishka11: calls $3
*** TURN *** [9s 8h Ac] [2s]
parnishka11: checks
Great_Kang: bets $6
parnishka11: calls $6
*** RIVER *** [9s 8h Ac 2s] [5h]
parnishka11: checks
Great_Kang: bets $6
parnishka11: calls $6
*** SHOW DOWN ***
Great_Kang: shows [Th 7s] (high card Ace)
parnishka11: shows [Ts Qc] (high card Ace - Queen kicker)
parnishka11 collected $41.50 from pot
*** SUMMARY ***
Total pot $42 | Rake $0.50
Board [9s 8h Ac 2s 5h]
Seat 2: parnishka11 (big blind) showed [Ts Qc] and won ($41.50) with high card Ace
Seat 4: Great_Kang (button) (small blind) showed [Th 7s] and lost with high card Ace


PokerStars Hand #152095850513:  Hold'em Limit ($3/$6 USD) - 2016/04/18 10:48:06 ET
Table 'Emita II' 6-max Seat #2 is the button
Seat 2: parnishka11 ($50.40 in chips)
Seat 4: Great_Kang ($140.50 in chips)
parnishka11: posts small blind $1
Great_Kang: posts big blind $3
*** HOLE CARDS ***
parnishka11: folds
Uncalled bet ($2) returned to Great_Kang
Great_Kang collected $2 from pot
Great_Kang: doesn't show hand
*** SUMMARY ***
Total pot $2 | Rake $0
Seat 2: parnishka11 (button) (small blind) folded before Flop
Seat 4: Great_Kang (big blind) collected ($2)


PokerStars Hand #152095846173:  Hold'em Limit ($3/$6 USD) - 2016/04/18 10:47:59 ET
Table 'Emita II' 6-max Seat #4 is the button
Seat 2: parnishka11 ($53.40 in chips)
Seat 4: Great_Kang ($137.50 in chips)
Great_Kang: posts small blind $1
parnishka11: posts big blind $3
*** HOLE CARDS ***
Great_Kang: raises $3 to $6
parnishka11: folds
Uncalled bet ($3) returned to Great_Kang
Great_Kang collected $6 from pot
Great_Kang: doesn't show hand
*** SUMMARY ***
Total pot $6 | Rake $0
Seat 2: parnishka11 (big blind) folded before Flop
Seat 4: Great_Kang (button) (small blind) collected ($6)


PokerStars Hand #152095836129:  Hold'em Limit ($3/$6 USD) - 2016/04/18 10:47:43 ET
Table 'Emita II' 6-max Seat #2 is the button
Seat 2: parnishka11 ($71.40 in chips)
Seat 4: Great_Kang ($120 in chips)
parnishka11: posts small blind $1
Great_Kang: posts big blind $3
*** HOLE CARDS ***
parnishka11: raises $3 to $6
Great_Kang: calls $3
*** FLOP *** [8d Ac 3s]
Great_Kang: checks
parnishka11: checks
*** TURN *** [8d Ac 3s] [4c]
Great_Kang: bets $6
parnishka11: calls $6
*** RIVER *** [8d Ac 3s 4c] [9d]
Great_Kang: bets $6
parnishka11: calls $6
*** SHOW DOWN ***
Great_Kang: shows [5h 8c] (a pair of Eights)
parnishka11: mucks hand
Great_Kang collected $35.50 from pot
*** SUMMARY ***
Total pot $36 | Rake $0.50
Board [8d Ac 3s 4c 9d]
Seat 2: parnishka11 (button) (small blind) mucked
Seat 4: Great_Kang (big blind) showed [5h 8c] and won ($35.50) with a pair of Eights


PokerStars Hand #152095882772:  Hold'em Limit ($3/$6 USD) - 2016/04/18 10:48:57 ET
Table 'Emita II' 6-max Seat #2 is the button
Seat 2: parnishka11 ($19.40 in chips)
Seat 4: Great_Kang ($171 in chips)
parnishka11: posts small blind $1
Great_Kang: posts big blind $3
*** HOLE CARDS ***
parnishka11: raises $3 to $6
GoliafUa leaves the table
Great_Kang: calls $3
*** FLOP *** [Ad Qs Jd]
Great_Kang: checks
parnishka11: bets $3
Great_Kang: raises $3 to $6
parnishka11: raises $3 to $9
Great_Kang: calls $3
*** TURN *** [Ad Qs Jd] [Js]
Great_Kang: checks
parnishka11: bets $4.40 and is all-in
Great_Kang: calls $4.40
*** RIVER *** [Ad Qs Jd Js] [4d]
*** SHOW DOWN ***
Great_Kang: shows [8c Ts] (a pair of Jacks)
parnishka11: shows [Qc Jc] (a full house, Jacks full of Queens)
parnishka11 collected $38.30 from pot
*** SUMMARY ***
Total pot $38.80 | Rake $0.50
Board [Ad Qs Jd Js 4d]
Seat 2: parnishka11 (button) (small blind) showed [Qc Jc] and won ($38.30) with a full house, Jacks full of Queens
Seat 4: Great_Kang (big blind) showed [8c Ts] and lost with a pair of Jacks


PokerStars Hand #152095853657:  Hold'em Limit ($3/$6 USD) - 2016/04/18 10:48:11 ET
Table 'Emita II' 6-max Seat #4 is the button
Seat 2: parnishka11 ($49.40 in chips)
Seat 4: Great_Kang ($141.50 in chips)
Great_Kang: posts small blind $1
parnishka11: posts big blind $3
*** HOLE CARDS ***
Great_Kang: raises $3 to $6
parnishka11: calls $3
*** FLOP *** [6h Jh 8c]
parnishka11: checks
Great_Kang: bets $3
parnishka11: raises $3 to $6
Great_Kang: calls $3
*** TURN *** [6h Jh 8c] [8d]
parnishka11: bets $6
Great_Kang: raises $6 to $12
parnishka11: calls $6
*** RIVER *** [6h Jh 8c 8d] [7h]
parnishka11: checks
Great_Kang: bets $6
parnishka11: calls $6
*** SHOW DOWN ***
Great_Kang: shows [6d 6c] (a full house, Sixes full of Eights)
parnishka11: mucks hand
Great_Kang collected $59.50 from pot
*** SUMMARY ***
Total pot $60 | Rake $0.50
Board [6h Jh 8c 8d 7h]
Seat 2: parnishka11 (big blind) mucked
Seat 4: Great_Kang (button) (small blind) showed [6d 6c] and won ($59.50) with a full house, Sixes full of Eights


PokerStars Hand #152095934310:  Hold'em Limit ($3/$6 USD) - 2016/04/18 10:50:18 ET
Table 'Emita II' 6-max Seat #4 is the button
Seat 2: parnishka11 ($45.94 in chips)
Seat 4: Great_Kang ($143.60 in chips)
Great_Kang: posts small blind $1
parnishka11: posts big blind $3
*** HOLE CARDS ***
Great_Kang: raises $3 to $6
parnishka11: calls $3
*** FLOP *** [5d Qh 8s]
parnishka11: bets $3
Great_Kang: calls $3
*** TURN *** [5d Qh 8s] [3d]
parnishka11: bets $6
Great_Kang: raises $6 to $12
parnishka11: calls $6
*** RIVER *** [5d Qh 8s 3d] [3s]
parnishka11: checks
Great_Kang: checks
*** SHOW DOWN ***
parnishka11: shows [8h 9d] (two pair, Eights and Threes)
Great_Kang: mucks hand
B_loJkl joins the table at seat #3
parnishka11 collected $41.50 from pot
*** SUMMARY ***
Total pot $42 | Rake $0.50
Board [5d Qh 8s 3d 3s]
Seat 2: parnishka11 (big blind) showed [8h 9d] and won ($41.50) with two pair, Eights and Threes
Seat 4: Great_Kang (button) (small blind) mucked


PokerStars Hand #152095930998:  Hold'em Limit ($3/$6 USD) - 2016/04/18 10:50:13 ET
Table 'Emita II' 6-max Seat #2 is the button
Seat 2: parnishka11 ($46.94 in chips)
Seat 4: Great_Kang ($142.60 in chips)
parnishka11: posts small blind $1
Great_Kang: posts big blind $3
*** HOLE CARDS ***
parnishka11: folds
Uncalled bet ($2) returned to Great_Kang
Great_Kang collected $2 from pot
Great_Kang: doesn't show hand
*** SUMMARY ***
Total pot $2 | Rake $0
Seat 2: parnishka11 (button) (small blind) folded before Flop
Seat 4: Great_Kang (big blind) collected ($2)


PokerStars Hand #152095915860:  Hold'em Limit ($3/$6 USD) - 2016/04/18 10:49:49 ET
Table 'Emita II' 6-max Seat #4 is the button
Seat 2: parnishka11 ($38.30 in chips)
Seat 4: Great_Kang ($151.60 in chips)
Great_Kang: posts small blind $1
parnishka11: posts big blind $3
*** HOLE CARDS ***
Great_Kang: raises $3 to $6
parnishka11: raises $3 to $9
Great_Kang: calls $3
*** FLOP *** [Ac 7c Kd]
parnishka11: bets $3
Great_Kang: folds
Uncalled bet ($3) returned to parnishka11
parnishka11 collected $17.64 from pot
parnishka11: doesn't show hand
*** SUMMARY ***
Total pot $18 | Rake $0.36
Board [Ac 7c Kd]
Seat 2: parnishka11 (big blind) collected ($17.64)
Seat 4: Great_Kang (button) (small blind) folded on the Flop


PokerStars Hand #152096067757:  Hold'em Limit ($3/$6 USD) - 2016/04/18 10:53:45 ET
Table 'Emita II' 6-max Seat #4 is the button
Seat 3: B_loJkl ($134.28 in chips)
Seat 4: Great_Kang ($120 in chips)
Great_Kang: posts small blind $1
parnishka11: is sitting out
B_loJkl: posts big blind $3
*** HOLE CARDS ***
Great_Kang: raises $3 to $6
parnishka11 leaves the table
B_loJkl: calls $3
*** FLOP *** [6c 3s 9d]
B_loJkl: checks
Great_Kang: bets $3
B_loJkl: folds
Uncalled bet ($3) returned to Great_Kang
Great_Kang collected $11.76 from pot
Great_Kang: doesn't show hand
*** SUMMARY ***
Total pot $12 | Rake $0.24
Board [6c 3s 9d]
Seat 3: B_loJkl (big blind) folded on the Flop
Seat 4: Great_Kang (button) (small blind) collected ($11.76)


