PokerStars Hand #172054543778:  Hold'em Limit ($3/$6 USD) - 2017/06/21 9:28:20 ET
Table 'Emita' 6-max Seat #4 is the button
Seat 4: Actionni13 ($151 in chips)
Seat 6: peigu ($299 in chips)
Actionni13: posts small blind $1
peigu: posts big blind $3
*** HOLE CARDS ***
Actionni13: raises $3 to $6
peigu: calls $3
*** FLOP *** [Td 7h Th]
B_loJkl joins the table at seat #1
peigu: checks
Actionni13: bets $3
peigu: calls $3
*** TURN *** [Td 7h Th] [3s]
peigu: checks
Actionni13: bets $6
peigu: folds
Uncalled bet ($6) returned to Actionni13
Actionni13 collected $17.64 from pot
Actionni13: doesn't show hand
*** SUMMARY ***
Total pot $18 | Rake $0.36
Board [Td 7h Th 3s]
Seat 4: Actionni13 (button) (small blind) collected ($17.64)
Seat 6: peigu (big blind) folded on the Turn


PokerStars Hand #172054540777:  Hold'em Limit ($3/$6 USD) - 2017/06/21 9:28:14 ET
Table 'Emita' 6-max Seat #6 is the button
Seat 4: Actionni13 ($150 in chips)
Seat 6: peigu ($300 in chips)
peigu: posts small blind $1
Actionni13: posts big blind $3
*** HOLE CARDS ***
peigu: folds
Uncalled bet ($2) returned to Actionni13
Actionni13 collected $2 from pot
Actionni13: doesn't show hand
*** SUMMARY ***
Total pot $2 | Rake $0
Seat 4: Actionni13 (big blind) collected ($2)
Seat 6: peigu (button) (small blind) folded before Flop


PokerStars Hand #172054763864:  Hold'em Limit ($3/$6 USD) - 2017/06/21 9:35:35 ET
Table 'Emita' 6-max Seat #4 is the button
Seat 1: B_loJkl ($142.29 in chips)
Seat 4: Actionni13 ($169.74 in chips)
Actionni13: posts small blind $1
B_loJkl: posts big blind $3
*** HOLE CARDS ***
Actionni13: folds
Uncalled bet ($2) returned to B_loJkl
B_loJkl collected $2 from pot
B_loJkl: doesn't show hand
*** SUMMARY ***
Total pot $2 | Rake $0
Seat 1: B_loJkl (big blind) collected ($2)
Seat 4: Actionni13 (button) (small blind) folded before Flop


