PokerStars Hand #172558559321:  Hold'em Limit ($3/$6 USD) - 2017/07/03 13:06:22 ET
Table 'Emma II' 6-max Seat #4 is the button
Seat 3: igmade ($105 in chips)
Seat 4: B_loJkl ($164.50 in chips)
B_loJkl: posts small blind $1
igmade: posts big blind $3
*** HOLE CARDS ***
B_loJkl: raises $3 to $6
igmade: raises $3 to $9
B_loJkl: calls $3
*** FLOP *** [8d Kd Qh]
igmade: bets $3
B_loJkl: calls $3
*** TURN *** [8d Kd Qh] [Js]
igmade: bets $6
B_loJkl: calls $6
*** RIVER *** [8d Kd Qh Js] [4h]
Fantomet joins the table at seat #5
igmade: bets $6
B_loJkl: calls $6
*** SHOW DOWN ***
igmade: shows [4c Ad] (a pair of Fours)
B_loJkl: shows [Qc Th] (a pair of Queens)
B_loJkl collected $47.50 from pot
*** SUMMARY ***
Total pot $48 | Rake $0.50
Board [8d Kd Qh Js 4h]
Seat 3: igmade (big blind) showed [4c Ad] and lost with a pair of Fours
Seat 4: B_loJkl (button) (small blind) showed [Qc Th] and won ($47.50) with a pair of Queens


PokerStars Hand #172558519056:  Hold'em Limit ($3/$6 USD) - 2017/07/03 13:05:25 ET
Table 'Emma II' 6-max Seat #3 is the button
Seat 3: igmade ($120 in chips)
Seat 4: B_loJkl ($150 in chips)
igmade: posts small blind $1
B_loJkl: posts big blind $3
*** HOLE CARDS ***
igmade: raises $3 to $6
B_loJkl: calls $3
*** FLOP *** [Tc Qd 5s]
B_loJkl: bets $3
igmade: calls $3
*** TURN *** [Tc Qd 5s] [8d]
B_loJkl: checks
igmade: bets $6
B_loJkl: calls $6
*** RIVER *** [Tc Qd 5s 8d] [Jh]
B_loJkl: checks
igmade: checks
*** SHOW DOWN ***
B_loJkl: shows [Jd As] (a pair of Jacks)
igmade: mucks hand
B_loJkl collected $29.50 from pot
*** SUMMARY ***
Total pot $30 | Rake $0.50
Board [Tc Qd 5s 8d Jh]
Seat 3: igmade (button) (small blind) mucked
Seat 4: B_loJkl (big blind) showed [Jd As] and won ($29.50) with a pair of Jacks


PokerStars Hand #172558592927:  Hold'em Limit ($3/$6 USD) - 2017/07/03 13:07:10 ET
Table 'Emma II' 6-max Seat #3 is the button
Seat 3: igmade ($81 in chips)
Seat 4: B_loJkl ($188 in chips)
igmade: posts small blind $1
B_loJkl: posts big blind $3
*** HOLE CARDS ***
igmade: raises $3 to $6
B_loJkl: calls $3
*** FLOP *** [2s 7d As]
B_loJkl: checks
igmade: bets $3
B_loJkl: calls $3
*** TURN *** [2s 7d As] [9h]
B_loJkl: checks
igmade: checks
*** RIVER *** [2s 7d As 9h] [Qs]
B_loJkl: checks
igmade: bets $6
B_loJkl: calls $6
*** SHOW DOWN ***
igmade: shows [Qd 8c] (a pair of Queens)
B_loJkl: shows [Qh Jh] (a pair of Queens - Ace+Jack kicker)
B_loJkl collected $29.50 from pot
*** SUMMARY ***
Total pot $30 | Rake $0.50
Board [2s 7d As 9h Qs]
Seat 3: igmade (button) (small blind) showed [Qd 8c] and lost with a pair of Queens
Seat 4: B_loJkl (big blind) showed [Qh Jh] and won ($29.50) with a pair of Queens


PokerStars Hand #172558790606:  Hold'em Limit ($3/$6 USD) - 2017/07/03 13:11:48 ET
Table 'Emma II' 6-max Seat #4 is the button
Seat 3: igmade ($63.09 in chips)
Seat 4: B_loJkl ($205.41 in chips)
B_loJkl: posts small blind $1
igmade: posts big blind $3
*** HOLE CARDS ***
B_loJkl: raises $3 to $6
igmade: calls $3
*** FLOP *** [Th 4c 6h]
igmade: checks
B_loJkl: bets $3
igmade: raises $3 to $6
B_loJkl: calls $3
*** TURN *** [Th 4c 6h] [8c]
igmade: bets $6
B_loJkl: raises $6 to $12
igmade: calls $6
*** RIVER *** [Th 4c 6h 8c] [2d]
igmade: checks
B_loJkl: bets $6
igmade: calls $6
*** SHOW DOWN ***
B_loJkl: shows [Tc Td] (three of a kind, Tens)
igmade: mucks hand
B_loJkl collected $59.50 from pot
*** SUMMARY ***
Total pot $60 | Rake $0.50
Board [Th 4c 6h 8c 2d]
Seat 3: igmade (big blind) mucked
Seat 4: B_loJkl (button) (small blind) showed [Tc Td] and won ($59.50) with three of a kind, Tens


PokerStars Hand #172558819763:  Hold'em Limit ($3/$6 USD) - 2017/07/03 13:12:30 ET
Table 'Emma II' 6-max Seat #3 is the button
Seat 3: igmade ($33.09 in chips)
Seat 4: B_loJkl ($234.91 in chips)
igmade: posts small blind $1
B_loJkl: posts big blind $3
*** HOLE CARDS ***
igmade: raises $3 to $6
B_loJkl: calls $3
*** FLOP *** [6c As Js]
igmade said, "zzzzzzzz"
B_loJkl: checks
igmade: bets $3
B_loJkl: calls $3
*** TURN *** [6c As Js] [8d]
B_loJkl: checks
igmade: checks
*** RIVER *** [6c As Js 8d] [4h]
B_loJkl: checks
igmade: checks
*** SHOW DOWN ***
B_loJkl: shows [Qd 9h] (high card Ace)
igmade: shows [Ks 5c] (high card Ace - King kicker)
igmade collected $17.64 from pot
*** SUMMARY ***
Total pot $18 | Rake $0.36
Board [6c As Js 8d 4h]
Seat 3: igmade (button) (small blind) showed [Ks 5c] and won ($17.64) with high card Ace
Seat 4: B_loJkl (big blind) showed [Qd 9h] and lost with high card Ace


PokerStars Hand #172558857653:  Hold'em Limit ($3/$6 USD) - 2017/07/03 13:13:23 ET
Table 'Emma II' 6-max Seat #4 is the button
Seat 3: igmade ($49.37 in chips)
Seat 4: B_loJkl ($217.91 in chips)
B_loJkl: posts small blind $1
igmade: posts big blind $3
*** HOLE CARDS ***
B_loJkl: folds
Uncalled bet ($2) returned to igmade
igmade collected $2 from pot
igmade: doesn't show hand
*** SUMMARY ***
Total pot $2 | Rake $0
Seat 3: igmade (big blind) collected ($2)
Seat 4: B_loJkl (button) (small blind) folded before Flop


PokerStars Hand #172558854424:  Hold'em Limit ($3/$6 USD) - 2017/07/03 13:13:19 ET
Table 'Emma II' 6-max Seat #3 is the button
Seat 3: igmade ($50.37 in chips)
Seat 4: B_loJkl ($216.91 in chips)
igmade: posts small blind $1
B_loJkl: posts big blind $3
*** HOLE CARDS ***
igmade: folds
Uncalled bet ($2) returned to B_loJkl
B_loJkl collected $2 from pot
B_loJkl: doesn't show hand
*** SUMMARY ***
Total pot $2 | Rake $0
Seat 3: igmade (button) (small blind) folded before Flop
Seat 4: B_loJkl (big blind) collected ($2)


PokerStars Hand #172558842088:  Hold'em Limit ($3/$6 USD) - 2017/07/03 13:13:01 ET
Table 'Emma II' 6-max Seat #4 is the button
Seat 3: igmade ($41.73 in chips)
Seat 4: B_loJkl ($225.91 in chips)
B_loJkl: posts small blind $1
igmade: posts big blind $3
*** HOLE CARDS ***
B_loJkl: raises $3 to $6
igmade: calls $3
*** FLOP *** [Js Kh 6s]
igmade: checks
B_loJkl: bets $3
igmade: calls $3
*** TURN *** [Js Kh 6s] [2c]
igmade: checks
B_loJkl: checks
*** RIVER *** [Js Kh 6s 2c] [3s]
igmade: bets $6
B_loJkl: folds
Uncalled bet ($6) returned to igmade
igmade collected $17.64 from pot
igmade: doesn't show hand
*** SUMMARY ***
Total pot $18 | Rake $0.36
Board [Js Kh 6s 2c 3s]
Seat 3: igmade (big blind) collected ($17.64)
Seat 4: B_loJkl (button) (small blind) folded on the River


PokerStars Hand #172558861168:  Hold'em Limit ($3/$6 USD) - 2017/07/03 13:13:28 ET
Table 'Emma II' 6-max Seat #3 is the button
Seat 3: igmade ($50.37 in chips)
Seat 4: B_loJkl ($216.91 in chips)
igmade: posts small blind $1
B_loJkl: posts big blind $3
*** HOLE CARDS ***
igmade: folds
Uncalled bet ($2) returned to B_loJkl
B_loJkl collected $2 from pot
B_loJkl: doesn't show hand
*** SUMMARY ***
Total pot $2 | Rake $0
Seat 3: igmade (button) (small blind) folded before Flop
Seat 4: B_loJkl (big blind) collected ($2)


PokerStars Hand #172558864732:  Hold'em Limit ($3/$6 USD) - 2017/07/03 13:13:33 ET
Table 'Emma II' 6-max Seat #4 is the button
Seat 3: igmade ($49.37 in chips)
Seat 4: B_loJkl ($217.91 in chips)
B_loJkl: posts small blind $1
igmade: posts big blind $3
*** HOLE CARDS ***
B_loJkl: raises $3 to $6
igmade: calls $3
*** FLOP *** [Ts Jh Jd]
igmade: checks
B_loJkl: bets $3
igmade: calls $3
*** TURN *** [Ts Jh Jd] [Ah]
igmade: checks
B_loJkl: checks
*** RIVER *** [Ts Jh Jd Ah] [5h]
igmade: bets $6
B_loJkl: calls $6
*** SHOW DOWN ***
igmade: shows [7s Jc] (three of a kind, Jacks)
B_loJkl: mucks hand
igmade collected $29.50 from pot
*** SUMMARY ***
Total pot $30 | Rake $0.50
Board [Ts Jh Jd Ah 5h]
Seat 3: igmade (big blind) showed [7s Jc] and won ($29.50) with three of a kind, Jacks
Seat 4: B_loJkl (button) (small blind) mucked


PokerStars Hand #172558884127:  Hold'em Limit ($3/$6 USD) - 2017/07/03 13:14:00 ET
Table 'Emma II' 6-max Seat #3 is the button
Seat 3: igmade ($63.87 in chips)
Seat 4: B_loJkl ($202.91 in chips)
igmade: posts small blind $1
B_loJkl: posts big blind $3
*** HOLE CARDS ***
igmade: raises $3 to $6
B_loJkl: calls $3
*** FLOP *** [7d Jh 8s]
B_loJkl: checks
igmade: bets $3
B_loJkl: raises $3 to $6
igmade: raises $3 to $9
B_loJkl: calls $3
*** TURN *** [7d Jh 8s] [8d]
B_loJkl: checks
igmade: bets $6
B_loJkl: calls $6
*** RIVER *** [7d Jh 8s 8d] [Kh]
B_loJkl: checks
igmade: checks
*** SHOW DOWN ***
B_loJkl: shows [5s Jc] (two pair, Jacks and Eights)
m.geckeler joins the table at seat #6
igmade: mucks hand
B_loJkl collected $41.50 from pot
*** SUMMARY ***
Total pot $42 | Rake $0.50
Board [7d Jh 8s 8d Kh]
Seat 3: igmade (button) (small blind) mucked
Seat 4: B_loJkl (big blind) showed [5s Jc] and won ($41.50) with two pair, Jacks and Eights


PokerStars Hand #172559104195:  Hold'em Limit ($3/$6 USD) - 2017/07/03 13:19:07 ET
Table 'Emma II' 6-max Seat #6 is the button
Seat 4: B_loJkl ($171.41 in chips)
Seat 6: m.geckeler ($137.44 in chips)
m.geckeler: posts small blind $1
B_loJkl: posts big blind $3
*** HOLE CARDS ***
m.geckeler: folds
Uncalled bet ($2) returned to B_loJkl
B_loJkl collected $2 from pot
B_loJkl: doesn't show hand
*** SUMMARY ***
Total pot $2 | Rake $0
Seat 4: B_loJkl (big blind) collected ($2)
Seat 6: m.geckeler (button) (small blind) folded before Flop


PokerStars Hand #172559122303:  Hold'em Limit ($3/$6 USD) - 2017/07/03 13:19:32 ET
Table 'Emma II' 6-max Seat #6 is the button
Seat 4: B_loJkl ($181.05 in chips)
Seat 6: m.geckeler ($127.44 in chips)
m.geckeler: posts small blind $1
B_loJkl: posts big blind $3
*** HOLE CARDS ***
m.geckeler: folds
Uncalled bet ($2) returned to B_loJkl
B_loJkl collected $2 from pot
B_loJkl: doesn't show hand
*** SUMMARY ***
Total pot $2 | Rake $0
Seat 4: B_loJkl (big blind) collected ($2)
Seat 6: m.geckeler (button) (small blind) folded before Flop


PokerStars Hand #172559108197:  Hold'em Limit ($3/$6 USD) - 2017/07/03 13:19:13 ET
Table 'Emma II' 6-max Seat #4 is the button
Seat 4: B_loJkl ($172.41 in chips)
Seat 6: m.geckeler ($136.44 in chips)
B_loJkl: posts small blind $1
m.geckeler: posts big blind $3
*** HOLE CARDS ***
B_loJkl: raises $3 to $6
m.geckeler: calls $3
*** FLOP *** [Ad 2c 2h]
m.geckeler: checks
B_loJkl: bets $3
m.geckeler: calls $3
*** TURN *** [Ad 2c 2h] [8c]
m.geckeler: checks
B_loJkl: bets $6
m.geckeler: folds
Uncalled bet ($6) returned to B_loJkl
B_loJkl collected $17.64 from pot
B_loJkl: doesn't show hand
*** SUMMARY ***
Total pot $18 | Rake $0.36
Board [Ad 2c 2h 8c]
Seat 4: B_loJkl (button) (small blind) collected ($17.64)
Seat 6: m.geckeler (big blind) folded on the Turn


PokerStars Hand #172559126059:  Hold'em Limit ($3/$6 USD) - 2017/07/03 13:19:37 ET
Table 'Emma II' 6-max Seat #4 is the button
Seat 4: B_loJkl ($182.05 in chips)
Seat 6: m.geckeler ($126.44 in chips)
B_loJkl: posts small blind $1
m.geckeler: posts big blind $3
*** HOLE CARDS ***
B_loJkl: raises $3 to $6
igmade is disconnected
m.geckeler: calls $3
*** FLOP *** [Tc As Td]
TbIP-TbIP 88 joins the table at seat #1
m.geckeler: checks
B_loJkl: checks
*** TURN *** [Tc As Td] [2h]
m.geckeler: checks
B_loJkl: checks
*** RIVER *** [Tc As Td 2h] [9d]
m.geckeler: bets $6
B_loJkl: calls $6
*** SHOW DOWN ***
m.geckeler: shows [9c 7h] (two pair, Tens and Nines)
B_loJkl: shows [Kc Kh] (two pair, Kings and Tens)
B_loJkl collected $23.52 from pot
*** SUMMARY ***
Total pot $24 | Rake $0.48
Board [Tc As Td 2h 9d]
Seat 4: B_loJkl (button) (small blind) showed [Kc Kh] and won ($23.52) with two pair, Kings and Tens
Seat 6: m.geckeler (big blind) showed [9c 7h] and lost with two pair, Tens and Nines


PokerStars Hand #172560805401:  Hold'em Limit ($3/$6 USD) - 2017/07/03 13:58:27 ET
Table 'Emma II' 6-max Seat #6 is the button
Seat 4: B_loJkl ($230.75 in chips)
Seat 6: Mercer29 ($68.31 in chips)
Mercer29: posts small blind $1
B_loJkl: posts big blind $3
*** HOLE CARDS ***
Mercer29: raises $3 to $6
B_loJkl: calls $3
*** FLOP *** [Qd 4c Js]
B_loJkl: checks
Mercer29: bets $3
B_loJkl: calls $3
*** TURN *** [Qd 4c Js] [7d]
B_loJkl: checks
Mercer29: checks
*** RIVER *** [Qd 4c Js 7d] [7s]
B_loJkl: checks
Mercer29: checks
*** SHOW DOWN ***
B_loJkl: shows [Ah 2c] (a pair of Sevens)
Mercer29: shows [Ac 4s] (two pair, Sevens and Fours)
Mercer29 collected $17.64 from pot
*** SUMMARY ***
Total pot $18 | Rake $0.36
Board [Qd 4c Js 7d 7s]
Seat 4: B_loJkl (big blind) showed [Ah 2c] and lost with a pair of Sevens
Seat 6: Mercer29 (button) (small blind) showed [Ac 4s] and won ($17.64) with two pair, Sevens and Fours


PokerStars Hand #172560858712:  Hold'em Limit ($3/$6 USD) - 2017/07/03 13:59:53 ET
Table 'Emma II' 6-max Seat #4 is the button
Seat 4: B_loJkl ($222.39 in chips)
Seat 6: Mercer29 ($75.47 in chips)
B_loJkl: posts small blind $1
Mercer29: posts big blind $3
*** HOLE CARDS ***
B_loJkl: raises $3 to $6
Mercer29: folds
Uncalled bet ($3) returned to B_loJkl
B_loJkl collected $6 from pot
B_loJkl: doesn't show hand
*** SUMMARY ***
Total pot $6 | Rake $0
Seat 4: B_loJkl (button) (small blind) collected ($6)
Seat 6: Mercer29 (big blind) folded before Flop


PokerStars Hand #172560850942:  Hold'em Limit ($3/$6 USD) - 2017/07/03 13:59:41 ET
Table 'Emma II' 6-max Seat #6 is the button
Seat 4: B_loJkl ($213.75 in chips)
Seat 6: Mercer29 ($84.47 in chips)
Mercer29: posts small blind $1
B_loJkl: posts big blind $3
*** HOLE CARDS ***
Mercer29: raises $3 to $6
B_loJkl: calls $3
*** FLOP *** [6h As Jc]
B_loJkl: checks
Mercer29: bets $3
B_loJkl: raises $3 to $6
Mercer29: folds
Uncalled bet ($3) returned to B_loJkl
B_loJkl collected $17.64 from pot
B_loJkl: doesn't show hand
*** SUMMARY ***
Total pot $18 | Rake $0.36
Board [6h As Jc]
Seat 4: B_loJkl (big blind) collected ($17.64)
Seat 6: Mercer29 (button) (small blind) folded on the Flop


PokerStars Hand #172560817708:  Hold'em Limit ($3/$6 USD) - 2017/07/03 13:58:47 ET
Table 'Emma II' 6-max Seat #4 is the button
Seat 4: B_loJkl ($221.75 in chips)
Seat 6: Mercer29 ($76.95 in chips)
B_loJkl: posts small blind $1
Mercer29: posts big blind $3
*** HOLE CARDS ***
B_loJkl: raises $3 to $6
Mercer29: raises $3 to $9
B_loJkl: calls $3
*** FLOP *** [4s 2s 6s]
Mercer29: bets $3
B_loJkl: calls $3
*** TURN *** [4s 2s 6s] [3c]
Mercer29: bets $6
B_loJkl: folds
Uncalled bet ($6) returned to Mercer29
Mercer29 collected $23.52 from pot
Mercer29: doesn't show hand
*** SUMMARY ***
Total pot $24 | Rake $0.48
Board [4s 2s 6s 3c]
Seat 4: B_loJkl (button) (small blind) folded on the Turn
Seat 6: Mercer29 (big blind) collected ($23.52)


PokerStars Hand #172560847298:  Hold'em Limit ($3/$6 USD) - 2017/07/03 13:59:35 ET
Table 'Emma II' 6-max Seat #4 is the button
Seat 4: B_loJkl ($210.75 in chips)
Seat 6: Mercer29 ($87.47 in chips)
B_loJkl: posts small blind $1
Mercer29: posts big blind $3
*** HOLE CARDS ***
B_loJkl: raises $3 to $6
Mercer29: folds
Uncalled bet ($3) returned to B_loJkl
B_loJkl collected $6 from pot
B_loJkl: doesn't show hand
*** SUMMARY ***
Total pot $6 | Rake $0
Seat 4: B_loJkl (button) (small blind) collected ($6)
Seat 6: Mercer29 (big blind) folded before Flop


PokerStars Hand #172560844018:  Hold'em Limit ($3/$6 USD) - 2017/07/03 13:59:29 ET
Table 'Emma II' 6-max Seat #6 is the button
Seat 4: B_loJkl ($209.75 in chips)
Seat 6: Mercer29 ($88.47 in chips)
Mercer29: posts small blind $1
B_loJkl: posts big blind $3
*** HOLE CARDS ***
Mercer29: folds
Uncalled bet ($2) returned to B_loJkl
B_loJkl collected $2 from pot
B_loJkl: doesn't show hand
*** SUMMARY ***
Total pot $2 | Rake $0
Seat 4: B_loJkl (big blind) collected ($2)
Seat 6: Mercer29 (button) (small blind) folded before Flop


PokerStars Hand #172560862352:  Hold'em Limit ($3/$6 USD) - 2017/07/03 13:59:59 ET
Table 'Emma II' 6-max Seat #6 is the button
Seat 4: B_loJkl ($225.39 in chips)
Seat 6: Mercer29 ($72.47 in chips)
Mercer29: posts small blind $1
B_loJkl: posts big blind $3
*** HOLE CARDS ***
Mercer29: folds
Uncalled bet ($2) returned to B_loJkl
B_loJkl collected $2 from pot
B_loJkl: doesn't show hand
*** SUMMARY ***
Total pot $2 | Rake $0
Seat 4: B_loJkl (big blind) collected ($2)
Seat 6: Mercer29 (button) (small blind) folded before Flop


PokerStars Hand #172560865382:  Hold'em Limit ($3/$6 USD) - 2017/07/03 14:00:04 ET
Table 'Emma II' 6-max Seat #4 is the button
Seat 4: B_loJkl ($226.39 in chips)
Seat 6: Mercer29 ($71.47 in chips)
B_loJkl: posts small blind $1
Mercer29: posts big blind $3
*** HOLE CARDS ***
B_loJkl: raises $3 to $6
Mercer29: folds
Uncalled bet ($3) returned to B_loJkl
B_loJkl collected $6 from pot
B_loJkl: doesn't show hand
*** SUMMARY ***
Total pot $6 | Rake $0
Seat 4: B_loJkl (button) (small blind) collected ($6)
Seat 6: Mercer29 (big blind) folded before Flop


PokerStars Hand #172560979449:  Hold'em Limit ($3/$6 USD) - 2017/07/03 14:02:47 ET
Table 'Emma II' 6-max Seat #6 is the button
Seat 5: robinu666 ($120 in chips)
Seat 6: B_loJkl ($150 in chips)
B_loJkl: posts small blind $1
robinu666: posts big blind $3
*** HOLE CARDS ***
B_loJkl: raises $3 to $6
robinu666: calls $3
*** FLOP *** [Js Jd 6d]
robinu666: checks
Mercer29 joins the table at seat #4
B_loJkl: bets $3
robinu666: raises $3 to $6
B_loJkl: calls $3
*** TURN *** [Js Jd 6d] [7c]
robinu666: bets $6
B_loJkl: calls $6
*** RIVER *** [Js Jd 6d 7c] [7d]
robinu666: bets $6
B_loJkl: folds
Uncalled bet ($6) returned to robinu666
robinu666 collected $35.50 from pot
robinu666: doesn't show hand
*** SUMMARY ***
Total pot $36 | Rake $0.50
Board [Js Jd 6d 7c 7d]
Seat 5: robinu666 (big blind) collected ($35.50)
Seat 6: B_loJkl (button) (small blind) folded on the River


PokerStars Hand #172561009437:  Hold'em Limit ($3/$6 USD) - 2017/07/03 14:03:27 ET
Table 'Emma II' 6-max Seat #5 is the button
Seat 5: robinu666 ($137.50 in chips)
Seat 6: B_loJkl ($132 in chips)
robinu666: posts small blind $1
B_loJkl: posts big blind $3
*** HOLE CARDS ***
robinu666: raises $3 to $6
B_loJkl: folds
Uncalled bet ($3) returned to robinu666
robinu666 collected $6 from pot
robinu666: doesn't show hand
*** SUMMARY ***
Total pot $6 | Rake $0
Seat 5: robinu666 (button) (small blind) collected ($6)
Seat 6: B_loJkl (big blind) folded before Flop


PokerStars Hand #172564618786:  Hold'em Limit ($3/$6 USD) - 2017/07/03 15:20:09 ET
Table 'Emma II' 6-max Seat #6 is the button
Seat 2: scorpio04 ($208.14 in chips)
Seat 6: B_loJkl ($198.94 in chips)
B_loJkl: posts small blind $1
Longstaaf: is sitting out
scorpio04: posts big blind $3
*** HOLE CARDS ***
Longstaaf leaves the table
B_loJkl: raises $3 to $6
scorpio04: calls $3
*** FLOP *** [Jc Qs 4d]
scorpio04: checks
B_loJkl: bets $3
scorpio04: calls $3
*** TURN *** [Jc Qs 4d] [3d]
scorpio04: checks
B_loJkl: checks
*** RIVER *** [Jc Qs 4d 3d] [Jd]
scorpio04: checks
B_loJkl: checks
*** SHOW DOWN ***
scorpio04: shows [6d Kc] (a pair of Jacks)
B_loJkl: mucks hand
scorpio04 collected $17.64 from pot
*** SUMMARY ***
Total pot $18 | Rake $0.36
Board [Jc Qs 4d 3d Jd]
Seat 2: scorpio04 (big blind) showed [6d Kc] and won ($17.64) with a pair of Jacks
Seat 6: B_loJkl (button) (small blind) mucked


PokerStars Hand #172565153624:  Hold'em Limit ($3/$6 USD) - 2017/07/03 15:30:40 ET
Table 'Emma II' 6-max Seat #3 is the button
Seat 2: scorpio04 ($189.78 in chips)
Seat 3: Auge72 ($91.68 in chips)
Auge72: posts small blind $1
scorpio04: posts big blind $3
*** HOLE CARDS ***
Auge72: raises $3 to $6
scorpio04: calls $3
*** FLOP *** [Ks 9d 5h]
scorpio04: checks
Auge72: checks
*** TURN *** [Ks 9d 5h] [Qh]
scorpio04: bets $6
Auge72: raises $6 to $12
scorpio04: calls $6
*** RIVER *** [Ks 9d 5h Qh] [As]
scorpio04: checks
Auge72: checks
*** SHOW DOWN ***
scorpio04: shows [5c Tc] (a pair of Fives)
Auge72: shows [Qd 6c] (a pair of Queens)
Zubasa07 joins the table at seat #4
Auge72 collected $35.50 from pot
*** SUMMARY ***
Total pot $36 | Rake $0.50
Board [Ks 9d 5h Qh As]
Seat 2: scorpio04 (big blind) showed [5c Tc] and lost with a pair of Fives
Seat 3: Auge72 (button) (small blind) showed [Qd 6c] and won ($35.50) with a pair of Queens


PokerStars Hand #172565147091:  Hold'em Limit ($3/$6 USD) - 2017/07/03 15:30:32 ET
Table 'Emma II' 6-max Seat #2 is the button
Seat 2: scorpio04 ($186.78 in chips)
Seat 3: Auge72 ($94.68 in chips)
scorpio04: posts small blind $1
Auge72: posts big blind $3
*** HOLE CARDS ***
scorpio04: raises $3 to $6
Auge72: folds
Uncalled bet ($3) returned to scorpio04
scorpio04 collected $6 from pot
scorpio04: doesn't show hand
*** SUMMARY ***
Total pot $6 | Rake $0
Seat 2: scorpio04 (button) (small blind) collected ($6)
Seat 3: Auge72 (big blind) folded before Flop


PokerStars Hand #172565167939:  Hold'em Limit ($3/$6 USD) - 2017/07/03 15:30:57 ET
Table 'Emma II' 6-max Seat #2 is the button
Seat 2: scorpio04 ($171.78 in chips)
Seat 3: Auge72 ($109.18 in chips)
scorpio04: posts small blind $1
Auge72: posts big blind $3
*** HOLE CARDS ***
scorpio04: raises $3 to $6
Auge72: calls $3
*** FLOP *** [Kc 2c Tc]
Auge72: checks
scorpio04: bets $3
Auge72: folds
Uncalled bet ($3) returned to scorpio04
scorpio04 collected $11.76 from pot
scorpio04: doesn't show hand
*** SUMMARY ***
Total pot $12 | Rake $0.24
Board [Kc 2c Tc]
Seat 2: scorpio04 (button) (small blind) collected ($11.76)
Seat 3: Auge72 (big blind) folded on the Flop


PokerStars Hand #172565500412:  Hold'em Limit ($3/$6 USD) - 2017/07/03 15:37:39 ET
Table 'Emma II' 6-max Seat #3 is the button
Seat 2: scorpio04 ($181.54 in chips)
Seat 3: babyblue115 ($81.58 in chips)
babyblue115: posts small blind $1
scorpio04: posts big blind $3
*** HOLE CARDS ***
babyblue115: calls $2
scorpio04: raises $3 to $6
babyblue115: calls $3
*** FLOP *** [As 7c Td]
scorpio04: bets $3
babyblue115: calls $3
*** TURN *** [As 7c Td] [8c]
scorpio04: bets $6
babyblue115: calls $6
*** RIVER *** [As 7c Td 8c] [9c]
scorpio04: bets $6
babyblue115: raises $6 to $12
scorpio04: raises $6 to $18
babyblue115: calls $6
*** SHOW DOWN ***
scorpio04: shows [Ac 6c] (a flush, Ace high)
Hannibal2211 joins the table at seat #5
babyblue115: mucks hand
scorpio04 collected $65.50 from pot
*** SUMMARY ***
Total pot $66 | Rake $0.50
Board [As 7c Td 8c 9c]
Seat 2: scorpio04 (big blind) showed [Ac 6c] and won ($65.50) with a flush, Ace high
Seat 3: babyblue115 (button) (small blind) mucked


PokerStars Hand #172565495986:  Hold'em Limit ($3/$6 USD) - 2017/07/03 15:37:34 ET
Table 'Emma II' 6-max Seat #2 is the button
Seat 2: scorpio04 ($178.54 in chips)
Seat 3: babyblue115 ($84.58 in chips)
scorpio04: posts small blind $1
babyblue115: posts big blind $3
*** HOLE CARDS ***
scorpio04: raises $3 to $6
babyblue115: folds
Uncalled bet ($3) returned to scorpio04
scorpio04 collected $6 from pot
scorpio04: doesn't show hand
*** SUMMARY ***
Total pot $6 | Rake $0
Seat 2: scorpio04 (button) (small blind) collected ($6)
Seat 3: babyblue115 (big blind) folded before Flop


PokerStars Hand #172565490531:  Hold'em Limit ($3/$6 USD) - 2017/07/03 15:37:27 ET
Table 'Emma II' 6-max Seat #3 is the button
Seat 2: scorpio04 ($177.54 in chips)
Seat 3: babyblue115 ($85.58 in chips)
babyblue115: posts small blind $1
scorpio04: posts big blind $3
*** HOLE CARDS ***
babyblue115: folds
Uncalled bet ($2) returned to scorpio04
scorpio04 collected $2 from pot
scorpio04: doesn't show hand
*** SUMMARY ***
Total pot $2 | Rake $0
Seat 2: scorpio04 (big blind) collected ($2)
Seat 3: babyblue115 (button) (small blind) folded before Flop


PokerStars Hand #172565521871:  Hold'em Limit ($3/$6 USD) - 2017/07/03 15:38:05 ET
Table 'Emma II' 6-max Seat #2 is the button
Seat 2: scorpio04 ($214.04 in chips)
Seat 3: babyblue115 ($48.58 in chips)
scorpio04: posts small blind $1
babyblue115: posts big blind $3
*** HOLE CARDS ***
scorpio04: raises $3 to $6
babyblue115: raises $3 to $9
scorpio04: calls $3
*** FLOP *** [2c 5d As]
babyblue115: bets $3
scorpio04: folds
Uncalled bet ($3) returned to babyblue115
babyblue115 collected $17.64 from pot
*** SUMMARY ***
Total pot $18 | Rake $0.36
Board [2c 5d As]
Seat 2: scorpio04 (button) (small blind) folded on the Flop
Seat 3: babyblue115 (big blind) collected ($17.64)


PokerStars Hand #172565699581:  Hold'em Limit ($3/$6 USD) - 2017/07/03 15:41:40 ET
Table 'Emma II' 6-max Seat #5 is the button
Seat 2: scorpio04 ($292.24 in chips)
Seat 5: Hannibal2211 ($92.93 in chips)
Hannibal2211: posts small blind $1
scorpio04: posts big blind $3
*** HOLE CARDS ***
Hannibal2211: raises $3 to $6
scorpio04: calls $3
*** FLOP *** [2h 9d 4c]
scorpio04: bets $3
Hannibal2211: calls $3
*** TURN *** [2h 9d 4c] [4h]
scorpio04: bets $6
Hannibal2211: calls $6
*** RIVER *** [2h 9d 4c 4h] [Qd]
scorpio04: bets $6
Hannibal2211: calls $6
*** SHOW DOWN ***
scorpio04: shows [Td 2c] (two pair, Fours and Deuces)
Hannibal2211: mucks hand
scorpio04 collected $41.50 from pot
*** SUMMARY ***
Total pot $42 | Rake $0.50
Board [2h 9d 4c 4h Qd]
Seat 2: scorpio04 (big blind) showed [Td 2c] and won ($41.50) with two pair, Fours and Deuces
Seat 5: Hannibal2211 (button) (small blind) mucked


PokerStars Hand #172565746361:  Hold'em Limit ($3/$6 USD) - 2017/07/03 15:42:36 ET
Table 'Emma II' 6-max Seat #2 is the button
Seat 2: scorpio04 ($333.24 in chips)
Seat 5: Hannibal2211 ($72 in chips)
scorpio04: posts small blind $1
Hannibal2211: posts big blind $3
*** HOLE CARDS ***
scorpio04: raises $3 to $6
Hannibal2211: calls $3
*** FLOP *** [9h Qd 9c]
Hannibal2211: checks
scorpio04: bets $3
Hannibal2211: calls $3
*** TURN *** [9h Qd 9c] [4c]
Hannibal2211: checks
scorpio04: checks
*** RIVER *** [9h Qd 9c 4c] [3c]
Hannibal2211: checks
scorpio04: bets $6
Hannibal2211: calls $6
*** SHOW DOWN ***
scorpio04: shows [Ad Th] (a pair of Nines)
Hannibal2211: mucks hand
scorpio04 collected $29.50 from pot
*** SUMMARY ***
Total pot $30 | Rake $0.50
Board [9h Qd 9c 4c 3c]
Seat 2: scorpio04 (button) (small blind) showed [Ad Th] and won ($29.50) with a pair of Nines
Seat 5: Hannibal2211 (big blind) mucked


PokerStars Hand #172565727180:  Hold'em Limit ($3/$6 USD) - 2017/07/03 15:42:13 ET
Table 'Emma II' 6-max Seat #5 is the button
Seat 2: scorpio04 ($303.74 in chips)
Seat 5: Hannibal2211 ($80.64 in chips)
Hannibal2211: posts small blind $1
scorpio04: posts big blind $3
*** HOLE CARDS ***
Hannibal2211: raises $3 to $6
scorpio04: raises $3 to $9
Hannibal2211: calls $3
*** FLOP *** [Ac 6d Ah]
scorpio04: bets $3
Hannibal2211: calls $3
*** TURN *** [Ac 6d Ah] [Ks]
scorpio04: checks
Hannibal2211: bets $6
scorpio04: calls $6
*** RIVER *** [Ac 6d Ah Ks] [Js]
scorpio04: checks
Hannibal2211: bets $6
scorpio04: raises $6 to $12
Hannibal2211: calls $6
*** SHOW DOWN ***
scorpio04: shows [Qd Th] (a straight, Ten to Ace)
Hannibal2211: mucks hand
scorpio04 collected $59.50 from pot
*** SUMMARY ***
Total pot $60 | Rake $0.50
Board [Ac 6d Ah Ks Js]
Seat 2: scorpio04 (big blind) showed [Qd Th] and won ($59.50) with a straight, Ten to Ace
Seat 5: Hannibal2211 (button) (small blind) mucked


PokerStars Hand #172565713422:  Hold'em Limit ($3/$6 USD) - 2017/07/03 15:41:56 ET
Table 'Emma II' 6-max Seat #2 is the button
Seat 2: scorpio04 ($312.74 in chips)
Seat 5: Hannibal2211 ($72 in chips)
scorpio04: posts small blind $1
Hannibal2211: posts big blind $3
*** HOLE CARDS ***
scorpio04: raises $3 to $6
Hannibal2211: calls $3
*** FLOP *** [9s 3s 9d]
Hannibal2211: checks
scorpio04: bets $3
Hannibal2211: calls $3
*** TURN *** [9s 3s 9d] [6s]
Hannibal2211: checks
scorpio04: checks
*** RIVER *** [9s 3s 9d 6s] [8s]
Hannibal2211: bets $6
scorpio04: folds
Uncalled bet ($6) returned to Hannibal2211
Hannibal2211 collected $17.64 from pot
*** SUMMARY ***
Total pot $18 | Rake $0.36
Board [9s 3s 9d 6s 8s]
Seat 2: scorpio04 (button) (small blind) folded on the River
Seat 5: Hannibal2211 (big blind) collected ($17.64)


PokerStars Hand #172565807399:  Hold'em Limit ($3/$6 USD) - 2017/07/03 15:43:50 ET
Table 'Emma II' 6-max Seat #2 is the button
Seat 2: scorpio04 ($368.24 in chips)
Seat 5: Hannibal2211 ($72 in chips)
scorpio04: posts small blind $1
Hannibal2211: posts big blind $3
*** HOLE CARDS ***
scorpio04: raises $3 to $6
Hannibal2211: calls $3
*** FLOP *** [Ks Jd 8h]
Hannibal2211: checks
scorpio04: bets $3
Hannibal2211: raises $3 to $6
scorpio04: calls $3
*** TURN *** [Ks Jd 8h] [5c]
Hannibal2211: bets $6
scorpio04: calls $6
*** RIVER *** [Ks Jd 8h 5c] [Jh]
Hannibal2211: bets $6
scorpio04: calls $6
*** SHOW DOWN ***
Hannibal2211: shows [3h Kc] (two pair, Kings and Jacks)
scorpio04: mucks hand
Hannibal2211 collected $47.50 from pot
*** SUMMARY ***
Total pot $48 | Rake $0.50
Board [Ks Jd 8h 5c Jh]
Seat 2: scorpio04 (button) (small blind) mucked
Seat 5: Hannibal2211 (big blind) showed [3h Kc] and won ($47.50) with two pair, Kings and Jacks


PokerStars Hand #172565826721:  Hold'em Limit ($3/$6 USD) - 2017/07/03 15:44:13 ET
Table 'Emma II' 6-max Seat #5 is the button
Seat 2: scorpio04 ($344.24 in chips)
Seat 5: Hannibal2211 ($95.50 in chips)
Hannibal2211: posts small blind $1
scorpio04: posts big blind $3
*** HOLE CARDS ***
Hannibal2211: raises $3 to $6
scorpio04: raises $3 to $9
Hannibal2211: calls $3
*** FLOP *** [Qs 9s 5s]
scorpio04: bets $3
Hannibal2211: calls $3
*** TURN *** [Qs 9s 5s] [6c]
scorpio04: bets $6
Hannibal2211: raises $6 to $12
scorpio04: calls $6
*** RIVER *** [Qs 9s 5s 6c] [Qd]
scorpio04: checks
Hannibal2211: bets $6
scorpio04: calls $6
*** SHOW DOWN ***
Hannibal2211: shows [As 8s] (a flush, Ace high)
scorpio04: mucks hand
Hannibal2211 collected $59.50 from pot
*** SUMMARY ***
Total pot $60 | Rake $0.50
Board [Qs 9s 5s 6c Qd]
Seat 2: scorpio04 (big blind) mucked
Seat 5: Hannibal2211 (button) (small blind) showed [As 8s] and won ($59.50) with a flush, Ace high


PokerStars Hand #172565857861:  Hold'em Limit ($3/$6 USD) - 2017/07/03 15:44:51 ET
Table 'Emma II' 6-max Seat #2 is the button
Seat 2: scorpio04 ($314.24 in chips)
Seat 5: Hannibal2211 ($125 in chips)
scorpio04: posts small blind $1
Hannibal2211: posts big blind $3
*** HOLE CARDS ***
scorpio04: folds
Uncalled bet ($2) returned to Hannibal2211
Hannibal2211 collected $2 from pot
*** SUMMARY ***
Total pot $2 | Rake $0
Seat 2: scorpio04 (button) (small blind) folded before Flop
Seat 5: Hannibal2211 (big blind) collected ($2)


PokerStars Hand #172565862381:  Hold'em Limit ($3/$6 USD) - 2017/07/03 15:44:56 ET
Table 'Emma II' 6-max Seat #5 is the button
Seat 2: scorpio04 ($313.24 in chips)
Seat 5: Hannibal2211 ($126 in chips)
Hannibal2211: posts small blind $1
scorpio04: posts big blind $3
*** HOLE CARDS ***
Hannibal2211: raises $3 to $6
scorpio04: calls $3
*** FLOP *** [2c 4c Td]
scorpio04: checks
Hannibal2211: bets $3
Kikimor1220 joins the table at seat #6
scorpio04: calls $3
*** TURN *** [2c 4c Td] [3s]
scorpio04: checks
Hannibal2211: checks
*** RIVER *** [2c 4c Td 3s] [Th]
scorpio04: checks
Hannibal2211: bets $6
scorpio04: calls $6
*** SHOW DOWN ***
Hannibal2211: shows [Ah 9s] (a pair of Tens)
scorpio04: mucks hand
Hannibal2211 collected $29.50 from pot
*** SUMMARY ***
Total pot $30 | Rake $0.50
Board [2c 4c Td 3s Th]
Seat 2: scorpio04 (big blind) mucked
Seat 5: Hannibal2211 (button) (small blind) showed [Ah 9s] and won ($29.50) with a pair of Tens


PokerStars Hand #172565900557:  Hold'em Limit ($3/$6 USD) - 2017/07/03 15:45:42 ET
Table 'Emma II' 6-max Seat #2 is the button
Seat 2: scorpio04 ($298.24 in chips)
Seat 5: Hannibal2211 ($140.50 in chips)
scorpio04: posts small blind $1
Hannibal2211: posts big blind $3
*** HOLE CARDS ***
scorpio04: folds
Uncalled bet ($2) returned to Hannibal2211
Hannibal2211 collected $2 from pot
*** SUMMARY ***
Total pot $2 | Rake $0
Seat 2: scorpio04 (button) (small blind) folded before Flop
Seat 5: Hannibal2211 (big blind) collected ($2)


PokerStars Hand #172566630691:  Hold'em Limit ($3/$6 USD) - 2017/07/03 16:01:22 ET
Table 'Emma II' 6-max Seat #5 is the button
Seat 2: scorpio04 ($298.22 in chips)
Seat 5: Hannibal2211 ($180.67 in chips)
Hannibal2211: posts small blind $1
scorpio04: posts big blind $3
*** HOLE CARDS ***
Hannibal2211: folds
Uncalled bet ($2) returned to scorpio04
scorpio04 collected $2 from pot
scorpio04: doesn't show hand
*** SUMMARY ***
Total pot $2 | Rake $0
Seat 2: scorpio04 (big blind) collected ($2)
Seat 5: Hannibal2211 (button) (small blind) folded before Flop


PokerStars Hand #172566618866:  Hold'em Limit ($3/$6 USD) - 2017/07/03 16:01:06 ET
Table 'Emma II' 6-max Seat #2 is the button
Seat 2: scorpio04 ($295.22 in chips)
Seat 5: Hannibal2211 ($183.67 in chips)
scorpio04: posts small blind $1
Hannibal2211: posts big blind $3
*** HOLE CARDS ***
scorpio04: raises $3 to $6
Hannibal2211: folds
Uncalled bet ($3) returned to scorpio04
scorpio04 collected $6 from pot
scorpio04: doesn't show hand
*** SUMMARY ***
Total pot $6 | Rake $0
Seat 2: scorpio04 (button) (small blind) collected ($6)
Seat 5: Hannibal2211 (big blind) folded before Flop


PokerStars Hand #172572606849:  Hold'em Limit ($3/$6 USD) - 2017/07/03 18:09:40 ET
Table 'Emma II' 6-max Seat #4 is the button
Seat 3: 7superpoker ($103 in chips)
Seat 4: Actionni13 ($150 in chips)
Actionni13: posts small blind $1
7superpoker: posts big blind $3
*** HOLE CARDS ***
Actionni13: raises $3 to $6
7superpoker: raises $3 to $9
Actionni13: calls $3
*** FLOP *** [2d 4d 3s]
7superpoker: bets $3
Actionni13: calls $3
*** TURN *** [2d 4d 3s] [Qd]
7superpoker: bets $6
Actionni13: calls $6
*** RIVER *** [2d 4d 3s Qd] [7h]
7superpoker: bets $6
Actionni13: folds
Uncalled bet ($6) returned to 7superpoker
7superpoker collected $35.50 from pot
7superpoker: doesn't show hand
*** SUMMARY ***
Total pot $36 | Rake $0.50
Board [2d 4d 3s Qd 7h]
Seat 3: 7superpoker (big blind) collected ($35.50)
Seat 4: Actionni13 (button) (small blind) folded on the River


PokerStars Hand #172572623527:  Hold'em Limit ($3/$6 USD) - 2017/07/03 18:10:04 ET
Table 'Emma II' 6-max Seat #3 is the button
Seat 3: 7superpoker ($120.50 in chips)
Seat 4: Actionni13 ($150 in chips)
7superpoker: posts small blind $1
Actionni13: posts big blind $3
*** HOLE CARDS ***
7superpoker: raises $3 to $6
Actionni13: calls $3
*** FLOP *** [9d Qd 7h]
Actionni13: checks
7superpoker: bets $3
Actionni13: calls $3
*** TURN *** [9d Qd 7h] [8c]
Actionni13: checks
7superpoker: bets $6
Actionni13: calls $6
*** RIVER *** [9d Qd 7h 8c] [Qh]
Actionni13: checks
7superpoker: bets $6
Actionni13: calls $6
*** SHOW DOWN ***
7superpoker: shows [Qc 9c] (a full house, Queens full of Nines)
Actionni13: mucks hand
7superpoker collected $41.50 from pot
*** SUMMARY ***
Total pot $42 | Rake $0.50
Board [9d Qd 7h 8c Qh]
Seat 3: 7superpoker (button) (small blind) showed [Qc 9c] and won ($41.50) with a full house, Queens full of Nines
Seat 4: Actionni13 (big blind) mucked


PokerStars Hand #172572656199:  Hold'em Limit ($3/$6 USD) - 2017/07/03 18:10:51 ET
Table 'Emma II' 6-max Seat #3 is the button
Seat 3: 7superpoker ($149.64 in chips)
Seat 4: Actionni13 ($150 in chips)
7superpoker: posts small blind $1
Actionni13: posts big blind $3
*** HOLE CARDS ***
7superpoker: folds
Uncalled bet ($2) returned to Actionni13
Actionni13 collected $2 from pot
Actionni13: doesn't show hand
*** SUMMARY ***
Total pot $2 | Rake $0
Seat 3: 7superpoker (button) (small blind) folded before Flop
Seat 4: Actionni13 (big blind) collected ($2)


PokerStars Hand #172572644698:  Hold'em Limit ($3/$6 USD) - 2017/07/03 18:10:34 ET
Table 'Emma II' 6-max Seat #4 is the button
Seat 3: 7superpoker ($141 in chips)
Seat 4: Actionni13 ($150 in chips)
Actionni13: posts small blind $1
7superpoker: posts big blind $3
*** HOLE CARDS ***
Actionni13: raises $3 to $6
7superpoker: raises $3 to $9
Actionni13: calls $3
*** FLOP *** [6c Qs 8h]
7superpoker: bets $3
Actionni13: folds
Uncalled bet ($3) returned to 7superpoker
7superpoker collected $17.64 from pot
7superpoker: doesn't show hand
*** SUMMARY ***
Total pot $18 | Rake $0.36
Board [6c Qs 8h]
Seat 3: 7superpoker (big blind) collected ($17.64)
Seat 4: Actionni13 (button) (small blind) folded on the Flop


PokerStars Hand #172572660474:  Hold'em Limit ($3/$6 USD) - 2017/07/03 18:10:57 ET
Table 'Emma II' 6-max Seat #4 is the button
Seat 3: 7superpoker ($148.64 in chips)
Seat 4: Actionni13 ($151 in chips)
Actionni13: posts small blind $1
7superpoker: posts big blind $3
*** HOLE CARDS ***
Actionni13: raises $3 to $6
7superpoker: folds
Uncalled bet ($3) returned to Actionni13
Actionni13 collected $6 from pot
Actionni13: doesn't show hand
*** SUMMARY ***
Total pot $6 | Rake $0
Seat 3: 7superpoker (big blind) folded before Flop
Seat 4: Actionni13 (button) (small blind) collected ($6)


PokerStars Hand #172572664978:  Hold'em Limit ($3/$6 USD) - 2017/07/03 18:11:03 ET
Table 'Emma II' 6-max Seat #3 is the button
Seat 3: 7superpoker ($145.64 in chips)
Seat 4: Actionni13 ($154 in chips)
7superpoker: posts small blind $1
Actionni13: posts big blind $3
*** HOLE CARDS ***
7superpoker: raises $3 to $6
Actionni13: calls $3
*** FLOP *** [8s 3c Th]
Actionni13: checks
7superpoker: bets $3
Actionni13: folds
Uncalled bet ($3) returned to 7superpoker
7superpoker collected $11.76 from pot
7superpoker: doesn't show hand
*** SUMMARY ***
Total pot $12 | Rake $0.24
Board [8s 3c Th]
Seat 3: 7superpoker (button) (small blind) collected ($11.76)
Seat 4: Actionni13 (big blind) folded on the Flop


PokerStars Hand #172572672554:  Hold'em Limit ($3/$6 USD) - 2017/07/03 18:11:14 ET
Table 'Emma II' 6-max Seat #4 is the button
Seat 3: 7superpoker ($151.40 in chips)
Seat 4: Actionni13 ($150 in chips)
Actionni13: posts small blind $1
7superpoker: posts big blind $3
*** HOLE CARDS ***
Actionni13: raises $3 to $6
7superpoker: calls $3
*** FLOP *** [Jd 6s 9c]
7superpoker: checks
Actionni13: checks
*** TURN *** [Jd 6s 9c] [4c]
7superpoker: bets $6
Actionni13: calls $6
*** RIVER *** [Jd 6s 9c 4c] [5c]
7superpoker: bets $6
Actionni13: folds
Uncalled bet ($6) returned to 7superpoker
7superpoker collected $23.52 from pot
7superpoker: doesn't show hand
*** SUMMARY ***
Total pot $24 | Rake $0.48
Board [Jd 6s 9c 4c 5c]
Seat 3: 7superpoker (big blind) collected ($23.52)
Seat 4: Actionni13 (button) (small blind) folded on the River


PokerStars Hand #172572688055:  Hold'em Limit ($3/$6 USD) - 2017/07/03 18:11:36 ET
Table 'Emma II' 6-max Seat #3 is the button
Seat 3: 7superpoker ($162.92 in chips)
Seat 4: Actionni13 ($150 in chips)
7superpoker: posts small blind $1
Actionni13: posts big blind $3
*** HOLE CARDS ***
7superpoker: raises $3 to $6
Actionni13: raises $3 to $9
7superpoker: calls $3
*** FLOP *** [4c Ks 7d]
Actionni13: bets $3
7superpoker: calls $3
*** TURN *** [4c Ks 7d] [5h]
Actionni13: bets $6
7superpoker: calls $6
*** RIVER *** [4c Ks 7d 5h] [2c]
Actionni13: bets $6
7superpoker: calls $6
*** SHOW DOWN ***
Actionni13: shows [Kc Ad] (a pair of Kings)
7superpoker: mucks hand
Actionni13 collected $47.50 from pot
*** SUMMARY ***
Total pot $48 | Rake $0.50
Board [4c Ks 7d 5h 2c]
Seat 3: 7superpoker (button) (small blind) mucked
Seat 4: Actionni13 (big blind) showed [Kc Ad] and won ($47.50) with a pair of Kings


PokerStars Hand #172572708189:  Hold'em Limit ($3/$6 USD) - 2017/07/03 18:12:05 ET
Table 'Emma II' 6-max Seat #4 is the button
Seat 3: 7superpoker ($138.92 in chips)
Seat 4: Actionni13 ($173.50 in chips)
Actionni13: posts small blind $1
7superpoker: posts big blind $3
*** HOLE CARDS ***
Actionni13: raises $3 to $6
7superpoker: folds
Uncalled bet ($3) returned to Actionni13
Actionni13 collected $6 from pot
Actionni13: doesn't show hand
*** SUMMARY ***
Total pot $6 | Rake $0
Seat 3: 7superpoker (big blind) folded before Flop
Seat 4: Actionni13 (button) (small blind) collected ($6)


PokerStars Hand #172572712913:  Hold'em Limit ($3/$6 USD) - 2017/07/03 18:12:12 ET
Table 'Emma II' 6-max Seat #3 is the button
Seat 3: 7superpoker ($135.92 in chips)
Seat 4: Actionni13 ($176.50 in chips)
7superpoker: posts small blind $1
Actionni13: posts big blind $3
*** HOLE CARDS ***
7superpoker: raises $3 to $6
Actionni13: folds
Uncalled bet ($3) returned to 7superpoker
7superpoker collected $6 from pot
7superpoker: doesn't show hand
*** SUMMARY ***
Total pot $6 | Rake $0
Seat 3: 7superpoker (button) (small blind) collected ($6)
Seat 4: Actionni13 (big blind) folded before Flop


PokerStars Hand #172573405415:  Hold'em Limit ($3/$6 USD) - 2017/07/03 18:28:55 ET
Table 'Emma II' 6-max Seat #4 is the button
Seat 4: Actionni13 ($173.50 in chips)
Seat 6: MForce007 ($50 in chips)
Actionni13: posts small blind $1
MForce007: posts big blind $3
*** HOLE CARDS ***
Actionni13: raises $3 to $6
MForce007: calls $3
*** FLOP *** [6d 7s 5c]
B_loJkl joins the table at seat #1
MForce007: bets $3
Actionni13: calls $3
*** TURN *** [6d 7s 5c] [Td]
MForce007: checks
Actionni13: checks
*** RIVER *** [6d 7s 5c Td] [4h]
MForce007: bets $6
Actionni13: raises $6 to $12
MForce007: folds
Uncalled bet ($6) returned to Actionni13
Actionni13 collected $29.50 from pot
Actionni13: doesn't show hand
*** SUMMARY ***
Total pot $30 | Rake $0.50
Board [6d 7s 5c Td 4h]
Seat 4: Actionni13 (button) (small blind) collected ($29.50)
Seat 6: MForce007 (big blind) folded on the River


PokerStars Hand #172575517219:  Hold'em Limit ($3/$6 USD) - 2017/07/03 19:27:30 ET
Table 'Emma II' 6-max Seat #3 is the button
Seat 3: rascal_319 ($188.04 in chips)
Seat 5: Larooo ($48.96 in chips)
DimaZips will be allowed to play after the button
rascal_319: posts small blind $1
Larooo: posts big blind $3
*** HOLE CARDS ***
Yarra56 leaves the table
rascal_319: folds
Uncalled bet ($2) returned to Larooo
Larooo collected $2 from pot
*** SUMMARY ***
Total pot $2 | Rake $0
Seat 3: rascal_319 (button) (small blind) folded before Flop
Seat 5: Larooo (big blind) collected ($2)


PokerStars Hand #172575498156:  Hold'em Limit ($3/$6 USD) - 2017/07/03 19:26:56 ET
Table 'Emma II' 6-max Seat #3 is the button
Seat 3: rascal_319 ($189.04 in chips)
Seat 5: Larooo ($50.96 in chips)
rascal_319: posts small blind $1
Larooo: posts big blind $3
*** HOLE CARDS ***
rascal_319: folds
Uncalled bet ($2) returned to Larooo
Larooo collected $2 from pot
*** SUMMARY ***
Total pot $2 | Rake $0
Seat 3: rascal_319 (button) (small blind) folded before Flop
Seat 5: Larooo (big blind) collected ($2)


PokerStars Hand #172575487365:  Hold'em Limit ($3/$6 USD) - 2017/07/03 19:26:37 ET
Table 'Emma II' 6-max Seat #5 is the button
Seat 3: rascal_319 ($192.04 in chips)
Seat 5: Larooo ($47.96 in chips)
Larooo: posts small blind $1
Yarra56: is sitting out
rascal_319: posts big blind $3
*** HOLE CARDS ***
Larooo: raises $3 to $6
rascal_319: folds
Uncalled bet ($3) returned to Larooo
Larooo collected $6 from pot
*** SUMMARY ***
Total pot $6 | Rake $0
Seat 3: rascal_319 (big blind) folded before Flop
Seat 5: Larooo (button) (small blind) collected ($6)


PokerStars Hand #172575975349:  Hold'em Limit ($3/$6 USD) - 2017/07/03 19:41:29 ET
Table 'Emma II' 6-max Seat #3 is the button
Seat 3: rascal_319 ($151.36 in chips)
Seat 4: Fetish73 ($119.36 in chips)
rascal_319: posts small blind $1
Fetish73: posts big blind $3
*** HOLE CARDS ***
rascal_319: raises $3 to $6
Fetish73: calls $3
*** FLOP *** [3h 2h Qs]
Fetish73: checks
rascal_319: checks
*** TURN *** [3h 2h Qs] [Jh]
Fetish73: checks
rascal_319: checks
*** RIVER *** [3h 2h Qs Jh] [Qc]
Fetish73: checks
dmonr leaves the table
rascal_319: checks
*** SHOW DOWN ***
Fetish73: shows [9d Ts] (a pair of Queens)
rascal_319: shows [Ad 7c] (a pair of Queens - Ace kicker)
rascal_319 collected $11.76 from pot
*** SUMMARY ***
Total pot $12 | Rake $0.24
Board [3h 2h Qs Jh Qc]
Seat 3: rascal_319 (button) (small blind) showed [Ad 7c] and won ($11.76) with a pair of Queens
Seat 4: Fetish73 (big blind) showed [9d Ts] and lost with a pair of Queens


