PokerStars Hand #153219810511:  Hold'em Limit ($3/$6 USD) - 2016/05/12 15:30:53 ET
Table 'Emma II' 10-max Seat #8 is the button
Seat 8: Pandakey ($110 in chips)
Seat 9: perten ($87.79 in chips)
Pandakey: posts small blind $1
perten: posts big blind $3
*** HOLE CARDS ***
Pandakey: folds
Uncalled bet ($2) returned to perten
perten collected $2 from pot
perten: doesn't show hand
*** SUMMARY ***
Total pot $2 | Rake $0
Seat 8: Pandakey (button) (small blind) folded before Flop
Seat 9: perten (big blind) collected ($2)


PokerStars Hand #153219795960:  Hold'em Limit ($3/$6 USD) - 2016/05/12 15:30:37 ET
Table 'Emma II' 10-max Seat #9 is the button
Seat 8: Pandakey ($119 in chips)
Seat 9: perten ($79.15 in chips)
perten: posts small blind $1
Pandakey: posts big blind $3
*** HOLE CARDS ***
perten: raises $3 to $6
Pandakey: calls $3
*** FLOP *** [Qd 2h Ks]
Pandakey: bets $3
perten: raises $3 to $6
Pandakey: folds
Uncalled bet ($3) returned to perten
perten collected $17.64 from pot
perten: doesn't show hand
*** SUMMARY ***
Total pot $18 | Rake $0.36
Board [Qd 2h Ks]
Seat 8: Pandakey (big blind) folded on the Flop
Seat 9: perten (button) (small blind) collected ($17.64)


PokerStars Hand #153219848237:  Hold'em Limit ($3/$6 USD) - 2016/05/12 15:31:33 ET
Table 'Emma II' 10-max Seat #9 is the button
Seat 8: Pandakey ($84 in chips)
Seat 9: perten ($113.29 in chips)
perten: posts small blind $1
Pandakey: posts big blind $3
*** HOLE CARDS ***
perten: calls $2
Pandakey: raises $3 to $6
perten: calls $3
*** FLOP *** [Ac 6c 5d]
Pandakey: bets $3
perten: calls $3
*** TURN *** [Ac 6c 5d] [Js]
Pandakey: checks
perten: checks
*** RIVER *** [Ac 6c 5d Js] [7h]
Pandakey: checks
perten: checks
*** SHOW DOWN ***
Pandakey: shows [Qc Kc] (high card Ace)
perten: shows [9h 5s] (a pair of Fives)
perten collected $17.64 from pot
*** SUMMARY ***
Total pot $18 | Rake $0.36
Board [Ac 6c 5d Js 7h]
Seat 8: Pandakey (big blind) showed [Qc Kc] and lost with high card Ace
Seat 9: perten (button) (small blind) showed [9h 5s] and won ($17.64) with a pair of Fives


PokerStars Hand #153219843649:  Hold'em Limit ($3/$6 USD) - 2016/05/12 15:31:28 ET
Table 'Emma II' 10-max Seat #8 is the button
Seat 8: Pandakey ($85 in chips)
Seat 9: perten ($112.29 in chips)
Pandakey: posts small blind $1
perten: posts big blind $3
*** HOLE CARDS ***
Pandakey: folds
Uncalled bet ($2) returned to perten
perten collected $2 from pot
perten: doesn't show hand
*** SUMMARY ***
Total pot $2 | Rake $0
Seat 8: Pandakey (button) (small blind) folded before Flop
Seat 9: perten (big blind) collected ($2)


PokerStars Hand #153219814778:  Hold'em Limit ($3/$6 USD) - 2016/05/12 15:30:57 ET
Table 'Emma II' 10-max Seat #9 is the button
Seat 8: Pandakey ($109 in chips)
Seat 9: perten ($88.79 in chips)
perten: posts small blind $1
Pandakey: posts big blind $3
*** HOLE CARDS ***
perten: raises $3 to $6
Pandakey: raises $3 to $9
perten: calls $3
*** FLOP *** [9s Js 6h]
Pandakey: bets $3
perten: calls $3
*** TURN *** [9s Js 6h] [2c]
Pandakey: bets $6
perten: raises $6 to $12
Pandakey: calls $6
*** RIVER *** [9s Js 6h 2c] [9h]
Pandakey: checks
perten: bets $6
Pandakey: folds
Uncalled bet ($6) returned to perten
perten collected $47.50 from pot
perten: doesn't show hand
*** SUMMARY ***
Total pot $48 | Rake $0.50
Board [9s Js 6h 2c 9h]
Seat 8: Pandakey (big blind) folded on the River
Seat 9: perten (button) (small blind) collected ($47.50)


