PokerStars Hand #147402079624:  Hold'em Limit ($3/$6 USD) - 2016/01/20 21:55:43 ET
Table 'Emma' 2-max Seat #1 is the button
Seat 1: Mudager ($120 in chips)
Seat 2: permafrost07 ($66.39 in chips)
Mudager: posts small blind $1
permafrost07: posts big blind $3
*** HOLE CARDS ***
Mudager: raises $3 to $6
permafrost07: calls $3
*** FLOP *** [Jc Ac 6h]
permafrost07: checks
Mudager: bets $3
permafrost07: folds
Uncalled bet ($3) returned to Mudager
Mudager collected $11.76 from pot
Mudager: doesn't show hand
*** SUMMARY ***
Total pot $12 | Rake $0.24
Board [Jc Ac 6h]
Seat 1: Mudager (button) (small blind) collected ($11.76)
Seat 2: permafrost07 (big blind) folded on the Flop


PokerStars Hand #147402069554:  Hold'em Limit ($3/$6 USD) - 2016/01/20 21:55:13 ET
Table 'Emma' 2-max Seat #2 is the button
Seat 1: Mudager ($120 in chips)
Seat 2: permafrost07 ($63.51 in chips)
permafrost07: posts small blind $1
Mudager: posts big blind $3
*** HOLE CARDS ***
permafrost07: calls $2
Mudager: checks
*** FLOP *** [Qs 8h Ad]
Mudager: checks
permafrost07: bets $3
Mudager: folds
Uncalled bet ($3) returned to permafrost07
permafrost07 collected $5.88 from pot
permafrost07: doesn't show hand
*** SUMMARY ***
Total pot $6 | Rake $0.12
Board [Qs 8h Ad]
Seat 1: Mudager (big blind) folded on the Flop
Seat 2: permafrost07 (button) (small blind) collected ($5.88)


PokerStars Hand #147402096840:  Hold'em Limit ($3/$6 USD) - 2016/01/20 21:56:33 ET
Table 'Emma' 2-max Seat #1 is the button
Seat 1: Mudager ($155.26 in chips)
Seat 2: permafrost07 ($30.39 in chips)
Mudager: posts small blind $1
permafrost07: posts big blind $3
*** HOLE CARDS ***
Mudager: raises $3 to $6
permafrost07: calls $3
*** FLOP *** [Ts 7c 5c]
permafrost07: bets $3
Mudager: calls $3
*** TURN *** [Ts 7c 5c] [5d]
permafrost07: checks
Mudager: bets $6
permafrost07: folds
Uncalled bet ($6) returned to Mudager
Mudager collected $17.64 from pot
Mudager: doesn't show hand
*** SUMMARY ***
Total pot $18 | Rake $0.36
Board [Ts 7c 5c 5d]
Seat 1: Mudager (button) (small blind) collected ($17.64)
Seat 2: permafrost07 (big blind) folded on the Turn


PokerStars Hand #147402086143:  Hold'em Limit ($3/$6 USD) - 2016/01/20 21:56:02 ET
Table 'Emma' 2-max Seat #2 is the button
Seat 1: Mudager ($125.76 in chips)
Seat 2: permafrost07 ($60.39 in chips)
permafrost07: posts small blind $1
Mudager: posts big blind $3
*** HOLE CARDS ***
permafrost07: raises $3 to $6
Mudager: calls $3
*** FLOP *** [9c As 7h]
Mudager: checks
permafrost07: bets $3
Mudager: raises $3 to $6
permafrost07: calls $3
*** TURN *** [9c As 7h] [2h]
Mudager: bets $6
permafrost07: calls $6
*** RIVER *** [9c As 7h 2h] [8h]
Mudager: bets $6
permafrost07: raises $6 to $12
Mudager: calls $6
*** SHOW DOWN ***
permafrost07: shows [8d 9h] (two pair, Nines and Eights)
Mudager: shows [2s Ah] (two pair, Aces and Deuces)
Mudager collected $59.50 from pot
*** SUMMARY ***
Total pot $60 | Rake $0.50
Board [9c As 7h 2h 8h]
Seat 1: Mudager (big blind) showed [2s Ah] and won ($59.50) with two pair, Aces and Deuces
Seat 2: permafrost07 (button) (small blind) showed [8d 9h] and lost with two pair, Nines and Eights


PokerStars Hand #147402119655:  Hold'em Limit ($3/$6 USD) - 2016/01/20 21:57:39 ET
Table 'Emma' 2-max Seat #1 is the button
Seat 1: Mudager ($176.42 in chips)
Seat 2: permafrost07 ($8.39 in chips)
Mudager: posts small blind $1
permafrost07: posts big blind $3
*** HOLE CARDS ***
Mudager: raises $3 to $6
permafrost07: calls $3
*** FLOP *** [9c 5s Qs]
permafrost07: bets $2.39 and is all-in
Mudager: calls $2.39
*** TURN *** [9c 5s Qs] [6d]
*** RIVER *** [9c 5s Qs 6d] [Qd]
*** SHOW DOWN ***
permafrost07: shows [4d 7s] (a pair of Queens)
Mudager: shows [5c 4c] (two pair, Queens and Fives)
Mudager collected $16.44 from pot
*** SUMMARY ***
Total pot $16.78 | Rake $0.34
Board [9c 5s Qs 6d Qd]
Seat 1: Mudager (button) (small blind) showed [5c 4c] and won ($16.44) with two pair, Queens and Fives
Seat 2: permafrost07 (big blind) showed [4d 7s] and lost with a pair of Queens


PokerStars Hand #147402117470:  Hold'em Limit ($3/$6 USD) - 2016/01/20 21:57:32 ET
Table 'Emma' 2-max Seat #2 is the button
Seat 1: Mudager ($175.42 in chips)
Seat 2: permafrost07 ($9.39 in chips)
permafrost07: posts small blind $1
Mudager: posts big blind $3
*** HOLE CARDS ***
permafrost07: folds
Uncalled bet ($2) returned to Mudager
Mudager collected $2 from pot
Mudager: doesn't show hand
*** SUMMARY ***
Total pot $2 | Rake $0
Seat 1: Mudager (big blind) collected ($2)
Seat 2: permafrost07 (button) (small blind) folded before Flop


PokerStars Hand #147402111055:  Hold'em Limit ($3/$6 USD) - 2016/01/20 21:57:14 ET
Table 'Emma' 2-max Seat #1 is the button
Seat 1: Mudager ($169.66 in chips)
Seat 2: permafrost07 ($15.39 in chips)
Mudager: posts small blind $1
permafrost07: posts big blind $3
*** HOLE CARDS ***
Mudager: raises $3 to $6
permafrost07: calls $3
*** FLOP *** [3h 7h Ad]
permafrost07: checks
Mudager: bets $3
permafrost07: folds
Uncalled bet ($3) returned to Mudager
Mudager collected $11.76 from pot
Mudager: doesn't show hand
*** SUMMARY ***
Total pot $12 | Rake $0.24
Board [3h 7h Ad]
Seat 1: Mudager (button) (small blind) collected ($11.76)
Seat 2: permafrost07 (big blind) folded on the Flop


PokerStars Hand #147403965014:  Hold'em Limit ($3/$6 USD) - 2016/01/20 23:24:02 ET
Table 'Emma' 2-max Seat #2 is the button
Seat 1: Mudager ($184.47 in chips)
Seat 2: chipsdigme86 ($120 in chips)
chipsdigme86: posts small blind $1
Mudager: posts big blind $3
*** HOLE CARDS ***
chipsdigme86: folds
Uncalled bet ($2) returned to Mudager
Mudager collected $2 from pot
Mudager: doesn't show hand
*** SUMMARY ***
Total pot $2 | Rake $0
Seat 1: Mudager (big blind) collected ($2)
Seat 2: chipsdigme86 (button) (small blind) folded before Flop


PokerStars Hand #147403979183:  Hold'em Limit ($3/$6 USD) - 2016/01/20 23:24:48 ET
Table 'Emma' 2-max Seat #2 is the button
Seat 1: Mudager ($176.47 in chips)
Seat 2: chipsdigme86 ($127.64 in chips)
chipsdigme86: posts small blind $1
Mudager: posts big blind $3
*** HOLE CARDS ***
chipsdigme86: raises $3 to $6
Mudager: raises $3 to $9
chipsdigme86: calls $3
*** FLOP *** [As 4c 2s]
Mudager: bets $3
chipsdigme86: folds
Uncalled bet ($3) returned to Mudager
Mudager collected $17.64 from pot
Mudager: doesn't show hand
*** SUMMARY ***
Total pot $18 | Rake $0.36
Board [As 4c 2s]
Seat 1: Mudager (big blind) collected ($17.64)
Seat 2: chipsdigme86 (button) (small blind) folded on the Flop


PokerStars Hand #147403975841:  Hold'em Limit ($3/$6 USD) - 2016/01/20 23:24:37 ET
Table 'Emma' 2-max Seat #2 is the button
Seat 1: Mudager ($176.47 in chips)
Seat 2: chipsdigme86 ($127.64 in chips)
chipsdigme86: posts small blind $1
Mudager: posts big blind $3
*** HOLE CARDS ***
chipsdigme86: folds
Uncalled bet ($2) returned to Mudager
Mudager collected $2 from pot
Mudager: doesn't show hand
*** SUMMARY ***
Total pot $2 | Rake $0
Seat 1: Mudager (big blind) collected ($2)
Seat 2: chipsdigme86 (button) (small blind) folded before Flop


PokerStars Hand #147403970415:  Hold'em Limit ($3/$6 USD) - 2016/01/20 23:24:19 ET
Table 'Emma' 2-max Seat #1 is the button
Seat 1: Mudager ($185.47 in chips)
Seat 2: chipsdigme86 ($119 in chips)
Mudager: posts small blind $1
chipsdigme86: posts big blind $3
*** HOLE CARDS ***
Mudager: raises $3 to $6
chipsdigme86: calls $3
*** FLOP *** [9d 3d 7h]
chipsdigme86: checks
Mudager: bets $3
chipsdigme86: raises $3 to $6
Mudager: folds
Uncalled bet ($3) returned to chipsdigme86
chipsdigme86 collected $17.64 from pot
*** SUMMARY ***
Total pot $18 | Rake $0.36
Board [9d 3d 7h]
Seat 1: Mudager (button) (small blind) folded on the Flop
Seat 2: chipsdigme86 (big blind) collected ($17.64)


PokerStars Hand #147404002537:  Hold'em Limit ($3/$6 USD) - 2016/01/20 23:26:04 ET
Table 'Emma' 2-max Seat #1 is the button
Seat 1: Mudager ($226.11 in chips)
Seat 2: chipsdigme86 ($76.64 in chips)
Mudager: posts small blind $1
chipsdigme86: posts big blind $3
*** HOLE CARDS ***
Mudager: raises $3 to $6
chipsdigme86: calls $3
*** FLOP *** [5c 7h 8d]
chipsdigme86: checks
Mudager: checks
*** TURN *** [5c 7h 8d] [4d]
chipsdigme86: bets $6
Mudager: folds
Uncalled bet ($6) returned to chipsdigme86
chipsdigme86 collected $11.76 from pot
*** SUMMARY ***
Total pot $12 | Rake $0.24
Board [5c 7h 8d 4d]
Seat 1: Mudager (button) (small blind) folded on the Turn
Seat 2: chipsdigme86 (big blind) collected ($11.76)


PokerStars Hand #147403983964:  Hold'em Limit ($3/$6 USD) - 2016/01/20 23:25:03 ET
Table 'Emma' 2-max Seat #1 is the button
Seat 1: Mudager ($185.11 in chips)
Seat 2: chipsdigme86 ($118.64 in chips)
Mudager: posts small blind $1
chipsdigme86: posts big blind $3
*** HOLE CARDS ***
Mudager: raises $3 to $6
chipsdigme86: raises $3 to $9
Mudager: calls $3
*** FLOP *** [2c 6c 3c]
chipsdigme86: bets $3
Mudager: raises $3 to $6
chipsdigme86: calls $3
*** TURN *** [2c 6c 3c] [Ks]
chipsdigme86: checks
Mudager: bets $6
chipsdigme86: calls $6
*** RIVER *** [2c 6c 3c Ks] [5d]
chipsdigme86: checks
Mudager: bets $6
chipsdigme86: folds
Uncalled bet ($6) returned to Mudager
Mudager collected $41.50 from pot
Mudager: doesn't show hand
*** SUMMARY ***
Total pot $42 | Rake $0.50
Board [2c 6c 3c Ks 5d]
Seat 1: Mudager (button) (small blind) collected ($41.50)
Seat 2: chipsdigme86 (big blind) folded on the River


PokerStars Hand #147403991597:  Hold'em Limit ($3/$6 USD) - 2016/01/20 23:25:28 ET
Table 'Emma' 2-max Seat #2 is the button
Seat 1: Mudager ($205.61 in chips)
Seat 2: chipsdigme86 ($97.64 in chips)
chipsdigme86: posts small blind $1
Mudager: posts big blind $3
*** HOLE CARDS ***
chipsdigme86: raises $3 to $6
Mudager: raises $3 to $9
chipsdigme86: raises $3 to $12
Betting is capped
Mudager: calls $3
*** FLOP *** [Qs 9h 3d]
Mudager: checks
chipsdigme86: bets $3
Mudager: calls $3
*** TURN *** [Qs 9h 3d] [Qh]
Mudager: checks
chipsdigme86: checks
*** RIVER *** [Qs 9h 3d Qh] [5d]
Mudager: bets $6
chipsdigme86: calls $6
*** SHOW DOWN ***
Mudager: shows [Jh Ac] (a pair of Queens)
chipsdigme86: mucks hand
Mudager collected $41.50 from pot
*** SUMMARY ***
Total pot $42 | Rake $0.50
Board [Qs 9h 3d Qh 5d]
Seat 1: Mudager (big blind) showed [Jh Ac] and won ($41.50) with a pair of Queens
Seat 2: chipsdigme86 (button) (small blind) mucked


PokerStars Hand #147404019616:  Hold'em Limit ($3/$6 USD) - 2016/01/20 23:27:00 ET
Table 'Emma' 2-max Seat #1 is the button
Seat 1: Mudager ($238.61 in chips)
Seat 2: chipsdigme86 ($63.40 in chips)
Mudager: posts small blind $1
chipsdigme86: posts big blind $3
*** HOLE CARDS ***
Mudager: folds
Uncalled bet ($2) returned to chipsdigme86
chipsdigme86 collected $2 from pot
*** SUMMARY ***
Total pot $2 | Rake $0
Seat 1: Mudager (button) (small blind) folded before Flop
Seat 2: chipsdigme86 (big blind) collected ($2)


PokerStars Hand #147404011741:  Hold'em Limit ($3/$6 USD) - 2016/01/20 23:26:34 ET
Table 'Emma' 2-max Seat #2 is the button
Seat 1: Mudager ($224.11 in chips)
Seat 2: chipsdigme86 ($78.40 in chips)
chipsdigme86: posts small blind $1
Mudager: posts big blind $3
*** HOLE CARDS ***
chipsdigme86: raises $3 to $6
Mudager: calls $3
*** FLOP *** [Jd 2d 3c]
Mudager: checks
chipsdigme86: bets $3
Mudager: calls $3
*** TURN *** [Jd 2d 3c] [As]
Mudager: checks
chipsdigme86: bets $6
Mudager: raises $6 to $12
chipsdigme86: folds
Uncalled bet ($6) returned to Mudager
Mudager collected $29.50 from pot
Mudager: doesn't show hand
*** SUMMARY ***
Total pot $30 | Rake $0.50
Board [Jd 2d 3c As]
Seat 1: Mudager (big blind) collected ($29.50)
Seat 2: chipsdigme86 (button) (small blind) folded on the Turn


PokerStars Hand #147404009627:  Hold'em Limit ($3/$6 USD) - 2016/01/20 23:26:27 ET
Table 'Emma' 2-max Seat #1 is the button
Seat 1: Mudager ($221.11 in chips)
Seat 2: chipsdigme86 ($81.40 in chips)
Mudager: posts small blind $1
chipsdigme86: posts big blind $3
*** HOLE CARDS ***
Mudager: raises $3 to $6
chipsdigme86: folds
Uncalled bet ($3) returned to Mudager
Mudager collected $6 from pot
Mudager: doesn't show hand
*** SUMMARY ***
Total pot $6 | Rake $0
Seat 1: Mudager (button) (small blind) collected ($6)
Seat 2: chipsdigme86 (big blind) folded before Flop


PokerStars Hand #147404008085:  Hold'em Limit ($3/$6 USD) - 2016/01/20 23:26:22 ET
Table 'Emma' 2-max Seat #2 is the button
Seat 1: Mudager ($220.11 in chips)
Seat 2: chipsdigme86 ($82.40 in chips)
chipsdigme86: posts small blind $1
Mudager: posts big blind $3
*** HOLE CARDS ***
chipsdigme86: folds
Uncalled bet ($2) returned to Mudager
Mudager collected $2 from pot
Mudager: doesn't show hand
*** SUMMARY ***
Total pot $2 | Rake $0
Seat 1: Mudager (big blind) collected ($2)
Seat 2: chipsdigme86 (button) (small blind) folded before Flop


PokerStars Hand #147404021397:  Hold'em Limit ($3/$6 USD) - 2016/01/20 23:27:05 ET
Table 'Emma' 2-max Seat #2 is the button
Seat 1: Mudager ($237.61 in chips)
Seat 2: chipsdigme86 ($64.40 in chips)
chipsdigme86: posts small blind $1
Mudager: posts big blind $3
*** HOLE CARDS ***
chipsdigme86: raises $3 to $6
Mudager: calls $3
*** FLOP *** [Tc 9s Ks]
Mudager: checks
chipsdigme86: bets $3
Mudager: calls $3
*** TURN *** [Tc 9s Ks] [Qc]
Mudager: checks
chipsdigme86: checks
*** RIVER *** [Tc 9s Ks Qc] [9c]
Mudager: bets $6
chipsdigme86: calls $6
*** SHOW DOWN ***
Mudager: shows [3c Th] (two pair, Tens and Nines)
chipsdigme86: shows [8h Kd] (two pair, Kings and Nines)
chipsdigme86 collected $29.50 from pot
*** SUMMARY ***
Total pot $30 | Rake $0.50
Board [Tc 9s Ks Qc 9c]
Seat 1: Mudager (big blind) showed [3c Th] and lost with two pair, Tens and Nines
Seat 2: chipsdigme86 (button) (small blind) showed [8h Kd] and won ($29.50) with two pair, Kings and Nines


PokerStars Hand #147404049009:  Hold'em Limit ($3/$6 USD) - 2016/01/20 23:28:36 ET
Table 'Emma' 2-max Seat #1 is the button
Seat 1: Mudager ($219.11 in chips)
Seat 2: chipsdigme86 ($81.40 in chips)
Mudager: posts small blind $1
chipsdigme86: posts big blind $3
*** HOLE CARDS ***
Mudager: raises $3 to $6
chipsdigme86: calls $3
*** FLOP *** [3h Qs Jd]
chipsdigme86: bets $3
Mudager: folds
Uncalled bet ($3) returned to chipsdigme86
chipsdigme86 collected $11.76 from pot
*** SUMMARY ***
Total pot $12 | Rake $0.24
Board [3h Qs Jd]
Seat 1: Mudager (button) (small blind) folded on the Flop
Seat 2: chipsdigme86 (big blind) collected ($11.76)


PokerStars Hand #147404041734:  Hold'em Limit ($3/$6 USD) - 2016/01/20 23:28:12 ET
Table 'Emma' 2-max Seat #2 is the button
Seat 1: Mudager ($201.61 in chips)
Seat 2: chipsdigme86 ($99.40 in chips)
chipsdigme86: posts small blind $1
Mudager: posts big blind $3
*** HOLE CARDS ***
chipsdigme86: raises $3 to $6
Mudager: calls $3
*** FLOP *** [Tc 5s 7s]
Mudager: checks
chipsdigme86: checks
*** TURN *** [Tc 5s 7s] [Kh]
Mudager: bets $6
chipsdigme86: calls $6
*** RIVER *** [Tc 5s 7s Kh] [Js]
Mudager: bets $6
chipsdigme86: calls $6
*** SHOW DOWN ***
Mudager: shows [5h Td] (two pair, Tens and Fives)
chipsdigme86: mucks hand
Mudager collected $35.50 from pot
*** SUMMARY ***
Total pot $36 | Rake $0.50
Board [Tc 5s 7s Kh Js]
Seat 1: Mudager (big blind) showed [5h Td] and won ($35.50) with two pair, Tens and Fives
Seat 2: chipsdigme86 (button) (small blind) mucked


PokerStars Hand #147404053127:  Hold'em Limit ($3/$6 USD) - 2016/01/20 23:28:49 ET
Table 'Emma' 2-max Seat #2 is the button
Seat 1: Mudager ($213.11 in chips)
Seat 2: chipsdigme86 ($87.16 in chips)
chipsdigme86: posts small blind $1
Mudager: posts big blind $3
*** HOLE CARDS ***
chipsdigme86: raises $3 to $6
Mudager: calls $3
*** FLOP *** [Js 2c Td]
Mudager: checks
chipsdigme86: checks
*** TURN *** [Js 2c Td] [6d]
Mudager: bets $6
chipsdigme86: folds
Uncalled bet ($6) returned to Mudager
Mudager collected $11.76 from pot
Mudager: doesn't show hand
*** SUMMARY ***
Total pot $12 | Rake $0.24
Board [Js 2c Td 6d]
Seat 1: Mudager (big blind) collected ($11.76)
Seat 2: chipsdigme86 (button) (small blind) folded on the Turn


PokerStars Hand #147404057781:  Hold'em Limit ($3/$6 USD) - 2016/01/20 23:29:05 ET
Table 'Emma' 2-max Seat #1 is the button
Seat 1: Mudager ($218.87 in chips)
Seat 2: chipsdigme86 ($81.16 in chips)
Mudager: posts small blind $1
chipsdigme86: posts big blind $3
*** HOLE CARDS ***
Mudager: raises $3 to $6
chipsdigme86: raises $3 to $9
Mudager: calls $3
*** FLOP *** [4d Ts Th]
chipsdigme86: bets $3
Mudager: calls $3
*** TURN *** [4d Ts Th] [9h]
chipsdigme86: bets $6
Mudager: calls $6
*** RIVER *** [4d Ts Th 9h] [Js]
chipsdigme86: bets $6
Mudager: calls $6
*** SHOW DOWN ***
chipsdigme86: shows [3d 3s] (two pair, Tens and Threes)
Mudager: mucks hand
chipsdigme86 collected $47.50 from pot
*** SUMMARY ***
Total pot $48 | Rake $0.50
Board [4d Ts Th 9h Js]
Seat 1: Mudager (button) (small blind) mucked
Seat 2: chipsdigme86 (big blind) showed [3d 3s] and won ($47.50) with two pair, Tens and Threes


PokerStars Hand #147404067061:  Hold'em Limit ($3/$6 USD) - 2016/01/20 23:29:36 ET
Table 'Emma' 2-max Seat #2 is the button
Seat 1: Mudager ($194.87 in chips)
Seat 2: chipsdigme86 ($104.66 in chips)
chipsdigme86: posts small blind $1
Mudager: posts big blind $3
*** HOLE CARDS ***
chipsdigme86: raises $3 to $6
Mudager: raises $3 to $9
chipsdigme86: calls $3
*** FLOP *** [As Js Ts]
Mudager: bets $3
chipsdigme86: raises $3 to $6
Mudager: calls $3
*** TURN *** [As Js Ts] [6d]
Mudager: checks
chipsdigme86: bets $6
Mudager: calls $6
*** RIVER *** [As Js Ts 6d] [5c]
Mudager: checks
chipsdigme86: bets $6
Mudager: calls $6
*** SHOW DOWN ***
chipsdigme86: shows [Kc 2s] (high card Ace)
Mudager: shows [8s 8d] (a pair of Eights)
Mudager collected $53.50 from pot
*** SUMMARY ***
Total pot $54 | Rake $0.50
Board [As Js Ts 6d 5c]
Seat 1: Mudager (big blind) showed [8s 8d] and won ($53.50) with a pair of Eights
Seat 2: chipsdigme86 (button) (small blind) showed [Kc 2s] and lost with high card Ace


PokerStars Hand #147404085094:  Hold'em Limit ($3/$6 USD) - 2016/01/20 23:30:35 ET
Table 'Emma' 2-max Seat #2 is the button
Seat 1: Mudager ($230.01 in chips)
Seat 2: chipsdigme86 ($68.66 in chips)
chipsdigme86: posts small blind $1
Mudager: posts big blind $3
*** HOLE CARDS ***
chipsdigme86: raises $3 to $6
Mudager: calls $3
*** FLOP *** [6d 3h As]
Mudager: checks
chipsdigme86: bets $3
Mudager: folds
Uncalled bet ($3) returned to chipsdigme86
chipsdigme86 collected $11.76 from pot
*** SUMMARY ***
Total pot $12 | Rake $0.24
Board [6d 3h As]
Seat 1: Mudager (big blind) folded on the Flop
Seat 2: chipsdigme86 (button) (small blind) collected ($11.76)


PokerStars Hand #147404078083:  Hold'em Limit ($3/$6 USD) - 2016/01/20 23:30:12 ET
Table 'Emma' 2-max Seat #1 is the button
Seat 1: Mudager ($221.37 in chips)
Seat 2: chipsdigme86 ($77.66 in chips)
Mudager: posts small blind $1
chipsdigme86: posts big blind $3
*** HOLE CARDS ***
Mudager: raises $3 to $6
chipsdigme86: calls $3
*** FLOP *** [9h Kh Tc]
chipsdigme86: checks
Mudager: bets $3
chipsdigme86: calls $3
*** TURN *** [9h Kh Tc] [8c]
chipsdigme86: checks
Mudager: bets $6
chipsdigme86: folds
Uncalled bet ($6) returned to Mudager
Mudager collected $17.64 from pot
Mudager: doesn't show hand
*** SUMMARY ***
Total pot $18 | Rake $0.36
Board [9h Kh Tc 8c]
Seat 1: Mudager (button) (small blind) collected ($17.64)
Seat 2: chipsdigme86 (big blind) folded on the Turn


PokerStars Hand #147404092149:  Hold'em Limit ($3/$6 USD) - 2016/01/20 23:30:59 ET
Table 'Emma' 2-max Seat #2 is the button
Seat 1: Mudager ($227.01 in chips)
Seat 2: chipsdigme86 ($71.42 in chips)
chipsdigme86: posts small blind $1
Mudager: posts big blind $3
*** HOLE CARDS ***
chipsdigme86: folds
Uncalled bet ($2) returned to Mudager
Mudager collected $2 from pot
Mudager: doesn't show hand
*** SUMMARY ***
Total pot $2 | Rake $0
Seat 1: Mudager (big blind) collected ($2)
Seat 2: chipsdigme86 (button) (small blind) folded before Flop


PokerStars Hand #147404089482:  Hold'em Limit ($3/$6 USD) - 2016/01/20 23:30:50 ET
Table 'Emma' 2-max Seat #1 is the button
Seat 1: Mudager ($224.01 in chips)
Seat 2: chipsdigme86 ($74.42 in chips)
Mudager: posts small blind $1
chipsdigme86: posts big blind $3
*** HOLE CARDS ***
Mudager: raises $3 to $6
chipsdigme86: folds
Uncalled bet ($3) returned to Mudager
Mudager collected $6 from pot
Mudager: doesn't show hand
*** SUMMARY ***
Total pot $6 | Rake $0
Seat 1: Mudager (button) (small blind) collected ($6)
Seat 2: chipsdigme86 (big blind) folded before Flop


PokerStars Hand #147404104547:  Hold'em Limit ($3/$6 USD) - 2016/01/20 23:31:39 ET
Table 'Emma' 2-max Seat #2 is the button
Seat 1: Mudager ($204.01 in chips)
Seat 2: chipsdigme86 ($93.92 in chips)
chipsdigme86: posts small blind $1
Mudager: posts big blind $3
*** HOLE CARDS ***
chipsdigme86: raises $3 to $6
Mudager: calls $3
*** FLOP *** [4h 3c Qd]
Mudager: checks
chipsdigme86: checks
*** TURN *** [4h 3c Qd] [Js]
Mudager: bets $6
chipsdigme86: folds
Uncalled bet ($6) returned to Mudager
Mudager collected $11.76 from pot
Mudager: doesn't show hand
*** SUMMARY ***
Total pot $12 | Rake $0.24
Board [4h 3c Qd Js]
Seat 1: Mudager (big blind) collected ($11.76)
Seat 2: chipsdigme86 (button) (small blind) folded on the Turn


PokerStars Hand #147404102485:  Hold'em Limit ($3/$6 USD) - 2016/01/20 23:31:33 ET
Table 'Emma' 2-max Seat #1 is the button
Seat 1: Mudager ($205.01 in chips)
Seat 2: chipsdigme86 ($92.92 in chips)
Mudager: posts small blind $1
chipsdigme86: posts big blind $3
*** HOLE CARDS ***
Mudager: folds
Uncalled bet ($2) returned to chipsdigme86
chipsdigme86 collected $2 from pot
*** SUMMARY ***
Total pot $2 | Rake $0
Seat 1: Mudager (button) (small blind) folded before Flop
Seat 2: chipsdigme86 (big blind) collected ($2)


PokerStars Hand #147404101015:  Hold'em Limit ($3/$6 USD) - 2016/01/20 23:31:28 ET
Table 'Emma' 2-max Seat #2 is the button
Seat 1: Mudager ($204.01 in chips)
Seat 2: chipsdigme86 ($93.92 in chips)
chipsdigme86: posts small blind $1
Mudager: posts big blind $3
*** HOLE CARDS ***
chipsdigme86: folds
Uncalled bet ($2) returned to Mudager
Mudager collected $2 from pot
Mudager: doesn't show hand
*** SUMMARY ***
Total pot $2 | Rake $0
Seat 1: Mudager (big blind) collected ($2)
Seat 2: chipsdigme86 (button) (small blind) folded before Flop


PokerStars Hand #147404093766:  Hold'em Limit ($3/$6 USD) - 2016/01/20 23:31:04 ET
Table 'Emma' 2-max Seat #1 is the button
Seat 1: Mudager ($228.01 in chips)
Seat 2: chipsdigme86 ($70.42 in chips)
Mudager: posts small blind $1
chipsdigme86: posts big blind $3
*** HOLE CARDS ***
Mudager: raises $3 to $6
chipsdigme86: raises $3 to $9
Mudager: calls $3
*** FLOP *** [8d 2d As]
chipsdigme86: bets $3
Mudager: calls $3
*** TURN *** [8d 2d As] [7s]
chipsdigme86: bets $6
Mudager: calls $6
*** RIVER *** [8d 2d As 7s] [7h]
chipsdigme86: bets $6
Mudager: calls $6
*** SHOW DOWN ***
chipsdigme86: shows [Ad Ts] (two pair, Aces and Sevens)
Mudager: mucks hand
chipsdigme86 collected $47.50 from pot
*** SUMMARY ***
Total pot $48 | Rake $0.50
Board [8d 2d As 7s 7h]
Seat 1: Mudager (button) (small blind) mucked
Seat 2: chipsdigme86 (big blind) showed [Ad Ts] and won ($47.50) with two pair, Aces and Sevens


PokerStars Hand #147404111662:  Hold'em Limit ($3/$6 USD) - 2016/01/20 23:32:03 ET
Table 'Emma' 2-max Seat #1 is the button
Seat 1: Mudager ($209.77 in chips)
Seat 2: chipsdigme86 ($87.92 in chips)
Mudager: posts small blind $1
chipsdigme86: posts big blind $3
*** HOLE CARDS ***
Mudager: raises $3 to $6
chipsdigme86: raises $3 to $9
Mudager: calls $3
*** FLOP *** [2s 5h Jc]
chipsdigme86: bets $3
Mudager: calls $3
*** TURN *** [2s 5h Jc] [5s]
chipsdigme86: bets $6
Mudager: calls $6
*** RIVER *** [2s 5h Jc 5s] [6d]
chipsdigme86: bets $6
Mudager: calls $6
*** SHOW DOWN ***
chipsdigme86: shows [Kh Qs] (a pair of Fives)
Mudager: shows [Ts 2c] (two pair, Fives and Deuces)
Mudager collected $47.50 from pot
*** SUMMARY ***
Total pot $48 | Rake $0.50
Board [2s 5h Jc 5s 6d]
Seat 1: Mudager (button) (small blind) showed [Ts 2c] and won ($47.50) with two pair, Fives and Deuces
Seat 2: chipsdigme86 (big blind) showed [Kh Qs] and lost with a pair of Fives


PokerStars Hand #147404120272:  Hold'em Limit ($3/$6 USD) - 2016/01/20 23:32:31 ET
Table 'Emma' 2-max Seat #2 is the button
Seat 1: Mudager ($233.27 in chips)
Seat 2: chipsdigme86 ($63.92 in chips)
chipsdigme86: posts small blind $1
Mudager: posts big blind $3
*** HOLE CARDS ***
chipsdigme86: raises $3 to $6
Mudager: calls $3
*** FLOP *** [Ad 4d 9h]
Mudager: checks
chipsdigme86: bets $3
Mudager: calls $3
*** TURN *** [Ad 4d 9h] [Td]
Mudager: checks
chipsdigme86: checks
*** RIVER *** [Ad 4d 9h Td] [2c]
Mudager: bets $6
chipsdigme86: folds
Uncalled bet ($6) returned to Mudager
Mudager collected $17.64 from pot
Mudager: doesn't show hand
*** SUMMARY ***
Total pot $18 | Rake $0.36
Board [Ad 4d 9h Td 2c]
Seat 1: Mudager (big blind) collected ($17.64)
Seat 2: chipsdigme86 (button) (small blind) folded on the River


PokerStars Hand #147404129330:  Hold'em Limit ($3/$6 USD) - 2016/01/20 23:33:01 ET
Table 'Emma' 2-max Seat #1 is the button
Seat 1: Mudager ($241.91 in chips)
Seat 2: chipsdigme86 ($54.92 in chips)
Mudager: posts small blind $1
chipsdigme86: posts big blind $3
*** HOLE CARDS ***
Mudager: raises $3 to $6
chipsdigme86: raises $3 to $9
Mudager: calls $3
*** FLOP *** [Kh 2s 2d]
chipsdigme86: bets $3
Mudager: calls $3
*** TURN *** [Kh 2s 2d] [3s]
chipsdigme86: bets $6
Mudager: folds
Uncalled bet ($6) returned to chipsdigme86
chipsdigme86 collected $23.52 from pot
*** SUMMARY ***
Total pot $24 | Rake $0.48
Board [Kh 2s 2d 3s]
Seat 1: Mudager (button) (small blind) folded on the Turn
Seat 2: chipsdigme86 (big blind) collected ($23.52)


PokerStars Hand #147404143390:  Hold'em Limit ($3/$6 USD) - 2016/01/20 23:33:48 ET
Table 'Emma' 2-max Seat #1 is the button
Seat 1: Mudager ($250.41 in chips)
Seat 2: chipsdigme86 ($45.44 in chips)
Mudager: posts small blind $1
chipsdigme86: posts big blind $3
*** HOLE CARDS ***
Mudager: raises $3 to $6
chipsdigme86: raises $3 to $9
Mudager: calls $3
*** FLOP *** [Ad 7d Qs]
chipsdigme86: bets $3
Mudager: calls $3
*** TURN *** [Ad 7d Qs] [8h]
chipsdigme86: bets $6
Mudager: folds
Uncalled bet ($6) returned to chipsdigme86
chipsdigme86 collected $23.52 from pot
*** SUMMARY ***
Total pot $24 | Rake $0.48
Board [Ad 7d Qs 8h]
Seat 1: Mudager (button) (small blind) folded on the Turn
Seat 2: chipsdigme86 (big blind) collected ($23.52)


PokerStars Hand #147404134801:  Hold'em Limit ($3/$6 USD) - 2016/01/20 23:33:20 ET
Table 'Emma' 2-max Seat #2 is the button
Seat 1: Mudager ($229.91 in chips)
Seat 2: chipsdigme86 ($66.44 in chips)
chipsdigme86: posts small blind $1
Mudager: posts big blind $3
*** HOLE CARDS ***
chipsdigme86: raises $3 to $6
Mudager: calls $3
*** FLOP *** [5d 3c 8h]
Mudager: checks
chipsdigme86: bets $3
Mudager: calls $3
*** TURN *** [5d 3c 8h] [6c]
Mudager: bets $6
chipsdigme86: calls $6
*** RIVER *** [5d 3c 8h 6c] [8s]
Mudager: bets $6
chipsdigme86: calls $6
*** SHOW DOWN ***
Mudager: shows [Kd 6d] (two pair, Eights and Sixes)
chipsdigme86: mucks hand
Mudager collected $41.50 from pot
*** SUMMARY ***
Total pot $42 | Rake $0.50
Board [5d 3c 8h 6c 8s]
Seat 1: Mudager (big blind) showed [Kd 6d] and won ($41.50) with two pair, Eights and Sixes
Seat 2: chipsdigme86 (button) (small blind) mucked


PokerStars Hand #147404156927:  Hold'em Limit ($3/$6 USD) - 2016/01/20 23:34:33 ET
Table 'Emma' 2-max Seat #1 is the button
Seat 1: Mudager ($261.91 in chips)
Seat 2: chipsdigme86 ($32.96 in chips)
Mudager: posts small blind $1
chipsdigme86: posts big blind $3
*** HOLE CARDS ***
Mudager: calls $2
chipsdigme86: raises $3 to $6
Mudager: calls $3
*** FLOP *** [Ad 5s 3d]
chipsdigme86: bets $3
Mudager: calls $3
*** TURN *** [Ad 5s 3d] [9c]
chipsdigme86: bets $6
Mudager: calls $6
*** RIVER *** [Ad 5s 3d 9c] [3c]
chipsdigme86: bets $6
Mudager: raises $6 to $12
chipsdigme86: raises $5.96 to $17.96 and is all-in
Mudager: calls $5.96
*** SHOW DOWN ***
chipsdigme86: shows [Kc 3s] (three of a kind, Threes)
Mudager: shows [3h Ks] (three of a kind, Threes)
chipsdigme86 collected $32.71 from pot
Mudager collected $32.71 from pot
*** SUMMARY ***
Total pot $65.92 | Rake $0.50
Board [Ad 5s 3d 9c 3c]
Seat 1: Mudager (button) (small blind) showed [3h Ks] and won ($32.71) with three of a kind, Threes
Seat 2: chipsdigme86 (big blind) showed [Kc 3s] and won ($32.71) with three of a kind, Threes


PokerStars Hand #147404148836:  Hold'em Limit ($3/$6 USD) - 2016/01/20 23:34:06 ET
Table 'Emma' 2-max Seat #2 is the button
Seat 1: Mudager ($238.41 in chips)
Seat 2: chipsdigme86 ($56.96 in chips)
chipsdigme86: posts small blind $1
Mudager: posts big blind $3
*** HOLE CARDS ***
chipsdigme86: raises $3 to $6
Mudager: calls $3
*** FLOP *** [Ks 5d 4d]
Mudager: checks
chipsdigme86: bets $3
Mudager: raises $3 to $6
chipsdigme86: calls $3
*** TURN *** [Ks 5d 4d] [Qd]
Mudager: bets $6
chipsdigme86: calls $6
*** RIVER *** [Ks 5d 4d Qd] [8d]
Mudager: bets $6
chipsdigme86: calls $6
*** SHOW DOWN ***
Mudager: shows [Kh 8h] (two pair, Kings and Eights)
chipsdigme86: mucks hand
Mudager collected $47.50 from pot
*** SUMMARY ***
Total pot $48 | Rake $0.50
Board [Ks 5d 4d Qd 8d]
Seat 1: Mudager (big blind) showed [Kh 8h] and won ($47.50) with two pair, Kings and Eights
Seat 2: chipsdigme86 (button) (small blind) mucked


PokerStars Hand #147404175238:  Hold'em Limit ($3/$6 USD) - 2016/01/20 23:35:34 ET
Table 'Emma' 2-max Seat #1 is the button
Seat 1: Mudager ($276.16 in chips)
Seat 2: chipsdigme86 ($85.43 in chips)
Mudager: posts small blind $1
chipsdigme86: posts big blind $3
*** HOLE CARDS ***
Mudager: folds
Uncalled bet ($2) returned to chipsdigme86
chipsdigme86 collected $2 from pot
*** SUMMARY ***
Total pot $2 | Rake $0
Seat 1: Mudager (button) (small blind) folded before Flop
Seat 2: chipsdigme86 (big blind) collected ($2)


PokerStars Hand #147404177534:  Hold'em Limit ($3/$6 USD) - 2016/01/20 23:35:41 ET
Table 'Emma' 2-max Seat #2 is the button
Seat 1: Mudager ($275.16 in chips)
Seat 2: chipsdigme86 ($86.43 in chips)
chipsdigme86: posts small blind $1
Mudager: posts big blind $3
*** HOLE CARDS ***
chipsdigme86: raises $3 to $6
Mudager: calls $3
*** FLOP *** [9c 4d Qs]
Mudager: checks
chipsdigme86: bets $3
Mudager: folds
Uncalled bet ($3) returned to chipsdigme86
chipsdigme86 collected $11.76 from pot
*** SUMMARY ***
Total pot $12 | Rake $0.24
Board [9c 4d Qs]
Seat 1: Mudager (big blind) folded on the Flop
Seat 2: chipsdigme86 (button) (small blind) collected ($11.76)


PokerStars Hand #147404181264:  Hold'em Limit ($3/$6 USD) - 2016/01/20 23:35:54 ET
Table 'Emma' 2-max Seat #1 is the button
Seat 1: Mudager ($269.16 in chips)
Seat 2: chipsdigme86 ($92.19 in chips)
Mudager: posts small blind $1
chipsdigme86: posts big blind $3
*** HOLE CARDS ***
Mudager: calls $2
chipsdigme86: checks
*** FLOP *** [7c 8h 6s]
chipsdigme86: checks
Mudager: bets $3
chipsdigme86: raises $3 to $6
Mudager: calls $3
*** TURN *** [7c 8h 6s] [8s]
chipsdigme86: bets $6
Mudager: calls $6
*** RIVER *** [7c 8h 6s 8s] [Th]
chipsdigme86: bets $6
Mudager: calls $6
*** SHOW DOWN ***
chipsdigme86: shows [7h 8c] (a full house, Eights full of Sevens)
Mudager: mucks hand
chipsdigme86 collected $41.50 from pot
*** SUMMARY ***
Total pot $42 | Rake $0.50
Board [7c 8h 6s 8s Th]
Seat 1: Mudager (button) (small blind) mucked
Seat 2: chipsdigme86 (big blind) showed [7h 8c] and won ($41.50) with a full house, Eights full of Sevens


PokerStars Hand #147404166340:  Hold'em Limit ($3/$6 USD) - 2016/01/20 23:35:04 ET
Table 'Emma' 2-max Seat #2 is the button
Seat 1: Mudager ($261.66 in chips)
Seat 2: chipsdigme86 ($32.71 in chips)
chipsdigme86: posts small blind $1
Mudager: posts big blind $3
*** HOLE CARDS ***
chipsdigme86: raises $3 to $6
Mudager: calls $3
*** FLOP *** [Ks 9s Js]
Mudager: checks
chipsdigme86: bets $3
Mudager: calls $3
*** TURN *** [Ks 9s Js] [2d]
Mudager: checks
chipsdigme86: checks
*** RIVER *** [Ks 9s Js 2d] [Ah]
Mudager: checks
chipsdigme86: bets $6
Mudager: raises $6 to $12
chipsdigme86: folds
Uncalled bet ($6) returned to Mudager
Mudager collected $29.50 from pot
Mudager: doesn't show hand
*** SUMMARY ***
Total pot $30 | Rake $0.50
Board [Ks 9s Js 2d Ah]
Seat 1: Mudager (big blind) collected ($29.50)
Seat 2: chipsdigme86 (button) (small blind) folded on the River


PokerStars Hand #147404189452:  Hold'em Limit ($3/$6 USD) - 2016/01/20 23:36:22 ET
Table 'Emma' 2-max Seat #2 is the button
Seat 1: Mudager ($248.16 in chips)
Seat 2: chipsdigme86 ($112.69 in chips)
chipsdigme86: posts small blind $1
Mudager: posts big blind $3
*** HOLE CARDS ***
chipsdigme86: calls $2
Mudager: checks
*** FLOP *** [Ac 8s Jc]
Mudager: bets $3
chipsdigme86: folds
Uncalled bet ($3) returned to Mudager
Mudager collected $5.88 from pot
Mudager: doesn't show hand
*** SUMMARY ***
Total pot $6 | Rake $0.12
Board [Ac 8s Jc]
Seat 1: Mudager (big blind) collected ($5.88)
Seat 2: chipsdigme86 (button) (small blind) folded on the Flop


PokerStars Hand #147404193849:  Hold'em Limit ($3/$6 USD) - 2016/01/20 23:36:36 ET
Table 'Emma' 2-max Seat #1 is the button
Seat 1: Mudager ($251.04 in chips)
Seat 2: chipsdigme86 ($109.69 in chips)
Mudager: posts small blind $1
chipsdigme86: posts big blind $3
*** HOLE CARDS ***
Mudager: calls $2
chipsdigme86: checks
*** FLOP *** [Qh 2d 7s]
chipsdigme86: bets $3
Mudager: folds
Uncalled bet ($3) returned to chipsdigme86
chipsdigme86 collected $5.88 from pot
*** SUMMARY ***
Total pot $6 | Rake $0.12
Board [Qh 2d 7s]
Seat 1: Mudager (button) (small blind) folded on the Flop
Seat 2: chipsdigme86 (big blind) collected ($5.88)


PokerStars Hand #147404197715:  Hold'em Limit ($3/$6 USD) - 2016/01/20 23:36:49 ET
Table 'Emma' 2-max Seat #2 is the button
Seat 1: Mudager ($248.04 in chips)
Seat 2: chipsdigme86 ($112.57 in chips)
chipsdigme86: posts small blind $1
Mudager: posts big blind $3
*** HOLE CARDS ***
chipsdigme86: raises $3 to $6
Mudager: calls $3
*** FLOP *** [6h 5s 3h]
Mudager: checks
chipsdigme86: bets $3
Mudager: raises $3 to $6
chipsdigme86: calls $3
*** TURN *** [6h 5s 3h] [8d]
Mudager: bets $6
chipsdigme86: raises $6 to $12
Mudager: calls $6
*** RIVER *** [6h 5s 3h 8d] [7c]
Mudager: bets $6
chipsdigme86: calls $6
*** SHOW DOWN ***
Mudager: shows [Jc 4s] (a straight, Four to Eight)
chipsdigme86: mucks hand
Mudager collected $59.50 from pot
*** SUMMARY ***
Total pot $60 | Rake $0.50
Board [6h 5s 3h 8d 7c]
Seat 1: Mudager (big blind) showed [Jc 4s] and won ($59.50) with a straight, Four to Eight
Seat 2: chipsdigme86 (button) (small blind) mucked


PokerStars Hand #147404215780:  Hold'em Limit ($3/$6 USD) - 2016/01/20 23:37:49 ET
Table 'Emma' 2-max Seat #1 is the button
Seat 1: Mudager ($269.54 in chips)
Seat 2: chipsdigme86 ($90.21 in chips)
Mudager: posts small blind $1
chipsdigme86: posts big blind $3
*** HOLE CARDS ***
Mudager: folds
Uncalled bet ($2) returned to chipsdigme86
chipsdigme86 collected $2 from pot
*** SUMMARY ***
Total pot $2 | Rake $0
Seat 1: Mudager (button) (small blind) folded before Flop
Seat 2: chipsdigme86 (big blind) collected ($2)


PokerStars Hand #147404214043:  Hold'em Limit ($3/$6 USD) - 2016/01/20 23:37:43 ET
Table 'Emma' 2-max Seat #2 is the button
Seat 1: Mudager ($268.54 in chips)
Seat 2: chipsdigme86 ($91.21 in chips)
chipsdigme86: posts small blind $1
Mudager: posts big blind $3
*** HOLE CARDS ***
chipsdigme86: folds
Uncalled bet ($2) returned to Mudager
Mudager collected $2 from pot
Mudager: doesn't show hand
*** SUMMARY ***
Total pot $2 | Rake $0
Seat 1: Mudager (big blind) collected ($2)
Seat 2: chipsdigme86 (button) (small blind) folded before Flop


PokerStars Hand #147404217504:  Hold'em Limit ($3/$6 USD) - 2016/01/20 23:37:55 ET
Table 'Emma' 2-max Seat #2 is the button
Seat 1: Mudager ($268.54 in chips)
Seat 2: chipsdigme86 ($91.21 in chips)
chipsdigme86: posts small blind $1
Mudager: posts big blind $3
*** HOLE CARDS ***
chipsdigme86: folds
Uncalled bet ($2) returned to Mudager
Mudager collected $2 from pot
Mudager: doesn't show hand
*** SUMMARY ***
Total pot $2 | Rake $0
Seat 1: Mudager (big blind) collected ($2)
Seat 2: chipsdigme86 (button) (small blind) folded before Flop


PokerStars Hand #147404218985:  Hold'em Limit ($3/$6 USD) - 2016/01/20 23:37:59 ET
Table 'Emma' 2-max Seat #1 is the button
Seat 1: Mudager ($269.54 in chips)
Seat 2: chipsdigme86 ($90.21 in chips)
Mudager: posts small blind $1
chipsdigme86: posts big blind $3
*** HOLE CARDS ***
Mudager: raises $3 to $6
chipsdigme86: raises $3 to $9
Mudager: calls $3
*** FLOP *** [8d Jc Js]
chipsdigme86: bets $3
Mudager: folds
Uncalled bet ($3) returned to chipsdigme86
chipsdigme86 collected $17.64 from pot
*** SUMMARY ***
Total pot $18 | Rake $0.36
Board [8d Jc Js]
Seat 1: Mudager (button) (small blind) folded on the Flop
Seat 2: chipsdigme86 (big blind) collected ($17.64)


PokerStars Hand #147404208173:  Hold'em Limit ($3/$6 USD) - 2016/01/20 23:37:23 ET
Table 'Emma' 2-max Seat #1 is the button
Seat 1: Mudager ($277.54 in chips)
Seat 2: chipsdigme86 ($82.57 in chips)
Mudager: posts small blind $1
chipsdigme86: posts big blind $3
*** HOLE CARDS ***
Mudager: calls $2
chipsdigme86: raises $3 to $6
Mudager: calls $3
*** FLOP *** [Kh As 4h]
chipsdigme86: bets $3
Mudager: calls $3
*** TURN *** [Kh As 4h] [Js]
chipsdigme86: bets $6
Mudager: folds
Uncalled bet ($6) returned to chipsdigme86
chipsdigme86 collected $17.64 from pot
*** SUMMARY ***
Total pot $18 | Rake $0.36
Board [Kh As 4h Js]
Seat 1: Mudager (button) (small blind) folded on the Turn
Seat 2: chipsdigme86 (big blind) collected ($17.64)


PokerStars Hand #147404223171:  Hold'em Limit ($3/$6 USD) - 2016/01/20 23:38:13 ET
Table 'Emma' 2-max Seat #2 is the button
Seat 1: Mudager ($260.54 in chips)
Seat 2: chipsdigme86 ($98.85 in chips)
chipsdigme86: posts small blind $1
Mudager: posts big blind $3
*** HOLE CARDS ***
chipsdigme86: raises $3 to $6
Mudager: calls $3
*** FLOP *** [Kd 8h As]
Mudager: checks
chipsdigme86: checks
*** TURN *** [Kd 8h As] [3c]
Mudager: bets $6
chipsdigme86: calls $6
*** RIVER *** [Kd 8h As 3c] [4c]
Mudager: bets $6
chipsdigme86: calls $6
*** SHOW DOWN ***
Mudager: shows [Ks 4d] (two pair, Kings and Fours)
chipsdigme86: shows [Kh Ts] (a pair of Kings)
Mudager collected $35.50 from pot
*** SUMMARY ***
Total pot $36 | Rake $0.50
Board [Kd 8h As 3c 4c]
Seat 1: Mudager (big blind) showed [Ks 4d] and won ($35.50) with two pair, Kings and Fours
Seat 2: chipsdigme86 (button) (small blind) showed [Kh Ts] and lost with a pair of Kings


PokerStars Hand #147404230493:  Hold'em Limit ($3/$6 USD) - 2016/01/20 23:38:38 ET
Table 'Emma' 2-max Seat #1 is the button
Seat 1: Mudager ($278.04 in chips)
Seat 2: chipsdigme86 ($80.85 in chips)
Mudager: posts small blind $1
chipsdigme86: posts big blind $3
*** HOLE CARDS ***
Mudager: calls $2
chipsdigme86: checks
*** FLOP *** [2h 9s 3h]
chipsdigme86: bets $3
Mudager: raises $3 to $6
chipsdigme86: calls $3
*** TURN *** [2h 9s 3h] [Kd]
chipsdigme86: checks
Mudager: checks
*** RIVER *** [2h 9s 3h Kd] [4c]
chipsdigme86: bets $6
Mudager: folds
Uncalled bet ($6) returned to chipsdigme86
chipsdigme86 collected $17.64 from pot
*** SUMMARY ***
Total pot $18 | Rake $0.36
Board [2h 9s 3h Kd 4c]
Seat 1: Mudager (button) (small blind) folded on the River
Seat 2: chipsdigme86 (big blind) collected ($17.64)


PokerStars Hand #147404237486:  Hold'em Limit ($3/$6 USD) - 2016/01/20 23:39:01 ET
Table 'Emma' 2-max Seat #2 is the button
Seat 1: Mudager ($269.04 in chips)
Seat 2: chipsdigme86 ($89.49 in chips)
chipsdigme86: posts small blind $1
Mudager: posts big blind $3
*** HOLE CARDS ***
chipsdigme86: raises $3 to $6
Mudager: calls $3
*** FLOP *** [5h 8h 9c]
Mudager: checks
chipsdigme86: checks
*** TURN *** [5h 8h 9c] [Ad]
Mudager: checks
chipsdigme86: bets $6
Mudager: raises $6 to $12
chipsdigme86: calls $6
*** RIVER *** [5h 8h 9c Ad] [Ks]
Mudager: bets $6
chipsdigme86: calls $6
*** SHOW DOWN ***
Mudager: shows [8c Ac] (two pair, Aces and Eights)
chipsdigme86: mucks hand
Mudager collected $47.50 from pot
*** SUMMARY ***
Total pot $48 | Rake $0.50
Board [5h 8h 9c Ad Ks]
Seat 1: Mudager (big blind) showed [8c Ac] and won ($47.50) with two pair, Aces and Eights
Seat 2: chipsdigme86 (button) (small blind) mucked


PokerStars Hand #147404249857:  Hold'em Limit ($3/$6 USD) - 2016/01/20 23:39:43 ET
Table 'Emma' 2-max Seat #1 is the button
Seat 1: Mudager ($292.54 in chips)
Seat 2: chipsdigme86 ($65.49 in chips)
Mudager: posts small blind $1
chipsdigme86: posts big blind $3
*** HOLE CARDS ***
Mudager: calls $2
chipsdigme86: raises $3 to $6
Mudager: calls $3
*** FLOP *** [Jh Js 4c]
chipsdigme86: bets $3
Mudager: calls $3
*** TURN *** [Jh Js 4c] [8s]
chipsdigme86: checks
Mudager: checks
*** RIVER *** [Jh Js 4c 8s] [2h]
chipsdigme86: bets $6
Mudager: folds
Uncalled bet ($6) returned to chipsdigme86
chipsdigme86 collected $17.64 from pot
*** SUMMARY ***
Total pot $18 | Rake $0.36
Board [Jh Js 4c 8s 2h]
Seat 1: Mudager (button) (small blind) folded on the River
Seat 2: chipsdigme86 (big blind) collected ($17.64)


PokerStars Hand #147404257347:  Hold'em Limit ($3/$6 USD) - 2016/01/20 23:40:08 ET
Table 'Emma' 2-max Seat #2 is the button
Seat 1: Mudager ($283.54 in chips)
Seat 2: chipsdigme86 ($74.13 in chips)
chipsdigme86: posts small blind $1
Mudager: posts big blind $3
*** HOLE CARDS ***
chipsdigme86: raises $3 to $6
Mudager: calls $3
*** FLOP *** [2h 4d 5d]
Mudager: checks
chipsdigme86: bets $3
Mudager: raises $3 to $6
chipsdigme86: raises $3 to $9
Mudager: calls $3
*** TURN *** [2h 4d 5d] [Ac]
Mudager: checks
chipsdigme86: bets $6
Mudager: raises $6 to $12
chipsdigme86: raises $6 to $18
Mudager: raises $6 to $24
Betting is capped
chipsdigme86: calls $6
*** RIVER *** [2h 4d 5d Ac] [Ah]
Mudager: bets $6
chipsdigme86: calls $6
*** SHOW DOWN ***
Mudager: shows [3h 7h] (a straight, Ace to Five)
chipsdigme86: shows [3c Kc] (a straight, Ace to Five)
Mudager collected $44.75 from pot
chipsdigme86 collected $44.75 from pot
*** SUMMARY ***
Total pot $90 | Rake $0.50
Board [2h 4d 5d Ac Ah]
Seat 1: Mudager (big blind) showed [3h 7h] and won ($44.75) with a straight, Ace to Five
Seat 2: chipsdigme86 (button) (small blind) showed [3c Kc] and won ($44.75) with a straight, Ace to Five


PokerStars Hand #147404285774:  Hold'em Limit ($3/$6 USD) - 2016/01/20 23:41:43 ET
Table 'Emma' 2-max Seat #2 is the button
Seat 1: Mudager ($302.55 in chips)
Seat 2: chipsdigme86 ($53.88 in chips)
chipsdigme86: posts small blind $1
Mudager: posts big blind $3
*** HOLE CARDS ***
chipsdigme86: raises $3 to $6
Mudager: calls $3
*** FLOP *** [9c Th Td]
Mudager: checks
chipsdigme86: bets $3
Mudager: calls $3
*** TURN *** [9c Th Td] [2c]
Mudager: checks
chipsdigme86: bets $6
Mudager: calls $6
*** RIVER *** [9c Th Td 2c] [9h]
Mudager: checks
chipsdigme86: bets $6
Mudager: calls $6
*** SHOW DOWN ***
chipsdigme86: shows [5d 5s] (two pair, Tens and Nines)
Mudager: shows [Kd Qc] (two pair, Tens and Nines - King kicker)
Mudager collected $41.50 from pot
*** SUMMARY ***
Total pot $42 | Rake $0.50
Board [9c Th Td 2c 9h]
Seat 1: Mudager (big blind) showed [Kd Qc] and won ($41.50) with two pair, Tens and Nines
Seat 2: chipsdigme86 (button) (small blind) showed [5d 5s] and lost with two pair, Tens and Nines


PokerStars Hand #147404293991:  Hold'em Limit ($3/$6 USD) - 2016/01/20 23:42:11 ET
Table 'Emma' 2-max Seat #1 is the button
Seat 1: Mudager ($323.05 in chips)
Seat 2: chipsdigme86 ($32.88 in chips)
Mudager: posts small blind $1
chipsdigme86: posts big blind $3
*** HOLE CARDS ***
Mudager: calls $2
chipsdigme86: raises $3 to $6
Mudager: calls $3
*** FLOP *** [9s 6c 2h]
chipsdigme86: bets $3
Mudager: folds
Uncalled bet ($3) returned to chipsdigme86
chipsdigme86 collected $11.76 from pot
*** SUMMARY ***
Total pot $12 | Rake $0.24
Board [9s 6c 2h]
Seat 1: Mudager (button) (small blind) folded on the Flop
Seat 2: chipsdigme86 (big blind) collected ($11.76)


PokerStars Hand #147404284130:  Hold'em Limit ($3/$6 USD) - 2016/01/20 23:41:38 ET
Table 'Emma' 2-max Seat #1 is the button
Seat 1: Mudager ($303.55 in chips)
Seat 2: chipsdigme86 ($52.88 in chips)
Mudager: posts small blind $1
chipsdigme86: posts big blind $3
*** HOLE CARDS ***
Mudager: folds
Uncalled bet ($2) returned to chipsdigme86
chipsdigme86 collected $2 from pot
*** SUMMARY ***
Total pot $2 | Rake $0
Seat 1: Mudager (button) (small blind) folded before Flop
Seat 2: chipsdigme86 (big blind) collected ($2)


PokerStars Hand #147404276324:  Hold'em Limit ($3/$6 USD) - 2016/01/20 23:41:11 ET
Table 'Emma' 2-max Seat #2 is the button
Seat 1: Mudager ($289.05 in chips)
Seat 2: chipsdigme86 ($67.88 in chips)
chipsdigme86: posts small blind $1
Mudager: posts big blind $3
*** HOLE CARDS ***
chipsdigme86: raises $3 to $6
Mudager: calls $3
*** FLOP *** [7s 3c 7h]
Mudager: checks
chipsdigme86: bets $3
Mudager: calls $3
*** TURN *** [7s 3c 7h] [3h]
Mudager: checks
chipsdigme86: bets $6
Mudager: calls $6
*** RIVER *** [7s 3c 7h 3h] [Td]
Mudager: checks
chipsdigme86: checks
*** SHOW DOWN ***
Mudager: shows [Ac 6s] (two pair, Sevens and Threes)
chipsdigme86: mucks hand
Mudager collected $29.50 from pot
*** SUMMARY ***
Total pot $30 | Rake $0.50
Board [7s 3c 7h 3h Td]
Seat 1: Mudager (big blind) showed [Ac 6s] and won ($29.50) with two pair, Sevens and Threes
Seat 2: chipsdigme86 (button) (small blind) mucked


