PokerStars Hand #165653512457:  Hold'em Limit ($3/$6 USD) - 2017/02/04 3:59:00 ET
Table 'Emma' 6-max Seat #1 is the button
Seat 1: MMM 22666 ($72 in chips)
Seat 4: VolkovDmitri ($120 in chips)
MMM 22666: posts small blind $1
VolkovDmitri: posts big blind $3
*** HOLE CARDS ***
MMM 22666: raises $3 to $6
VolkovDmitri: raises $3 to $9
MMM 22666: calls $3
*** FLOP *** [2h 5c Ks]
VolkovDmitri: bets $3
MMM 22666: calls $3
*** TURN *** [2h 5c Ks] [Ad]
VolkovDmitri: bets $6
MMM 22666: folds
Uncalled bet ($6) returned to VolkovDmitri
VolkovDmitri collected $23.52 from pot
VolkovDmitri: doesn't show hand
*** SUMMARY ***
Total pot $24 | Rake $0.48
Board [2h 5c Ks Ad]
Seat 1: MMM 22666 (button) (small blind) folded on the Turn
Seat 4: VolkovDmitri (big blind) collected ($23.52)


PokerStars Hand #165653530590:  Hold'em Limit ($3/$6 USD) - 2017/02/04 3:59:50 ET
Table 'Emma' 6-max Seat #1 is the button
Seat 1: MMM 22666 ($51 in chips)
Seat 4: VolkovDmitri ($140.16 in chips)
MMM 22666: posts small blind $1
VolkovDmitri: posts big blind $3
*** HOLE CARDS ***
MMM 22666: folds
Uncalled bet ($2) returned to VolkovDmitri
VolkovDmitri collected $2 from pot
VolkovDmitri: doesn't show hand
*** SUMMARY ***
Total pot $2 | Rake $0
Seat 1: MMM 22666 (button) (small blind) folded before Flop
Seat 4: VolkovDmitri (big blind) collected ($2)


PokerStars Hand #165653522516:  Hold'em Limit ($3/$6 USD) - 2017/02/04 3:59:28 ET
Table 'Emma' 6-max Seat #4 is the button
Seat 1: MMM 22666 ($60 in chips)
Seat 4: VolkovDmitri ($131.52 in chips)
VolkovDmitri: posts small blind $1
MMM 22666: posts big blind $3
*** HOLE CARDS ***
VolkovDmitri: raises $3 to $6
MMM 22666: calls $3
*** FLOP *** [7d Ks Jc]
MMM 22666: checks
VolkovDmitri: bets $3
MMM 22666: calls $3
*** TURN *** [7d Ks Jc] [Ad]
MMM 22666: checks
VolkovDmitri: bets $6
MMM 22666: folds
Uncalled bet ($6) returned to VolkovDmitri
VolkovDmitri collected $17.64 from pot
VolkovDmitri: doesn't show hand
*** SUMMARY ***
Total pot $18 | Rake $0.36
Board [7d Ks Jc Ad]
Seat 1: MMM 22666 (big blind) folded on the Turn
Seat 4: VolkovDmitri (button) (small blind) collected ($17.64)


PokerStars Hand #165653532430:  Hold'em Limit ($3/$6 USD) - 2017/02/04 3:59:56 ET
Table 'Emma' 6-max Seat #4 is the button
Seat 1: MMM 22666 ($50 in chips)
Seat 4: VolkovDmitri ($141.16 in chips)
VolkovDmitri: posts small blind $1
MMM 22666: posts big blind $3
*** HOLE CARDS ***
19woody58 joins the table at seat #2
VolkovDmitri: raises $3 to $6
MMM 22666: folds
Uncalled bet ($3) returned to VolkovDmitri
VolkovDmitri collected $6 from pot
VolkovDmitri: doesn't show hand
*** SUMMARY ***
Total pot $6 | Rake $0
Seat 1: MMM 22666 (big blind) folded before Flop
Seat 4: VolkovDmitri (button) (small blind) collected ($6)


PokerStars Hand #165655664780:  Hold'em Limit ($3/$6 USD) - 2017/02/04 5:21:02 ET
Table 'Emma' 6-max Seat #6 is the button
Seat 4: Agrotait ($72 in chips)
Seat 6: Auge72 ($120 in chips)
Auge72: posts small blind $1
belik555 joins the table at seat #1
Agrotait: posts big blind $3
*** HOLE CARDS ***
Auge72: raises $3 to $6
Agrotait: folds
Uncalled bet ($3) returned to Auge72
Auge72 collected $6 from pot
Auge72: doesn't show hand
*** SUMMARY ***
Total pot $6 | Rake $0
Seat 4: Agrotait (big blind) folded before Flop
Seat 6: Auge72 (button) (small blind) collected ($6)


PokerStars Hand #165655678632:  Hold'em Limit ($3/$6 USD) - 2017/02/04 5:21:29 ET
Table 'Emma' 6-max Seat #4 is the button
Seat 4: Agrotait ($69 in chips)
Seat 6: Auge72 ($123 in chips)
Agrotait: posts small blind $1
Auge72: posts big blind $3
*** HOLE CARDS ***
Agrotait: raises $3 to $6
Auge72: folds
Uncalled bet ($3) returned to Agrotait
Agrotait collected $6 from pot
Agrotait: doesn't show hand
*** SUMMARY ***
Total pot $6 | Rake $0
Seat 4: Agrotait (button) (small blind) collected ($6)
Seat 6: Auge72 (big blind) folded before Flop


