PokerStars Hand #156458177140:  Hold'em Limit ($3/$6 USD) - 2016/07/26 5:13:12 ET
Table 'Emma' 6-max Seat #3 is the button
Seat 3: KingYang2008 ($119.76 in chips)
Seat 4: Agrotait ($71.76 in chips)
KingYang2008: posts small blind $1
Agrotait: posts big blind $3
*** HOLE CARDS ***
KingYang2008: raises $3 to $6
Agrotait: raises $3 to $9
KingYang2008: calls $3
*** FLOP *** [9s 9c Jc]
Agrotait: bets $3
KingYang2008: calls $3
*** TURN *** [9s 9c Jc] [Ac]
Agrotait: checks
KingYang2008: bets $6
Agrotait: calls $6
*** RIVER *** [9s 9c Jc Ac] [Qh]
Agrotait: checks
KingYang2008: checks
*** SHOW DOWN ***
Agrotait: shows [7h 7c] (two pair, Nines and Sevens)
KingYang2008: shows [Jd Qc] (two pair, Queens and Jacks)
KingYang2008 collected $35.50 from pot
*** SUMMARY ***
Total pot $36 | Rake $0.50
Board [9s 9c Jc Ac Qh]
Seat 3: KingYang2008 (button) (small blind) showed [Jd Qc] and won ($35.50) with two pair, Queens and Jacks
Seat 4: Agrotait (big blind) showed [7h 7c] and lost with two pair, Nines and Sevens


PokerStars Hand #156458172282:  Hold'em Limit ($3/$6 USD) - 2016/07/26 5:12:57 ET
Table 'Emma' 6-max Seat #4 is the button
Seat 3: KingYang2008 ($125.76 in chips)
Seat 4: Agrotait ($66 in chips)
Agrotait: posts small blind $1
KingYang2008: posts big blind $3
*** HOLE CARDS ***
Agrotait: raises $3 to $6
KingYang2008: calls $3
*** FLOP *** [Qs 7h Kd]
KingYang2008: checks
Agrotait: bets $3
KingYang2008: folds
Uncalled bet ($3) returned to Agrotait
Agrotait collected $11.76 from pot
Agrotait: doesn't show hand
*** SUMMARY ***
Total pot $12 | Rake $0.24
Board [Qs 7h Kd]
Seat 3: KingYang2008 (big blind) folded on the Flop
Seat 4: Agrotait (button) (small blind) collected ($11.76)


PokerStars Hand #156458166841:  Hold'em Limit ($3/$6 USD) - 2016/07/26 5:12:41 ET
Table 'Emma' 6-max Seat #3 is the button
Seat 3: KingYang2008 ($120 in chips)
Seat 4: Agrotait ($72 in chips)
KingYang2008: posts small blind $1
Agrotait: posts big blind $3
*** HOLE CARDS ***
KingYang2008: raises $3 to $6
Agrotait: calls $3
*** FLOP *** [Js 2c 7c]
Agrotait: checks
KingYang2008: bets $3
Agrotait: folds
Uncalled bet ($3) returned to KingYang2008
KingYang2008 collected $11.76 from pot
KingYang2008: doesn't show hand
*** SUMMARY ***
Total pot $12 | Rake $0.24
Board [Js 2c 7c]
Seat 3: KingYang2008 (button) (small blind) collected ($11.76)
Seat 4: Agrotait (big blind) folded on the Flop


PokerStars Hand #156458210283:  Hold'em Limit ($3/$6 USD) - 2016/07/26 5:14:50 ET
Table 'Emma' 6-max Seat #3 is the button
Seat 3: KingYang2008 ($144.76 in chips)
Seat 4: Agrotait ($63.76 in chips)
KingYang2008: posts small blind $1
Agrotait: posts big blind $3
*** HOLE CARDS ***
KingYang2008: folds
Uncalled bet ($2) returned to Agrotait
Agrotait collected $2 from pot
Agrotait: doesn't show hand
*** SUMMARY ***
Total pot $2 | Rake $0
Seat 3: KingYang2008 (button) (small blind) folded before Flop
Seat 4: Agrotait (big blind) collected ($2)


PokerStars Hand #156458200522:  Hold'em Limit ($3/$6 USD) - 2016/07/26 5:14:21 ET
Table 'Emma' 6-max Seat #4 is the button
Seat 3: KingYang2008 ($130.26 in chips)
Seat 4: Agrotait ($78.76 in chips)
Agrotait: posts small blind $1
KingYang2008: posts big blind $3
*** HOLE CARDS ***
Agrotait: raises $3 to $6
KingYang2008: calls $3
*** FLOP *** [Tc 6s 6h]
KingYang2008: checks
Agrotait: bets $3
KingYang2008: calls $3
*** TURN *** [Tc 6s 6h] [Qh]
KingYang2008: checks
Agrotait: bets $6
KingYang2008: calls $6
*** RIVER *** [Tc 6s 6h Qh] [4s]
KingYang2008: checks
Agrotait: checks
*** SHOW DOWN ***
KingYang2008: shows [5h 5d] (two pair, Sixes and Fives)
Agrotait: mucks hand
KingYang2008 collected $29.50 from pot
*** SUMMARY ***
Total pot $30 | Rake $0.50
Board [Tc 6s 6h Qh 4s]
Seat 3: KingYang2008 (big blind) showed [5h 5d] and won ($29.50) with two pair, Sixes and Fives
Seat 4: Agrotait (button) (small blind) mucked


PokerStars Hand #156458199030:  Hold'em Limit ($3/$6 USD) - 2016/07/26 5:14:17 ET
Table 'Emma' 6-max Seat #3 is the button
Seat 3: KingYang2008 ($131.26 in chips)
Seat 4: Agrotait ($77.76 in chips)
KingYang2008: posts small blind $1
Agrotait: posts big blind $3
*** HOLE CARDS ***
KingYang2008: folds
Uncalled bet ($2) returned to Agrotait
Agrotait collected $2 from pot
Agrotait: doesn't show hand
*** SUMMARY ***
Total pot $2 | Rake $0
Seat 3: KingYang2008 (button) (small blind) folded before Flop
Seat 4: Agrotait (big blind) collected ($2)


PokerStars Hand #156458197079:  Hold'em Limit ($3/$6 USD) - 2016/07/26 5:14:11 ET
Table 'Emma' 6-max Seat #4 is the button
Seat 3: KingYang2008 ($134.26 in chips)
Seat 4: Agrotait ($74.76 in chips)
Agrotait: posts small blind $1
KingYang2008: posts big blind $3
*** HOLE CARDS ***
Agrotait: raises $3 to $6
KingYang2008: folds
Uncalled bet ($3) returned to Agrotait
Agrotait collected $6 from pot
Agrotait: doesn't show hand
*** SUMMARY ***
Total pot $6 | Rake $0
Seat 3: KingYang2008 (big blind) folded before Flop
Seat 4: Agrotait (button) (small blind) collected ($6)


PokerStars Hand #156458195023:  Hold'em Limit ($3/$6 USD) - 2016/07/26 5:14:05 ET
Table 'Emma' 6-max Seat #3 is the button
Seat 3: KingYang2008 ($131.26 in chips)
Seat 4: Agrotait ($77.76 in chips)
KingYang2008: posts small blind $1
Agrotait: posts big blind $3
*** HOLE CARDS ***
KingYang2008: raises $3 to $6
Agrotait: folds
Uncalled bet ($3) returned to KingYang2008
KingYang2008 collected $6 from pot
KingYang2008: doesn't show hand
*** SUMMARY ***
Total pot $6 | Rake $0
Seat 3: KingYang2008 (button) (small blind) collected ($6)
Seat 4: Agrotait (big blind) folded before Flop


PokerStars Hand #156458188478:  Hold'em Limit ($3/$6 USD) - 2016/07/26 5:13:45 ET
Table 'Emma' 6-max Seat #4 is the button
Seat 3: KingYang2008 ($137.26 in chips)
Seat 4: Agrotait ($72 in chips)
Agrotait: posts small blind $1
KingYang2008: posts big blind $3
*** HOLE CARDS ***
Agrotait: raises $3 to $6
KingYang2008: calls $3
*** FLOP *** [Ac 2d 8s]
KingYang2008: checks
Agrotait: bets $3
KingYang2008: folds
Uncalled bet ($3) returned to Agrotait
Agrotait collected $11.76 from pot
Agrotait: doesn't show hand
*** SUMMARY ***
Total pot $12 | Rake $0.24
Board [Ac 2d 8s]
Seat 3: KingYang2008 (big blind) folded on the Flop
Seat 4: Agrotait (button) (small blind) collected ($11.76)


PokerStars Hand #156458211623:  Hold'em Limit ($3/$6 USD) - 2016/07/26 5:14:54 ET
Table 'Emma' 6-max Seat #4 is the button
Seat 3: KingYang2008 ($143.76 in chips)
Seat 4: Agrotait ($64.76 in chips)
Agrotait: posts small blind $1
KingYang2008: posts big blind $3
*** HOLE CARDS ***
Agrotait: raises $3 to $6
KingYang2008: raises $3 to $9
Agrotait: calls $3
*** FLOP *** [4h Ks 4d]
KingYang2008: bets $3
Agrotait: calls $3
*** TURN *** [4h Ks 4d] [5d]
KingYang2008: checks
Agrotait: bets $6
KingYang2008: calls $6
*** RIVER *** [4h Ks 4d 5d] [8c]
KingYang2008: checks
Agrotait: bets $6
KingYang2008: calls $6
*** SHOW DOWN ***
Agrotait: shows [3c Kh] (two pair, Kings and Fours)
KingYang2008: mucks hand
Agrotait collected $47.50 from pot
*** SUMMARY ***
Total pot $48 | Rake $0.50
Board [4h Ks 4d 5d 8c]
Seat 3: KingYang2008 (big blind) mucked
Seat 4: Agrotait (button) (small blind) showed [3c Kh] and won ($47.50) with two pair, Kings and Fours


PokerStars Hand #156458224480:  Hold'em Limit ($3/$6 USD) - 2016/07/26 5:15:32 ET
Table 'Emma' 6-max Seat #3 is the button
Seat 3: KingYang2008 ($119.76 in chips)
Seat 4: Agrotait ($88.26 in chips)
KingYang2008: posts small blind $1
Agrotait: posts big blind $3
*** HOLE CARDS ***
KingYang2008: raises $3 to $6
Agrotait: calls $3
*** FLOP *** [Ks 5s 9c]
Agrotait: checks
KingYang2008: bets $3
Agrotait: raises $3 to $6
KingYang2008: calls $3
*** TURN *** [Ks 5s 9c] [6d]
Agrotait: checks
KingYang2008: bets $6
Agrotait: calls $6
*** RIVER *** [Ks 5s 9c 6d] [5h]
Agrotait: checks
KingYang2008: checks
*** SHOW DOWN ***
Agrotait: shows [Qh 5d] (three of a kind, Fives)
KingYang2008: mucks hand
Agrotait collected $35.50 from pot
*** SUMMARY ***
Total pot $36 | Rake $0.50
Board [Ks 5s 9c 6d 5h]
Seat 3: KingYang2008 (button) (small blind) mucked
Seat 4: Agrotait (big blind) showed [Qh 5d] and won ($35.50) with three of a kind, Fives


PokerStars Hand #156458265744:  Hold'em Limit ($3/$6 USD) - 2016/07/26 5:17:31 ET
Table 'Emma' 6-max Seat #4 is the button
Seat 3: KingYang2008 ($100.26 in chips)
Seat 4: Agrotait ($106.16 in chips)
Agrotait: posts small blind $1
KingYang2008: posts big blind $3
*** HOLE CARDS ***
Agrotait: raises $3 to $6
KingYang2008: raises $3 to $9
Agrotait: calls $3
*** FLOP *** [6c 4s 8s]
KingYang2008: bets $3
Agrotait: calls $3
*** TURN *** [6c 4s 8s] [5s]
KingYang2008: checks
Agrotait: bets $6
KingYang2008: calls $6
*** RIVER *** [6c 4s 8s 5s] [Qc]
KingYang2008: checks
Agrotait: checks
*** SHOW DOWN ***
KingYang2008: shows [Ad Ac] (a pair of Aces)
Agrotait: mucks hand
KingYang2008 collected $35.50 from pot
*** SUMMARY ***
Total pot $36 | Rake $0.50
Board [6c 4s 8s 5s Qc]
Seat 3: KingYang2008 (big blind) showed [Ad Ac] and won ($35.50) with a pair of Aces
Seat 4: Agrotait (button) (small blind) mucked


PokerStars Hand #156458264017:  Hold'em Limit ($3/$6 USD) - 2016/07/26 5:17:26 ET
Table 'Emma' 6-max Seat #3 is the button
Seat 3: KingYang2008 ($101.26 in chips)
Seat 4: Agrotait ($105.16 in chips)
KingYang2008: posts small blind $1
Agrotait: posts big blind $3
*** HOLE CARDS ***
KingYang2008: folds
Uncalled bet ($2) returned to Agrotait
Agrotait collected $2 from pot
Agrotait: doesn't show hand
*** SUMMARY ***
Total pot $2 | Rake $0
Seat 3: KingYang2008 (button) (small blind) folded before Flop
Seat 4: Agrotait (big blind) collected ($2)


PokerStars Hand #156458256710:  Hold'em Limit ($3/$6 USD) - 2016/07/26 5:17:08 ET
Table 'Emma' 6-max Seat #4 is the button
Seat 3: KingYang2008 ($110.26 in chips)
Seat 4: Agrotait ($96.52 in chips)
Agrotait: posts small blind $1
KingYang2008: posts big blind $3
*** HOLE CARDS ***
Agrotait: raises $3 to $6
KingYang2008: calls $3
*** FLOP *** [Qc 3h 3c]
KingYang2008: checks
Agrotait: bets $3
KingYang2008: calls $3
*** TURN *** [Qc 3h 3c] [Qh]
KingYang2008: checks
Agrotait: bets $6
KingYang2008: folds
Uncalled bet ($6) returned to Agrotait
Agrotait collected $17.64 from pot
Agrotait: doesn't show hand
*** SUMMARY ***
Total pot $18 | Rake $0.36
Board [Qc 3h 3c Qh]
Seat 3: KingYang2008 (big blind) folded on the Turn
Seat 4: Agrotait (button) (small blind) collected ($17.64)


PokerStars Hand #156458240088:  Hold'em Limit ($3/$6 USD) - 2016/07/26 5:16:18 ET
Table 'Emma' 6-max Seat #3 is the button
Seat 3: KingYang2008 ($95.76 in chips)
Seat 4: Agrotait ($111.52 in chips)
KingYang2008: posts small blind $1
Agrotait: posts big blind $3
*** HOLE CARDS ***
KingYang2008: raises $3 to $6
Agrotait: calls $3
*** FLOP *** [Ah Js Th]
Agrotait: checks
KingYang2008: bets $3
Agrotait: calls $3
*** TURN *** [Ah Js Th] [3s]
Agrotait: checks
KingYang2008: bets $6
Agrotait: calls $6
*** RIVER *** [Ah Js Th 3s] [9d]
Agrotait: checks
KingYang2008: bets $6
Agrotait: folds
Uncalled bet ($6) returned to KingYang2008
KingYang2008 collected $29.50 from pot
KingYang2008: doesn't show hand
*** SUMMARY ***
Total pot $30 | Rake $0.50
Board [Ah Js Th 3s 9d]
Seat 3: KingYang2008 (button) (small blind) collected ($29.50)
Seat 4: Agrotait (big blind) folded on the River


PokerStars Hand #156458287418:  Hold'em Limit ($3/$6 USD) - 2016/07/26 5:18:35 ET
Table 'Emma' 6-max Seat #3 is the button
Seat 3: KingYang2008 ($121.40 in chips)
Seat 4: Agrotait ($84.16 in chips)
KingYang2008: posts small blind $1
Agrotait: posts big blind $3
*** HOLE CARDS ***
KingYang2008: raises $3 to $6
Agrotait: calls $3
*** FLOP *** [3d 7d 5h]
Agrotait: checks
KingYang2008: bets $3
Agrotait: raises $3 to $6
KingYang2008: calls $3
*** TURN *** [3d 7d 5h] [6c]
Agrotait: bets $6
KingYang2008: folds
Uncalled bet ($6) returned to Agrotait
Agrotait collected $23.52 from pot
Agrotait: doesn't show hand
*** SUMMARY ***
Total pot $24 | Rake $0.48
Board [3d 7d 5h 6c]
Seat 3: KingYang2008 (button) (small blind) folded on the Turn
Seat 4: Agrotait (big blind) collected ($23.52)


PokerStars Hand #156458280903:  Hold'em Limit ($3/$6 USD) - 2016/07/26 5:18:16 ET
Table 'Emma' 6-max Seat #4 is the button
Seat 3: KingYang2008 ($112.76 in chips)
Seat 4: Agrotait ($93.16 in chips)
Agrotait: posts small blind $1
KingYang2008: posts big blind $3
*** HOLE CARDS ***
Agrotait: raises $3 to $6
KingYang2008: calls $3
*** FLOP *** [Ks 7d 9d]
KingYang2008: checks
Agrotait: bets $3
KingYang2008: calls $3
*** TURN *** [Ks 7d 9d] [5d]
KingYang2008: checks
Agrotait: checks
*** RIVER *** [Ks 7d 9d 5d] [5c]
KingYang2008: bets $6
Agrotait: folds
Uncalled bet ($6) returned to KingYang2008
KingYang2008 collected $17.64 from pot
KingYang2008: doesn't show hand
*** SUMMARY ***
Total pot $18 | Rake $0.36
Board [Ks 7d 9d 5d 5c]
Seat 3: KingYang2008 (big blind) collected ($17.64)
Seat 4: Agrotait (button) (small blind) folded on the River


PokerStars Hand #156458278392:  Hold'em Limit ($3/$6 USD) - 2016/07/26 5:18:09 ET
Table 'Emma' 6-max Seat #3 is the button
Seat 3: KingYang2008 ($113.76 in chips)
Seat 4: Agrotait ($92.16 in chips)
KingYang2008: posts small blind $1
Agrotait: posts big blind $3
*** HOLE CARDS ***
KingYang2008: folds
Uncalled bet ($2) returned to Agrotait
Agrotait collected $2 from pot
Agrotait: doesn't show hand
*** SUMMARY ***
Total pot $2 | Rake $0
Seat 3: KingYang2008 (button) (small blind) folded before Flop
Seat 4: Agrotait (big blind) collected ($2)


PokerStars Hand #156458275280:  Hold'em Limit ($3/$6 USD) - 2016/07/26 5:18:00 ET
Table 'Emma' 6-max Seat #4 is the button
Seat 3: KingYang2008 ($116.76 in chips)
Seat 4: Agrotait ($89.16 in chips)
Agrotait: posts small blind $1
KingYang2008: posts big blind $3
*** HOLE CARDS ***
Agrotait: raises $3 to $6
KingYang2008: folds
Uncalled bet ($3) returned to Agrotait
Agrotait collected $6 from pot
Agrotait: doesn't show hand
*** SUMMARY ***
Total pot $6 | Rake $0
Seat 3: KingYang2008 (big blind) folded before Flop
Seat 4: Agrotait (button) (small blind) collected ($6)


PokerStars Hand #156458273753:  Hold'em Limit ($3/$6 USD) - 2016/07/26 5:17:55 ET
Table 'Emma' 6-max Seat #3 is the button
Seat 3: KingYang2008 ($117.76 in chips)
Seat 4: Agrotait ($88.16 in chips)
KingYang2008: posts small blind $1
Agrotait: posts big blind $3
*** HOLE CARDS ***
KingYang2008: folds
Uncalled bet ($2) returned to Agrotait
Agrotait collected $2 from pot
Agrotait: doesn't show hand
*** SUMMARY ***
Total pot $2 | Rake $0
Seat 3: KingYang2008 (button) (small blind) folded before Flop
Seat 4: Agrotait (big blind) collected ($2)


PokerStars Hand #156458309318:  Hold'em Limit ($3/$6 USD) - 2016/07/26 5:19:40 ET
Table 'Emma' 6-max Seat #4 is the button
Seat 3: KingYang2008 ($117.92 in chips)
Seat 4: Agrotait ($86.68 in chips)
Agrotait: posts small blind $1
KingYang2008: posts big blind $3
*** HOLE CARDS ***
Agrotait: raises $3 to $6
KingYang2008: folds
Uncalled bet ($3) returned to Agrotait
Agrotait collected $6 from pot
Agrotait: doesn't show hand
*** SUMMARY ***
Total pot $6 | Rake $0
Seat 3: KingYang2008 (big blind) folded before Flop
Seat 4: Agrotait (button) (small blind) collected ($6)


PokerStars Hand #156458295467:  Hold'em Limit ($3/$6 USD) - 2016/07/26 5:18:59 ET
Table 'Emma' 6-max Seat #3 is the button
Seat 3: KingYang2008 ($106.40 in chips)
Seat 4: Agrotait ($98.68 in chips)
KingYang2008: posts small blind $1
Agrotait: posts big blind $3
*** HOLE CARDS ***
KingYang2008: raises $3 to $6
Agrotait: calls $3
*** FLOP *** [As 7d 7s]
Agrotait: checks
KingYang2008: checks
*** TURN *** [As 7d 7s] [7c]
Agrotait: bets $6
KingYang2008: calls $6
*** RIVER *** [As 7d 7s 7c] [Ks]
Agrotait: checks
KingYang2008: bets $6
Agrotait: folds
Uncalled bet ($6) returned to KingYang2008
KingYang2008 collected $23.52 from pot
KingYang2008: doesn't show hand
*** SUMMARY ***
Total pot $24 | Rake $0.48
Board [As 7d 7s 7c Ks]
Seat 3: KingYang2008 (button) (small blind) collected ($23.52)
Seat 4: Agrotait (big blind) folded on the River


PokerStars Hand #156458293546:  Hold'em Limit ($3/$6 USD) - 2016/07/26 5:18:53 ET
Table 'Emma' 6-max Seat #4 is the button
Seat 3: KingYang2008 ($109.40 in chips)
Seat 4: Agrotait ($95.68 in chips)
Agrotait: posts small blind $1
KingYang2008: posts big blind $3
*** HOLE CARDS ***
Agrotait: raises $3 to $6
KingYang2008: folds
Uncalled bet ($3) returned to Agrotait
Agrotait collected $6 from pot
Agrotait: doesn't show hand
*** SUMMARY ***
Total pot $6 | Rake $0
Seat 3: KingYang2008 (big blind) folded before Flop
Seat 4: Agrotait (button) (small blind) collected ($6)


PokerStars Hand #156458329970:  Hold'em Limit ($3/$6 USD) - 2016/07/26 5:20:42 ET
Table 'Emma' 6-max Seat #4 is the button
Seat 3: KingYang2008 ($146.06 in chips)
Seat 4: Agrotait ($73 in chips)
Agrotait: posts small blind $1
KingYang2008: posts big blind $3
*** HOLE CARDS ***
Agrotait: raises $3 to $6
KingYang2008: folds
Uncalled bet ($3) returned to Agrotait
Agrotait collected $6 from pot
Agrotait: doesn't show hand
*** SUMMARY ***
Total pot $6 | Rake $0
Seat 3: KingYang2008 (big blind) folded before Flop
Seat 4: Agrotait (button) (small blind) collected ($6)


PokerStars Hand #156458328450:  Hold'em Limit ($3/$6 USD) - 2016/07/26 5:20:37 ET
Table 'Emma' 6-max Seat #3 is the button
Seat 3: KingYang2008 ($147.06 in chips)
Seat 4: Agrotait ($72 in chips)
KingYang2008: posts small blind $1
Agrotait: posts big blind $3
*** HOLE CARDS ***
KingYang2008: folds
Uncalled bet ($2) returned to Agrotait
Agrotait collected $2 from pot
Agrotait: doesn't show hand
*** SUMMARY ***
Total pot $2 | Rake $0
Seat 3: KingYang2008 (button) (small blind) folded before Flop
Seat 4: Agrotait (big blind) collected ($2)


PokerStars Hand #156458322495:  Hold'em Limit ($3/$6 USD) - 2016/07/26 5:20:20 ET
Table 'Emma' 6-max Seat #4 is the button
Seat 3: KingYang2008 ($123.56 in chips)
Seat 4: Agrotait ($80.68 in chips)
Agrotait: posts small blind $1
KingYang2008: posts big blind $3
*** HOLE CARDS ***
Agrotait: raises $3 to $6
KingYang2008: raises $3 to $9
Agrotait: calls $3
*** FLOP *** [Th 9d 5d]
KingYang2008: bets $3
Agrotait: calls $3
*** TURN *** [Th 9d 5d] [Jc]
KingYang2008: bets $6
Agrotait: calls $6
*** RIVER *** [Th 9d 5d Jc] [5c]
KingYang2008: bets $6
Agrotait: calls $6
*** SHOW DOWN ***
KingYang2008: shows [Js Kd] (two pair, Jacks and Fives)
Agrotait: mucks hand
KingYang2008 collected $47.50 from pot
*** SUMMARY ***
Total pot $48 | Rake $0.50
Board [Th 9d 5d Jc 5c]
Seat 3: KingYang2008 (big blind) showed [Js Kd] and won ($47.50) with two pair, Jacks and Fives
Seat 4: Agrotait (button) (small blind) mucked


PokerStars Hand #156458320376:  Hold'em Limit ($3/$6 USD) - 2016/07/26 5:20:13 ET
Table 'Emma' 6-max Seat #3 is the button
Seat 3: KingYang2008 ($120.56 in chips)
Seat 4: Agrotait ($83.68 in chips)
KingYang2008: posts small blind $1
Agrotait: posts big blind $3
*** HOLE CARDS ***
KingYang2008: raises $3 to $6
Agrotait: folds
Uncalled bet ($3) returned to KingYang2008
KingYang2008 collected $6 from pot
KingYang2008: doesn't show hand
*** SUMMARY ***
Total pot $6 | Rake $0
Seat 3: KingYang2008 (button) (small blind) collected ($6)
Seat 4: Agrotait (big blind) folded before Flop


PokerStars Hand #156458318174:  Hold'em Limit ($3/$6 USD) - 2016/07/26 5:20:07 ET
Table 'Emma' 6-max Seat #4 is the button
Seat 3: KingYang2008 ($123.56 in chips)
Seat 4: Agrotait ($80.68 in chips)
Agrotait: posts small blind $1
KingYang2008: posts big blind $3
*** HOLE CARDS ***
Agrotait: raises $3 to $6
KingYang2008: folds
Uncalled bet ($3) returned to Agrotait
Agrotait collected $6 from pot
Agrotait: doesn't show hand
*** SUMMARY ***
Total pot $6 | Rake $0
Seat 3: KingYang2008 (big blind) folded before Flop
Seat 4: Agrotait (button) (small blind) collected ($6)


PokerStars Hand #156458312515:  Hold'em Limit ($3/$6 USD) - 2016/07/26 5:19:50 ET
Table 'Emma' 6-max Seat #3 is the button
Seat 3: KingYang2008 ($114.92 in chips)
Seat 4: Agrotait ($89.68 in chips)
KingYang2008: posts small blind $1
Agrotait: posts big blind $3
*** HOLE CARDS ***
KingYang2008: raises $3 to $6
Agrotait: calls $3
*** FLOP *** [Jd Tc 3d]
Agrotait: checks
KingYang2008: bets $3
Agrotait: calls $3
*** TURN *** [Jd Tc 3d] [3c]
Agrotait: checks
KingYang2008: bets $6
Agrotait: folds
Uncalled bet ($6) returned to KingYang2008
KingYang2008 collected $17.64 from pot
KingYang2008: doesn't show hand
*** SUMMARY ***
Total pot $18 | Rake $0.36
Board [Jd Tc 3d 3c]
Seat 3: KingYang2008 (button) (small blind) collected ($17.64)
Seat 4: Agrotait (big blind) folded on the Turn


PokerStars Hand #156458349148:  Hold'em Limit ($3/$6 USD) - 2016/07/26 5:21:39 ET
Table 'Emma' 6-max Seat #3 is the button
Seat 3: KingYang2008 ($133.56 in chips)
Seat 4: Agrotait ($84.50 in chips)
KingYang2008: posts small blind $1
Agrotait: posts big blind $3
*** HOLE CARDS ***
KingYang2008: folds
Uncalled bet ($2) returned to Agrotait
Agrotait collected $2 from pot
Agrotait: doesn't show hand
*** SUMMARY ***
Total pot $2 | Rake $0
Seat 3: KingYang2008 (button) (small blind) folded before Flop
Seat 4: Agrotait (big blind) collected ($2)


PokerStars Hand #156458339962:  Hold'em Limit ($3/$6 USD) - 2016/07/26 5:21:11 ET
Table 'Emma' 6-max Seat #4 is the button
Seat 3: KingYang2008 ($116.06 in chips)
Seat 4: Agrotait ($102.50 in chips)
Agrotait: posts small blind $1
KingYang2008: posts big blind $3
*** HOLE CARDS ***
Agrotait: raises $3 to $6
KingYang2008: raises $3 to $9
Agrotait: calls $3
*** FLOP *** [Js 6d 5c]
KingYang2008: bets $3
Agrotait: calls $3
*** TURN *** [Js 6d 5c] [7d]
Leko joins the table at seat #6
KingYang2008: bets $6
Agrotait: calls $6
*** RIVER *** [Js 6d 5c 7d] [Th]
KingYang2008: bets $6
Agrotait: folds
Uncalled bet ($6) returned to KingYang2008
KingYang2008 collected $35.50 from pot
KingYang2008: doesn't show hand
*** SUMMARY ***
Total pot $36 | Rake $0.50
Board [Js 6d 5c 7d Th]
Seat 3: KingYang2008 (big blind) collected ($35.50)
Seat 4: Agrotait (button) (small blind) folded on the River


PokerStars Hand #156458332223:  Hold'em Limit ($3/$6 USD) - 2016/07/26 5:20:49 ET
Table 'Emma' 6-max Seat #3 is the button
Seat 3: KingYang2008 ($143.06 in chips)
Seat 4: Agrotait ($76 in chips)
KingYang2008: posts small blind $1
Agrotait: posts big blind $3
*** HOLE CARDS ***
KingYang2008: raises $3 to $6
Agrotait: calls $3
*** FLOP *** [5h Jc Qs]
Agrotait: checks
KingYang2008: bets $3
Agrotait: calls $3
*** TURN *** [5h Jc Qs] [5c]
Agrotait: checks
KingYang2008: bets $6
Agrotait: raises $6 to $12
KingYang2008: calls $6
*** RIVER *** [5h Jc Qs 5c] [4c]
Agrotait: bets $6
KingYang2008: calls $6
*** SHOW DOWN ***
Agrotait: shows [4d 5s] (a full house, Fives full of Fours)
KingYang2008: mucks hand
Agrotait collected $53.50 from pot
*** SUMMARY ***
Total pot $54 | Rake $0.50
Board [5h Jc Qs 5c 4c]
Seat 3: KingYang2008 (button) (small blind) mucked
Seat 4: Agrotait (big blind) showed [4d 5s] and won ($53.50) with a full house, Fives full of Fours


PokerStars Hand #156458894279:  Hold'em Limit ($3/$6 USD) - 2016/07/26 5:47:32 ET
Table 'Emma' 6-max Seat #5 is the button
Seat 1: kolaz03 ($72 in chips)
Seat 5: mishosauga34 ($145.18 in chips)
mishosauga34: posts small blind $1
kolaz03: posts big blind $3
*** HOLE CARDS ***
mishosauga34: folds
Uncalled bet ($2) returned to kolaz03
mishosauga34 leaves the table
abster2366 leaves the table
kolaz03 collected $2 from pot
kolaz03: doesn't show hand
kolaz03 leaves the table
*** SUMMARY ***
Total pot $2 | Rake $0
Seat 1: kolaz03 (big blind) collected ($2)
Seat 5: mishosauga34 (button) (small blind) folded before Flop


PokerStars Hand #156458892759:  Hold'em Limit ($3/$6 USD) - 2016/07/26 5:47:28 ET
Table 'Emma' 6-max Seat #1 is the button
Seat 1: kolaz03 ($72 in chips)
Seat 5: mishosauga34 ($144.18 in chips)
kolaz03: posts small blind $1
abster2366: is sitting out
mishosauga34: posts big blind $3
*** HOLE CARDS ***
kolaz03: folds
Uncalled bet ($2) returned to mishosauga34
mishosauga34 collected $2 from pot
mishosauga34: doesn't show hand
Agrotait leaves the table
*** SUMMARY ***
Total pot $2 | Rake $0
Seat 1: kolaz03 (button) (small blind) folded before Flop
Seat 5: mishosauga34 (big blind) collected ($2)


