PokerStars Hand #158897661746:  Hold'em Limit ($3/$6 USD) - 2016/09/21 10:02:22 ET
Table 'Enceladus' 6-max Seat #4 is the button
Seat 3: simper11 ($120 in chips)
Seat 4: moveoverover ($116.33 in chips)
moveoverover: posts small blind $1
simper11: posts big blind $3
*** HOLE CARDS ***
moveoverover: raises $3 to $6
simper11: calls $3
*** FLOP *** [5s Qh 6h]
simper11: checks
moveoverover: bets $3
simper11: raises $3 to $6
moveoverover: calls $3
*** TURN *** [5s Qh 6h] [2d]
simper11: bets $6
moveoverover: folds
Uncalled bet ($6) returned to simper11
simper11 collected $23.52 from pot
simper11: doesn't show hand
*** SUMMARY ***
Total pot $24 | Rake $0.48
Board [5s Qh 6h 2d]
Seat 3: simper11 (big blind) collected ($23.52)
Seat 4: moveoverover (button) (small blind) folded on the Turn


PokerStars Hand #158897657780:  Hold'em Limit ($3/$6 USD) - 2016/09/21 10:02:14 ET
Table 'Enceladus' 6-max Seat #3 is the button
Seat 3: simper11 ($120 in chips)
Seat 4: moveoverover ($115.33 in chips)
simper11: posts small blind $1
moveoverover: posts big blind $3
*** HOLE CARDS ***
simper11: folds
Uncalled bet ($2) returned to moveoverover
moveoverover collected $2 from pot
*** SUMMARY ***
Total pot $2 | Rake $0
Seat 3: simper11 (button) (small blind) folded before Flop
Seat 4: moveoverover (big blind) collected ($2)


PokerStars Hand #158897703911:  Hold'em Limit ($3/$6 USD) - 2016/09/21 10:03:37 ET
Table 'Enceladus' 6-max Seat #4 is the button
Seat 3: simper11 ($146.02 in chips)
Seat 4: moveoverover ($88.97 in chips)
moveoverover: posts small blind $1
simper11: posts big blind $3
*** HOLE CARDS ***
moveoverover: raises $3 to $6
simper11: calls $3
*** FLOP *** [8h Kc Jd]
simper11: checks
moveoverover: bets $3
simper11: folds
Uncalled bet ($3) returned to moveoverover
moveoverover collected $11.76 from pot
*** SUMMARY ***
Total pot $12 | Rake $0.24
Board [8h Kc Jd]
Seat 3: simper11 (big blind) folded on the Flop
Seat 4: moveoverover (button) (small blind) collected ($11.76)


PokerStars Hand #158897699482:  Hold'em Limit ($3/$6 USD) - 2016/09/21 10:03:29 ET
Table 'Enceladus' 6-max Seat #3 is the button
Seat 3: simper11 ($143.02 in chips)
Seat 4: moveoverover ($91.97 in chips)
simper11: posts small blind $1
moveoverover: posts big blind $3
*** HOLE CARDS ***
simper11: raises $3 to $6
moveoverover: folds
Uncalled bet ($3) returned to simper11
simper11 collected $6 from pot
simper11: doesn't show hand
*** SUMMARY ***
Total pot $6 | Rake $0
Seat 3: simper11 (button) (small blind) collected ($6)
Seat 4: moveoverover (big blind) folded before Flop


PokerStars Hand #158897687955:  Hold'em Limit ($3/$6 USD) - 2016/09/21 10:03:09 ET
Table 'Enceladus' 6-max Seat #4 is the button
Seat 3: simper11 ($122.52 in chips)
Seat 4: moveoverover ($112.97 in chips)
moveoverover: posts small blind $1
simper11: posts big blind $3
*** HOLE CARDS ***
moveoverover: raises $3 to $6
simper11: calls $3
*** FLOP *** [3s Ks 5c]
simper11: checks
moveoverover: bets $3
simper11: calls $3
*** TURN *** [3s Ks 5c] [2s]
simper11: checks
moveoverover: bets $6
simper11: calls $6
*** RIVER *** [3s Ks 5c 2s] [4c]
simper11: bets $6
moveoverover: calls $6
*** SHOW DOWN ***
simper11: shows [6d Ac] (a straight, Deuce to Six)
moveoverover: mucks hand
simper11 collected $41.50 from pot
*** SUMMARY ***
Total pot $42 | Rake $0.50
Board [3s Ks 5c 2s 4c]
Seat 3: simper11 (big blind) showed [6d Ac] and won ($41.50) with a straight, Deuce to Six
Seat 4: moveoverover (button) (small blind) mucked


PokerStars Hand #158897669330:  Hold'em Limit ($3/$6 USD) - 2016/09/21 10:02:36 ET
Table 'Enceladus' 6-max Seat #3 is the button
Seat 3: simper11 ($131.52 in chips)
Seat 4: moveoverover ($104.33 in chips)
simper11: posts small blind $1
moveoverover: posts big blind $3
*** HOLE CARDS ***
simper11: raises $3 to $6
moveoverover: raises $3 to $9
simper11: calls $3
*** FLOP *** [5d Jh 5s]
moveoverover: bets $3
simper11: folds
Uncalled bet ($3) returned to moveoverover
moveoverover collected $17.64 from pot
*** SUMMARY ***
Total pot $18 | Rake $0.36
Board [5d Jh 5s]
Seat 3: simper11 (button) (small blind) folded on the Flop
Seat 4: moveoverover (big blind) collected ($17.64)


PokerStars Hand #158897744596:  Hold'em Limit ($3/$6 USD) - 2016/09/21 10:04:49 ET
Table 'Enceladus' 6-max Seat #3 is the button
Seat 3: simper11 ($120 in chips)
Seat 4: moveoverover ($118.23 in chips)
simper11: posts small blind $1
moveoverover: posts big blind $3
*** HOLE CARDS ***
simper11: folds
Uncalled bet ($2) returned to moveoverover
moveoverover collected $2 from pot
*** SUMMARY ***
Total pot $2 | Rake $0
Seat 3: simper11 (button) (small blind) folded before Flop
Seat 4: moveoverover (big blind) collected ($2)


PokerStars Hand #158897741349:  Hold'em Limit ($3/$6 USD) - 2016/09/21 10:04:43 ET
Table 'Enceladus' 6-max Seat #4 is the button
Seat 3: simper11 ($123 in chips)
Seat 4: moveoverover ($115.23 in chips)
moveoverover: posts small blind $1
simper11: posts big blind $3
*** HOLE CARDS ***
moveoverover: raises $3 to $6
simper11: folds
Uncalled bet ($3) returned to moveoverover
moveoverover collected $6 from pot
*** SUMMARY ***
Total pot $6 | Rake $0
Seat 3: simper11 (big blind) folded before Flop
Seat 4: moveoverover (button) (small blind) collected ($6)


PokerStars Hand #158897738308:  Hold'em Limit ($3/$6 USD) - 2016/09/21 10:04:38 ET
Table 'Enceladus' 6-max Seat #3 is the button
Seat 3: simper11 ($120 in chips)
Seat 4: moveoverover ($118.23 in chips)
simper11: posts small blind $1
moveoverover: posts big blind $3
*** HOLE CARDS ***
simper11: raises $3 to $6
moveoverover: folds
Uncalled bet ($3) returned to simper11
simper11 collected $6 from pot
simper11: doesn't show hand
*** SUMMARY ***
Total pot $6 | Rake $0
Seat 3: simper11 (button) (small blind) collected ($6)
Seat 4: moveoverover (big blind) folded before Flop


PokerStars Hand #158897734927:  Hold'em Limit ($3/$6 USD) - 2016/09/21 10:04:32 ET
Table 'Enceladus' 6-max Seat #4 is the button
Seat 3: simper11 ($123 in chips)
Seat 4: moveoverover ($115.23 in chips)
moveoverover: posts small blind $1
simper11: posts big blind $3
*** HOLE CARDS ***
moveoverover: raises $3 to $6
simper11: folds
Uncalled bet ($3) returned to moveoverover
moveoverover collected $6 from pot
*** SUMMARY ***
Total pot $6 | Rake $0
Seat 3: simper11 (big blind) folded before Flop
Seat 4: moveoverover (button) (small blind) collected ($6)


PokerStars Hand #158897732338:  Hold'em Limit ($3/$6 USD) - 2016/09/21 10:04:27 ET
Table 'Enceladus' 6-max Seat #3 is the button
Seat 3: simper11 ($124 in chips)
Seat 4: moveoverover ($114.23 in chips)
simper11: posts small blind $1
moveoverover: posts big blind $3
*** HOLE CARDS ***
simper11: folds
Uncalled bet ($2) returned to moveoverover
moveoverover collected $2 from pot
*** SUMMARY ***
Total pot $2 | Rake $0
Seat 3: simper11 (button) (small blind) folded before Flop
Seat 4: moveoverover (big blind) collected ($2)


PokerStars Hand #158897729497:  Hold'em Limit ($3/$6 USD) - 2016/09/21 10:04:22 ET
Table 'Enceladus' 6-max Seat #4 is the button
Seat 3: simper11 ($123 in chips)
Seat 4: moveoverover ($115.23 in chips)
moveoverover: posts small blind $1
simper11: posts big blind $3
*** HOLE CARDS ***
moveoverover: folds
Uncalled bet ($2) returned to simper11
simper11 collected $2 from pot
simper11: doesn't show hand
*** SUMMARY ***
Total pot $2 | Rake $0
Seat 3: simper11 (big blind) collected ($2)
Seat 4: moveoverover (button) (small blind) folded before Flop


PokerStars Hand #158897726391:  Hold'em Limit ($3/$6 USD) - 2016/09/21 10:04:17 ET
Table 'Enceladus' 6-max Seat #3 is the button
Seat 3: simper11 ($120 in chips)
Seat 4: moveoverover ($118.23 in chips)
simper11: posts small blind $1
moveoverover: posts big blind $3
*** HOLE CARDS ***
simper11: raises $3 to $6
moveoverover: folds
Uncalled bet ($3) returned to simper11
simper11 collected $6 from pot
simper11: doesn't show hand
*** SUMMARY ***
Total pot $6 | Rake $0
Seat 3: simper11 (button) (small blind) collected ($6)
Seat 4: moveoverover (big blind) folded before Flop


PokerStars Hand #158897723535:  Hold'em Limit ($3/$6 USD) - 2016/09/21 10:04:12 ET
Table 'Enceladus' 6-max Seat #4 is the button
Seat 3: simper11 ($120 in chips)
Seat 4: moveoverover ($115.23 in chips)
moveoverover: posts small blind $1
simper11: posts big blind $3
*** HOLE CARDS ***
moveoverover: raises $3 to $6
simper11: folds
Uncalled bet ($3) returned to moveoverover
moveoverover collected $6 from pot
*** SUMMARY ***
Total pot $6 | Rake $0
Seat 3: simper11 (big blind) folded before Flop
Seat 4: moveoverover (button) (small blind) collected ($6)


PokerStars Hand #158897711292:  Hold'em Limit ($3/$6 USD) - 2016/09/21 10:03:50 ET
Table 'Enceladus' 6-max Seat #3 is the button
Seat 3: simper11 ($140.02 in chips)
Seat 4: moveoverover ($94.73 in chips)
simper11: posts small blind $1
moveoverover: posts big blind $3
*** HOLE CARDS ***
simper11: raises $3 to $6
moveoverover: calls $3
*** FLOP *** [4c Qs 8h]
moveoverover: checks
simper11: bets $3
moveoverover: calls $3
*** TURN *** [4c Qs 8h] [7h]
moveoverover: checks
simper11: bets $6
moveoverover: calls $6
*** RIVER *** [4c Qs 8h 7h] [3d]
moveoverover: checks
simper11: bets $6
moveoverover: calls $6
*** SHOW DOWN ***
simper11: shows [7d 5s] (a pair of Sevens)
moveoverover: shows [8s 9c] (a pair of Eights)
moveoverover collected $41.50 from pot
*** SUMMARY ***
Total pot $42 | Rake $0.50
Board [4c Qs 8h 7h 3d]
Seat 3: simper11 (button) (small blind) showed [7d 5s] and lost with a pair of Sevens
Seat 4: moveoverover (big blind) showed [8s 9c] and won ($41.50) with a pair of Eights


PokerStars Hand #158897772601:  Hold'em Limit ($3/$6 USD) - 2016/09/21 10:05:38 ET
Table 'Enceladus' 6-max Seat #4 is the button
Seat 3: simper11 ($120 in chips)
Seat 4: moveoverover ($143.39 in chips)
moveoverover: posts small blind $1
simper11: posts big blind $3
*** HOLE CARDS ***
moveoverover: folds
Uncalled bet ($2) returned to simper11
simper11 collected $2 from pot
simper11: doesn't show hand
*** SUMMARY ***
Total pot $2 | Rake $0
Seat 3: simper11 (big blind) collected ($2)
Seat 4: moveoverover (button) (small blind) folded before Flop


PokerStars Hand #158897763171:  Hold'em Limit ($3/$6 USD) - 2016/09/21 10:05:22 ET
Table 'Enceladus' 6-max Seat #3 is the button
Seat 3: simper11 ($120 in chips)
Seat 4: moveoverover ($131.87 in chips)
simper11: posts small blind $1
moveoverover: posts big blind $3
*** HOLE CARDS ***
simper11: raises $3 to $6
moveoverover: raises $3 to $9
simper11: calls $3
*** FLOP *** [7h Th Ks]
moveoverover: bets $3
simper11: calls $3
*** TURN *** [7h Th Ks] [6c]
moveoverover: checks
simper11: checks
*** RIVER *** [7h Th Ks 6c] [4c]
moveoverover: checks
simper11: checks
*** SHOW DOWN ***
moveoverover: shows [Ah 9s] (high card Ace)
simper11: mucks hand
moveoverover collected $23.52 from pot
*** SUMMARY ***
Total pot $24 | Rake $0.48
Board [7h Th Ks 6c 4c]
Seat 3: simper11 (button) (small blind) mucked
Seat 4: moveoverover (big blind) showed [Ah 9s] and won ($23.52) with high card Ace


PokerStars Hand #158897758652:  Hold'em Limit ($3/$6 USD) - 2016/09/21 10:05:14 ET
Table 'Enceladus' 6-max Seat #4 is the button
Seat 3: simper11 ($120 in chips)
Seat 4: moveoverover ($128.87 in chips)
moveoverover: posts small blind $1
simper11: posts big blind $3
*** HOLE CARDS ***
moveoverover: raises $3 to $6
simper11: folds
Uncalled bet ($3) returned to moveoverover
moveoverover collected $6 from pot
*** SUMMARY ***
Total pot $6 | Rake $0
Seat 3: simper11 (big blind) folded before Flop
Seat 4: moveoverover (button) (small blind) collected ($6)


PokerStars Hand #158897754616:  Hold'em Limit ($3/$6 USD) - 2016/09/21 10:05:07 ET
Table 'Enceladus' 6-max Seat #3 is the button
Seat 3: simper11 ($120 in chips)
Seat 4: moveoverover ($127.87 in chips)
simper11: posts small blind $1
moveoverover: posts big blind $3
*** HOLE CARDS ***
simper11: folds
Uncalled bet ($2) returned to moveoverover
moveoverover collected $2 from pot
*** SUMMARY ***
Total pot $2 | Rake $0
Seat 3: simper11 (button) (small blind) folded before Flop
Seat 4: moveoverover (big blind) collected ($2)


PokerStars Hand #158897747547:  Hold'em Limit ($3/$6 USD) - 2016/09/21 10:04:54 ET
Table 'Enceladus' 6-max Seat #4 is the button
Seat 3: simper11 ($120 in chips)
Seat 4: moveoverover ($119.23 in chips)
moveoverover: posts small blind $1
simper11: posts big blind $3
*** HOLE CARDS ***
moveoverover: raises $3 to $6
simper11: calls $3
*** FLOP *** [Jh Qh 7s]
simper11: checks
moveoverover: bets $3
simper11: calls $3
*** TURN *** [Jh Qh 7s] [9c]
simper11: checks
moveoverover: bets $6
simper11: folds
Uncalled bet ($6) returned to moveoverover
moveoverover collected $17.64 from pot
*** SUMMARY ***
Total pot $18 | Rake $0.36
Board [Jh Qh 7s 9c]
Seat 3: simper11 (big blind) folded on the Turn
Seat 4: moveoverover (button) (small blind) collected ($17.64)


