PokerStars Hand #162615337626:  Hold'em Limit ($3/$6 USD) - 2016/12/08 11:58:23 ET
Table 'Enceladus' 6-max Seat #4 is the button
Seat 4: MMM 22666 ($108.66 in chips)
Seat 5: Great_Kang ($120 in chips)
MMM 22666: posts small blind $1
Great_Kang: posts big blind $3
*** HOLE CARDS ***
Drik89 joins the table at seat #1
MMM 22666: folds
Uncalled bet ($2) returned to Great_Kang
Great_Kang collected $2 from pot
Great_Kang: doesn't show hand
*** SUMMARY ***
Total pot $2 | Rake $0
Seat 4: MMM 22666 (button) (small blind) folded before Flop
Seat 5: Great_Kang (big blind) collected ($2)


PokerStars Hand #162615330268:  Hold'em Limit ($3/$6 USD) - 2016/12/08 11:58:12 ET
Table 'Enceladus' 6-max Seat #5 is the button
Seat 4: MMM 22666 ($107.66 in chips)
Seat 5: Great_Kang ($121 in chips)
Great_Kang: posts small blind $1
MMM 22666: posts big blind $3
*** HOLE CARDS ***
Delfi2508 joins the table at seat #6
Great_Kang: folds
Uncalled bet ($2) returned to MMM 22666
MMM 22666 collected $2 from pot
*** SUMMARY ***
Total pot $2 | Rake $0
Seat 4: MMM 22666 (big blind) collected ($2)
Seat 5: Great_Kang (button) (small blind) folded before Flop


PokerStars Hand #162615326703:  Hold'em Limit ($3/$6 USD) - 2016/12/08 11:58:07 ET
Table 'Enceladus' 6-max Seat #4 is the button
Seat 4: MMM 22666 ($108.66 in chips)
Seat 5: Great_Kang ($120 in chips)
MMM 22666: posts small blind $1
Great_Kang: posts big blind $3
*** HOLE CARDS ***
MMM 22666: folds
Uncalled bet ($2) returned to Great_Kang
Great_Kang collected $2 from pot
Great_Kang: doesn't show hand
*** SUMMARY ***
Total pot $2 | Rake $0
Seat 4: MMM 22666 (button) (small blind) folded before Flop
Seat 5: Great_Kang (big blind) collected ($2)


PokerStars Hand #162615311364:  Hold'em Limit ($3/$6 USD) - 2016/12/08 11:57:45 ET
Table 'Enceladus' 6-max Seat #5 is the button
Seat 4: MMM 22666 ($97.14 in chips)
Seat 5: Great_Kang ($121 in chips)
Great_Kang: posts small blind $1
MMM 22666: posts big blind $3
*** HOLE CARDS ***
Great_Kang: raises $3 to $6
MMM 22666: raises $3 to $9
Great_Kang: calls $3
*** FLOP *** [Kd Td Ks]
MMM 22666: bets $3
Great_Kang: calls $3
*** TURN *** [Kd Td Ks] [5h]
MMM 22666: checks
Great_Kang: checks
*** RIVER *** [Kd Td Ks 5h] [9h]
MMM 22666: checks
Great_Kang: checks
*** SHOW DOWN ***
MMM 22666: shows [4c Ad] (a pair of Kings)
Great_Kang: mucks hand
MMM 22666 collected $23.52 from pot
*** SUMMARY ***
Total pot $24 | Rake $0.48
Board [Kd Td Ks 5h 9h]
Seat 4: MMM 22666 (big blind) showed [4c Ad] and won ($23.52) with a pair of Kings
Seat 5: Great_Kang (button) (small blind) mucked


PokerStars Hand #162626646610:  Hold'em Limit ($3/$6 USD) - 2016/12/08 15:26:48 ET
Table 'Enceladus' 6-max Seat #2 is the button
Seat 2: Luanto 14 ($381.95 in chips)
Seat 5: feilinho ($231.06 in chips)
carina289 will be allowed to play after the button
Luanto 14: posts small blind $1
feilinho: posts big blind $3
*** HOLE CARDS ***
Luanto 14: raises $3 to $6
7superpoker leaves the table
feilinho: calls $3
*** FLOP *** [4h Kc Jd]
feilinho: checks
Luanto 14: bets $3
feilinho: folds
Uncalled bet ($3) returned to Luanto 14
Luanto 14 collected $11.76 from pot
Luanto 14: doesn't show hand
*** SUMMARY ***
Total pot $12 | Rake $0.24
Board [4h Kc Jd]
Seat 2: Luanto 14 (button) (small blind) collected ($11.76)
Seat 5: feilinho (big blind) folded on the Flop


PokerStars Hand #162626735059:  Hold'em Limit ($3/$6 USD) - 2016/12/08 15:28:16 ET
Table 'Enceladus' 6-max Seat #5 is the button
Seat 2: Luanto 14 ($361.71 in chips)
Seat 5: feilinho ($292.44 in chips)
feilinho: posts small blind $1
Luanto 14: posts big blind $3
*** HOLE CARDS ***
feilinho: raises $3 to $6
Luanto 14: calls $3
*** FLOP *** [Js 2s 4h]
Luanto 14: checks
feilinho: bets $3
Luanto 14: calls $3
*** TURN *** [Js 2s 4h] [8s]
Luanto 14: checks
feilinho: bets $6
Luanto 14: calls $6
*** RIVER *** [Js 2s 4h 8s] [6h]
Luanto 14: checks
feilinho: bets $6
Luanto 14: calls $6
*** SHOW DOWN ***
feilinho: shows [5s As] (a flush, Ace high)
Luanto 14: mucks hand
feilinho collected $41.50 from pot
*** SUMMARY ***
Total pot $42 | Rake $0.50
Board [Js 2s 4h 8s 6h]
Seat 2: Luanto 14 (big blind) mucked
Seat 5: feilinho (button) (small blind) showed [5s As] and won ($41.50) with a flush, Ace high


PokerStars Hand #162626758543:  Hold'em Limit ($3/$6 USD) - 2016/12/08 15:28:40 ET
Table 'Enceladus' 6-max Seat #2 is the button
Seat 2: Luanto 14 ($340.71 in chips)
Seat 5: feilinho ($312.94 in chips)
Luanto 14: posts small blind $1
feilinho: posts big blind $3
*** HOLE CARDS ***
Luanto 14: raises $3 to $6
feilinho: raises $3 to $9
Luanto 14: calls $3
*** FLOP *** [6h Ac Qc]
feilinho: bets $3
Luanto 14: calls $3
*** TURN *** [6h Ac Qc] [Kh]
feilinho: bets $6
Luanto 14: calls $6
*** RIVER *** [6h Ac Qc Kh] [Jd]
feilinho: bets $6
Luanto 14: folds
Uncalled bet ($6) returned to feilinho
feilinho collected $35.50 from pot
*** SUMMARY ***
Total pot $36 | Rake $0.50
Board [6h Ac Qc Kh Jd]
Seat 2: Luanto 14 (button) (small blind) folded on the River
Seat 5: feilinho (big blind) collected ($35.50)


