PokerStars Hand #159110472038:  Hold'em Limit ($3/$6 USD) - 2016/09/26 6:33:23 ET
Table 'Endeavour' 6-max Seat #5 is the button
Seat 1: BranzanM ($46.13 in chips)
Seat 5: Kaikare4ever ($268.75 in chips)
Kaikare4ever: posts small blind $1
BranzanM: posts big blind $3
*** HOLE CARDS ***
Kaikare4ever: folds
Uncalled bet ($2) returned to BranzanM
BranzanM collected $2 from pot
BranzanM: doesn't show hand
*** SUMMARY ***
Total pot $2 | Rake $0
Seat 1: BranzanM (big blind) collected ($2)
Seat 5: Kaikare4ever (button) (small blind) folded before Flop


PokerStars Hand #159110486433:  Hold'em Limit ($3/$6 USD) - 2016/09/26 6:34:00 ET
Table 'Endeavour' 6-max Seat #5 is the button
Seat 1: BranzanM ($64.63 in chips)
Seat 5: Kaikare4ever ($249.75 in chips)
Kaikare4ever: posts small blind $1
BranzanM: posts big blind $3
*** HOLE CARDS ***
Kaikare4ever: raises $3 to $6
miezemuis joins the table at seat #2
BranzanM: calls $3
*** FLOP *** [Kc Qh Ks]
BranzanM: bets $3
Kaikare4ever: calls $3
*** TURN *** [Kc Qh Ks] [Qd]
BranzanM: checks
Kaikare4ever: bets $6
BranzanM: folds
Uncalled bet ($6) returned to Kaikare4ever
Kaikare4ever collected $17.64 from pot
Kaikare4ever: doesn't show hand
*** SUMMARY ***
Total pot $18 | Rake $0.36
Board [Kc Qh Ks Qd]
Seat 1: BranzanM (big blind) folded on the Turn
Seat 5: Kaikare4ever (button) (small blind) collected ($17.64)


PokerStars Hand #159110474060:  Hold'em Limit ($3/$6 USD) - 2016/09/26 6:33:28 ET
Table 'Endeavour' 6-max Seat #1 is the button
Seat 1: BranzanM ($47.13 in chips)
Seat 5: Kaikare4ever ($267.75 in chips)
BranzanM: posts small blind $1
skogsbarn was removed from the table for failing to post
Kaikare4ever: posts big blind $3
*** HOLE CARDS ***
BranzanM: calls $2
Kaikare4ever: checks
*** FLOP *** [Qc 4c Js]
Kaikare4ever: checks
BranzanM: bets $3
RockKillerTY leaves the table
Kaikare4ever: calls $3
*** TURN *** [Qc 4c Js] [Kc]
Kaikare4ever: checks
BranzanM: checks
*** RIVER *** [Qc 4c Js Kc] [Tc]
Kaikare4ever: bets $6
BranzanM: raises $6 to $12
Kaikare4ever: calls $6
*** SHOW DOWN ***
BranzanM: shows [Jc 7d] (a flush, King high)
Kaikare4ever: mucks hand
BranzanM collected $35.50 from pot
*** SUMMARY ***
Total pot $36 | Rake $0.50
Board [Qc 4c Js Kc Tc]
Seat 1: BranzanM (button) (small blind) showed [Jc 7d] and won ($35.50) with a flush, King high
Seat 5: Kaikare4ever (big blind) mucked


PokerStars Hand #159110603521:  Hold'em Limit ($3/$6 USD) - 2016/09/26 6:39:01 ET
Table 'Endeavour' 6-max Seat #5 is the button
Seat 3: szwhite ($94.29 in chips)
Seat 5: Kaikare4ever ($197.39 in chips)
Kaikare4ever: posts small blind $1
BranzanM: is sitting out
miezemuis: is sitting out
szwhite: posts big blind $3
*** HOLE CARDS ***
miezemuis leaves the table
Kaikare4ever: folds
Uncalled bet ($2) returned to szwhite
szwhite collected $2 from pot
szwhite: doesn't show hand
*** SUMMARY ***
Total pot $2 | Rake $0
Seat 3: szwhite (big blind) collected ($2)
Seat 5: Kaikare4ever (button) (small blind) folded before Flop


PokerStars Hand #159110606354:  Hold'em Limit ($3/$6 USD) - 2016/09/26 6:39:08 ET
Table 'Endeavour' 6-max Seat #3 is the button
Seat 3: szwhite ($95.29 in chips)
Seat 5: Kaikare4ever ($196.39 in chips)
szwhite: posts small blind $1
Kaikare4ever: posts big blind $3
*** HOLE CARDS ***
TbIP-TbIP 88 joins the table at seat #2
szwhite: raises $3 to $6
Kaikare4ever: folds
Uncalled bet ($3) returned to szwhite
szwhite collected $6 from pot
szwhite: doesn't show hand
*** SUMMARY ***
Total pot $6 | Rake $0
Seat 3: szwhite (button) (small blind) collected ($6)
Seat 5: Kaikare4ever (big blind) folded before Flop


PokerStars Hand #159110911656:  Hold'em Limit ($3/$6 USD) - 2016/09/26 6:52:01 ET
Table 'Endeavour' 6-max Seat #2 is the button
Seat 2: TbIP-TbIP 88 ($76 in chips)
Seat 3: szwhite ($92.43 in chips)
TbIP-TbIP 88: posts small blind $1
szwhite: posts big blind $3
*** HOLE CARDS ***
TbIP-TbIP 88: raises $3 to $6
szwhite: raises $3 to $9
TbIP-TbIP 88: calls $3
*** FLOP *** [Kh As Jd]
szwhite: bets $3
VolkovDmitri leaves the table
TbIP-TbIP 88: calls $3
*** TURN *** [Kh As Jd] [Ad]
szwhite: checks
TbIP-TbIP 88: checks
*** RIVER *** [Kh As Jd Ad] [Td]
szwhite: bets $6
TbIP-TbIP 88: calls $6
*** SHOW DOWN ***
szwhite: shows [Ks Qs] (a straight, Ten to Ace)
TbIP-TbIP 88: mucks hand
szwhite collected $35.50 from pot
*** SUMMARY ***
Total pot $36 | Rake $0.50
Board [Kh As Jd Ad Td]
Seat 2: TbIP-TbIP 88 (button) (small blind) mucked
Seat 3: szwhite (big blind) showed [Ks Qs] and won ($35.50) with a straight, Ten to Ace


PokerStars Hand #159110908852:  Hold'em Limit ($3/$6 USD) - 2016/09/26 6:51:53 ET
Table 'Endeavour' 6-max Seat #3 is the button
Seat 2: TbIP-TbIP 88 ($75 in chips)
Seat 3: szwhite ($93.43 in chips)
szwhite: posts small blind $1
Kaikare4ever: is sitting out
BranzanM: is sitting out
TbIP-TbIP 88: posts big blind $3
*** HOLE CARDS ***
szwhite: folds
Uncalled bet ($2) returned to TbIP-TbIP 88
Kaikare4ever leaves the table
TbIP-TbIP 88 collected $2 from pot
BranzanM leaves the table
*** SUMMARY ***
Total pot $2 | Rake $0
Seat 2: TbIP-TbIP 88 (big blind) collected ($2)
Seat 3: szwhite (button) (small blind) folded before Flop


