PokerStars Hand #162215102404:  Hold'em Limit ($3/$6 USD) - 2016/11/30 19:18:38 ET
Table 'Endymion' 10-max Seat #2 is the button
Seat 2: ToRe345 ($62.84 in chips)
Seat 4: ToDaFelt ($109.50 in chips)
ToRe345: posts small blind $1
GoliafUa: is sitting out
ToDaFelt: posts big blind $3
*** HOLE CARDS ***
ToRe345: raises $3 to $6
ToDaFelt: raises $3 to $9
ToRe345: raises $3 to $12
Betting is capped
ToDaFelt: calls $3
*** FLOP *** [Jd Td 4d]
ToDaFelt: checks
ToRe345: bets $3
ToDaFelt: calls $3
*** TURN *** [Jd Td 4d] [6d]
ToDaFelt: checks
ToRe345: bets $6
ToDaFelt: calls $6
*** RIVER *** [Jd Td 4d 6d] [Js]
ToDaFelt: checks
ToRe345: checks
*** SHOW DOWN ***
ToDaFelt: shows [Ks Th] (two pair, Jacks and Tens)
ToRe345: shows [Jh Qh] (three of a kind, Jacks)
ToRe345 collected $41.50 from pot
*** SUMMARY ***
Total pot $42 | Rake $0.50
Board [Jd Td 4d 6d Js]
Seat 2: ToRe345 (button) (small blind) showed [Jh Qh] and won ($41.50) with three of a kind, Jacks
Seat 4: ToDaFelt (big blind) showed [Ks Th] and lost with two pair, Jacks and Tens


PokerStars Hand #162215139266:  Hold'em Limit ($3/$6 USD) - 2016/11/30 19:19:34 ET
Table 'Endymion' 10-max Seat #2 is the button
Seat 2: ToRe345 ($77.34 in chips)
Seat 4: ToDaFelt ($94.26 in chips)
ToRe345: posts small blind $1
ToDaFelt: posts big blind $3
*** HOLE CARDS ***
ToRe345: folds
Uncalled bet ($2) returned to ToDaFelt
ToDaFelt collected $2 from pot
ToDaFelt: doesn't show hand
*** SUMMARY ***
Total pot $2 | Rake $0
Seat 2: ToRe345 (button) (small blind) folded before Flop
Seat 4: ToDaFelt (big blind) collected ($2)


PokerStars Hand #162215123141:  Hold'em Limit ($3/$6 USD) - 2016/11/30 19:19:09 ET
Table 'Endymion' 10-max Seat #4 is the button
Seat 2: ToRe345 ($83.34 in chips)
Seat 4: ToDaFelt ($88.50 in chips)
ToDaFelt: posts small blind $1
ToRe345: posts big blind $3
*** HOLE CARDS ***
ToDaFelt: raises $3 to $6
ToRe345: calls $3
*** FLOP *** [7s Qd 7h]
ToRe345: checks
ToDaFelt: bets $3
ToRe345: folds
Uncalled bet ($3) returned to ToDaFelt
ToDaFelt collected $11.76 from pot
ToDaFelt: doesn't show hand
*** SUMMARY ***
Total pot $12 | Rake $0.24
Board [7s Qd 7h]
Seat 2: ToRe345 (big blind) folded on the Flop
Seat 4: ToDaFelt (button) (small blind) collected ($11.76)


PokerStars Hand #162215142715:  Hold'em Limit ($3/$6 USD) - 2016/11/30 19:19:39 ET
Table 'Endymion' 10-max Seat #4 is the button
Seat 2: ToRe345 ($76.34 in chips)
Seat 4: ToDaFelt ($95.26 in chips)
ToDaFelt: posts small blind $1
ToRe345: posts big blind $3
*** HOLE CARDS ***
ToDaFelt: folds
Uncalled bet ($2) returned to ToRe345
ToRe345 collected $2 from pot
*** SUMMARY ***
Total pot $2 | Rake $0
Seat 2: ToRe345 (big blind) collected ($2)
Seat 4: ToDaFelt (button) (small blind) folded before Flop


PokerStars Hand #162215148169:  Hold'em Limit ($3/$6 USD) - 2016/11/30 19:19:47 ET
Table 'Endymion' 10-max Seat #2 is the button
Seat 2: ToRe345 ($77.34 in chips)
Seat 4: ToDaFelt ($94.26 in chips)
ToRe345: posts small blind $1
ToDaFelt: posts big blind $3
*** HOLE CARDS ***
ToRe345: calls $2
ToDaFelt: raises $3 to $6
ToRe345: calls $3
*** FLOP *** [Qd 2h Jc]
ToDaFelt: bets $3
ToRe345: raises $3 to $6
ToDaFelt: calls $3
*** TURN *** [Qd 2h Jc] [4c]
ToDaFelt: checks
ToRe345: bets $6
ToDaFelt: calls $6
*** RIVER *** [Qd 2h Jc 4c] [3s]
ToDaFelt: checks
ToRe345: bets $6
ToDaFelt: calls $6
*** SHOW DOWN ***
ToRe345: shows [4d Qs] (two pair, Queens and Fours)
ToDaFelt: mucks hand
ToRe345 collected $47.50 from pot
*** SUMMARY ***
Total pot $48 | Rake $0.50
Board [Qd 2h Jc 4c 3s]
Seat 2: ToRe345 (button) (small blind) showed [4d Qs] and won ($47.50) with two pair, Queens and Fours
Seat 4: ToDaFelt (big blind) mucked


PokerStars Hand #162215193842:  Hold'em Limit ($3/$6 USD) - 2016/11/30 19:20:57 ET
Table 'Endymion' 10-max Seat #4 is the button
Seat 2: ToRe345 ($100.84 in chips)
Seat 4: ToDaFelt ($120 in chips)
ToDaFelt: posts small blind $1
ToRe345: posts big blind $3
*** HOLE CARDS ***
ToDaFelt: raises $3 to $6
ToRe345: calls $3
*** FLOP *** [7s Ac 8d]
ToRe345: checks
ToDaFelt: bets $3
ToRe345: raises $3 to $6
ToDaFelt: calls $3
*** TURN *** [7s Ac 8d] [8s]
ToRe345: bets $6
ToDaFelt: raises $6 to $12
ToRe345: calls $6
*** RIVER *** [7s Ac 8d 8s] [3h]
ToRe345: checks
ToDaFelt: bets $6
ToRe345: calls $6
*** SHOW DOWN ***
ToDaFelt: shows [8c Kd] (three of a kind, Eights)
ToRe345: mucks hand
ToDaFelt collected $59.50 from pot
*** SUMMARY ***
Total pot $60 | Rake $0.50
Board [7s Ac 8d 8s 3h]
Seat 2: ToRe345 (big blind) mucked
Seat 4: ToDaFelt (button) (small blind) showed [8c Kd] and won ($59.50) with three of a kind, Eights


PokerStars Hand #162215230098:  Hold'em Limit ($3/$6 USD) - 2016/11/30 19:21:52 ET
Table 'Endymion' 10-max Seat #2 is the button
Seat 2: ToRe345 ($70.84 in chips)
Seat 4: ToDaFelt ($149.50 in chips)
ToRe345: posts small blind $1
ToDaFelt: posts big blind $3
*** HOLE CARDS ***
ToRe345: raises $3 to $6
ToDaFelt: raises $3 to $9
ToRe345: calls $3
*** FLOP *** [As 5d 5c]
ToDaFelt: bets $3
ToRe345: calls $3
*** TURN *** [As 5d 5c] [3d]
ToDaFelt: bets $6
ToRe345: calls $6
*** RIVER *** [As 5d 5c 3d] [8c]
ToDaFelt: bets $6
ToRe345: folds
Uncalled bet ($6) returned to ToDaFelt
ToDaFelt collected $35.50 from pot
ToDaFelt: doesn't show hand
*** SUMMARY ***
Total pot $36 | Rake $0.50
Board [As 5d 5c 3d 8c]
Seat 2: ToRe345 (button) (small blind) folded on the River
Seat 4: ToDaFelt (big blind) collected ($35.50)


PokerStars Hand #162215294888:  Hold'em Limit ($3/$6 USD) - 2016/11/30 19:23:32 ET
Table 'Endymion' 10-max Seat #2 is the button
Seat 2: ToRe345 ($73.34 in chips)
Seat 4: ToDaFelt ($146 in chips)
ToRe345: posts small blind $1
ToDaFelt: posts big blind $3
*** HOLE CARDS ***
ToRe345: folds
Uncalled bet ($2) returned to ToDaFelt
ToDaFelt collected $2 from pot
ToDaFelt: doesn't show hand
*** SUMMARY ***
Total pot $2 | Rake $0
Seat 2: ToRe345 (button) (small blind) folded before Flop
Seat 4: ToDaFelt (big blind) collected ($2)


PokerStars Hand #162215276348:  Hold'em Limit ($3/$6 USD) - 2016/11/30 19:23:03 ET
Table 'Endymion' 10-max Seat #4 is the button
Seat 2: ToRe345 ($52.84 in chips)
Seat 4: ToDaFelt ($167 in chips)
ToDaFelt: posts small blind $1
ToRe345: posts big blind $3
*** HOLE CARDS ***
ToDaFelt: raises $3 to $6
ToRe345: calls $3
*** FLOP *** [Ac Ad 5h]
ToRe345: bets $3
ToDaFelt: calls $3
*** TURN *** [Ac Ad 5h] [5c]
ToRe345: bets $6
ToDaFelt: calls $6
*** RIVER *** [Ac Ad 5h 5c] [Tc]
ToRe345: bets $6
ToDaFelt: calls $6
*** SHOW DOWN ***
ToRe345: shows [5d 4d] (a full house, Fives full of Aces)
ToDaFelt: mucks hand
ToRe345 collected $41.50 from pot
*** SUMMARY ***
Total pot $42 | Rake $0.50
Board [Ac Ad 5h 5c Tc]
Seat 2: ToRe345 (big blind) showed [5d 4d] and won ($41.50) with a full house, Fives full of Aces
Seat 4: ToDaFelt (button) (small blind) mucked


PokerStars Hand #162215299778:  Hold'em Limit ($3/$6 USD) - 2016/11/30 19:23:39 ET
Table 'Endymion' 10-max Seat #4 is the button
Seat 2: ToRe345 ($72.34 in chips)
Seat 4: ToDaFelt ($147 in chips)
ToDaFelt: posts small blind $1
ToRe345: posts big blind $3
*** HOLE CARDS ***
ToDaFelt: raises $3 to $6
ToRe345: calls $3
*** FLOP *** [6h 7d 4s]
ToRe345: checks
ToDaFelt: bets $3
ToRe345: calls $3
*** TURN *** [6h 7d 4s] [3s]
ToRe345: checks
ToDaFelt: checks
*** RIVER *** [6h 7d 4s 3s] [8s]
ToRe345: bets $6
ToDaFelt: calls $6
*** SHOW DOWN ***
ToRe345: shows [5s Kh] (a straight, Four to Eight)
ToDaFelt: mucks hand
ToRe345 collected $29.50 from pot
*** SUMMARY ***
Total pot $30 | Rake $0.50
Board [6h 7d 4s 3s 8s]
Seat 2: ToRe345 (big blind) showed [5s Kh] and won ($29.50) with a straight, Four to Eight
Seat 4: ToDaFelt (button) (small blind) mucked


PokerStars Hand #162215367897:  Hold'em Limit ($3/$6 USD) - 2016/11/30 19:25:26 ET
Table 'Endymion' 10-max Seat #4 is the button
Seat 2: ToRe345 ($89.72 in chips)
Seat 4: ToDaFelt ($129 in chips)
ToDaFelt: posts small blind $1
ToRe345: posts big blind $3
*** HOLE CARDS ***
ToDaFelt: raises $3 to $6
ToRe345: folds
Uncalled bet ($3) returned to ToDaFelt
ToDaFelt collected $6 from pot
ToDaFelt: doesn't show hand
*** SUMMARY ***
Total pot $6 | Rake $0
Seat 2: ToRe345 (big blind) folded before Flop
Seat 4: ToDaFelt (button) (small blind) collected ($6)


PokerStars Hand #162215339534:  Hold'em Limit ($3/$6 USD) - 2016/11/30 19:24:41 ET
Table 'Endymion' 10-max Seat #2 is the button
Seat 2: ToRe345 ($86.84 in chips)
Seat 4: ToDaFelt ($132 in chips)
ToRe345: posts small blind $1
ToDaFelt: posts big blind $3
*** HOLE CARDS ***
ToRe345: calls $2
ToDaFelt: checks
*** FLOP *** [As 8c 5s]
ToDaFelt: checks
ToRe345: bets $3
ToDaFelt: folds
Uncalled bet ($3) returned to ToRe345
ToRe345 collected $5.88 from pot
*** SUMMARY ***
Total pot $6 | Rake $0.12
Board [As 8c 5s]
Seat 2: ToRe345 (button) (small blind) collected ($5.88)
Seat 4: ToDaFelt (big blind) folded on the Flop


PokerStars Hand #162215401070:  Hold'em Limit ($3/$6 USD) - 2016/11/30 19:26:19 ET
Table 'Endymion' 10-max Seat #4 is the button
Seat 2: ToRe345 ($80.72 in chips)
Seat 4: ToDaFelt ($137.76 in chips)
ToDaFelt: posts small blind $1
ToRe345: posts big blind $3
*** HOLE CARDS ***
ToDaFelt: raises $3 to $6
ToRe345: raises $3 to $9
ToDaFelt: calls $3
*** FLOP *** [9h Jh As]
ToRe345: bets $3
ToDaFelt: calls $3
*** TURN *** [9h Jh As] [2c]
ToRe345: bets $6
ToDaFelt: calls $6
*** RIVER *** [9h Jh As 2c] [8s]
ToRe345: bets $6
ToDaFelt: calls $6
*** SHOW DOWN ***
ToRe345: shows [Ks 4d] (high card Ace)
ToDaFelt: shows [7c 7d] (a pair of Sevens)
ToDaFelt collected $47.50 from pot
*** SUMMARY ***
Total pot $48 | Rake $0.50
Board [9h Jh As 2c 8s]
Seat 2: ToRe345 (big blind) showed [Ks 4d] and lost with high card Ace
Seat 4: ToDaFelt (button) (small blind) showed [7c 7d] and won ($47.50) with a pair of Sevens


PokerStars Hand #162215377638:  Hold'em Limit ($3/$6 USD) - 2016/11/30 19:25:41 ET
Table 'Endymion' 10-max Seat #2 is the button
Seat 2: ToRe345 ($86.72 in chips)
Seat 4: ToDaFelt ($132 in chips)
ToRe345: posts small blind $1
ToDaFelt: posts big blind $3
*** HOLE CARDS ***
ToRe345: calls $2
ToDaFelt: checks
*** FLOP *** [3c Ks 8s]
ToDaFelt: bets $3
ToRe345: calls $3
*** TURN *** [3c Ks 8s] [8c]
ToDaFelt: bets $6
ToRe345: folds
Uncalled bet ($6) returned to ToDaFelt
ToDaFelt collected $11.76 from pot
ToDaFelt: doesn't show hand
*** SUMMARY ***
Total pot $12 | Rake $0.24
Board [3c Ks 8s 8c]
Seat 2: ToRe345 (button) (small blind) folded on the Turn
Seat 4: ToDaFelt (big blind) collected ($11.76)


PokerStars Hand #162215455442:  Hold'em Limit ($3/$6 USD) - 2016/11/30 19:27:45 ET
Table 'Endymion' 10-max Seat #4 is the button
Seat 2: ToRe345 ($32.72 in chips)
Seat 4: ToDaFelt ($184.76 in chips)
ToDaFelt: posts small blind $1
ToRe345: posts big blind $3
*** HOLE CARDS ***
ToDaFelt: folds
Uncalled bet ($2) returned to ToRe345
ToRe345 collected $2 from pot
*** SUMMARY ***
Total pot $2 | Rake $0
Seat 2: ToRe345 (big blind) collected ($2)
Seat 4: ToDaFelt (button) (small blind) folded before Flop


PokerStars Hand #162215415329:  Hold'em Limit ($3/$6 USD) - 2016/11/30 19:26:41 ET
Table 'Endymion' 10-max Seat #2 is the button
Seat 2: ToRe345 ($56.72 in chips)
Seat 4: ToDaFelt ($161.26 in chips)
ToRe345: posts small blind $1
ToDaFelt: posts big blind $3
*** HOLE CARDS ***
ToRe345: raises $3 to $6
ToDaFelt: raises $3 to $9
ToRe345: raises $3 to $12
Betting is capped
ToDaFelt: calls $3
*** FLOP *** [6c Qs 4s]
ToDaFelt: checks
ToRe345: bets $3
ToDaFelt: raises $3 to $6
ToRe345: calls $3
*** TURN *** [6c Qs 4s] [3h]
ToDaFelt: bets $6
ToRe345: calls $6
*** RIVER *** [6c Qs 4s 3h] [As]
ToDaFelt: checks
ToRe345: checks
*** SHOW DOWN ***
ToDaFelt: shows [8c 8h] (a pair of Eights)
ToRe345: mucks hand
ToDaFelt collected $47.50 from pot
*** SUMMARY ***
Total pot $48 | Rake $0.50
Board [6c Qs 4s 3h As]
Seat 2: ToRe345 (button) (small blind) mucked
Seat 4: ToDaFelt (big blind) showed [8c 8h] and won ($47.50) with a pair of Eights


PokerStars Hand #162215461849:  Hold'em Limit ($3/$6 USD) - 2016/11/30 19:27:54 ET
Table 'Endymion' 10-max Seat #2 is the button
Seat 2: ToRe345 ($33.72 in chips)
Seat 4: ToDaFelt ($183.76 in chips)
ToRe345: posts small blind $1
ToDaFelt: posts big blind $3
*** HOLE CARDS ***
ToRe345: raises $3 to $6
ToDaFelt: raises $3 to $9
ToRe345: calls $3
*** FLOP *** [4c 3d 7h]
ToDaFelt: bets $3
ToRe345: raises $3 to $6
ToDaFelt: raises $3 to $9
ToRe345: raises $3 to $12
Betting is capped
ToDaFelt: calls $3
*** TURN *** [4c 3d 7h] [As]
ToDaFelt: checks
ToRe345: bets $6
ToDaFelt: calls $6
*** RIVER *** [4c 3d 7h As] [5h]
ToDaFelt: checks
ToRe345: bets $6
ToDaFelt: raises $6 to $12
ToRe345: calls $0.72 and is all-in
Uncalled bet ($5.28) returned to ToDaFelt
*** SHOW DOWN ***
ToDaFelt: shows [Jd 6d] (a straight, Three to Seven)
ToRe345: shows [8s 3s] (a pair of Threes)
ToDaFelt collected $66.94 from pot
*** SUMMARY ***
Total pot $67.44 | Rake $0.50
Board [4c 3d 7h As 5h]
Seat 2: ToRe345 (button) (small blind) showed [8s 3s] and lost with a pair of Threes
Seat 4: ToDaFelt (big blind) showed [Jd 6d] and won ($66.94) with a straight, Three to Seven


PokerStars Hand #162215499769:  Hold'em Limit ($3/$6 USD) - 2016/11/30 19:28:55 ET
Table 'Endymion' 10-max Seat #4 is the button
Seat 2: ToRe345 ($30 in chips)
Seat 4: ToDaFelt ($216.98 in chips)
ToDaFelt: posts small blind $1
ToRe345: posts big blind $3
*** HOLE CARDS ***
ToDaFelt: raises $3 to $6
ToRe345: raises $3 to $9
ToDaFelt: calls $3
*** FLOP *** [Ah 7c 2d]
ToRe345: bets $3
ToDaFelt: calls $3
*** TURN *** [Ah 7c 2d] [Qh]
ToRe345: bets $6
ToDaFelt: folds
Uncalled bet ($6) returned to ToRe345
ToRe345 collected $23.52 from pot
*** SUMMARY ***
Total pot $24 | Rake $0.48
Board [Ah 7c 2d Qh]
Seat 2: ToRe345 (big blind) collected ($23.52)
Seat 4: ToDaFelt (button) (small blind) folded on the Turn


PokerStars Hand #162215552133:  Hold'em Limit ($3/$6 USD) - 2016/11/30 19:30:06 ET
Table 'Endymion' 10-max Seat #4 is the button
Seat 2: ToRe345 ($11.52 in chips)
Seat 4: ToDaFelt ($234.48 in chips)
ToDaFelt: posts small blind $1
ToRe345: posts big blind $3
*** HOLE CARDS ***
ToDaFelt: raises $3 to $6
ToRe345: calls $3
*** FLOP *** [Td Ks 4h]
ToRe345: checks
ToDaFelt: bets $3
ToRe345: folds
Uncalled bet ($3) returned to ToDaFelt
ToDaFelt collected $11.76 from pot
ToDaFelt: doesn't show hand
*** SUMMARY ***
Total pot $12 | Rake $0.24
Board [Td Ks 4h]
Seat 2: ToRe345 (big blind) folded on the Flop
Seat 4: ToDaFelt (button) (small blind) collected ($11.76)


PokerStars Hand #162215518779:  Hold'em Limit ($3/$6 USD) - 2016/11/30 19:29:25 ET
Table 'Endymion' 10-max Seat #2 is the button
Seat 2: ToRe345 ($41.52 in chips)
Seat 4: ToDaFelt ($204.98 in chips)
ToRe345: posts small blind $1
ToDaFelt: posts big blind $3
*** HOLE CARDS ***
ToRe345: raises $3 to $6
ToDaFelt: raises $3 to $9
ToRe345: calls $3
*** FLOP *** [2d 4h 6s]
ToDaFelt: bets $3
ToRe345: raises $3 to $6
ToDaFelt: raises $3 to $9
ToRe345: calls $3
*** TURN *** [2d 4h 6s] [5c]
ToDaFelt: bets $6
ToRe345: calls $6
*** RIVER *** [2d 4h 6s 5c] [4s]
ToDaFelt: bets $6
ToRe345: calls $6
*** SHOW DOWN ***
ToDaFelt: shows [2h 2s] (a full house, Deuces full of Fours)
ToRe345: mucks hand
ToDaFelt collected $59.50 from pot
*** SUMMARY ***
Total pot $60 | Rake $0.50
Board [2d 4h 6s 5c 4s]
Seat 2: ToRe345 (button) (small blind) mucked
Seat 4: ToDaFelt (big blind) showed [2h 2s] and won ($59.50) with a full house, Deuces full of Fours


PokerStars Hand #162215577597:  Hold'em Limit ($3/$6 USD) - 2016/11/30 19:30:47 ET
Table 'Endymion' 10-max Seat #4 is the button
Seat 2: ToRe345 ($35.30 in chips)
Seat 4: ToDaFelt ($234.72 in chips)
ToDaFelt: posts small blind $1
ToRe345: posts big blind $3
*** HOLE CARDS ***
ToDaFelt: raises $3 to $6
ToRe345: calls $3
*** FLOP *** [Jh As 7h]
ToRe345: checks
ToDaFelt: checks
*** TURN *** [Jh As 7h] [3c]
ToRe345: checks
ToDaFelt: bets $6
ToRe345: folds
Uncalled bet ($6) returned to ToDaFelt
ToDaFelt collected $11.76 from pot
ToDaFelt: doesn't show hand
Chessnok joins the table at seat #5
*** SUMMARY ***
Total pot $12 | Rake $0.24
Board [Jh As 7h 3c]
Seat 2: ToRe345 (big blind) folded on the Turn
Seat 4: ToDaFelt (button) (small blind) collected ($11.76)


PokerStars Hand #162215597283:  Hold'em Limit ($3/$6 USD) - 2016/11/30 19:31:19 ET
Table 'Endymion' 10-max Seat #2 is the button
Seat 2: ToRe345 ($29.30 in chips)
Seat 4: ToDaFelt ($240.48 in chips)
ToRe345: posts small blind $1
ToDaFelt: posts big blind $3
*** HOLE CARDS ***
ToRe345: raises $3 to $6
ToDaFelt: raises $3 to $9
ToRe345: raises $3 to $12
Betting is capped
ToDaFelt: calls $3
*** FLOP *** [5s 6d Ts]
ToDaFelt: checks
ToRe345: checks
*** TURN *** [5s 6d Ts] [8s]
ToDaFelt: checks
ToRe345: checks
*** RIVER *** [5s 6d Ts 8s] [Kh]
ToDaFelt: checks
ToRe345: bets $6
ToDaFelt: folds
Uncalled bet ($6) returned to ToRe345
ToRe345 collected $23.52 from pot
*** SUMMARY ***
Total pot $24 | Rake $0.48
Board [5s 6d Ts 8s Kh]
Seat 2: ToRe345 (button) (small blind) collected ($23.52)
Seat 4: ToDaFelt (big blind) folded on the River


PokerStars Hand #162215880651:  Hold'em Limit ($3/$6 USD) - 2016/11/30 19:39:04 ET
Table 'Endymion' 10-max Seat #4 is the button
Seat 4: ToDaFelt ($207.99 in chips)
Seat 5: Chessnok ($137.09 in chips)
ToDaFelt: posts small blind $1
Chessnok: posts big blind $3
*** HOLE CARDS ***
ToDaFelt: raises $3 to $6
Chessnok: calls $3
*** FLOP *** [Qc Ac 7c]
Chessnok: checks
ToDaFelt: bets $3
Chessnok: raises $3 to $6
ToDaFelt: calls $3
*** TURN *** [Qc Ac 7c] [2d]
Chessnok: bets $6
ToDaFelt: calls $6
*** RIVER *** [Qc Ac 7c 2d] [Qs]
Chessnok: bets $6
ToDaFelt: calls $6
*** SHOW DOWN ***
Chessnok: shows [Ah 4s] (two pair, Aces and Queens)
ToDaFelt: mucks hand
Chessnok collected $47.50 from pot
*** SUMMARY ***
Total pot $48 | Rake $0.50
Board [Qc Ac 7c 2d Qs]
Seat 4: ToDaFelt (button) (small blind) mucked
Seat 5: Chessnok (big blind) showed [Ah 4s] and won ($47.50) with two pair, Aces and Queens


PokerStars Hand #162215860460:  Hold'em Limit ($3/$6 USD) - 2016/11/30 19:38:30 ET
Table 'Endymion' 10-max Seat #5 is the button
Seat 4: ToDaFelt ($216.99 in chips)
Seat 5: Chessnok ($128.45 in chips)
Chessnok: posts small blind $1
ToDaFelt: posts big blind $3
*** HOLE CARDS ***
Chessnok: raises $3 to $6
ToDaFelt: calls $3
*** FLOP *** [2h Ks 5h]
ToDaFelt: checks
Chessnok: bets $3
ToDaFelt: calls $3
*** TURN *** [2h Ks 5h] [Ad]
ToDaFelt: checks
Chessnok: bets $6
ToDaFelt: folds
Uncalled bet ($6) returned to Chessnok
Chessnok collected $17.64 from pot
Chessnok: doesn't show hand
*** SUMMARY ***
Total pot $18 | Rake $0.36
Board [2h Ks 5h Ad]
Seat 4: ToDaFelt (big blind) folded on the Turn
Seat 5: Chessnok (button) (small blind) collected ($17.64)


PokerStars Hand #162217069478:  Hold'em Limit ($3/$6 USD) - 2016/11/30 20:14:15 ET
Table 'Endymion' 10-max Seat #4 is the button
Seat 4: ToDaFelt ($166.80 in chips)
Seat 6: Whaaaat ($162.56 in chips)
ToDaFelt: posts small blind $1
Whaaaat: posts big blind $3
*** HOLE CARDS ***
ToDaFelt: raises $3 to $6
Whaaaat: folds
Uncalled bet ($3) returned to ToDaFelt
ToDaFelt collected $6 from pot
ToDaFelt: doesn't show hand
*** SUMMARY ***
Total pot $6 | Rake $0
Seat 4: ToDaFelt (button) (small blind) collected ($6)
Seat 6: Whaaaat (big blind) folded before Flop


PokerStars Hand #162217065037:  Hold'em Limit ($3/$6 USD) - 2016/11/30 20:14:06 ET
Table 'Endymion' 10-max Seat #6 is the button
Seat 4: ToDaFelt ($165.80 in chips)
Seat 6: Whaaaat ($163.56 in chips)
Whaaaat: posts small blind $1
ToDaFelt: posts big blind $3
*** HOLE CARDS ***
Whaaaat: folds
Uncalled bet ($2) returned to ToDaFelt
ToDaFelt collected $2 from pot
ToDaFelt: doesn't show hand
*** SUMMARY ***
Total pot $2 | Rake $0
Seat 4: ToDaFelt (big blind) collected ($2)
Seat 6: Whaaaat (button) (small blind) folded before Flop


PokerStars Hand #162217060072:  Hold'em Limit ($3/$6 USD) - 2016/11/30 20:13:57 ET
Table 'Endymion' 10-max Seat #4 is the button
Seat 4: ToDaFelt ($162.80 in chips)
Seat 6: Whaaaat ($166.56 in chips)
ToDaFelt: posts small blind $1
Whaaaat: posts big blind $3
*** HOLE CARDS ***
Lackys07 leaves the table
ToDaFelt: raises $3 to $6
Whaaaat: folds
Uncalled bet ($3) returned to ToDaFelt
ToDaFelt collected $6 from pot
ToDaFelt: doesn't show hand
*** SUMMARY ***
Total pot $6 | Rake $0
Seat 4: ToDaFelt (button) (small blind) collected ($6)
Seat 6: Whaaaat (big blind) folded before Flop


PokerStars Hand #162217074525:  Hold'em Limit ($3/$6 USD) - 2016/11/30 20:14:24 ET
Table 'Endymion' 10-max Seat #6 is the button
Seat 4: ToDaFelt ($169.80 in chips)
Seat 6: Whaaaat ($159.56 in chips)
Whaaaat: posts small blind $1
ToDaFelt: posts big blind $3
*** HOLE CARDS ***
Whaaaat: raises $3 to $6
ToDaFelt: calls $3
*** FLOP *** [6d 2h 6c]
ToDaFelt: checks
Whaaaat: bets $3
ToDaFelt: raises $3 to $6
Whaaaat: calls $3
*** TURN *** [6d 2h 6c] [Qs]
ToDaFelt: bets $6
Whaaaat: folds
Uncalled bet ($6) returned to ToDaFelt
ToDaFelt collected $23.52 from pot
ToDaFelt: doesn't show hand
*** SUMMARY ***
Total pot $24 | Rake $0.48
Board [6d 2h 6c Qs]
Seat 4: ToDaFelt (big blind) collected ($23.52)
Seat 6: Whaaaat (button) (small blind) folded on the Turn


PokerStars Hand #162217098823:  Hold'em Limit ($3/$6 USD) - 2016/11/30 20:15:08 ET
Table 'Endymion' 10-max Seat #4 is the button
Seat 4: ToDaFelt ($181.32 in chips)
Seat 6: Whaaaat ($147.56 in chips)
ToDaFelt: posts small blind $1
Whaaaat: posts big blind $3
*** HOLE CARDS ***
ToDaFelt: raises $3 to $6
Whaaaat: raises $3 to $9
S.sybev leaves the table
ToDaFelt: calls $3
*** FLOP *** [4h Qd 7d]
Whaaaat: bets $3
ToDaFelt: calls $3
*** TURN *** [4h Qd 7d] [2h]
Whaaaat: bets $6
ToDaFelt: raises $6 to $12
Whaaaat: calls $6
*** RIVER *** [4h Qd 7d 2h] [9h]
Whaaaat: checks
ToDaFelt: bets $6
Whaaaat: calls $6
*** SHOW DOWN ***
ToDaFelt: shows [Ah Qs] (a pair of Queens)
Whaaaat: shows [Ac Kh] (high card Ace)
ToDaFelt collected $59.50 from pot
*** SUMMARY ***
Total pot $60 | Rake $0.50
Board [4h Qd 7d 2h 9h]
Seat 4: ToDaFelt (button) (small blind) showed [Ah Qs] and won ($59.50) with a pair of Queens
Seat 6: Whaaaat (big blind) showed [Ac Kh] and lost with high card Ace


PokerStars Hand #162217131422:  Hold'em Limit ($3/$6 USD) - 2016/11/30 20:16:08 ET
Table 'Endymion' 10-max Seat #6 is the button
Seat 4: ToDaFelt ($210.82 in chips)
Seat 6: Whaaaat ($117.56 in chips)
Whaaaat: posts small blind $1
ToDaFelt: posts big blind $3
*** HOLE CARDS ***
Whaaaat: raises $3 to $6
ToDaFelt: calls $3
*** FLOP *** [6c 7d 3s]
ToDaFelt: bets $3
Whaaaat: raises $3 to $6
ToDaFelt: calls $3
*** TURN *** [6c 7d 3s] [2d]
ToDaFelt: checks
Whaaaat: bets $6
ToDaFelt: calls $6
*** RIVER *** [6c 7d 3s 2d] [As]
ToDaFelt: checks
Whaaaat: bets $6
ToDaFelt: calls $6
*** SHOW DOWN ***
Whaaaat: shows [5d 4d] (a straight, Three to Seven)
ToDaFelt: mucks hand
Whaaaat collected $47.50 from pot
*** SUMMARY ***
Total pot $48 | Rake $0.50
Board [6c 7d 3s 2d As]
Seat 4: ToDaFelt (big blind) mucked
Seat 6: Whaaaat (button) (small blind) showed [5d 4d] and won ($47.50) with a straight, Three to Seven


