PokerStars Hand #161580435916:  Hold'em Limit ($3/$6 USD) - 2016/11/18 6:26:43 ET
Table 'Endymion' 6-max Seat #3 is the button
Seat 3: LifeisagameX ($84 in chips)
Seat 4: Kosova1968 ($120 in chips)
LifeisagameX: posts small blind $1
Kosova1968: posts big blind $3
*** HOLE CARDS ***
LifeisagameX: raises $3 to $6
Kosova1968: calls $3
*** FLOP *** [7h 9c 3d]
Kosova1968: checks
LifeisagameX: bets $3
Agrotait joins the table at seat #5
Kosova1968: calls $3
*** TURN *** [7h 9c 3d] [2c]
Kosova1968: bets $6
LifeisagameX: calls $6
*** RIVER *** [7h 9c 3d 2c] [Tc]
Kosova1968: bets $6
LifeisagameX: folds
Uncalled bet ($6) returned to Kosova1968
Kosova1968 collected $29.50 from pot
Ale4o joins the table at seat #6
*** SUMMARY ***
Total pot $30 | Rake $0.50
Board [7h 9c 3d 2c Tc]
Seat 3: LifeisagameX (button) (small blind) folded on the River
Seat 4: Kosova1968 (big blind) collected ($29.50)


PokerStars Hand #161584208130:  Hold'em Limit ($3/$6 USD) - 2016/11/18 8:29:18 ET
Table 'Endymion' 6-max Seat #4 is the button
Seat 3: melyh82 ($135.98 in chips)
Seat 4: ToDaFelt ($159.28 in chips)
ToDaFelt: posts small blind $1
Ale4o: is sitting out
Pelurile: is sitting out
melyh82: posts big blind $3
*** HOLE CARDS ***
ToDaFelt: raises $3 to $6
Ale4o leaves the table
melyh82: folds
Uncalled bet ($3) returned to ToDaFelt
ToDaFelt collected $6 from pot
ToDaFelt: doesn't show hand
*** SUMMARY ***
Total pot $6 | Rake $0
Seat 3: melyh82 (big blind) folded before Flop
Seat 4: ToDaFelt (button) (small blind) collected ($6)


PokerStars Hand #161584284572:  Hold'em Limit ($3/$6 USD) - 2016/11/18 8:31:32 ET
Table 'Endymion' 6-max Seat #6 is the button
Seat 2: Bassie830 ($120 in chips)
Seat 6: Ale4o ($120 in chips)
Ale4o: posts small blind $1
Bassie830: posts big blind $3
*** HOLE CARDS ***
Ale4o: raises $3 to $6
Bassie830: calls $3
*** FLOP *** [9c Th 6d]
Bassie830: checks
Ale4o: checks
*** TURN *** [9c Th 6d] [3s]
Bassie830: bets $6
Ale4o: folds
Uncalled bet ($6) returned to Bassie830
Bassie830 collected $11.76 from pot
Bassie830: doesn't show hand
*** SUMMARY ***
Total pot $12 | Rake $0.24
Board [9c Th 6d 3s]
Seat 2: Bassie830 (big blind) collected ($11.76)
Seat 6: Ale4o (button) (small blind) folded on the Turn


PokerStars Hand #161584326642:  Hold'em Limit ($3/$6 USD) - 2016/11/18 8:32:46 ET
Table 'Endymion' 6-max Seat #2 is the button
Seat 2: Bassie830 ($157.11 in chips)
Seat 3: melyh82 ($96.98 in chips)
Bassie830: posts small blind $1
melyh82: posts big blind $3
*** HOLE CARDS ***
Bassie830: folds
Uncalled bet ($2) returned to melyh82
melyh82 collected $2 from pot
melyh82: doesn't show hand
*** SUMMARY ***
Total pot $2 | Rake $0
Seat 2: Bassie830 (button) (small blind) folded before Flop
Seat 3: melyh82 (big blind) collected ($2)


PokerStars Hand #161584316750:  Hold'em Limit ($3/$6 USD) - 2016/11/18 8:32:29 ET
Table 'Endymion' 6-max Seat #3 is the button
Seat 2: Bassie830 ($148.47 in chips)
Seat 3: melyh82 ($105.98 in chips)
melyh82: posts small blind $1
Ale4o: is sitting out
Bassie830: posts big blind $3
*** HOLE CARDS ***
melyh82: raises $3 to $6
Bassie830: calls $3
*** FLOP *** [4s Jc 3c]
Bassie830: checks
liza3008 joins the table at seat #4
melyh82: bets $3
Bassie830: calls $3
*** TURN *** [4s Jc 3c] [7d]
Bassie830: checks
melyh82: checks
*** RIVER *** [4s Jc 3c 7d] [5s]
Bassie830: bets $6
melyh82: folds
Uncalled bet ($6) returned to Bassie830
Bassie830 collected $17.64 from pot
Bassie830: doesn't show hand
*** SUMMARY ***
Total pot $18 | Rake $0.36
Board [4s Jc 3c 7d 5s]
Seat 2: Bassie830 (big blind) collected ($17.64)
Seat 3: melyh82 (button) (small blind) folded on the River


PokerStars Hand #161587627788:  Hold'em Limit ($3/$6 USD) - 2016/11/18 10:03:28 ET
Table 'Endymion' 6-max Seat #2 is the button
Seat 2: Bassie830 ($213.12 in chips)
Seat 5: grabaz ($209.81 in chips)
Bassie830: posts small blind $1
B_loJkl: is sitting out
grabaz: posts big blind $3
*** HOLE CARDS ***
B_loJkl leaves the table
Bassie830: calls $2
grabaz: raises $3 to $6
Bassie830: calls $3
*** FLOP *** [5c 5s 8s]
B_loJkl joins the table at seat #3
grabaz: bets $3
Bassie830: calls $3
*** TURN *** [5c 5s 8s] [Td]
grabaz: bets $6
Bassie830: calls $6
*** RIVER *** [5c 5s 8s Td] [Th]
grabaz: bets $6
Bassie830: folds
Uncalled bet ($6) returned to grabaz
grabaz collected $29.50 from pot
grabaz: doesn't show hand
*** SUMMARY ***
Total pot $30 | Rake $0.50
Board [5c 5s 8s Td Th]
Seat 2: Bassie830 (button) (small blind) folded on the River
Seat 5: grabaz (big blind) collected ($29.50)


PokerStars Hand #161587643378:  Hold'em Limit ($3/$6 USD) - 2016/11/18 10:03:53 ET
Table 'Endymion' 6-max Seat #5 is the button
Seat 2: Bassie830 ($198.12 in chips)
Seat 5: grabaz ($224.31 in chips)
grabaz: posts small blind $1
Bassie830: posts big blind $3
*** HOLE CARDS ***
grabaz: folds
Uncalled bet ($2) returned to Bassie830
Bassie830 collected $2 from pot
Bassie830: doesn't show hand
*** SUMMARY ***
Total pot $2 | Rake $0
Seat 2: Bassie830 (big blind) collected ($2)
Seat 5: grabaz (button) (small blind) folded before Flop


PokerStars Hand #161587978469:  Hold'em Limit ($3/$6 USD) - 2016/11/18 10:12:35 ET
Table 'Endymion' 6-max Seat #5 is the button
Seat 3: B_loJkl ($142.61 in chips)
Seat 5: grabaz ($225.09 in chips)
grabaz: posts small blind $1
sim5sim5: is sitting out
Bassie830: is sitting out
B_loJkl: posts big blind $3
*** HOLE CARDS ***
grabaz: raises $3 to $6
B_loJkl: calls $3
*** FLOP *** [4s Kh 3h]
sim5sim5 leaves the table
Bassie830 leaves the table
B_loJkl: checks
grabaz: bets $3
B_loJkl: raises $3 to $6
grabaz: calls $3
*** TURN *** [4s Kh 3h] [7h]
B_loJkl: bets $6
grabaz: calls $6
*** RIVER *** [4s Kh 3h 7h] [5s]
B_loJkl: bets $6
grabaz: folds
Uncalled bet ($6) returned to B_loJkl
B_loJkl collected $35.50 from pot
B_loJkl: doesn't show hand
cheeestar198 joins the table at seat #2
*** SUMMARY ***
Total pot $36 | Rake $0.50
Board [4s Kh 3h 7h 5s]
Seat 3: B_loJkl (big blind) collected ($35.50)
Seat 5: grabaz (button) (small blind) folded on the River


