PokerStars Hand #162920523907:  Hold'em Limit ($3/$6 USD) - 2016/12/14 4:49:00 ET
Table 'Endymion II' 6-max Seat #6 is the button
Seat 5: Kikimor1220 ($66 in chips)
Seat 6: B_loJkl ($150 in chips)
B_loJkl: posts small blind $1
Kikimor1220: posts big blind $3
*** HOLE CARDS ***
B_loJkl: folds
Uncalled bet ($2) returned to Kikimor1220
Kikimor1220 collected $2 from pot
Kikimor1220: doesn't show hand
*** SUMMARY ***
Total pot $2 | Rake $0
Seat 5: Kikimor1220 (big blind) collected ($2)
Seat 6: B_loJkl (button) (small blind) folded before Flop


PokerStars Hand #162920520894:  Hold'em Limit ($3/$6 USD) - 2016/12/14 4:48:52 ET
Table 'Endymion II' 6-max Seat #5 is the button
Seat 5: Kikimor1220 ($63 in chips)
Seat 6: B_loJkl ($153 in chips)
MTails leaves the table
Kikimor1220: posts small blind $1
B_loJkl: posts big blind $3
*** HOLE CARDS ***
Kikimor1220: raises $3 to $6
B_loJkl: folds
Uncalled bet ($3) returned to Kikimor1220
Kikimor1220 collected $6 from pot
Kikimor1220: doesn't show hand
*** SUMMARY ***
Total pot $6 | Rake $0
Seat 5: Kikimor1220 (button) (small blind) collected ($6)
Seat 6: B_loJkl (big blind) folded before Flop


PokerStars Hand #162920516067:  Hold'em Limit ($3/$6 USD) - 2016/12/14 4:48:40 ET
Table 'Endymion II' 6-max Seat #6 is the button
Seat 5: Kikimor1220 ($66 in chips)
Seat 6: B_loJkl ($150 in chips)
B_loJkl: posts small blind $1
Kikimor1220: posts big blind $3
*** HOLE CARDS ***
B_loJkl: raises $3 to $6
Kikimor1220: folds
Uncalled bet ($3) returned to B_loJkl
B_loJkl collected $6 from pot
B_loJkl: doesn't show hand
*** SUMMARY ***
Total pot $6 | Rake $0
Seat 5: Kikimor1220 (big blind) folded before Flop
Seat 6: B_loJkl (button) (small blind) collected ($6)


PokerStars Hand #162920558548:  Hold'em Limit ($3/$6 USD) - 2016/12/14 4:50:30 ET
Table 'Endymion II' 6-max Seat #5 is the button
Seat 5: Kikimor1220 ($96.02 in chips)
Seat 6: B_loJkl ($119 in chips)
Kikimor1220: posts small blind $1
B_loJkl: posts big blind $3
*** HOLE CARDS ***
Kikimor1220: raises $3 to $6
B_loJkl: calls $3
*** FLOP *** [Qh Js 7c]
B_loJkl: checks
Kikimor1220: bets $3
B_loJkl: folds
Uncalled bet ($3) returned to Kikimor1220
Kikimor1220 collected $11.76 from pot
Kikimor1220: doesn't show hand
*** SUMMARY ***
Total pot $12 | Rake $0.24
Board [Qh Js 7c]
Seat 5: Kikimor1220 (button) (small blind) collected ($11.76)
Seat 6: B_loJkl (big blind) folded on the Flop


PokerStars Hand #162920550064:  Hold'em Limit ($3/$6 USD) - 2016/12/14 4:50:08 ET
Table 'Endymion II' 6-max Seat #6 is the button
Seat 5: Kikimor1220 ($84.50 in chips)
Seat 6: B_loJkl ($131 in chips)
B_loJkl: posts small blind $1
Kikimor1220: posts big blind $3
*** HOLE CARDS ***
B_loJkl: raises $3 to $6
Kikimor1220: calls $3
*** FLOP *** [3h 6h Ks]
Kikimor1220: checks
B_loJkl: checks
*** TURN *** [3h 6h Ks] [4d]
Kikimor1220: bets $6
B_loJkl: calls $6
*** RIVER *** [3h 6h Ks 4d] [Td]
Kikimor1220: checks
B_loJkl: checks
*** SHOW DOWN ***
Kikimor1220: shows [7d 6s] (a pair of Sixes)
B_loJkl: mucks hand
Kikimor1220 collected $23.52 from pot
*** SUMMARY ***
Total pot $24 | Rake $0.48
Board [3h 6h Ks 4d Td]
Seat 5: Kikimor1220 (big blind) showed [7d 6s] and won ($23.52) with a pair of Sixes
Seat 6: B_loJkl (button) (small blind) mucked


PokerStars Hand #162920527644:  Hold'em Limit ($3/$6 USD) - 2016/12/14 4:49:10 ET
Table 'Endymion II' 6-max Seat #5 is the button
Seat 5: Kikimor1220 ($67 in chips)
Seat 6: B_loJkl ($149 in chips)
Kikimor1220: posts small blind $1
B_loJkl: posts big blind $3
*** HOLE CARDS ***
Kikimor1220: raises $3 to $6
B_loJkl: calls $3
*** FLOP *** [5h 7c 5s]
B_loJkl: checks
Kikimor1220: bets $3
B_loJkl: raises $3 to $6
Kikimor1220: calls $3
*** TURN *** [5h 7c 5s] [7s]
B_loJkl: bets $6
Kikimor1220: calls $6
*** RIVER *** [5h 7c 5s 7s] [Ks]
B_loJkl: checks
Kikimor1220: bets $6
B_loJkl: folds
Uncalled bet ($6) returned to Kikimor1220
Kikimor1220 collected $35.50 from pot
Kikimor1220: doesn't show hand
*** SUMMARY ***
Total pot $36 | Rake $0.50
Board [5h 7c 5s 7s Ks]
Seat 5: Kikimor1220 (button) (small blind) collected ($35.50)
Seat 6: B_loJkl (big blind) folded on the River


PokerStars Hand #162920579488:  Hold'em Limit ($3/$6 USD) - 2016/12/14 4:51:25 ET
Table 'Endymion II' 6-max Seat #5 is the button
Seat 5: Kikimor1220 ($128.28 in chips)
Seat 6: B_loJkl ($86 in chips)
Kikimor1220: posts small blind $1
B_loJkl: posts big blind $3
*** HOLE CARDS ***
Kikimor1220: raises $3 to $6
B_loJkl: calls $3
*** FLOP *** [4s 7c Js]
B_loJkl: checks
Kikimor1220: checks
*** TURN *** [4s 7c Js] [5s]
B_loJkl: bets $6
Kikimor1220: folds
Uncalled bet ($6) returned to B_loJkl
B_loJkl collected $11.76 from pot
B_loJkl: doesn't show hand
*** SUMMARY ***
Total pot $12 | Rake $0.24
Board [4s 7c Js 5s]
Seat 5: Kikimor1220 (button) (small blind) folded on the Turn
Seat 6: B_loJkl (big blind) collected ($11.76)


PokerStars Hand #162920564995:  Hold'em Limit ($3/$6 USD) - 2016/12/14 4:50:47 ET
Table 'Endymion II' 6-max Seat #6 is the button
Seat 5: Kikimor1220 ($101.78 in chips)
Seat 6: B_loJkl ($113 in chips)
B_loJkl: posts small blind $1
Kikimor1220: posts big blind $3
*** HOLE CARDS ***
B_loJkl: raises $3 to $6
Kikimor1220: calls $3
*** FLOP *** [4h 2h 7c]
Kikimor1220: checks
B_loJkl: bets $3
Kikimor1220: calls $3
*** TURN *** [4h 2h 7c] [Qd]
Kikimor1220: checks
B_loJkl: bets $6
Kikimor1220: raises $6 to $12
B_loJkl: calls $6
*** RIVER *** [4h 2h 7c Qd] [Js]
Kikimor1220: bets $6
B_loJkl: calls $6
*** SHOW DOWN ***
Kikimor1220: shows [Qc Jc] (two pair, Queens and Jacks)
B_loJkl: mucks hand
Kikimor1220 collected $53.50 from pot
*** SUMMARY ***
Total pot $54 | Rake $0.50
Board [4h 2h 7c Qd Js]
Seat 5: Kikimor1220 (big blind) showed [Qc Jc] and won ($53.50) with two pair, Queens and Jacks
Seat 6: B_loJkl (button) (small blind) mucked


PokerStars Hand #162920586570:  Hold'em Limit ($3/$6 USD) - 2016/12/14 4:51:43 ET
Table 'Endymion II' 6-max Seat #6 is the button
Seat 5: Kikimor1220 ($122.28 in chips)
Seat 6: B_loJkl ($91.76 in chips)
B_loJkl: posts small blind $1
Kikimor1220: posts big blind $3
*** HOLE CARDS ***
B_loJkl: raises $3 to $6
Kikimor1220: calls $3
*** FLOP *** [6d Jh Ks]
Kikimor1220: bets $3
B_loJkl: calls $3
*** TURN *** [6d Jh Ks] [Ac]
Kikimor1220: bets $6
B_loJkl: calls $6
*** RIVER *** [6d Jh Ks Ac] [Qc]
Kikimor1220: checks
B_loJkl: checks
*** SHOW DOWN ***
Kikimor1220: shows [2c Ad] (a pair of Aces)
B_loJkl: shows [As 7h] (a pair of Aces)
Kikimor1220 collected $14.75 from pot
B_loJkl collected $14.75 from pot
*** SUMMARY ***
Total pot $30 | Rake $0.50
Board [6d Jh Ks Ac Qc]
Seat 5: Kikimor1220 (big blind) showed [2c Ad] and won ($14.75) with a pair of Aces
Seat 6: B_loJkl (button) (small blind) showed [As 7h] and won ($14.75) with a pair of Aces


PokerStars Hand #162920595778:  Hold'em Limit ($3/$6 USD) - 2016/12/14 4:52:07 ET
Table 'Endymion II' 6-max Seat #5 is the button
Seat 5: Kikimor1220 ($122.03 in chips)
Seat 6: B_loJkl ($91.51 in chips)
Kikimor1220: posts small blind $1
B_loJkl: posts big blind $3
*** HOLE CARDS ***
Kikimor1220: raises $3 to $6
B_loJkl: calls $3
*** FLOP *** [Kc 9d Kh]
B_loJkl: checks
Kikimor1220: bets $3
B_loJkl: folds
Uncalled bet ($3) returned to Kikimor1220
Kikimor1220 collected $11.76 from pot
Kikimor1220: doesn't show hand
*** SUMMARY ***
Total pot $12 | Rake $0.24
Board [Kc 9d Kh]
Seat 5: Kikimor1220 (button) (small blind) collected ($11.76)
Seat 6: B_loJkl (big blind) folded on the Flop


PokerStars Hand #162920603223:  Hold'em Limit ($3/$6 USD) - 2016/12/14 4:52:27 ET
Table 'Endymion II' 6-max Seat #6 is the button
Seat 5: Kikimor1220 ($127.79 in chips)
Seat 6: B_loJkl ($85.51 in chips)
B_loJkl: posts small blind $1
Kikimor1220: posts big blind $3
*** HOLE CARDS ***
B_loJkl: raises $3 to $6
Kikimor1220: calls $3
*** FLOP *** [6c Ac 4c]
Kikimor1220: checks
B_loJkl: bets $3
Kikimor1220: calls $3
*** TURN *** [6c Ac 4c] [7d]
Kikimor1220: checks
B_loJkl: bets $6
Kikimor1220: calls $6
*** RIVER *** [6c Ac 4c 7d] [2d]
Kikimor1220: bets $6
B_loJkl: raises $6 to $12
Kikimor1220: calls $6
*** SHOW DOWN ***
B_loJkl: shows [9d 8d] (high card Ace)
Kikimor1220: shows [6d 7s] (two pair, Sevens and Sixes)
Kikimor1220 collected $53.50 from pot
*** SUMMARY ***
Total pot $54 | Rake $0.50
Board [6c Ac 4c 7d 2d]
Seat 5: Kikimor1220 (big blind) showed [6d 7s] and won ($53.50) with two pair, Sevens and Sixes
Seat 6: B_loJkl (button) (small blind) showed [9d 8d] and lost with high card Ace


PokerStars Hand #162920642651:  Hold'em Limit ($3/$6 USD) - 2016/12/14 4:54:11 ET
Table 'Endymion II' 6-max Seat #6 is the button
Seat 5: Kikimor1220 ($174.79 in chips)
Seat 6: B_loJkl ($97.51 in chips)
B_loJkl: posts small blind $1
Kikimor1220: posts big blind $3
*** HOLE CARDS ***
B_loJkl: raises $3 to $6
Kikimor1220: calls $3
*** FLOP *** [6c 2d 5c]
Kikimor1220: checks
B_loJkl: bets $3
Kikimor1220: calls $3
*** TURN *** [6c 2d 5c] [3h]
Kikimor1220: checks
B_loJkl: bets $6
Kikimor1220: raises $6 to $12
B_loJkl: calls $6
*** RIVER *** [6c 2d 5c 3h] [3s]
Kikimor1220: bets $6
B_loJkl: raises $6 to $12
Kikimor1220: calls $6
*** SHOW DOWN ***
B_loJkl: shows [3c 6d] (a full house, Threes full of Sixes)
Kikimor1220: mucks hand
B_loJkl collected $65.50 from pot
*** SUMMARY ***
Total pot $66 | Rake $0.50
Board [6c 2d 5c 3h 3s]
Seat 5: Kikimor1220 (big blind) mucked
Seat 6: B_loJkl (button) (small blind) showed [3c 6d] and won ($65.50) with a full house, Threes full of Sixes


PokerStars Hand #162920623069:  Hold'em Limit ($3/$6 USD) - 2016/12/14 4:53:19 ET
Table 'Endymion II' 6-max Seat #5 is the button
Seat 5: Kikimor1220 ($154.29 in chips)
Seat 6: B_loJkl ($58.51 in chips)
Kikimor1220: posts small blind $1
B_loJkl: posts big blind $3
*** HOLE CARDS ***
Kikimor1220: raises $3 to $6
B_loJkl: calls $3
*** FLOP *** [8s 2d Jc]
B_loJkl: checks
Kikimor1220: bets $3
B_loJkl: raises $3 to $6
Kikimor1220: raises $3 to $9
B_loJkl: calls $3
*** TURN *** [8s 2d Jc] [6d]
B_loJkl: checks
Kikimor1220: bets $6
B_loJkl: calls $6
*** RIVER *** [8s 2d Jc 6d] [Tc]
B_loJkl: checks
Kikimor1220: bets $6
B_loJkl: folds
Uncalled bet ($6) returned to Kikimor1220
Kikimor1220 collected $41.50 from pot
Kikimor1220: doesn't show hand
*** SUMMARY ***
Total pot $42 | Rake $0.50
Board [8s 2d Jc 6d Tc]
Seat 5: Kikimor1220 (button) (small blind) collected ($41.50)
Seat 6: B_loJkl (big blind) folded on the River


PokerStars Hand #162920655272:  Hold'em Limit ($3/$6 USD) - 2016/12/14 4:54:44 ET
Table 'Endymion II' 6-max Seat #5 is the button
Seat 5: Kikimor1220 ($141.79 in chips)
Seat 6: B_loJkl ($130.01 in chips)
Kikimor1220: posts small blind $1
B_loJkl: posts big blind $3
*** HOLE CARDS ***
Kikimor1220: raises $3 to $6
B_loJkl: calls $3
*** FLOP *** [5c 5d Ks]
B_loJkl: checks
Kikimor1220: bets $3
B_loJkl: folds
Uncalled bet ($3) returned to Kikimor1220
Kikimor1220 collected $11.76 from pot
Kikimor1220: doesn't show hand
*** SUMMARY ***
Total pot $12 | Rake $0.24
Board [5c 5d Ks]
Seat 5: Kikimor1220 (button) (small blind) collected ($11.76)
Seat 6: B_loJkl (big blind) folded on the Flop


PokerStars Hand #162920663433:  Hold'em Limit ($3/$6 USD) - 2016/12/14 4:55:05 ET
Table 'Endymion II' 6-max Seat #6 is the button
Seat 5: Kikimor1220 ($147.55 in chips)
Seat 6: B_loJkl ($124.01 in chips)
B_loJkl: posts small blind $1
Kikimor1220: posts big blind $3
*** HOLE CARDS ***
B_loJkl: raises $3 to $6
Kikimor1220: calls $3
*** FLOP *** [9s 6d 7d]
Kikimor1220: checks
B_loJkl: bets $3
Kikimor1220: calls $3
*** TURN *** [9s 6d 7d] [5h]
Kikimor1220: checks
B_loJkl: checks
*** RIVER *** [9s 6d 7d 5h] [Ah]
Kikimor1220: bets $6
B_loJkl: raises $6 to $12
Kikimor1220: raises $6 to $18
B_loJkl: calls $6
*** SHOW DOWN ***
Kikimor1220: shows [8d 7c] (a straight, Five to Nine)
B_loJkl: mucks hand
Kikimor1220 collected $53.50 from pot
*** SUMMARY ***
Total pot $54 | Rake $0.50
Board [9s 6d 7d 5h Ah]
Seat 5: Kikimor1220 (big blind) showed [8d 7c] and won ($53.50) with a straight, Five to Nine
Seat 6: B_loJkl (button) (small blind) mucked


PokerStars Hand #162920690010:  Hold'em Limit ($3/$6 USD) - 2016/12/14 4:56:21 ET
Table 'Endymion II' 6-max Seat #6 is the button
Seat 5: Kikimor1220 ($168.05 in chips)
Seat 6: B_loJkl ($102.77 in chips)
B_loJkl: posts small blind $1
Kikimor1220: posts big blind $3
*** HOLE CARDS ***
B_loJkl: raises $3 to $6
Kikimor1220: calls $3
*** FLOP *** [4d 8s As]
Kikimor1220: checks
B_loJkl: bets $3
Kikimor1220: folds
Uncalled bet ($3) returned to B_loJkl
B_loJkl collected $11.76 from pot
B_loJkl: doesn't show hand
*** SUMMARY ***
Total pot $12 | Rake $0.24
Board [4d 8s As]
Seat 5: Kikimor1220 (big blind) folded on the Flop
Seat 6: B_loJkl (button) (small blind) collected ($11.76)


PokerStars Hand #162920677103:  Hold'em Limit ($3/$6 USD) - 2016/12/14 4:55:44 ET
Table 'Endymion II' 6-max Seat #5 is the button
Seat 5: Kikimor1220 ($174.05 in chips)
Seat 6: B_loJkl ($97.01 in chips)
Kikimor1220: posts small blind $1
B_loJkl: posts big blind $3
*** HOLE CARDS ***
Kikimor1220: raises $3 to $6
B_loJkl: calls $3
*** FLOP *** [5c 9s 4c]
B_loJkl: checks
Kikimor1220: checks
*** TURN *** [5c 9s 4c] [Td]
B_loJkl: checks
Kikimor1220: checks
*** RIVER *** [5c 9s 4c Td] [6d]
B_loJkl: bets $6
Kikimor1220: folds
Uncalled bet ($6) returned to B_loJkl
B_loJkl collected $11.76 from pot
B_loJkl: doesn't show hand
*** SUMMARY ***
Total pot $12 | Rake $0.24
Board [5c 9s 4c Td 6d]
Seat 5: Kikimor1220 (button) (small blind) folded on the River
Seat 6: B_loJkl (big blind) collected ($11.76)


PokerStars Hand #162920698339:  Hold'em Limit ($3/$6 USD) - 2016/12/14 4:56:44 ET
Table 'Endymion II' 6-max Seat #5 is the button
Seat 5: Kikimor1220 ($162.05 in chips)
Seat 6: B_loJkl ($108.53 in chips)
Kikimor1220: posts small blind $1
B_loJkl: posts big blind $3
*** HOLE CARDS ***
Kikimor1220: raises $3 to $6
B_loJkl: calls $3
*** FLOP *** [3s 6d Kc]
B_loJkl: checks
Kikimor1220: bets $3
B_loJkl: calls $3
*** TURN *** [3s 6d Kc] [As]
B_loJkl: checks
Kikimor1220: checks
*** RIVER *** [3s 6d Kc As] [3d]
B_loJkl: bets $6
Kikimor1220: raises $6 to $12
B_loJkl: calls $6
*** SHOW DOWN ***
Kikimor1220: shows [7c 3c] (three of a kind, Threes)
B_loJkl: shows [3h 8h] (three of a kind, Threes)
B_loJkl collected $20.75 from pot
Kikimor1220 collected $20.75 from pot
*** SUMMARY ***
Total pot $42 | Rake $0.50
Board [3s 6d Kc As 3d]
Seat 5: Kikimor1220 (button) (small blind) showed [7c 3c] and won ($20.75) with three of a kind, Threes
Seat 6: B_loJkl (big blind) showed [3h 8h] and won ($20.75) with three of a kind, Threes


PokerStars Hand #162920713734:  Hold'em Limit ($3/$6 USD) - 2016/12/14 4:57:28 ET
Table 'Endymion II' 6-max Seat #6 is the button
Seat 5: Kikimor1220 ($161.80 in chips)
Seat 6: B_loJkl ($108.28 in chips)
B_loJkl: posts small blind $1
Kikimor1220: posts big blind $3
*** HOLE CARDS ***
B_loJkl: raises $3 to $6
Kikimor1220: raises $3 to $9
B_loJkl: calls $3
*** FLOP *** [Th Qs 8c]
Kikimor1220: bets $3
B_loJkl: calls $3
*** TURN *** [Th Qs 8c] [9d]
Kikimor1220: checks
B_loJkl: checks
*** RIVER *** [Th Qs 8c 9d] [4d]
Kikimor1220: bets $6
B_loJkl: folds
Uncalled bet ($6) returned to Kikimor1220
Kikimor1220 collected $23.52 from pot
Kikimor1220: doesn't show hand
*** SUMMARY ***
Total pot $24 | Rake $0.48
Board [Th Qs 8c 9d 4d]
Seat 5: Kikimor1220 (big blind) collected ($23.52)
Seat 6: B_loJkl (button) (small blind) folded on the River


PokerStars Hand #162920726349:  Hold'em Limit ($3/$6 USD) - 2016/12/14 4:58:04 ET
Table 'Endymion II' 6-max Seat #5 is the button
Seat 5: Kikimor1220 ($173.32 in chips)
Seat 6: B_loJkl ($96.28 in chips)
Kikimor1220: posts small blind $1
B_loJkl: posts big blind $3
*** HOLE CARDS ***
Kikimor1220: raises $3 to $6
B_loJkl: calls $3
*** FLOP *** [9h Jh Ks]
B_loJkl: bets $3
Kikimor1220: raises $3 to $6
B_loJkl: raises $3 to $9
Kikimor1220: raises $3 to $12
Betting is capped
B_loJkl: calls $3
*** TURN *** [9h Jh Ks] [9d]
B_loJkl: checks
Kikimor1220: bets $6
B_loJkl: calls $6
*** RIVER *** [9h Jh Ks 9d] [Ah]
B_loJkl: checks
Kikimor1220: bets $6
B_loJkl: folds
Uncalled bet ($6) returned to Kikimor1220
Kikimor1220 collected $47.50 from pot
Kikimor1220: doesn't show hand
*** SUMMARY ***
Total pot $48 | Rake $0.50
Board [9h Jh Ks 9d Ah]
Seat 5: Kikimor1220 (button) (small blind) collected ($47.50)
Seat 6: B_loJkl (big blind) folded on the River


PokerStars Hand #162920742076:  Hold'em Limit ($3/$6 USD) - 2016/12/14 4:58:48 ET
Table 'Endymion II' 6-max Seat #6 is the button
Seat 5: Kikimor1220 ($196.82 in chips)
Seat 6: B_loJkl ($72.28 in chips)
B_loJkl: posts small blind $1
Kikimor1220: posts big blind $3
*** HOLE CARDS ***
B_loJkl: raises $3 to $6
Kikimor1220: calls $3
*** FLOP *** [Ts Ac Th]
Kikimor1220: checks
B_loJkl: bets $3
Kikimor1220: folds
Uncalled bet ($3) returned to B_loJkl
B_loJkl collected $11.76 from pot
B_loJkl: doesn't show hand
*** SUMMARY ***
Total pot $12 | Rake $0.24
Board [Ts Ac Th]
Seat 5: Kikimor1220 (big blind) folded on the Flop
Seat 6: B_loJkl (button) (small blind) collected ($11.76)


PokerStars Hand #162920752394:  Hold'em Limit ($3/$6 USD) - 2016/12/14 4:59:18 ET
Table 'Endymion II' 6-max Seat #5 is the button
Seat 5: Kikimor1220 ($190.82 in chips)
Seat 6: B_loJkl ($78.04 in chips)
Kikimor1220: posts small blind $1
B_loJkl: posts big blind $3
*** HOLE CARDS ***
Kikimor1220: raises $3 to $6
B_loJkl: calls $3
*** FLOP *** [Kd 9c 6h]
B_loJkl: checks
Kikimor1220: checks
*** TURN *** [Kd 9c 6h] [2h]
B_loJkl: bets $6
Kikimor1220: calls $6
*** RIVER *** [Kd 9c 6h 2h] [5h]
B_loJkl: bets $6
Kikimor1220: folds
Uncalled bet ($6) returned to B_loJkl
B_loJkl collected $23.52 from pot
B_loJkl: doesn't show hand
*** SUMMARY ***
Total pot $24 | Rake $0.48
Board [Kd 9c 6h 2h 5h]
Seat 5: Kikimor1220 (button) (small blind) folded on the River
Seat 6: B_loJkl (big blind) collected ($23.52)


PokerStars Hand #162920768818:  Hold'em Limit ($3/$6 USD) - 2016/12/14 5:00:04 ET
Table 'Endymion II' 6-max Seat #5 is the button
Seat 5: Kikimor1220 ($179.82 in chips)
Seat 6: B_loJkl ($88.56 in chips)
Kikimor1220: posts small blind $1
B_loJkl: posts big blind $3
*** HOLE CARDS ***
Kikimor1220: raises $3 to $6
B_loJkl: calls $3
*** FLOP *** [Jh 9s 6d]
B_loJkl: bets $3
Kikimor1220: calls $3
*** TURN *** [Jh 9s 6d] [3c]
B_loJkl: bets $6
Kikimor1220: calls $6
*** RIVER *** [Jh 9s 6d 3c] [Kh]
B_loJkl: bets $6
Kikimor1220: calls $6
*** SHOW DOWN ***
B_loJkl: shows [9d 7s] (a pair of Nines)
Kikimor1220: mucks hand
B_loJkl collected $41.50 from pot
*** SUMMARY ***
Total pot $42 | Rake $0.50
Board [Jh 9s 6d 3c Kh]
Seat 5: Kikimor1220 (button) (small blind) mucked
Seat 6: B_loJkl (big blind) showed [9d 7s] and won ($41.50) with a pair of Nines


PokerStars Hand #162920783011:  Hold'em Limit ($3/$6 USD) - 2016/12/14 5:00:43 ET
Table 'Endymion II' 6-max Seat #6 is the button
Seat 5: Kikimor1220 ($158.82 in chips)
Seat 6: B_loJkl ($109.06 in chips)
B_loJkl: posts small blind $1
Kikimor1220: posts big blind $3
*** HOLE CARDS ***
B_loJkl: raises $3 to $6
Kikimor1220: calls $3
*** FLOP *** [8s 7h 2h]
Kikimor1220: checks
B_loJkl: bets $3
Kikimor1220: calls $3
*** TURN *** [8s 7h 2h] [9s]
Kikimor1220: checks
B_loJkl: bets $6
Kikimor1220: calls $6
*** RIVER *** [8s 7h 2h 9s] [7d]
Kikimor1220: checks
B_loJkl: bets $6
Kikimor1220: calls $6
*** SHOW DOWN ***
B_loJkl: shows [5c 6c] (a straight, Five to Nine)
Kikimor1220: mucks hand
B_loJkl collected $41.50 from pot
*** SUMMARY ***
Total pot $42 | Rake $0.50
Board [8s 7h 2h 9s 7d]
Seat 5: Kikimor1220 (big blind) mucked
Seat 6: B_loJkl (button) (small blind) showed [5c 6c] and won ($41.50) with a straight, Five to Nine


PokerStars Hand #162920793465:  Hold'em Limit ($3/$6 USD) - 2016/12/14 5:01:10 ET
Table 'Endymion II' 6-max Seat #5 is the button
Seat 5: Kikimor1220 ($137.82 in chips)
Seat 6: B_loJkl ($129.56 in chips)
Kikimor1220: posts small blind $1
B_loJkl: posts big blind $3
*** HOLE CARDS ***
Kikimor1220: raises $3 to $6
B_loJkl: calls $3
*** FLOP *** [6h 6d 7d]
B_loJkl: checks
Kikimor1220: bets $3
B_loJkl: raises $3 to $6
Kikimor1220: calls $3
*** TURN *** [6h 6d 7d] [Jc]
B_loJkl: bets $6
Kikimor1220: calls $6
*** RIVER *** [6h 6d 7d Jc] [Th]
B_loJkl: bets $6
Kikimor1220: calls $6
*** SHOW DOWN ***
B_loJkl: shows [Qc 7s] (two pair, Sevens and Sixes)
Kikimor1220: shows [9c 9s] (two pair, Nines and Sixes)
Kikimor1220 collected $47.50 from pot
*** SUMMARY ***
Total pot $48 | Rake $0.50
Board [6h 6d 7d Jc Th]
Seat 5: Kikimor1220 (button) (small blind) showed [9c 9s] and won ($47.50) with two pair, Nines and Sixes
Seat 6: B_loJkl (big blind) showed [Qc 7s] and lost with two pair, Sevens and Sixes


PokerStars Hand #162920811639:  Hold'em Limit ($3/$6 USD) - 2016/12/14 5:01:57 ET
Table 'Endymion II' 6-max Seat #5 is the button
Seat 5: Kikimor1220 ($155.32 in chips)
Seat 6: B_loJkl ($111.32 in chips)
Kikimor1220: posts small blind $1
B_loJkl: posts big blind $3
*** HOLE CARDS ***
Kikimor1220: raises $3 to $6
B_loJkl: calls $3
*** FLOP *** [5c Ad 7h]
B_loJkl: checks
Kikimor1220: bets $3
B_loJkl: raises $3 to $6
Kikimor1220: calls $3
*** TURN *** [5c Ad 7h] [5s]
B_loJkl: bets $6
Kikimor1220: calls $6
*** RIVER *** [5c Ad 7h 5s] [Qc]
B_loJkl: bets $6
Kikimor1220: folds
Uncalled bet ($6) returned to B_loJkl
B_loJkl collected $35.50 from pot
B_loJkl: doesn't show hand
*** SUMMARY ***
Total pot $36 | Rake $0.50
Board [5c Ad 7h 5s Qc]
Seat 5: Kikimor1220 (button) (small blind) folded on the River
Seat 6: B_loJkl (big blind) collected ($35.50)


PokerStars Hand #162920805691:  Hold'em Limit ($3/$6 USD) - 2016/12/14 5:01:42 ET
Table 'Endymion II' 6-max Seat #6 is the button
Seat 5: Kikimor1220 ($161.32 in chips)
Seat 6: B_loJkl ($105.56 in chips)
B_loJkl: posts small blind $1
Kikimor1220: posts big blind $3
*** HOLE CARDS ***
B_loJkl: raises $3 to $6
Kikimor1220: calls $3
*** FLOP *** [3h 6c 8h]
Kikimor1220: checks
B_loJkl: bets $3
Kikimor1220: folds
Uncalled bet ($3) returned to B_loJkl
B_loJkl collected $11.76 from pot
B_loJkl: doesn't show hand
*** SUMMARY ***
Total pot $12 | Rake $0.24
Board [3h 6c 8h]
Seat 5: Kikimor1220 (big blind) folded on the Flop
Seat 6: B_loJkl (button) (small blind) collected ($11.76)


PokerStars Hand #162920824363:  Hold'em Limit ($3/$6 USD) - 2016/12/14 5:02:30 ET
Table 'Endymion II' 6-max Seat #6 is the button
Seat 5: Kikimor1220 ($137.32 in chips)
Seat 6: B_loJkl ($128.82 in chips)
B_loJkl: posts small blind $1
Kikimor1220: posts big blind $3
*** HOLE CARDS ***
B_loJkl: raises $3 to $6
Kikimor1220: calls $3
*** FLOP *** [9c 3h 8s]
Kikimor1220: checks
B_loJkl: bets $3
Kikimor1220: raises $3 to $6
B_loJkl: calls $3
*** TURN *** [9c 3h 8s] [Ad]
Kikimor1220: bets $6
B_loJkl: calls $6
*** RIVER *** [9c 3h 8s Ad] [Kc]
Kikimor1220: checks
B_loJkl: bets $6
Kikimor1220: calls $6
*** SHOW DOWN ***
B_loJkl: shows [Qc Qh] (a pair of Queens)
Kikimor1220: mucks hand
B_loJkl collected $47.50 from pot
*** SUMMARY ***
Total pot $48 | Rake $0.50
Board [9c 3h 8s Ad Kc]
Seat 5: Kikimor1220 (big blind) mucked
Seat 6: B_loJkl (button) (small blind) showed [Qc Qh] and won ($47.50) with a pair of Queens


PokerStars Hand #162920841737:  Hold'em Limit ($3/$6 USD) - 2016/12/14 5:03:14 ET
Table 'Endymion II' 6-max Seat #5 is the button
Seat 5: Kikimor1220 ($113.32 in chips)
Seat 6: B_loJkl ($152.32 in chips)
Kikimor1220: posts small blind $1
B_loJkl: posts big blind $3
*** HOLE CARDS ***
Kikimor1220: raises $3 to $6
B_loJkl: folds
Uncalled bet ($3) returned to Kikimor1220
Kikimor1220 collected $6 from pot
Kikimor1220: doesn't show hand
*** SUMMARY ***
Total pot $6 | Rake $0
Seat 5: Kikimor1220 (button) (small blind) collected ($6)
Seat 6: B_loJkl (big blind) folded before Flop


PokerStars Hand #162920848945:  Hold'em Limit ($3/$6 USD) - 2016/12/14 5:03:32 ET
Table 'Endymion II' 6-max Seat #6 is the button
Seat 5: Kikimor1220 ($116.32 in chips)
Seat 6: B_loJkl ($149.32 in chips)
B_loJkl: posts small blind $1
Kikimor1220: posts big blind $3
*** HOLE CARDS ***
B_loJkl: raises $3 to $6
Kikimor1220: calls $3
*** FLOP *** [Td 6c 7h]
Kikimor1220: checks
B_loJkl: bets $3
Kikimor1220: calls $3
*** TURN *** [Td 6c 7h] [6s]
Kikimor1220: checks
B_loJkl: bets $6
Kikimor1220: calls $6
*** RIVER *** [Td 6c 7h 6s] [8c]
Kikimor1220: checks
B_loJkl: checks
*** SHOW DOWN ***
Kikimor1220: shows [Qh Kc] (a pair of Sixes)
B_loJkl: shows [5h 5s] (two pair, Sixes and Fives)
B_loJkl collected $29.50 from pot
*** SUMMARY ***
Total pot $30 | Rake $0.50
Board [Td 6c 7h 6s 8c]
Seat 5: Kikimor1220 (big blind) showed [Qh Kc] and lost with a pair of Sixes
Seat 6: B_loJkl (button) (small blind) showed [5h 5s] and won ($29.50) with two pair, Sixes and Fives


PokerStars Hand #162920861041:  Hold'em Limit ($3/$6 USD) - 2016/12/14 5:04:02 ET
Table 'Endymion II' 6-max Seat #5 is the button
Seat 5: Kikimor1220 ($101.32 in chips)
Seat 6: B_loJkl ($163.82 in chips)
Kikimor1220: posts small blind $1
B_loJkl: posts big blind $3
*** HOLE CARDS ***
Kikimor1220: raises $3 to $6
B_loJkl: calls $3
*** FLOP *** [8s 9s As]
B_loJkl: checks
Kikimor1220: checks
*** TURN *** [8s 9s As] [4h]
B_loJkl: checks
Kikimor1220: checks
*** RIVER *** [8s 9s As 4h] [6s]
B_loJkl: checks
Kikimor1220: checks
*** SHOW DOWN ***
B_loJkl: shows [Tc 8d] (a pair of Eights)
Kikimor1220: mucks hand
B_loJkl collected $11.76 from pot
*** SUMMARY ***
Total pot $12 | Rake $0.24
Board [8s 9s As 4h 6s]
Seat 5: Kikimor1220 (button) (small blind) mucked
Seat 6: B_loJkl (big blind) showed [Tc 8d] and won ($11.76) with a pair of Eights


PokerStars Hand #162920870787:  Hold'em Limit ($3/$6 USD) - 2016/12/14 5:04:27 ET
Table 'Endymion II' 6-max Seat #6 is the button
Seat 5: Kikimor1220 ($95.32 in chips)
Seat 6: B_loJkl ($169.58 in chips)
B_loJkl: posts small blind $1
Kikimor1220: posts big blind $3
*** HOLE CARDS ***
B_loJkl: raises $3 to $6
Kikimor1220: calls $3
*** FLOP *** [9c 8h 3c]
Kikimor1220: checks
B_loJkl: checks
*** TURN *** [9c 8h 3c] [Ac]
Kikimor1220: bets $6
B_loJkl: calls $6
*** RIVER *** [9c 8h 3c Ac] [9h]
Kikimor1220: checks
B_loJkl: checks
*** SHOW DOWN ***
Kikimor1220: shows [Qs Jh] (a pair of Nines)
B_loJkl: mucks hand
Kikimor1220 collected $23.52 from pot
*** SUMMARY ***
Total pot $24 | Rake $0.48
Board [9c 8h 3c Ac 9h]
Seat 5: Kikimor1220 (big blind) showed [Qs Jh] and won ($23.52) with a pair of Nines
Seat 6: B_loJkl (button) (small blind) mucked


PokerStars Hand #162920883190:  Hold'em Limit ($3/$6 USD) - 2016/12/14 5:04:59 ET
Table 'Endymion II' 6-max Seat #5 is the button
Seat 5: Kikimor1220 ($106.84 in chips)
Seat 6: B_loJkl ($157.58 in chips)
Kikimor1220: posts small blind $1
B_loJkl: posts big blind $3
*** HOLE CARDS ***
Kikimor1220: raises $3 to $6
B_loJkl: calls $3
*** FLOP *** [9c 8d As]
B_loJkl: checks
Kikimor1220: bets $3
B_loJkl: calls $3
*** TURN *** [9c 8d As] [7c]
B_loJkl: checks
Kikimor1220: bets $6
B_loJkl: calls $6
*** RIVER *** [9c 8d As 7c] [2h]
B_loJkl: checks
Kikimor1220: checks
*** SHOW DOWN ***
B_loJkl: shows [3s Ac] (a pair of Aces)
Kikimor1220: mucks hand
B_loJkl collected $29.50 from pot
*** SUMMARY ***
Total pot $30 | Rake $0.50
Board [9c 8d As 7c 2h]
Seat 5: Kikimor1220 (button) (small blind) mucked
Seat 6: B_loJkl (big blind) showed [3s Ac] and won ($29.50) with a pair of Aces


PokerStars Hand #162920908552:  Hold'em Limit ($3/$6 USD) - 2016/12/14 5:06:01 ET
Table 'Endymion II' 6-max Seat #5 is the button
Seat 5: Kikimor1220 ($76.84 in chips)
Seat 6: B_loJkl ($186.58 in chips)
Kikimor1220: posts small blind $1
B_loJkl: posts big blind $3
*** HOLE CARDS ***
Kikimor1220: folds
Uncalled bet ($2) returned to B_loJkl
B_loJkl collected $2 from pot
B_loJkl: doesn't show hand
*** SUMMARY ***
Total pot $2 | Rake $0
Seat 5: Kikimor1220 (button) (small blind) folded before Flop
Seat 6: B_loJkl (big blind) collected ($2)


PokerStars Hand #162920895909:  Hold'em Limit ($3/$6 USD) - 2016/12/14 5:05:30 ET
Table 'Endymion II' 6-max Seat #6 is the button
Seat 5: Kikimor1220 ($91.84 in chips)
Seat 6: B_loJkl ($172.08 in chips)
B_loJkl: posts small blind $1
Kikimor1220: posts big blind $3
*** HOLE CARDS ***
B_loJkl: raises $3 to $6
Kikimor1220: calls $3
*** FLOP *** [6s 2h Qc]
Kikimor1220: checks
B_loJkl: bets $3
Kikimor1220: calls $3
*** TURN *** [6s 2h Qc] [Ad]
Kikimor1220: checks
B_loJkl: checks
*** RIVER *** [6s 2h Qc Ad] [3d]
Kikimor1220: bets $6
B_loJkl: calls $6
*** SHOW DOWN ***
Kikimor1220: shows [Js Qd] (a pair of Queens)
B_loJkl: shows [Qs Kc] (a pair of Queens - Ace+King kicker)
B_loJkl collected $29.50 from pot
*** SUMMARY ***
Total pot $30 | Rake $0.50
Board [6s 2h Qc Ad 3d]
Seat 5: Kikimor1220 (big blind) showed [Js Qd] and lost with a pair of Queens
Seat 6: B_loJkl (button) (small blind) showed [Qs Kc] and won ($29.50) with a pair of Queens


PokerStars Hand #162920910737:  Hold'em Limit ($3/$6 USD) - 2016/12/14 5:06:07 ET
Table 'Endymion II' 6-max Seat #6 is the button
Seat 5: Kikimor1220 ($75.84 in chips)
Seat 6: B_loJkl ($187.58 in chips)
B_loJkl: posts small blind $1
Kikimor1220: posts big blind $3
*** HOLE CARDS ***
B_loJkl: raises $3 to $6
Kikimor1220: calls $3
*** FLOP *** [2s 2d 8s]
Kikimor1220: checks
B_loJkl: bets $3
Kikimor1220: folds
Uncalled bet ($3) returned to B_loJkl
B_loJkl collected $11.76 from pot
B_loJkl: doesn't show hand
*** SUMMARY ***
Total pot $12 | Rake $0.24
Board [2s 2d 8s]
Seat 5: Kikimor1220 (big blind) folded on the Flop
Seat 6: B_loJkl (button) (small blind) collected ($11.76)


PokerStars Hand #162920915371:  Hold'em Limit ($3/$6 USD) - 2016/12/14 5:06:18 ET
Table 'Endymion II' 6-max Seat #5 is the button
Seat 5: Kikimor1220 ($69.84 in chips)
Seat 6: B_loJkl ($193.34 in chips)
Kikimor1220: posts small blind $1
B_loJkl: posts big blind $3
*** HOLE CARDS ***
Kikimor1220: raises $3 to $6
B_loJkl: calls $3
*** FLOP *** [6s Jd 9s]
B_loJkl: checks
Kikimor1220: checks
*** TURN *** [6s Jd 9s] [3c]
B_loJkl: checks
Kikimor1220: checks
*** RIVER *** [6s Jd 9s 3c] [As]
B_loJkl: checks
Kikimor1220: bets $6
B_loJkl: folds
Uncalled bet ($6) returned to Kikimor1220
Kikimor1220 collected $11.76 from pot
Kikimor1220: doesn't show hand
*** SUMMARY ***
Total pot $12 | Rake $0.24
Board [6s Jd 9s 3c As]
Seat 5: Kikimor1220 (button) (small blind) collected ($11.76)
Seat 6: B_loJkl (big blind) folded on the River


PokerStars Hand #162920950132:  Hold'em Limit ($3/$6 USD) - 2016/12/14 5:07:44 ET
Table 'Endymion II' 6-max Seat #5 is the button
Seat 5: Kikimor1220 ($94.10 in chips)
Seat 6: B_loJkl ($168.34 in chips)
Kikimor1220: posts small blind $1
B_loJkl: posts big blind $3
*** HOLE CARDS ***
Kikimor1220: folds
Uncalled bet ($2) returned to B_loJkl
B_loJkl collected $2 from pot
B_loJkl: doesn't show hand
*** SUMMARY ***
Total pot $2 | Rake $0
Seat 5: Kikimor1220 (button) (small blind) folded before Flop
Seat 6: B_loJkl (big blind) collected ($2)


PokerStars Hand #162920947812:  Hold'em Limit ($3/$6 USD) - 2016/12/14 5:07:38 ET
Table 'Endymion II' 6-max Seat #6 is the button
Seat 5: Kikimor1220 ($97.10 in chips)
Seat 6: B_loJkl ($165.34 in chips)
B_loJkl: posts small blind $1
Kikimor1220: posts big blind $3
*** HOLE CARDS ***
B_loJkl: raises $3 to $6
Kikimor1220: folds
Uncalled bet ($3) returned to B_loJkl
B_loJkl collected $6 from pot
B_loJkl: doesn't show hand
*** SUMMARY ***
Total pot $6 | Rake $0
Seat 5: Kikimor1220 (big blind) folded before Flop
Seat 6: B_loJkl (button) (small blind) collected ($6)


PokerStars Hand #162920928184:  Hold'em Limit ($3/$6 USD) - 2016/12/14 5:06:49 ET
Table 'Endymion II' 6-max Seat #6 is the button
Seat 5: Kikimor1220 ($75.60 in chips)
Seat 6: B_loJkl ($187.34 in chips)
B_loJkl: posts small blind $1
Kikimor1220: posts big blind $3
*** HOLE CARDS ***
B_loJkl: folds
Uncalled bet ($2) returned to Kikimor1220
Kikimor1220 collected $2 from pot
Kikimor1220: doesn't show hand
*** SUMMARY ***
Total pot $2 | Rake $0
Seat 5: Kikimor1220 (big blind) collected ($2)
Seat 6: B_loJkl (button) (small blind) folded before Flop


PokerStars Hand #162920932283:  Hold'em Limit ($3/$6 USD) - 2016/12/14 5:07:00 ET
Table 'Endymion II' 6-max Seat #5 is the button
Seat 5: Kikimor1220 ($76.60 in chips)
Seat 6: B_loJkl ($186.34 in chips)
Kikimor1220: posts small blind $1
B_loJkl: posts big blind $3
*** HOLE CARDS ***
Kikimor1220: raises $3 to $6
B_loJkl: calls $3
*** FLOP *** [3h 4d 5h]
B_loJkl: bets $3
Kikimor1220: calls $3
*** TURN *** [3h 4d 5h] [5c]
B_loJkl: bets $6
Kikimor1220: calls $6
*** RIVER *** [3h 4d 5h 5c] [Qc]
B_loJkl: bets $6
Kikimor1220: calls $6
*** SHOW DOWN ***
B_loJkl: shows [4c Kh] (two pair, Fives and Fours)
Kikimor1220: shows [Js Jc] (two pair, Jacks and Fives)
Kikimor1220 collected $41.50 from pot
*** SUMMARY ***
Total pot $42 | Rake $0.50
Board [3h 4d 5h 5c Qc]
Seat 5: Kikimor1220 (button) (small blind) showed [Js Jc] and won ($41.50) with two pair, Jacks and Fives
Seat 6: B_loJkl (big blind) showed [4c Kh] and lost with two pair, Fives and Fours


PokerStars Hand #162920952487:  Hold'em Limit ($3/$6 USD) - 2016/12/14 5:07:49 ET
Table 'Endymion II' 6-max Seat #6 is the button
Seat 5: Kikimor1220 ($93.10 in chips)
Seat 6: B_loJkl ($169.34 in chips)
B_loJkl: posts small blind $1
Kikimor1220: posts big blind $3
*** HOLE CARDS ***
B_loJkl: raises $3 to $6
Kikimor1220: calls $3
*** FLOP *** [7h 4d 2h]
Kikimor1220: checks
B_loJkl: bets $3
Kikimor1220: calls $3
*** TURN *** [7h 4d 2h] [6d]
Kikimor1220: checks
B_loJkl: bets $6
Kikimor1220: calls $6
*** RIVER *** [7h 4d 2h 6d] [3c]
Kikimor1220: checks
B_loJkl: bets $6
Kikimor1220: calls $6
*** SHOW DOWN ***
B_loJkl: shows [Kd 7c] (a pair of Sevens)
Kikimor1220: mucks hand
B_loJkl collected $41.50 from pot
*** SUMMARY ***
Total pot $42 | Rake $0.50
Board [7h 4d 2h 6d 3c]
Seat 5: Kikimor1220 (big blind) mucked
Seat 6: B_loJkl (button) (small blind) showed [Kd 7c] and won ($41.50) with a pair of Sevens


PokerStars Hand #162920975448:  Hold'em Limit ($3/$6 USD) - 2016/12/14 5:08:45 ET
Table 'Endymion II' 6-max Seat #5 is the button
Seat 5: Kikimor1220 ($72.10 in chips)
Seat 6: B_loJkl ($189.84 in chips)
Kikimor1220: posts small blind $1
B_loJkl: posts big blind $3
*** HOLE CARDS ***
Kikimor1220: raises $3 to $6
B_loJkl: folds
Uncalled bet ($3) returned to Kikimor1220
Kikimor1220 collected $6 from pot
Kikimor1220: doesn't show hand
*** SUMMARY ***
Total pot $6 | Rake $0
Seat 5: Kikimor1220 (button) (small blind) collected ($6)
Seat 6: B_loJkl (big blind) folded before Flop


