PokerStars Hand #164380874335:  Hold'em Limit ($3/$6 USD) - 2017/01/10 20:43:16 ET
Table 'Enif' 10-max Seat #1 is the button
Seat 1: madanas ($104.48 in chips)
Seat 8: Great_Kang ($120 in chips)
madanas: posts small blind $1
Great_Kang: posts big blind $3
*** HOLE CARDS ***
madanas: raises $3 to $6
Great_Kang: raises $3 to $9
madanas: calls $3
*** FLOP *** [6h Qc 9d]
Great_Kang: bets $3
madanas: calls $3
*** TURN *** [6h Qc 9d] [Jc]
Great_Kang: bets $6
madanas: calls $6
*** RIVER *** [6h Qc 9d Jc] [Ks]
Great_Kang: bets $6
madanas: calls $6
*** SHOW DOWN ***
Great_Kang: shows [Td 7d] (a straight, Nine to King)
madanas: mucks hand
Great_Kang collected $47.50 from pot
*** SUMMARY ***
Total pot $48 | Rake $0.50
Board [6h Qc 9d Jc Ks]
Seat 1: madanas (button) (small blind) mucked
Seat 8: Great_Kang (big blind) showed [Td 7d] and won ($47.50) with a straight, Nine to King


PokerStars Hand #164380870742:  Hold'em Limit ($3/$6 USD) - 2017/01/10 20:43:09 ET
Table 'Enif' 10-max Seat #8 is the button
Seat 1: madanas ($103.48 in chips)
Seat 8: Great_Kang ($120 in chips)
Great_Kang: posts small blind $1
madanas: posts big blind $3
*** HOLE CARDS ***
Great_Kang: folds
Uncalled bet ($2) returned to madanas
madanas collected $2 from pot
*** SUMMARY ***
Total pot $2 | Rake $0
Seat 1: madanas (big blind) collected ($2)
Seat 8: Great_Kang (button) (small blind) folded before Flop


PokerStars Hand #164380860181:  Hold'em Limit ($3/$6 USD) - 2017/01/10 20:42:49 ET
Table 'Enif' 10-max Seat #1 is the button
Seat 1: madanas ($100.60 in chips)
Seat 8: Great_Kang ($120 in chips)
madanas: posts small blind $1
Great_Kang: posts big blind $3
*** HOLE CARDS ***
madanas: calls $2
Great_Kang: checks
*** FLOP *** [3d 6s Ks]
Great_Kang: checks
madanas: bets $3
Great_Kang: folds
Uncalled bet ($3) returned to madanas
madanas collected $5.88 from pot
*** SUMMARY ***
Total pot $6 | Rake $0.12
Board [3d 6s Ks]
Seat 1: madanas (button) (small blind) collected ($5.88)
Seat 8: Great_Kang (big blind) folded on the Flop


PokerStars Hand #164380895853:  Hold'em Limit ($3/$6 USD) - 2017/01/10 20:43:57 ET
Table 'Enif' 10-max Seat #8 is the button
Seat 1: madanas ($80.48 in chips)
Seat 8: Great_Kang ($143.50 in chips)
Great_Kang: posts small blind $1
madanas: posts big blind $3
*** HOLE CARDS ***
Great_Kang: raises $3 to $6
madanas: calls $3
*** FLOP *** [4s Kd Qd]
madanas: checks
Great_Kang: bets $3
madanas: calls $3
*** TURN *** [4s Kd Qd] [Qh]
madanas: checks
Great_Kang: checks
*** RIVER *** [4s Kd Qd Qh] [Jc]
madanas: bets $6
Pelurile joins the table at seat #2
Great_Kang: folds
Uncalled bet ($6) returned to madanas
madanas collected $17.64 from pot
*** SUMMARY ***
Total pot $18 | Rake $0.36
Board [4s Kd Qd Qh Jc]
Seat 1: madanas (big blind) collected ($17.64)
Seat 8: Great_Kang (button) (small blind) folded on the River


PokerStars Hand #164381352764:  Hold'em Limit ($3/$6 USD) - 2017/01/10 20:59:02 ET
Table 'Enif' 10-max Seat #2 is the button
Seat 1: madanas ($155.30 in chips)
Seat 2: Pelurile ($97.42 in chips)
Pelurile: posts small blind $1
TheU10: is sitting out
madanas: posts big blind $3
*** HOLE CARDS ***
TheU10 leaves the table
Pelurile: raises $3 to $6
madanas: calls $3
*** FLOP *** [Ts 5s As]
madanas: checks
Pelurile: bets $3
madanas: calls $3
*** TURN *** [Ts 5s As] [Qc]
madanas: checks
Great_Kang joins the table at seat #3
Pelurile: checks
*** RIVER *** [Ts 5s As Qc] [Kh]
madanas: bets $6
Pelurile: calls $6
*** SHOW DOWN ***
madanas: shows [Td Jc] (a straight, Ten to Ace)
Pelurile: mucks hand
madanas collected $29.50 from pot
*** SUMMARY ***
Total pot $30 | Rake $0.50
Board [Ts 5s As Qc Kh]
Seat 1: madanas (big blind) showed [Td Jc] and won ($29.50) with a straight, Ten to Ace
Seat 2: Pelurile (button) (small blind) mucked


PokerStars Hand #164381367232:  Hold'em Limit ($3/$6 USD) - 2017/01/10 20:59:35 ET
Table 'Enif' 10-max Seat #1 is the button
Seat 1: madanas ($169.80 in chips)
Seat 2: Pelurile ($82.42 in chips)
madanas: posts small blind $1
Pelurile: posts big blind $3
*** HOLE CARDS ***
madanas: folds
Uncalled bet ($2) returned to Pelurile
Pelurile collected $2 from pot
Pelurile: doesn't show hand
*** SUMMARY ***
Total pot $2 | Rake $0
Seat 1: madanas (button) (small blind) folded before Flop
Seat 2: Pelurile (big blind) collected ($2)


PokerStars Hand #164381798616:  Hold'em Limit ($3/$6 USD) - 2017/01/10 21:14:08 ET
Table 'Enif' 10-max Seat #3 is the button
Seat 2: Pelurile ($93.91 in chips)
Seat 3: Great_Kang ($203.73 in chips)
Great_Kang: posts small blind $1
Pelurile: posts big blind $3
*** HOLE CARDS ***
madanas leaves the table
Great_Kang: raises $3 to $6
Pelurile: folds
Uncalled bet ($3) returned to Great_Kang
Great_Kang collected $6 from pot
Great_Kang: doesn't show hand
*** SUMMARY ***
Total pot $6 | Rake $0
Seat 2: Pelurile (big blind) folded before Flop
Seat 3: Great_Kang (button) (small blind) collected ($6)


PokerStars Hand #164387105857:  Hold'em Limit ($3/$6 USD) - 2017/01/11 1:35:06 ET
Table 'Enif' 10-max Seat #5 is the button
Seat 5: sim5sim5 ($72 in chips)
Seat 10: Garganutuan ($120 in chips)
sim5sim5: posts small blind $1
Garganutuan: posts big blind $3
*** HOLE CARDS ***
sim5sim5: raises $3 to $6
Garganutuan: folds
Uncalled bet ($3) returned to sim5sim5
sim5sim5 collected $6 from pot
sim5sim5: doesn't show hand
*** SUMMARY ***
Total pot $6 | Rake $0
Seat 5: sim5sim5 (button) (small blind) collected ($6)
Seat 10: Garganutuan (big blind) folded before Flop


PokerStars Hand #164387122147:  Hold'em Limit ($3/$6 USD) - 2017/01/11 1:36:07 ET
Table 'Enif' 10-max Seat #10 is the button
Seat 5: sim5sim5 ($92.50 in chips)
Seat 10: Garganutuan ($101.76 in chips)
Garganutuan: posts small blind $1
sim5sim5: posts big blind $3
*** HOLE CARDS ***
Garganutuan: folds
Uncalled bet ($2) returned to sim5sim5
sim5sim5 collected $2 from pot
sim5sim5: doesn't show hand
*** SUMMARY ***
Total pot $2 | Rake $0
Seat 5: sim5sim5 (big blind) collected ($2)
Seat 10: Garganutuan (button) (small blind) folded before Flop


PokerStars Hand #164387114911:  Hold'em Limit ($3/$6 USD) - 2017/01/11 1:35:40 ET
Table 'Enif' 10-max Seat #5 is the button
Seat 5: sim5sim5 ($72 in chips)
Seat 10: Garganutuan ($122.76 in chips)
sim5sim5: posts small blind $1
Garganutuan: posts big blind $3
*** HOLE CARDS ***
sim5sim5: raises $3 to $6
Garganutuan: calls $3
*** FLOP *** [7c 4c 4h]
Garganutuan: checks
sim5sim5: bets $3
Garganutuan: calls $3
*** TURN *** [7c 4c 4h] [Qh]
Garganutuan: checks
sim5sim5: bets $6
Garganutuan: calls $6
*** RIVER *** [7c 4c 4h Qh] [Kh]
Garganutuan: bets $6
sim5sim5: raises $6 to $12
Garganutuan: folds
Uncalled bet ($6) returned to sim5sim5
sim5sim5 collected $41.50 from pot
sim5sim5: doesn't show hand
*** SUMMARY ***
Total pot $42 | Rake $0.50
Board [7c 4c 4h Qh Kh]
Seat 5: sim5sim5 (button) (small blind) collected ($41.50)
Seat 10: Garganutuan (big blind) folded on the River


PokerStars Hand #164387108428:  Hold'em Limit ($3/$6 USD) - 2017/01/11 1:35:16 ET
Table 'Enif' 10-max Seat #10 is the button
Seat 5: sim5sim5 ($75 in chips)
Seat 10: Garganutuan ($117 in chips)
Garganutuan: posts small blind $1
sim5sim5: posts big blind $3
*** HOLE CARDS ***
Garganutuan: calls $2
sim5sim5: checks
*** FLOP *** [Ah Ac Tc]
sim5sim5: bets $3
Garganutuan: calls $3
*** TURN *** [Ah Ac Tc] [Jh]
sim5sim5: checks
Garganutuan: bets $6
sim5sim5: folds
Uncalled bet ($6) returned to Garganutuan
Garganutuan collected $11.76 from pot
*** SUMMARY ***
Total pot $12 | Rake $0.24
Board [Ah Ac Tc Jh]
Seat 5: sim5sim5 (big blind) folded on the Turn
Seat 10: Garganutuan (button) (small blind) collected ($11.76)


PokerStars Hand #164387125814:  Hold'em Limit ($3/$6 USD) - 2017/01/11 1:36:21 ET
Table 'Enif' 10-max Seat #10 is the button
Seat 5: sim5sim5 ($96.50 in chips)
Seat 10: Garganutuan ($97.76 in chips)
Garganutuan: posts small blind $1
sim5sim5: posts big blind $3
*** HOLE CARDS ***
Garganutuan: raises $3 to $6
sim5sim5: calls $3
*** FLOP *** [Ks 8d 8h]
sim5sim5: checks
Garganutuan: checks
*** TURN *** [Ks 8d 8h] [5c]
sim5sim5: bets $6
Garganutuan: raises $6 to $12
sim5sim5: calls $6
*** RIVER *** [Ks 8d 8h 5c] [9s]
sim5sim5: checks
Garganutuan: bets $6
sim5sim5: raises $6 to $12
Garganutuan: calls $6
*** SHOW DOWN ***
sim5sim5: shows [Js 8s] (three of a kind, Eights)
Garganutuan: mucks hand
sim5sim5 collected $59.50 from pot
*** SUMMARY ***
Total pot $60 | Rake $0.50
Board [Ks 8d 8h 5c 9s]
Seat 5: sim5sim5 (big blind) showed [Js 8s] and won ($59.50) with three of a kind, Eights
Seat 10: Garganutuan (button) (small blind) mucked


PokerStars Hand #164387123608:  Hold'em Limit ($3/$6 USD) - 2017/01/11 1:36:13 ET
Table 'Enif' 10-max Seat #5 is the button
Seat 5: sim5sim5 ($93.50 in chips)
Seat 10: Garganutuan ($100.76 in chips)
sim5sim5: posts small blind $1
Garganutuan: posts big blind $3
*** HOLE CARDS ***
sim5sim5: raises $3 to $6
Garganutuan: folds
Uncalled bet ($3) returned to sim5sim5
sim5sim5 collected $6 from pot
sim5sim5: doesn't show hand
*** SUMMARY ***
Total pot $6 | Rake $0
Seat 5: sim5sim5 (button) (small blind) collected ($6)
Seat 10: Garganutuan (big blind) folded before Flop


PokerStars Hand #164387151611:  Hold'em Limit ($3/$6 USD) - 2017/01/11 1:37:58 ET
Table 'Enif' 10-max Seat #10 is the button
Seat 5: sim5sim5 ($90 in chips)
Seat 10: Garganutuan ($102.90 in chips)
Garganutuan: posts small blind $1
sim5sim5: posts big blind $3
*** HOLE CARDS ***
Garganutuan: folds
Uncalled bet ($2) returned to sim5sim5
sim5sim5 collected $2 from pot
*** SUMMARY ***
Total pot $2 | Rake $0
Seat 5: sim5sim5 (big blind) collected ($2)
Seat 10: Garganutuan (button) (small blind) folded before Flop


PokerStars Hand #164387145272:  Hold'em Limit ($3/$6 USD) - 2017/01/11 1:37:34 ET
Table 'Enif' 10-max Seat #5 is the button
Seat 5: sim5sim5 ($114 in chips)
Seat 10: Garganutuan ($79.40 in chips)
sim5sim5: posts small blind $1
Garganutuan: posts big blind $3
*** HOLE CARDS ***
sim5sim5: raises $3 to $6
Garganutuan: raises $3 to $9
Bonkman05 joins the table at seat #6
sim5sim5: calls $3
*** FLOP *** [Jc Ah Js]
Garganutuan: bets $3
sim5sim5: calls $3
*** TURN *** [Jc Ah Js] [Td]
Garganutuan: bets $6
sim5sim5: calls $6
*** RIVER *** [Jc Ah Js Td] [7d]
Garganutuan: bets $6
sim5sim5: calls $6
*** SHOW DOWN ***
Garganutuan: shows [Qs Ad] (two pair, Aces and Jacks)
sim5sim5: mucks hand
Garganutuan collected $47.50 from pot
*** SUMMARY ***
Total pot $48 | Rake $0.50
Board [Jc Ah Js Td 7d]
Seat 5: sim5sim5 (button) (small blind) mucked
Seat 10: Garganutuan (big blind) showed [Qs Ad] and won ($47.50) with two pair, Aces and Jacks


PokerStars Hand #164387143557:  Hold'em Limit ($3/$6 USD) - 2017/01/11 1:37:28 ET
Table 'Enif' 10-max Seat #10 is the button
Seat 5: sim5sim5 ($117 in chips)
Seat 10: Garganutuan ($76.40 in chips)
Garganutuan: posts small blind $1
sim5sim5: posts big blind $3
*** HOLE CARDS ***
Garganutuan: raises $3 to $6
sim5sim5: folds
Uncalled bet ($3) returned to Garganutuan
Garganutuan collected $6 from pot
*** SUMMARY ***
Total pot $6 | Rake $0
Seat 5: sim5sim5 (big blind) folded before Flop
Seat 10: Garganutuan (button) (small blind) collected ($6)


PokerStars Hand #164387139389:  Hold'em Limit ($3/$6 USD) - 2017/01/11 1:37:13 ET
Table 'Enif' 10-max Seat #5 is the button
Seat 5: sim5sim5 ($126 in chips)
Seat 10: Garganutuan ($67.76 in chips)
sim5sim5: posts small blind $1
Garganutuan: posts big blind $3
*** HOLE CARDS ***
sim5sim5: raises $3 to $6
Garganutuan: raises $3 to $9
sim5sim5: calls $3
*** FLOP *** [Qh 2d As]
Garganutuan: bets $3
sim5sim5: folds
Uncalled bet ($3) returned to Garganutuan
Garganutuan collected $17.64 from pot
*** SUMMARY ***
Total pot $18 | Rake $0.36
Board [Qh 2d As]
Seat 5: sim5sim5 (button) (small blind) folded on the Flop
Seat 10: Garganutuan (big blind) collected ($17.64)


