PokerStars Hand #171120149003:  Hold'em Limit ($3/$6 USD) - 2017/05/30 13:37:01 ET
Table 'Enif' 6-max Seat #6 is the button
Seat 1: LifeisagameX ($95.52 in chips)
Seat 6: camille21 ($82.16 in chips)
camille21: posts small blind $1
LifeisagameX: posts big blind $3
*** HOLE CARDS ***
camille21: folds
Uncalled bet ($2) returned to LifeisagameX
LifeisagameX collected $2 from pot
LifeisagameX: doesn't show hand
*** SUMMARY ***
Total pot $2 | Rake $0
Seat 1: LifeisagameX (big blind) collected ($2)
Seat 6: camille21 (button) (small blind) folded before Flop


PokerStars Hand #171120118895:  Hold'em Limit ($3/$6 USD) - 2017/05/30 13:36:20 ET
Table 'Enif' 6-max Seat #1 is the button
Seat 1: LifeisagameX ($89.76 in chips)
Seat 6: camille21 ($88.16 in chips)
LifeisagameX: posts small blind $1
camille21: posts big blind $3
*** HOLE CARDS ***
LifeisagameX: raises $3 to $6
camille21: calls $3
*** FLOP *** [5c Ks Tc]
camille21: checks
LifeisagameX: bets $3
camille21: folds
Uncalled bet ($3) returned to LifeisagameX
LifeisagameX collected $11.76 from pot
LifeisagameX: doesn't show hand
*** SUMMARY ***
Total pot $12 | Rake $0.24
Board [5c Ks Tc]
Seat 1: LifeisagameX (button) (small blind) collected ($11.76)
Seat 6: camille21 (big blind) folded on the Flop


PokerStars Hand #171120184325:  Hold'em Limit ($3/$6 USD) - 2017/05/30 13:37:48 ET
Table 'Enif' 6-max Seat #6 is the button
Seat 1: LifeisagameX ($102.28 in chips)
Seat 6: camille21 ($75.16 in chips)
camille21: posts small blind $1
LifeisagameX: posts big blind $3
*** HOLE CARDS ***
camille21: raises $3 to $6
LifeisagameX: calls $3
*** FLOP *** [Kc 3c 6s]
sienvan joins the table at seat #3
LifeisagameX: checks
camille21: bets $3
LifeisagameX: folds
Uncalled bet ($3) returned to camille21
camille21 collected $11.76 from pot
camille21: doesn't show hand
*** SUMMARY ***
Total pot $12 | Rake $0.24
Board [Kc 3c 6s]
Seat 1: LifeisagameX (big blind) folded on the Flop
Seat 6: camille21 (button) (small blind) collected ($11.76)


PokerStars Hand #171120161164:  Hold'em Limit ($3/$6 USD) - 2017/05/30 13:37:17 ET
Table 'Enif' 6-max Seat #1 is the button
Seat 1: LifeisagameX ($96.52 in chips)
Seat 6: camille21 ($81.16 in chips)
LifeisagameX: posts small blind $1
camille21: posts big blind $3
*** HOLE CARDS ***
LifeisagameX: raises $3 to $6
camille21: calls $3
*** FLOP *** [Ks Ac 4s]
camille21: checks
LifeisagameX: bets $3
camille21: folds
Uncalled bet ($3) returned to LifeisagameX
LifeisagameX collected $11.76 from pot
LifeisagameX: doesn't show hand
*** SUMMARY ***
Total pot $12 | Rake $0.24
Board [Ks Ac 4s]
Seat 1: LifeisagameX (button) (small blind) collected ($11.76)
Seat 6: camille21 (big blind) folded on the Flop


PokerStars Hand #171120237094:  Hold'em Limit ($3/$6 USD) - 2017/05/30 13:38:58 ET
Table 'Enif' 6-max Seat #6 is the button
Seat 3: sienvan ($36.61 in chips)
Seat 6: camille21 ($74.92 in chips)
Whatze Phuck will be allowed to play after the button
camille21: posts small blind $1
sienvan: posts big blind $3
*** HOLE CARDS ***
camille21: raises $3 to $6
sienvan: folds
Uncalled bet ($3) returned to camille21
camille21 collected $6 from pot
camille21: doesn't show hand
*** SUMMARY ***
Total pot $6 | Rake $0
Seat 3: sienvan (big blind) folded before Flop
Seat 6: camille21 (button) (small blind) collected ($6)


PokerStars Hand #171120406390:  Hold'em Limit ($3/$6 USD) - 2017/05/30 13:42:45 ET
Table 'Enif' 6-max Seat #4 is the button
Seat 4: Whatze Phuck ($142.19 in chips)
Seat 6: camille21 ($37.54 in chips)
Whatze Phuck: posts small blind $1
camille21: posts big blind $3
*** HOLE CARDS ***
Whatze Phuck: raises $3 to $6
camille21: folds
Uncalled bet ($3) returned to Whatze Phuck
Whatze Phuck collected $6 from pot
Whatze Phuck: doesn't show hand
*** SUMMARY ***
Total pot $6 | Rake $0
Seat 4: Whatze Phuck (button) (small blind) collected ($6)
Seat 6: camille21 (big blind) folded before Flop


PokerStars Hand #171120401936:  Hold'em Limit ($3/$6 USD) - 2017/05/30 13:42:39 ET
Table 'Enif' 6-max Seat #6 is the button
Seat 4: Whatze Phuck ($145.19 in chips)
Seat 6: camille21 ($34.54 in chips)
camille21: posts small blind $1
Whatze Phuck: posts big blind $3
*** HOLE CARDS ***
camille21: raises $3 to $6
Whatze Phuck: folds
Uncalled bet ($3) returned to camille21
camille21 collected $6 from pot
camille21: doesn't show hand
*** SUMMARY ***
Total pot $6 | Rake $0
Seat 4: Whatze Phuck (big blind) folded before Flop
Seat 6: camille21 (button) (small blind) collected ($6)


PokerStars Hand #171120397795:  Hold'em Limit ($3/$6 USD) - 2017/05/30 13:42:33 ET
Table 'Enif' 6-max Seat #4 is the button
Seat 4: Whatze Phuck ($146.19 in chips)
Seat 6: camille21 ($33.54 in chips)
Whatze Phuck: posts small blind $1
camille21: posts big blind $3
*** HOLE CARDS ***
Whatze Phuck: folds
Uncalled bet ($2) returned to camille21
camille21 collected $2 from pot
camille21: doesn't show hand
*** SUMMARY ***
Total pot $2 | Rake $0
Seat 4: Whatze Phuck (button) (small blind) folded before Flop
Seat 6: camille21 (big blind) collected ($2)


PokerStars Hand #171120529654:  Hold'em Limit ($3/$6 USD) - 2017/05/30 13:45:30 ET
Table 'Enif' 6-max Seat #3 is the button
Seat 3: sienvan ($57.08 in chips)
Seat 4: Whatze Phuck ($134.93 in chips)
sienvan: posts small blind $1
Whatze Phuck: posts big blind $3
*** HOLE CARDS ***
sienvan: folds
Uncalled bet ($2) returned to Whatze Phuck
Whatze Phuck collected $2 from pot
Whatze Phuck: doesn't show hand
*** SUMMARY ***
Total pot $2 | Rake $0
Seat 3: sienvan (button) (small blind) folded before Flop
Seat 4: Whatze Phuck (big blind) collected ($2)


PokerStars Hand #171120522920:  Hold'em Limit ($3/$6 USD) - 2017/05/30 13:45:21 ET
Table 'Enif' 6-max Seat #4 is the button
Seat 3: sienvan ($60.08 in chips)
Seat 4: Whatze Phuck ($131.93 in chips)
Whatze Phuck: posts small blind $1
belik555: is sitting out
sienvan: posts big blind $3
*** HOLE CARDS ***
belik555 leaves the table
Whatze Phuck: raises $3 to $6
sienvan: folds
Uncalled bet ($3) returned to Whatze Phuck
Whatze Phuck collected $6 from pot
Whatze Phuck: doesn't show hand
vestimokrec leaves the table
*** SUMMARY ***
Total pot $6 | Rake $0
Seat 3: sienvan (big blind) folded before Flop
Seat 4: Whatze Phuck (button) (small blind) collected ($6)


PokerStars Hand #171120556749:  Hold'em Limit ($3/$6 USD) - 2017/05/30 13:46:06 ET
Table 'Enif' 6-max Seat #3 is the button
Seat 3: sienvan ($78.34 in chips)
Seat 4: Whatze Phuck ($112.93 in chips)
sienvan: posts small blind $1
Whatze Phuck: posts big blind $3
*** HOLE CARDS ***
sienvan: calls $2
Whatze Phuck: raises $3 to $6
sienvan: calls $3
*** FLOP *** [6s 7d Ks]
Whatze Phuck: bets $3
sienvan: calls $3
*** TURN *** [6s 7d Ks] [2s]
Whatze Phuck: checks
sienvan: bets $6
Whatze Phuck: raises $6 to $12
sienvan: calls $6
*** RIVER *** [6s 7d Ks 2s] [Ad]
Whatze Phuck: bets $6
sienvan: folds
Uncalled bet ($6) returned to Whatze Phuck
Whatze Phuck collected $41.50 from pot
Whatze Phuck: doesn't show hand
*** SUMMARY ***
Total pot $42 | Rake $0.50
Board [6s 7d Ks 2s Ad]
Seat 3: sienvan (button) (small blind) folded on the River
Seat 4: Whatze Phuck (big blind) collected ($41.50)


PokerStars Hand #171120544835:  Hold'em Limit ($3/$6 USD) - 2017/05/30 13:45:50 ET
Table 'Enif' 6-max Seat #4 is the button
Seat 3: sienvan ($60.84 in chips)
Seat 4: Whatze Phuck ($130.93 in chips)
Whatze Phuck: posts small blind $1
sienvan: posts big blind $3
*** HOLE CARDS ***
Whatze Phuck: raises $3 to $6
sienvan: calls $3
*** FLOP *** [5h Qh Jd]
sienvan: checks
Whatze Phuck: checks
*** TURN *** [5h Qh Jd] [4d]
sienvan: checks
Whatze Phuck: bets $6
sienvan: calls $6
*** RIVER *** [5h Qh Jd 4d] [As]
sienvan: bets $6
Whatze Phuck: calls $6
*** SHOW DOWN ***
sienvan: shows [Ah 5c] (two pair, Aces and Fives)
Whatze Phuck: mucks hand
sienvan collected $35.50 from pot
*** SUMMARY ***
Total pot $36 | Rake $0.50
Board [5h Qh Jd 4d As]
Seat 3: sienvan (big blind) showed [Ah 5c] and won ($35.50) with two pair, Aces and Fives
Seat 4: Whatze Phuck (button) (small blind) mucked


PokerStars Hand #171120541618:  Hold'em Limit ($3/$6 USD) - 2017/05/30 13:45:46 ET
Table 'Enif' 6-max Seat #3 is the button
Seat 3: sienvan ($61.84 in chips)
Seat 4: Whatze Phuck ($129.93 in chips)
sienvan: posts small blind $1
Whatze Phuck: posts big blind $3
*** HOLE CARDS ***
sienvan: folds
Uncalled bet ($2) returned to Whatze Phuck
Whatze Phuck collected $2 from pot
Whatze Phuck: doesn't show hand
*** SUMMARY ***
Total pot $2 | Rake $0
Seat 3: sienvan (button) (small blind) folded before Flop
Seat 4: Whatze Phuck (big blind) collected ($2)


PokerStars Hand #171120533421:  Hold'em Limit ($3/$6 USD) - 2017/05/30 13:45:35 ET
Table 'Enif' 6-max Seat #4 is the button
Seat 3: sienvan ($56.08 in chips)
Seat 4: Whatze Phuck ($135.93 in chips)
Whatze Phuck: posts small blind $1
sienvan: posts big blind $3
*** HOLE CARDS ***
Whatze Phuck: raises $3 to $6
sienvan: calls $3
*** FLOP *** [Qc 2s 8h]
sienvan: bets $3
Whatze Phuck: folds
Uncalled bet ($3) returned to sienvan
sienvan collected $11.76 from pot
sienvan: doesn't show hand
*** SUMMARY ***
Total pot $12 | Rake $0.24
Board [Qc 2s 8h]
Seat 3: sienvan (big blind) collected ($11.76)
Seat 4: Whatze Phuck (button) (small blind) folded on the Flop


PokerStars Hand #171120569009:  Hold'em Limit ($3/$6 USD) - 2017/05/30 13:46:22 ET
Table 'Enif' 6-max Seat #4 is the button
Seat 3: sienvan ($57.34 in chips)
Seat 4: Whatze Phuck ($133.43 in chips)
Whatze Phuck: posts small blind $1
sienvan: posts big blind $3
*** HOLE CARDS ***
Whatze Phuck: raises $3 to $6
sienvan: calls $3
*** FLOP *** [7d 9c 5d]
sienvan: bets $3
Whatze Phuck: calls $3
*** TURN *** [7d 9c 5d] [Td]
sienvan: bets $6
Whatze Phuck: calls $6
*** RIVER *** [7d 9c 5d Td] [4h]
sienvan: bets $6
Whatze Phuck: folds
Uncalled bet ($6) returned to sienvan
sienvan collected $29.50 from pot
sienvan: doesn't show hand
*** SUMMARY ***
Total pot $30 | Rake $0.50
Board [7d 9c 5d Td 4h]
Seat 3: sienvan (big blind) collected ($29.50)
Seat 4: Whatze Phuck (button) (small blind) folded on the River


PokerStars Hand #171120589486:  Hold'em Limit ($3/$6 USD) - 2017/05/30 13:46:50 ET
Table 'Enif' 6-max Seat #3 is the button
Seat 3: sienvan ($71.84 in chips)
Seat 4: Whatze Phuck ($118.43 in chips)
sienvan: posts small blind $1
Whatze Phuck: posts big blind $3
*** HOLE CARDS ***
sienvan: calls $2
Whatze Phuck: raises $3 to $6
sienvan: calls $3
*** FLOP *** [Qh Js 3c]
Whatze Phuck: bets $3
sienvan: calls $3
*** TURN *** [Qh Js 3c] [6d]
Whatze Phuck: bets $6
sienvan: raises $6 to $12
Whatze Phuck: calls $6
*** RIVER *** [Qh Js 3c 6d] [6h]
Whatze Phuck: checks
sienvan: bets $6
Whatze Phuck: calls $6
*** SHOW DOWN ***
sienvan: shows [Qs 9h] (two pair, Queens and Sixes)
Whatze Phuck: shows [Ad Qd] (two pair, Queens and Sixes - Ace kicker)
Whatze Phuck collected $53.50 from pot
*** SUMMARY ***
Total pot $54 | Rake $0.50
Board [Qh Js 3c 6d 6h]
Seat 3: sienvan (button) (small blind) showed [Qs 9h] and lost with two pair, Queens and Sixes
Seat 4: Whatze Phuck (big blind) showed [Ad Qd] and won ($53.50) with two pair, Queens and Sixes


PokerStars Hand #171120604770:  Hold'em Limit ($3/$6 USD) - 2017/05/30 13:47:10 ET
Table 'Enif' 6-max Seat #4 is the button
Seat 3: sienvan ($44.84 in chips)
Seat 4: Whatze Phuck ($144.93 in chips)
Whatze Phuck: posts small blind $1
sienvan: posts big blind $3
*** HOLE CARDS ***
Whatze Phuck: raises $3 to $6
sienvan: calls $3
*** FLOP *** [Qs 3c 2s]
sienvan: checks
Whatze Phuck: bets $3
sienvan: folds
Uncalled bet ($3) returned to Whatze Phuck
Whatze Phuck collected $11.76 from pot
Whatze Phuck: doesn't show hand
*** SUMMARY ***
Total pot $12 | Rake $0.24
Board [Qs 3c 2s]
Seat 3: sienvan (big blind) folded on the Flop
Seat 4: Whatze Phuck (button) (small blind) collected ($11.76)


PokerStars Hand #171120626840:  Hold'em Limit ($3/$6 USD) - 2017/05/30 13:47:39 ET
Table 'Enif' 6-max Seat #4 is the button
Seat 3: sienvan ($41.72 in chips)
Seat 4: Whatze Phuck ($147.69 in chips)
Whatze Phuck: posts small blind $1
sienvan: posts big blind $3
*** HOLE CARDS ***
Whatze Phuck: raises $3 to $6
sienvan: folds
Uncalled bet ($3) returned to Whatze Phuck
Whatze Phuck collected $6 from pot
Whatze Phuck: doesn't show hand
*** SUMMARY ***
Total pot $6 | Rake $0
Seat 3: sienvan (big blind) folded before Flop
Seat 4: Whatze Phuck (button) (small blind) collected ($6)


PokerStars Hand #171120614091:  Hold'em Limit ($3/$6 USD) - 2017/05/30 13:47:22 ET
Table 'Enif' 6-max Seat #3 is the button
Seat 3: sienvan ($38.84 in chips)
Seat 4: Whatze Phuck ($150.69 in chips)
sienvan: posts small blind $1
Whatze Phuck: posts big blind $3
*** HOLE CARDS ***
sienvan: calls $2
Whatze Phuck: checks
*** FLOP *** [7s 7h Ts]
Whatze Phuck: checks
sienvan: checks
*** TURN *** [7s 7h Ts] [Ac]
Whatze Phuck: checks
sienvan: checks
*** RIVER *** [7s 7h Ts Ac] [8s]
Whatze Phuck: checks
sienvan: bets $6
Whatze Phuck: folds
Uncalled bet ($6) returned to sienvan
sienvan collected $5.88 from pot
sienvan: doesn't show hand
*** SUMMARY ***
Total pot $6 | Rake $0.12
Board [7s 7h Ts Ac 8s]
Seat 3: sienvan (button) (small blind) collected ($5.88)
Seat 4: Whatze Phuck (big blind) folded on the River


PokerStars Hand #171120631019:  Hold'em Limit ($3/$6 USD) - 2017/05/30 13:47:45 ET
Table 'Enif' 6-max Seat #3 is the button
Seat 3: sienvan ($38.72 in chips)
Seat 4: Whatze Phuck ($150.69 in chips)
sienvan: posts small blind $1
Whatze Phuck: posts big blind $3
*** HOLE CARDS ***
sienvan: folds
Uncalled bet ($2) returned to Whatze Phuck
Whatze Phuck collected $2 from pot
Whatze Phuck: doesn't show hand
*** SUMMARY ***
Total pot $2 | Rake $0
Seat 3: sienvan (button) (small blind) folded before Flop
Seat 4: Whatze Phuck (big blind) collected ($2)


PokerStars Hand #171120634075:  Hold'em Limit ($3/$6 USD) - 2017/05/30 13:47:49 ET
Table 'Enif' 6-max Seat #4 is the button
Seat 3: sienvan ($37.72 in chips)
Seat 4: Whatze Phuck ($151.69 in chips)
Whatze Phuck: posts small blind $1
sienvan: posts big blind $3
*** HOLE CARDS ***
Whatze Phuck: raises $3 to $6
sienvan: calls $3
*** FLOP *** [Jc 8s Jd]
sienvan: bets $3
Whatze Phuck: calls $3
*** TURN *** [Jc 8s Jd] [Ks]
sienvan: bets $6
Whatze Phuck: calls $6
*** RIVER *** [Jc 8s Jd Ks] [2h]
sienvan: checks
Whatze Phuck: bets $6
sienvan: folds
Uncalled bet ($6) returned to Whatze Phuck
Whatze Phuck collected $29.50 from pot
Whatze Phuck: doesn't show hand
*** SUMMARY ***
Total pot $30 | Rake $0.50
Board [Jc 8s Jd Ks 2h]
Seat 3: sienvan (big blind) folded on the River
Seat 4: Whatze Phuck (button) (small blind) collected ($29.50)


PokerStars Hand #171120656769:  Hold'em Limit ($3/$6 USD) - 2017/05/30 13:48:19 ET
Table 'Enif' 6-max Seat #3 is the button
Seat 3: sienvan ($22.72 in chips)
Seat 4: Whatze Phuck ($166.19 in chips)
sienvan: posts small blind $1
Whatze Phuck: posts big blind $3
*** HOLE CARDS ***
sienvan: raises $3 to $6
Whatze Phuck: raises $3 to $9
sienvan: raises $3 to $12
Betting is capped
Whatze Phuck: calls $3
*** FLOP *** [7s 3c 8h]
Whatze Phuck: checks
sienvan: bets $3
Whatze Phuck: calls $3
*** TURN *** [7s 3c 8h] [4h]
Whatze Phuck: checks
sienvan: bets $6
Whatze Phuck: calls $6
*** RIVER *** [7s 3c 8h 4h] [As]
Whatze Phuck: bets $6
sienvan: calls $1.72 and is all-in
Uncalled bet ($4.28) returned to Whatze Phuck
*** SHOW DOWN ***
Whatze Phuck: shows [Ah Qc] (a pair of Aces)
sienvan: shows [Qd Ac] (a pair of Aces)
Whatze Phuck collected $22.47 from pot
sienvan collected $22.47 from pot
*** SUMMARY ***
Total pot $45.44 | Rake $0.50
Board [7s 3c 8h 4h As]
Seat 3: sienvan (button) (small blind) showed [Qd Ac] and won ($22.47) with a pair of Aces
Seat 4: Whatze Phuck (big blind) showed [Ah Qc] and won ($22.47) with a pair of Aces


PokerStars Hand #171120673572:  Hold'em Limit ($3/$6 USD) - 2017/05/30 13:48:42 ET
Table 'Enif' 6-max Seat #4 is the button
Seat 3: sienvan ($22.47 in chips)
Seat 4: Whatze Phuck ($165.94 in chips)
Whatze Phuck: posts small blind $1
sienvan: posts big blind $3
*** HOLE CARDS ***
Whatze Phuck: raises $3 to $6
sienvan: raises $3 to $9
Whatze Phuck: calls $3
*** FLOP *** [6h 3d 2c]
sienvan: bets $3
Whatze Phuck: calls $3
*** TURN *** [6h 3d 2c] [Qs]
sienvan: bets $6
Whatze Phuck: calls $6
*** RIVER *** [6h 3d 2c Qs] [As]
sienvan: bets $4.47 and is all-in
Whatze Phuck: folds
Uncalled bet ($4.47) returned to sienvan
sienvan collected $35.50 from pot
sienvan: doesn't show hand
*** SUMMARY ***
Total pot $36 | Rake $0.50
Board [6h 3d 2c Qs As]
Seat 3: sienvan (big blind) collected ($35.50)
Seat 4: Whatze Phuck (button) (small blind) folded on the River


PokerStars Hand #171120688261:  Hold'em Limit ($3/$6 USD) - 2017/05/30 13:49:01 ET
Table 'Enif' 6-max Seat #4 is the button
Seat 3: sienvan ($38.97 in chips)
Seat 4: Whatze Phuck ($148.94 in chips)
Whatze Phuck: posts small blind $1
sienvan: posts big blind $3
*** HOLE CARDS ***
Whatze Phuck: folds
Uncalled bet ($2) returned to sienvan
sienvan collected $2 from pot
sienvan: doesn't show hand
*** SUMMARY ***
Total pot $2 | Rake $0
Seat 3: sienvan (big blind) collected ($2)
Seat 4: Whatze Phuck (button) (small blind) folded before Flop


PokerStars Hand #171120684858:  Hold'em Limit ($3/$6 USD) - 2017/05/30 13:48:57 ET
Table 'Enif' 6-max Seat #3 is the button
Seat 3: sienvan ($39.97 in chips)
Seat 4: Whatze Phuck ($147.94 in chips)
sienvan: posts small blind $1
Whatze Phuck: posts big blind $3
*** HOLE CARDS ***
sienvan: folds
Uncalled bet ($2) returned to Whatze Phuck
Whatze Phuck collected $2 from pot
Whatze Phuck: doesn't show hand
*** SUMMARY ***
Total pot $2 | Rake $0
Seat 3: sienvan (button) (small blind) folded before Flop
Seat 4: Whatze Phuck (big blind) collected ($2)


PokerStars Hand #171120695284:  Hold'em Limit ($3/$6 USD) - 2017/05/30 13:49:11 ET
Table 'Enif' 6-max Seat #4 is the button
Seat 3: sienvan ($38.97 in chips)
Seat 4: Whatze Phuck ($148.94 in chips)
Whatze Phuck: posts small blind $1
sienvan: posts big blind $3
*** HOLE CARDS ***
Whatze Phuck: raises $3 to $6
sienvan: folds
Uncalled bet ($3) returned to Whatze Phuck
Whatze Phuck collected $6 from pot
Whatze Phuck: doesn't show hand
*** SUMMARY ***
Total pot $6 | Rake $0
Seat 3: sienvan (big blind) folded before Flop
Seat 4: Whatze Phuck (button) (small blind) collected ($6)


PokerStars Hand #171120692157:  Hold'em Limit ($3/$6 USD) - 2017/05/30 13:49:06 ET
Table 'Enif' 6-max Seat #3 is the button
Seat 3: sienvan ($39.97 in chips)
Seat 4: Whatze Phuck ($147.94 in chips)
sienvan: posts small blind $1
Whatze Phuck: posts big blind $3
*** HOLE CARDS ***
sienvan: folds
Uncalled bet ($2) returned to Whatze Phuck
Whatze Phuck collected $2 from pot
Whatze Phuck: doesn't show hand
*** SUMMARY ***
Total pot $2 | Rake $0
Seat 3: sienvan (button) (small blind) folded before Flop
Seat 4: Whatze Phuck (big blind) collected ($2)


PokerStars Hand #171120699192:  Hold'em Limit ($3/$6 USD) - 2017/05/30 13:49:16 ET
Table 'Enif' 6-max Seat #3 is the button
Seat 3: sienvan ($35.97 in chips)
Seat 4: Whatze Phuck ($151.94 in chips)
sienvan: posts small blind $1
Whatze Phuck: posts big blind $3
*** HOLE CARDS ***
sienvan: raises $3 to $6
Whatze Phuck: calls $3
*** FLOP *** [4d 5h Ts]
Whatze Phuck: checks
sienvan: checks
*** TURN *** [4d 5h Ts] [Qh]
Whatze Phuck: checks
sienvan: bets $6
Whatze Phuck: folds
Uncalled bet ($6) returned to sienvan
sienvan collected $11.76 from pot
sienvan: doesn't show hand
*** SUMMARY ***
Total pot $12 | Rake $0.24
Board [4d 5h Ts Qh]
Seat 3: sienvan (button) (small blind) collected ($11.76)
Seat 4: Whatze Phuck (big blind) folded on the Turn


PokerStars Hand #171120742315:  Hold'em Limit ($3/$6 USD) - 2017/05/30 13:50:13 ET
Table 'Enif' 6-max Seat #4 is the button
Seat 3: sienvan ($19.73 in chips)
Seat 4: Whatze Phuck ($167.44 in chips)
Whatze Phuck: posts small blind $1
sienvan: posts big blind $3
*** HOLE CARDS ***
Whatze Phuck: raises $3 to $6
sienvan: raises $3 to $9
Whatze Phuck: calls $3
*** FLOP *** [8c 8d Jh]
sienvan: bets $3
Whatze Phuck: calls $3
*** TURN *** [8c 8d Jh] [8h]
sienvan: bets $6
Whatze Phuck: raises $6 to $12
sienvan: calls $1.73 and is all-in
Uncalled bet ($4.27) returned to Whatze Phuck
*** RIVER *** [8c 8d Jh 8h] [6d]
*** SHOW DOWN ***
sienvan: shows [Qc Kc] (three of a kind, Eights)
Whatze Phuck: shows [3s Kd] (three of a kind, Eights - lower kicker)
sienvan collected $38.96 from pot
*** SUMMARY ***
Total pot $39.46 | Rake $0.50
Board [8c 8d Jh 8h 6d]
Seat 3: sienvan (big blind) showed [Qc Kc] and won ($38.96) with three of a kind, Eights
Seat 4: Whatze Phuck (button) (small blind) showed [3s Kd] and lost with three of a kind, Eights


PokerStars Hand #171120718969:  Hold'em Limit ($3/$6 USD) - 2017/05/30 13:49:42 ET
Table 'Enif' 6-max Seat #4 is the button
Seat 3: sienvan ($41.73 in chips)
Seat 4: Whatze Phuck ($145.94 in chips)
Whatze Phuck: posts small blind $1
sienvan: posts big blind $3
*** HOLE CARDS ***
Whatze Phuck: raises $3 to $6
sienvan: folds
Uncalled bet ($3) returned to Whatze Phuck
Whatze Phuck collected $6 from pot
Whatze Phuck: doesn't show hand
*** SUMMARY ***
Total pot $6 | Rake $0
Seat 3: sienvan (big blind) folded before Flop
Seat 4: Whatze Phuck (button) (small blind) collected ($6)


PokerStars Hand #171120715388:  Hold'em Limit ($3/$6 USD) - 2017/05/30 13:49:37 ET
Table 'Enif' 6-max Seat #3 is the button
Seat 3: sienvan ($42.73 in chips)
Seat 4: Whatze Phuck ($144.94 in chips)
sienvan: posts small blind $1
Whatze Phuck: posts big blind $3
*** HOLE CARDS ***
sienvan: folds
Uncalled bet ($2) returned to Whatze Phuck
Whatze Phuck collected $2 from pot
Whatze Phuck: doesn't show hand
*** SUMMARY ***
Total pot $2 | Rake $0
Seat 3: sienvan (button) (small blind) folded before Flop
Seat 4: Whatze Phuck (big blind) collected ($2)


PokerStars Hand #171120712204:  Hold'em Limit ($3/$6 USD) - 2017/05/30 13:49:33 ET
Table 'Enif' 6-max Seat #4 is the button
Seat 3: sienvan ($41.73 in chips)
Seat 4: Whatze Phuck ($145.94 in chips)
Whatze Phuck: posts small blind $1
sienvan: posts big blind $3
*** HOLE CARDS ***
Whatze Phuck: folds
Uncalled bet ($2) returned to sienvan
sienvan collected $2 from pot
sienvan: doesn't show hand
*** SUMMARY ***
Total pot $2 | Rake $0
Seat 3: sienvan (big blind) collected ($2)
Seat 4: Whatze Phuck (button) (small blind) folded before Flop


PokerStars Hand #171120734653:  Hold'em Limit ($3/$6 USD) - 2017/05/30 13:50:03 ET
Table 'Enif' 6-max Seat #4 is the button
Seat 3: sienvan ($23.73 in chips)
Seat 4: Whatze Phuck ($163.44 in chips)
Whatze Phuck: posts small blind $1
sienvan: posts big blind $3
*** HOLE CARDS ***
Whatze Phuck: raises $3 to $6
sienvan: folds
Uncalled bet ($3) returned to Whatze Phuck
Whatze Phuck collected $6 from pot
Whatze Phuck: doesn't show hand
*** SUMMARY ***
Total pot $6 | Rake $0
Seat 3: sienvan (big blind) folded before Flop
Seat 4: Whatze Phuck (button) (small blind) collected ($6)


PokerStars Hand #171120722937:  Hold'em Limit ($3/$6 USD) - 2017/05/30 13:49:47 ET
Table 'Enif' 6-max Seat #3 is the button
Seat 3: sienvan ($38.73 in chips)
Seat 4: Whatze Phuck ($148.94 in chips)
sienvan: posts small blind $1
Whatze Phuck: posts big blind $3
*** HOLE CARDS ***
sienvan: calls $2
Whatze Phuck: raises $3 to $6
sienvan: calls $3
*** FLOP *** [4s 2h 6c]
Whatze Phuck: bets $3
sienvan: calls $3
*** TURN *** [4s 2h 6c] [As]
Whatze Phuck: bets $6
sienvan: calls $6
*** RIVER *** [4s 2h 6c As] [Jh]
Whatze Phuck: bets $6
sienvan: folds
Uncalled bet ($6) returned to Whatze Phuck
Whatze Phuck collected $29.50 from pot
Whatze Phuck: doesn't show hand
*** SUMMARY ***
Total pot $30 | Rake $0.50
Board [4s 2h 6c As Jh]
Seat 3: sienvan (button) (small blind) folded on the River
Seat 4: Whatze Phuck (big blind) collected ($29.50)


PokerStars Hand #171120738939:  Hold'em Limit ($3/$6 USD) - 2017/05/30 13:50:09 ET
Table 'Enif' 6-max Seat #3 is the button
Seat 3: sienvan ($20.73 in chips)
Seat 4: Whatze Phuck ($166.44 in chips)
sienvan: posts small blind $1
Whatze Phuck: posts big blind $3
*** HOLE CARDS ***
sienvan: folds
Uncalled bet ($2) returned to Whatze Phuck
Whatze Phuck collected $2 from pot
Whatze Phuck: doesn't show hand
*** SUMMARY ***
Total pot $2 | Rake $0
Seat 3: sienvan (button) (small blind) folded before Flop
Seat 4: Whatze Phuck (big blind) collected ($2)


PokerStars Hand #171120769504:  Hold'em Limit ($3/$6 USD) - 2017/05/30 13:50:50 ET
Table 'Enif' 6-max Seat #3 is the button
Seat 3: sienvan ($31.96 in chips)
Seat 4: Whatze Phuck ($154.47 in chips)
sienvan: posts small blind $1
Whatze Phuck: posts big blind $3
*** HOLE CARDS ***
sienvan: raises $3 to $6
Whatze Phuck: folds
Uncalled bet ($3) returned to sienvan
sienvan collected $6 from pot
sienvan: doesn't show hand
*** SUMMARY ***
Total pot $6 | Rake $0
Seat 3: sienvan (button) (small blind) collected ($6)
Seat 4: Whatze Phuck (big blind) folded before Flop


PokerStars Hand #171120761792:  Hold'em Limit ($3/$6 USD) - 2017/05/30 13:50:40 ET
Table 'Enif' 6-max Seat #4 is the button
Seat 3: sienvan ($37.96 in chips)
Seat 4: Whatze Phuck ($148.71 in chips)
Whatze Phuck: posts small blind $1
sienvan: posts big blind $3
*** HOLE CARDS ***
Whatze Phuck: raises $3 to $6
sienvan: calls $3
*** FLOP *** [5s 3c Ts]
sienvan: checks
Whatze Phuck: bets $3
sienvan: folds
Uncalled bet ($3) returned to Whatze Phuck
Whatze Phuck collected $11.76 from pot
Whatze Phuck: doesn't show hand
*** SUMMARY ***
Total pot $12 | Rake $0.24
Board [5s 3c Ts]
Seat 3: sienvan (big blind) folded on the Flop
Seat 4: Whatze Phuck (button) (small blind) collected ($11.76)


PokerStars Hand #171120774904:  Hold'em Limit ($3/$6 USD) - 2017/05/30 13:50:57 ET
Table 'Enif' 6-max Seat #4 is the button
Seat 3: sienvan ($34.96 in chips)
Seat 4: Whatze Phuck ($151.47 in chips)
Whatze Phuck: posts small blind $1
sienvan: posts big blind $3
*** HOLE CARDS ***
Whatze Phuck: raises $3 to $6
sienvan: folds
Uncalled bet ($3) returned to Whatze Phuck
Whatze Phuck collected $6 from pot
Whatze Phuck: doesn't show hand
*** SUMMARY ***
Total pot $6 | Rake $0
Seat 3: sienvan (big blind) folded before Flop
Seat 4: Whatze Phuck (button) (small blind) collected ($6)


PokerStars Hand #171120784872:  Hold'em Limit ($3/$6 USD) - 2017/05/30 13:51:10 ET
Table 'Enif' 6-max Seat #4 is the button
Seat 3: sienvan ($30.96 in chips)
Seat 4: Whatze Phuck ($155.47 in chips)
Whatze Phuck: posts small blind $1
sienvan: posts big blind $3
*** HOLE CARDS ***
Whatze Phuck: raises $3 to $6
sienvan: folds
Uncalled bet ($3) returned to Whatze Phuck
Whatze Phuck collected $6 from pot
Whatze Phuck: doesn't show hand
*** SUMMARY ***
Total pot $6 | Rake $0
Seat 3: sienvan (big blind) folded before Flop
Seat 4: Whatze Phuck (button) (small blind) collected ($6)


PokerStars Hand #171120780928:  Hold'em Limit ($3/$6 USD) - 2017/05/30 13:51:05 ET
Table 'Enif' 6-max Seat #3 is the button
Seat 3: sienvan ($31.96 in chips)
Seat 4: Whatze Phuck ($154.47 in chips)
sienvan: posts small blind $1
Whatze Phuck: posts big blind $3
*** HOLE CARDS ***
sienvan: folds
Uncalled bet ($2) returned to Whatze Phuck
Whatze Phuck collected $2 from pot
Whatze Phuck: doesn't show hand
*** SUMMARY ***
Total pot $2 | Rake $0
Seat 3: sienvan (button) (small blind) folded before Flop
Seat 4: Whatze Phuck (big blind) collected ($2)


PokerStars Hand #171120792114:  Hold'em Limit ($3/$6 USD) - 2017/05/30 13:51:20 ET
Table 'Enif' 6-max Seat #4 is the button
Seat 3: sienvan ($26.96 in chips)
Seat 4: Whatze Phuck ($159.47 in chips)
Whatze Phuck: posts small blind $1
sienvan: posts big blind $3
*** HOLE CARDS ***
Whatze Phuck: raises $3 to $6
sienvan: folds
Uncalled bet ($3) returned to Whatze Phuck
Whatze Phuck collected $6 from pot
Whatze Phuck: doesn't show hand
*** SUMMARY ***
Total pot $6 | Rake $0
Seat 3: sienvan (big blind) folded before Flop
Seat 4: Whatze Phuck (button) (small blind) collected ($6)


PokerStars Hand #171120789041:  Hold'em Limit ($3/$6 USD) - 2017/05/30 13:51:16 ET
Table 'Enif' 6-max Seat #3 is the button
Seat 3: sienvan ($27.96 in chips)
Seat 4: Whatze Phuck ($158.47 in chips)
sienvan: posts small blind $1
Whatze Phuck: posts big blind $3
*** HOLE CARDS ***
sienvan: folds
Uncalled bet ($2) returned to Whatze Phuck
Whatze Phuck collected $2 from pot
Whatze Phuck: doesn't show hand
*** SUMMARY ***
Total pot $2 | Rake $0
Seat 3: sienvan (button) (small blind) folded before Flop
Seat 4: Whatze Phuck (big blind) collected ($2)


PokerStars Hand #171120796706:  Hold'em Limit ($3/$6 USD) - 2017/05/30 13:51:26 ET
Table 'Enif' 6-max Seat #3 is the button
Seat 3: sienvan ($23.96 in chips)
Seat 4: Whatze Phuck ($162.47 in chips)
sienvan: posts small blind $1
Whatze Phuck: posts big blind $3
*** HOLE CARDS ***
sienvan: raises $3 to $6
Whatze Phuck: folds
Uncalled bet ($3) returned to sienvan
sienvan collected $6 from pot
sienvan: doesn't show hand
*** SUMMARY ***
Total pot $6 | Rake $0
Seat 3: sienvan (button) (small blind) collected ($6)
Seat 4: Whatze Phuck (big blind) folded before Flop


PokerStars Hand #171120818326:  Hold'em Limit ($3/$6 USD) - 2017/05/30 13:51:55 ET
Table 'Enif' 6-max Seat #3 is the button
Seat 3: sienvan ($20.96 in chips)
Seat 4: Whatze Phuck ($165.23 in chips)
sienvan: posts small blind $1
Whatze Phuck: posts big blind $3
*** HOLE CARDS ***
sienvan: folds
Uncalled bet ($2) returned to Whatze Phuck
Whatze Phuck collected $2 from pot
Whatze Phuck: doesn't show hand
*** SUMMARY ***
Total pot $2 | Rake $0
Seat 3: sienvan (button) (small blind) folded before Flop
Seat 4: Whatze Phuck (big blind) collected ($2)


PokerStars Hand #171120802025:  Hold'em Limit ($3/$6 USD) - 2017/05/30 13:51:33 ET
Table 'Enif' 6-max Seat #4 is the button
Seat 3: sienvan ($26.96 in chips)
Seat 4: Whatze Phuck ($159.47 in chips)
Whatze Phuck: posts small blind $1
sienvan: posts big blind $3
*** HOLE CARDS ***
Whatze Phuck: raises $3 to $6
sienvan: calls $3
*** FLOP *** [5s 5c Jd]
sienvan: checks
Whatze Phuck: checks
*** TURN *** [5s 5c Jd] [3h]
sienvan: checks
Whatze Phuck: checks
*** RIVER *** [5s 5c Jd 3h] [Js]
sienvan: checks
Whatze Phuck: bets $6
sienvan: folds
Uncalled bet ($6) returned to Whatze Phuck
Whatze Phuck collected $11.76 from pot
Whatze Phuck: doesn't show hand
*** SUMMARY ***
Total pot $12 | Rake $0.24
Board [5s 5c Jd 3h Js]
Seat 3: sienvan (big blind) folded on the River
Seat 4: Whatze Phuck (button) (small blind) collected ($11.76)


PokerStars Hand #171120821737:  Hold'em Limit ($3/$6 USD) - 2017/05/30 13:52:00 ET
Table 'Enif' 6-max Seat #4 is the button
Seat 3: sienvan ($19.96 in chips)
Seat 4: Whatze Phuck ($166.23 in chips)
Whatze Phuck: posts small blind $1
sienvan: posts big blind $3
*** HOLE CARDS ***
Whatze Phuck: raises $3 to $6
sienvan: raises $3 to $9
Whatze Phuck: calls $3
*** FLOP *** [7s Kh 8s]
sienvan: bets $3
Whatze Phuck: calls $3
*** TURN *** [7s Kh 8s] [5s]
sienvan: bets $6
Whatze Phuck: raises $6 to $12
sienvan: calls $1.96 and is all-in
Uncalled bet ($4.04) returned to Whatze Phuck
*** RIVER *** [7s Kh 8s 5s] [Jc]
*** SHOW DOWN ***
sienvan: shows [9c 9d] (a pair of Nines)
Whatze Phuck: shows [9h 6d] (a straight, Five to Nine)
Whatze Phuck collected $39.42 from pot
*** SUMMARY ***
Total pot $39.92 | Rake $0.50
Board [7s Kh 8s 5s Jc]
Seat 3: sienvan (big blind) showed [9c 9d] and lost with a pair of Nines
Seat 4: Whatze Phuck (button) (small blind) showed [9h 6d] and won ($39.42) with a straight, Five to Nine


PokerStars Hand #171120845108:  Hold'em Limit ($3/$6 USD) - 2017/05/30 13:52:31 ET
Table 'Enif' 6-max Seat #3 is the button
Seat 3: sienvan ($30 in chips)
Seat 4: Whatze Phuck ($185.69 in chips)
sienvan: posts small blind $1
Whatze Phuck: posts big blind $3
*** HOLE CARDS ***
sienvan: raises $3 to $6
Whatze Phuck: folds
Uncalled bet ($3) returned to sienvan
sienvan collected $6 from pot
sienvan: doesn't show hand
*** SUMMARY ***
Total pot $6 | Rake $0
Seat 3: sienvan (button) (small blind) collected ($6)
Seat 4: Whatze Phuck (big blind) folded before Flop


PokerStars Hand #171120853696:  Hold'em Limit ($3/$6 USD) - 2017/05/30 13:52:42 ET
Table 'Enif' 6-max Seat #3 is the button
Seat 3: sienvan ($34 in chips)
Seat 4: Whatze Phuck ($181.69 in chips)
sienvan: posts small blind $1
Whatze Phuck: posts big blind $3
*** HOLE CARDS ***
sienvan: raises $3 to $6
Whatze Phuck: folds
Uncalled bet ($3) returned to sienvan
sienvan collected $6 from pot
sienvan: doesn't show hand
*** SUMMARY ***
Total pot $6 | Rake $0
Seat 3: sienvan (button) (small blind) collected ($6)
Seat 4: Whatze Phuck (big blind) folded before Flop


PokerStars Hand #171120849884:  Hold'em Limit ($3/$6 USD) - 2017/05/30 13:52:37 ET
Table 'Enif' 6-max Seat #4 is the button
Seat 3: sienvan ($33 in chips)
Seat 4: Whatze Phuck ($182.69 in chips)
Whatze Phuck: posts small blind $1
sienvan: posts big blind $3
*** HOLE CARDS ***
Whatze Phuck: folds
Uncalled bet ($2) returned to sienvan
sienvan collected $2 from pot
sienvan: doesn't show hand
*** SUMMARY ***
Total pot $2 | Rake $0
Seat 3: sienvan (big blind) collected ($2)
Seat 4: Whatze Phuck (button) (small blind) folded before Flop


PokerStars Hand #171120857974:  Hold'em Limit ($3/$6 USD) - 2017/05/30 13:52:48 ET
Table 'Enif' 6-max Seat #4 is the button
Seat 3: sienvan ($37 in chips)
Seat 4: Whatze Phuck ($178.69 in chips)
Whatze Phuck: posts small blind $1
sienvan: posts big blind $3
*** HOLE CARDS ***
Whatze Phuck: raises $3 to $6
sienvan: raises $3 to $9
Whatze Phuck: calls $3
*** FLOP *** [2c 3d 9c]
sienvan: bets $3
Whatze Phuck: calls $3
*** TURN *** [2c 3d 9c] [6s]
sienvan: bets $6
Whatze Phuck: folds
Uncalled bet ($6) returned to sienvan
sienvan collected $23.52 from pot
sienvan: doesn't show hand
*** SUMMARY ***
Total pot $24 | Rake $0.48
Board [2c 3d 9c 6s]
Seat 3: sienvan (big blind) collected ($23.52)
Seat 4: Whatze Phuck (button) (small blind) folded on the Turn


PokerStars Hand #171120870293:  Hold'em Limit ($3/$6 USD) - 2017/05/30 13:53:04 ET
Table 'Enif' 6-max Seat #3 is the button
Seat 3: sienvan ($48.52 in chips)
Seat 4: Whatze Phuck ($166.69 in chips)
sienvan: posts small blind $1
Whatze Phuck: posts big blind $3
*** HOLE CARDS ***
sienvan: calls $2
Whatze Phuck: raises $3 to $6
sienvan: calls $3
*** FLOP *** [5c 5d 6s]
Whatze Phuck: bets $3
sienvan: calls $3
*** TURN *** [5c 5d 6s] [4h]
Whatze Phuck: checks
sienvan: bets $6
Whatze Phuck: folds
Uncalled bet ($6) returned to sienvan
sienvan collected $17.64 from pot
sienvan: doesn't show hand
*** SUMMARY ***
Total pot $18 | Rake $0.36
Board [5c 5d 6s 4h]
Seat 3: sienvan (button) (small blind) collected ($17.64)
Seat 4: Whatze Phuck (big blind) folded on the Turn


PokerStars Hand #171120905279:  Hold'em Limit ($3/$6 USD) - 2017/05/30 13:53:51 ET
Table 'Enif' 6-max Seat #3 is the button
Seat 3: sienvan ($39.16 in chips)
Seat 4: Whatze Phuck ($175.19 in chips)
sienvan: posts small blind $1
Whatze Phuck: posts big blind $3
*** HOLE CARDS ***
sienvan: folds
Uncalled bet ($2) returned to Whatze Phuck
Whatze Phuck collected $2 from pot
Whatze Phuck: doesn't show hand
*** SUMMARY ***
Total pot $2 | Rake $0
Seat 3: sienvan (button) (small blind) folded before Flop
Seat 4: Whatze Phuck (big blind) collected ($2)


PokerStars Hand #171120884407:  Hold'em Limit ($3/$6 USD) - 2017/05/30 13:53:23 ET
Table 'Enif' 6-max Seat #4 is the button
Seat 3: sienvan ($57.16 in chips)
Seat 4: Whatze Phuck ($157.69 in chips)
Whatze Phuck: posts small blind $1
sienvan: posts big blind $3
*** HOLE CARDS ***
Whatze Phuck: raises $3 to $6
sienvan: raises $3 to $9
Whatze Phuck: calls $3
*** FLOP *** [4c 4h 7d]
sienvan: bets $3
Whatze Phuck: calls $3
*** TURN *** [4c 4h 7d] [5c]
sienvan: bets $6
Whatze Phuck: raises $6 to $12
sienvan: folds
Uncalled bet ($6) returned to Whatze Phuck
Whatze Phuck collected $35.50 from pot
Whatze Phuck: doesn't show hand
*** SUMMARY ***
Total pot $36 | Rake $0.50
Board [4c 4h 7d 5c]
Seat 3: sienvan (big blind) folded on the Turn
Seat 4: Whatze Phuck (button) (small blind) collected ($35.50)


PokerStars Hand #171120923353:  Hold'em Limit ($3/$6 USD) - 2017/05/30 13:54:15 ET
Table 'Enif' 6-max Seat #3 is the button
Seat 3: sienvan ($49.68 in chips)
Seat 4: Whatze Phuck ($164.19 in chips)
sienvan: posts small blind $1
Whatze Phuck: posts big blind $3
*** HOLE CARDS ***
sienvan: folds
Uncalled bet ($2) returned to Whatze Phuck
Whatze Phuck collected $2 from pot
Whatze Phuck: doesn't show hand
*** SUMMARY ***
Total pot $2 | Rake $0
Seat 3: sienvan (button) (small blind) folded before Flop
Seat 4: Whatze Phuck (big blind) collected ($2)


PokerStars Hand #171120908633:  Hold'em Limit ($3/$6 USD) - 2017/05/30 13:53:55 ET
Table 'Enif' 6-max Seat #4 is the button
Seat 3: sienvan ($38.16 in chips)
Seat 4: Whatze Phuck ($176.19 in chips)
Whatze Phuck: posts small blind $1
sienvan: posts big blind $3
*** HOLE CARDS ***
Whatze Phuck: raises $3 to $6
sienvan: raises $3 to $9
Whatze Phuck: calls $3
*** FLOP *** [5c Jh 3c]
sienvan: bets $3
Whatze Phuck: calls $3
*** TURN *** [5c Jh 3c] [3s]
sienvan: bets $6
Whatze Phuck: folds
Uncalled bet ($6) returned to sienvan
sienvan collected $23.52 from pot
sienvan: doesn't show hand
*** SUMMARY ***
Total pot $24 | Rake $0.48
Board [5c Jh 3c 3s]
Seat 3: sienvan (big blind) collected ($23.52)
Seat 4: Whatze Phuck (button) (small blind) folded on the Turn


PokerStars Hand #171120926837:  Hold'em Limit ($3/$6 USD) - 2017/05/30 13:54:20 ET
Table 'Enif' 6-max Seat #4 is the button
Seat 3: sienvan ($48.68 in chips)
Seat 4: Whatze Phuck ($165.19 in chips)
Whatze Phuck: posts small blind $1
sienvan: posts big blind $3
*** HOLE CARDS ***
Whatze Phuck: raises $3 to $6
sienvan: calls $3
*** FLOP *** [Td 7s Kh]
sienvan: checks
Whatze Phuck: bets $3
sienvan: calls $3
*** TURN *** [Td 7s Kh] [3d]
sienvan: checks
Whatze Phuck: bets $6
sienvan: folds
Uncalled bet ($6) returned to Whatze Phuck
Whatze Phuck collected $17.64 from pot
Whatze Phuck: doesn't show hand
*** SUMMARY ***
Total pot $18 | Rake $0.36
Board [Td 7s Kh 3d]
Seat 3: sienvan (big blind) folded on the Turn
Seat 4: Whatze Phuck (button) (small blind) collected ($17.64)


PokerStars Hand #171120980139:  Hold'em Limit ($3/$6 USD) - 2017/05/30 13:55:35 ET
Table 'Enif' 6-max Seat #4 is the button
Seat 3: sienvan ($60.18 in chips)
Seat 4: Whatze Phuck ($152.83 in chips)
Whatze Phuck: posts small blind $1
sienvan: posts big blind $3
*** HOLE CARDS ***
Whatze Phuck: raises $3 to $6
sienvan: folds
Uncalled bet ($3) returned to Whatze Phuck
Whatze Phuck collected $6 from pot
Whatze Phuck: doesn't show hand
*** SUMMARY ***
Total pot $6 | Rake $0
Seat 3: sienvan (big blind) folded before Flop
Seat 4: Whatze Phuck (button) (small blind) collected ($6)


PokerStars Hand #171120948243:  Hold'em Limit ($3/$6 USD) - 2017/05/30 13:54:48 ET
Table 'Enif' 6-max Seat #3 is the button
Seat 3: sienvan ($39.68 in chips)
Seat 4: Whatze Phuck ($173.83 in chips)
sienvan: posts small blind $1
Whatze Phuck: posts big blind $3
*** HOLE CARDS ***
sienvan: raises $3 to $6
Whatze Phuck: raises $3 to $9
sienvan: calls $3
*** FLOP *** [3d 7h 8h]
Whatze Phuck: bets $3
sienvan: raises $3 to $6
Whatze Phuck: calls $3
*** TURN *** [3d 7h 8h] [6s]
Whatze Phuck: checks
sienvan: bets $6
Whatze Phuck: calls $6
*** RIVER *** [3d 7h 8h 6s] [Ah]
Whatze Phuck: checks
sienvan: bets $6
Whatze Phuck: folds
Uncalled bet ($6) returned to sienvan
sienvan collected $41.50 from pot
sienvan: doesn't show hand
*** SUMMARY ***
Total pot $42 | Rake $0.50
Board [3d 7h 8h 6s Ah]
Seat 3: sienvan (button) (small blind) collected ($41.50)
Seat 4: Whatze Phuck (big blind) folded on the River


PokerStars Hand #171120983093:  Hold'em Limit ($3/$6 USD) - 2017/05/30 13:55:39 ET
Table 'Enif' 6-max Seat #3 is the button
Seat 3: sienvan ($57.18 in chips)
Seat 4: Whatze Phuck ($155.83 in chips)
sienvan: posts small blind $1
Whatze Phuck: posts big blind $3
*** HOLE CARDS ***
sienvan: calls $2
Whatze Phuck: checks
*** FLOP *** [Ts Qs 6s]
Whatze Phuck: checks
sienvan: bets $3
Whatze Phuck: folds
Uncalled bet ($3) returned to sienvan
sienvan collected $5.88 from pot
sienvan: doesn't show hand
*** SUMMARY ***
Total pot $6 | Rake $0.12
Board [Ts Qs 6s]
Seat 3: sienvan (button) (small blind) collected ($5.88)
Seat 4: Whatze Phuck (big blind) folded on the Flop


PokerStars Hand #171120988193:  Hold'em Limit ($3/$6 USD) - 2017/05/30 13:55:48 ET
Table 'Enif' 6-max Seat #4 is the button
Seat 3: sienvan ($60.06 in chips)
Seat 4: Whatze Phuck ($152.83 in chips)
Whatze Phuck: posts small blind $1
sienvan: posts big blind $3
*** HOLE CARDS ***
Whatze Phuck: raises $3 to $6
sienvan: raises $3 to $9
Whatze Phuck: calls $3
*** FLOP *** [6h 2h Kd]
sienvan: bets $3
Whatze Phuck: calls $3
*** TURN *** [6h 2h Kd] [Qs]
sienvan: bets $6
Whatze Phuck: calls $6
*** RIVER *** [6h 2h Kd Qs] [Qd]
sienvan: bets $6
Whatze Phuck: raises $6 to $12
sienvan: calls $6
*** SHOW DOWN ***
Whatze Phuck: shows [5d Kc] (two pair, Kings and Queens)
sienvan: shows [As Ac] (two pair, Aces and Queens)
sienvan collected $59.50 from pot
*** SUMMARY ***
Total pot $60 | Rake $0.50
Board [6h 2h Kd Qs Qd]
Seat 3: sienvan (big blind) showed [As Ac] and won ($59.50) with two pair, Aces and Queens
Seat 4: Whatze Phuck (button) (small blind) showed [5d Kc] and lost with two pair, Kings and Queens


PokerStars Hand #171120997952:  Hold'em Limit ($3/$6 USD) - 2017/05/30 13:56:04 ET
Table 'Enif' 6-max Seat #3 is the button
Seat 3: sienvan ($89.56 in chips)
Seat 4: Whatze Phuck ($122.83 in chips)
sienvan: posts small blind $1
Whatze Phuck: posts big blind $3
*** HOLE CARDS ***
sienvan: calls $2
Whatze Phuck: raises $3 to $6
sienvan: calls $3
*** FLOP *** [5s 2h 9d]
Whatze Phuck: bets $3
sienvan: calls $3
*** TURN *** [5s 2h 9d] [3s]
Whatze Phuck: checks
sienvan: checks
*** RIVER *** [5s 2h 9d 3s] [5c]
Whatze Phuck: bets $6
sienvan: folds
Uncalled bet ($6) returned to Whatze Phuck
Whatze Phuck collected $17.64 from pot
Whatze Phuck: doesn't show hand
*** SUMMARY ***
Total pot $18 | Rake $0.36
Board [5s 2h 9d 3s 5c]
Seat 3: sienvan (button) (small blind) folded on the River
Seat 4: Whatze Phuck (big blind) collected ($17.64)


PokerStars Hand #171121008580:  Hold'em Limit ($3/$6 USD) - 2017/05/30 13:56:21 ET
Table 'Enif' 6-max Seat #4 is the button
Seat 3: sienvan ($80.56 in chips)
Seat 4: Whatze Phuck ($131.47 in chips)
Whatze Phuck: posts small blind $1
sienvan: posts big blind $3
*** HOLE CARDS ***
Whatze Phuck: raises $3 to $6
sienvan: calls $3
*** FLOP *** [As 7h Jd]
sienvan: checks
Whatze Phuck: bets $3
sienvan: calls $3
*** TURN *** [As 7h Jd] [Kh]
sienvan: checks
Whatze Phuck: bets $6
sienvan: calls $6
*** RIVER *** [As 7h Jd Kh] [3h]
sienvan: checks
Whatze Phuck: bets $6
sienvan: calls $6
*** SHOW DOWN ***
Whatze Phuck: shows [Ad 5h] (a pair of Aces)
sienvan: mucks hand
Whatze Phuck collected $41.50 from pot
*** SUMMARY ***
Total pot $42 | Rake $0.50
Board [As 7h Jd Kh 3h]
Seat 3: sienvan (big blind) mucked
Seat 4: Whatze Phuck (button) (small blind) showed [Ad 5h] and won ($41.50) with a pair of Aces


PokerStars Hand #171121017546:  Hold'em Limit ($3/$6 USD) - 2017/05/30 13:56:36 ET
Table 'Enif' 6-max Seat #3 is the button
Seat 3: sienvan ($59.56 in chips)
Seat 4: Whatze Phuck ($151.97 in chips)
sienvan: posts small blind $1
Whatze Phuck: posts big blind $3
*** HOLE CARDS ***
sienvan: calls $2
Whatze Phuck: checks
*** FLOP *** [3c 3s 5s]
Whatze Phuck: checks
sienvan: bets $3
Whatze Phuck: folds
Uncalled bet ($3) returned to sienvan
sienvan collected $5.88 from pot
sienvan: doesn't show hand
*** SUMMARY ***
Total pot $6 | Rake $0.12
Board [3c 3s 5s]
Seat 3: sienvan (button) (small blind) collected ($5.88)
Seat 4: Whatze Phuck (big blind) folded on the Flop


PokerStars Hand #171121024902:  Hold'em Limit ($3/$6 USD) - 2017/05/30 13:56:48 ET
Table 'Enif' 6-max Seat #4 is the button
Seat 3: sienvan ($62.44 in chips)
Seat 4: Whatze Phuck ($148.97 in chips)
Whatze Phuck: posts small blind $1
sienvan: posts big blind $3
*** HOLE CARDS ***
Whatze Phuck: raises $3 to $6
sienvan: raises $3 to $9
Whatze Phuck: calls $3
*** FLOP *** [3h Qs 2c]
sienvan: bets $3
Whatze Phuck: folds
Uncalled bet ($3) returned to sienvan
sienvan collected $17.64 from pot
sienvan: doesn't show hand
*** SUMMARY ***
Total pot $18 | Rake $0.36
Board [3h Qs 2c]
Seat 3: sienvan (big blind) collected ($17.64)
Seat 4: Whatze Phuck (button) (small blind) folded on the Flop


PokerStars Hand #171121041923:  Hold'em Limit ($3/$6 USD) - 2017/05/30 13:57:16 ET
Table 'Enif' 6-max Seat #4 is the button
Seat 3: sienvan ($56.08 in chips)
Seat 4: Whatze Phuck ($154.47 in chips)
Whatze Phuck: posts small blind $1
sienvan: posts big blind $3
*** HOLE CARDS ***
Whatze Phuck: raises $3 to $6
sienvan: folds
Uncalled bet ($3) returned to Whatze Phuck
Whatze Phuck collected $6 from pot
Whatze Phuck: doesn't show hand
*** SUMMARY ***
Total pot $6 | Rake $0
Seat 3: sienvan (big blind) folded before Flop
Seat 4: Whatze Phuck (button) (small blind) collected ($6)


PokerStars Hand #171121030714:  Hold'em Limit ($3/$6 USD) - 2017/05/30 13:56:58 ET
Table 'Enif' 6-max Seat #3 is the button
Seat 3: sienvan ($71.08 in chips)
Seat 4: Whatze Phuck ($139.97 in chips)
sienvan: posts small blind $1
Whatze Phuck: posts big blind $3
*** HOLE CARDS ***
sienvan: raises $3 to $6
Whatze Phuck: calls $3
*** FLOP *** [8h 7d Tc]
Whatze Phuck: checks
sienvan: bets $3
Whatze Phuck: calls $3
*** TURN *** [8h 7d Tc] [5h]
Whatze Phuck: checks
sienvan: bets $6
Whatze Phuck: calls $6
*** RIVER *** [8h 7d Tc 5h] [Qs]
Whatze Phuck: checks
sienvan: checks
*** SHOW DOWN ***
Whatze Phuck: shows [9s Qc] (a pair of Queens)
sienvan: mucks hand
Whatze Phuck collected $29.50 from pot
*** SUMMARY ***
Total pot $30 | Rake $0.50
Board [8h 7d Tc 5h Qs]
Seat 3: sienvan (button) (small blind) mucked
Seat 4: Whatze Phuck (big blind) showed [9s Qc] and won ($29.50) with a pair of Queens


PokerStars Hand #171121045689:  Hold'em Limit ($3/$6 USD) - 2017/05/30 13:57:21 ET
Table 'Enif' 6-max Seat #3 is the button
Seat 3: sienvan ($53.08 in chips)
Seat 4: Whatze Phuck ($157.47 in chips)
sienvan: posts small blind $1
Whatze Phuck: posts big blind $3
*** HOLE CARDS ***
sienvan: folds
Uncalled bet ($2) returned to Whatze Phuck
Whatze Phuck collected $2 from pot
Whatze Phuck: doesn't show hand
*** SUMMARY ***
Total pot $2 | Rake $0
Seat 3: sienvan (button) (small blind) folded before Flop
Seat 4: Whatze Phuck (big blind) collected ($2)


PokerStars Hand #171121048401:  Hold'em Limit ($3/$6 USD) - 2017/05/30 13:57:26 ET
Table 'Enif' 6-max Seat #4 is the button
Seat 3: sienvan ($52.08 in chips)
Seat 4: Whatze Phuck ($158.47 in chips)
Whatze Phuck: posts small blind $1
sienvan: posts big blind $3
*** HOLE CARDS ***
Whatze Phuck: raises $3 to $6
sienvan: calls $3
*** FLOP *** [7s 7h 3d]
sienvan: checks
Whatze Phuck: bets $3
sienvan: calls $3
*** TURN *** [7s 7h 3d] [Ah]
sienvan: checks
Whatze Phuck: bets $6
sienvan: calls $6
*** RIVER *** [7s 7h 3d Ah] [9s]
sienvan: checks
Whatze Phuck: checks
*** SHOW DOWN ***
sienvan: shows [Jh 4h] (a pair of Sevens)
Whatze Phuck: shows [Qs Jd] (a pair of Sevens - Ace+Queen kicker)
Whatze Phuck collected $29.50 from pot
*** SUMMARY ***
Total pot $30 | Rake $0.50
Board [7s 7h 3d Ah 9s]
Seat 3: sienvan (big blind) showed [Jh 4h] and lost with a pair of Sevens
Seat 4: Whatze Phuck (button) (small blind) showed [Qs Jd] and won ($29.50) with a pair of Sevens


PokerStars Hand #171121059514:  Hold'em Limit ($3/$6 USD) - 2017/05/30 13:57:43 ET
Table 'Enif' 6-max Seat #3 is the button
Seat 3: sienvan ($37.08 in chips)
Seat 4: Whatze Phuck ($172.97 in chips)
sienvan: posts small blind $1
Whatze Phuck: posts big blind $3
*** HOLE CARDS ***
sienvan: raises $3 to $6
Whatze Phuck: calls $3
*** FLOP *** [5d 6s 2c]
Whatze Phuck: checks
sienvan: checks
*** TURN *** [5d 6s 2c] [Ah]
Whatze Phuck: checks
sienvan: bets $6
Whatze Phuck: raises $6 to $12
sienvan: folds
Uncalled bet ($6) returned to Whatze Phuck
Whatze Phuck collected $23.52 from pot
Whatze Phuck: doesn't show hand
*** SUMMARY ***
Total pot $24 | Rake $0.48
Board [5d 6s 2c Ah]
Seat 3: sienvan (button) (small blind) folded on the Turn
Seat 4: Whatze Phuck (big blind) collected ($23.52)


PokerStars Hand #171121068105:  Hold'em Limit ($3/$6 USD) - 2017/05/30 13:57:56 ET
Table 'Enif' 6-max Seat #4 is the button
Seat 3: sienvan ($25.08 in chips)
Seat 4: Whatze Phuck ($184.49 in chips)
Whatze Phuck: posts small blind $1
sienvan: posts big blind $3
*** HOLE CARDS ***
Whatze Phuck: raises $3 to $6
sienvan: calls $3
*** FLOP *** [6h 4c Ac]
sienvan: checks
Whatze Phuck: bets $3
sienvan: folds
Uncalled bet ($3) returned to Whatze Phuck
Whatze Phuck collected $11.76 from pot
Whatze Phuck: doesn't show hand
*** SUMMARY ***
Total pot $12 | Rake $0.24
Board [6h 4c Ac]
Seat 3: sienvan (big blind) folded on the Flop
Seat 4: Whatze Phuck (button) (small blind) collected ($11.76)


PokerStars Hand #171121074087:  Hold'em Limit ($3/$6 USD) - 2017/05/30 13:58:05 ET
Table 'Enif' 6-max Seat #3 is the button
Seat 3: sienvan ($19.08 in chips)
Seat 4: Whatze Phuck ($190.25 in chips)
sienvan: posts small blind $1
Whatze Phuck: posts big blind $3
*** HOLE CARDS ***
sienvan: raises $3 to $6
Whatze Phuck: calls $3
*** FLOP *** [Qs Jh Ks]
Whatze Phuck: checks
sienvan: bets $3
Whatze Phuck: calls $3
*** TURN *** [Qs Jh Ks] [6d]
Whatze Phuck: checks
sienvan: checks
*** RIVER *** [Qs Jh Ks 6d] [Kh]
Whatze Phuck: bets $6
sienvan: folds
Uncalled bet ($6) returned to Whatze Phuck
Whatze Phuck collected $17.64 from pot
Whatze Phuck: doesn't show hand
*** SUMMARY ***
Total pot $18 | Rake $0.36
Board [Qs Jh Ks 6d Kh]
Seat 3: sienvan (button) (small blind) folded on the River
Seat 4: Whatze Phuck (big blind) collected ($17.64)


PokerStars Hand #171121084628:  Hold'em Limit ($3/$6 USD) - 2017/05/30 13:58:21 ET
Table 'Enif' 6-max Seat #4 is the button
Seat 3: sienvan ($10.08 in chips)
Seat 4: Whatze Phuck ($198.89 in chips)
Whatze Phuck: posts small blind $1
sienvan: posts big blind $3
*** HOLE CARDS ***
Whatze Phuck: raises $3 to $6
sienvan: folds
Uncalled bet ($3) returned to Whatze Phuck
Whatze Phuck collected $6 from pot
Whatze Phuck: doesn't show hand
*** SUMMARY ***
Total pot $6 | Rake $0
Seat 3: sienvan (big blind) folded before Flop
Seat 4: Whatze Phuck (button) (small blind) collected ($6)


PokerStars Hand #171121088659:  Hold'em Limit ($3/$6 USD) - 2017/05/30 13:58:27 ET
Table 'Enif' 6-max Seat #3 is the button
Seat 3: sienvan ($7.08 in chips)
Seat 4: Whatze Phuck ($201.89 in chips)
sienvan: posts small blind $1
Whatze Phuck: posts big blind $3
*** HOLE CARDS ***
sienvan: raises $3 to $6
Whatze Phuck: calls $3
*** FLOP *** [3h As Qd]
Whatze Phuck: checks
sienvan: bets $1.08 and is all-in
Whatze Phuck: calls $1.08
*** TURN *** [3h As Qd] [8h]
*** RIVER *** [3h As Qd 8h] [Kh]
*** SHOW DOWN ***
Whatze Phuck: shows [Ah 5c] (a pair of Aces)
sienvan: shows [5h 6h] (a flush, King high)
sienvan collected $13.88 from pot
*** SUMMARY ***
Total pot $14.16 | Rake $0.28
Board [3h As Qd 8h Kh]
Seat 3: sienvan (button) (small blind) showed [5h 6h] and won ($13.88) with a flush, King high
Seat 4: Whatze Phuck (big blind) showed [Ah 5c] and lost with a pair of Aces


PokerStars Hand #171121098215:  Hold'em Limit ($3/$6 USD) - 2017/05/30 13:58:42 ET
Table 'Enif' 6-max Seat #4 is the button
Seat 3: sienvan ($13.88 in chips)
Seat 4: Whatze Phuck ($194.81 in chips)
Whatze Phuck: posts small blind $1
sienvan: posts big blind $3
*** HOLE CARDS ***
Whatze Phuck: raises $3 to $6
sienvan: raises $3 to $9
Whatze Phuck: calls $3
*** FLOP *** [9d 6d Kc]
sienvan: bets $3
Whatze Phuck: raises $3 to $6
sienvan: calls $1.88 and is all-in
Uncalled bet ($1.12) returned to Whatze Phuck
*** TURN *** [9d 6d Kc] [Jh]
*** RIVER *** [9d 6d Kc Jh] [Qs]
*** SHOW DOWN ***
sienvan: shows [2c 2d] (a pair of Deuces)
Whatze Phuck: shows [7c 9c] (a pair of Nines)
Whatze Phuck collected $27.26 from pot
*** SUMMARY ***
Total pot $27.76 | Rake $0.50
Board [9d 6d Kc Jh Qs]
Seat 3: sienvan (big blind) showed [2c 2d] and lost with a pair of Deuces
Seat 4: Whatze Phuck (button) (small blind) showed [7c 9c] and won ($27.26) with a pair of Nines


PokerStars Hand #171121129108:  Hold'em Limit ($3/$6 USD) - 2017/05/30 13:59:30 ET
Table 'Enif' 6-max Seat #3 is the button
Seat 3: BAD-Chri$$y ($113.93 in chips)
Seat 4: Whatze Phuck ($208.19 in chips)
BAD-Chri$$y: posts small blind $1
Whatze Phuck: posts big blind $3
*** HOLE CARDS ***
BAD-Chri$$y: raises $3 to $6
Whatze Phuck: calls $3
*** FLOP *** [Ad Ts 4s]
Whatze Phuck: checks
BAD-Chri$$y: checks
*** TURN *** [Ad Ts 4s] [3h]
Whatze Phuck: bets $6
BAD-Chri$$y: raises $6 to $12
Whatze Phuck: calls $6
*** RIVER *** [Ad Ts 4s 3h] [Js]
Whatze Phuck: checks
BAD-Chri$$y: checks
*** SHOW DOWN ***
Whatze Phuck: shows [7c 5s] (high card Ace)
BAD-Chri$$y: shows [Qh 9d] (high card Ace - Queen kicker)
BAD-Chri$$y collected $35.50 from pot
*** SUMMARY ***
Total pot $36 | Rake $0.50
Board [Ad Ts 4s 3h Js]
Seat 3: BAD-Chri$$y (button) (small blind) showed [Qh 9d] and won ($35.50) with high card Ace
Seat 4: Whatze Phuck (big blind) showed [7c 5s] and lost with high card Ace


PokerStars Hand #171121139074:  Hold'em Limit ($3/$6 USD) - 2017/05/30 13:59:46 ET
Table 'Enif' 6-max Seat #4 is the button
Seat 3: BAD-Chri$$y ($131.43 in chips)
Seat 4: Whatze Phuck ($190.19 in chips)
Whatze Phuck: posts small blind $1
BAD-Chri$$y: posts big blind $3
*** HOLE CARDS ***
Whatze Phuck: raises $3 to $6
BAD-Chri$$y: calls $3
*** FLOP *** [2s 4c Ah]
BAD-Chri$$y: checks
Whatze Phuck: bets $3
BAD-Chri$$y: raises $3 to $6
Whatze Phuck: calls $3
*** TURN *** [2s 4c Ah] [Kc]
BAD-Chri$$y: bets $6
Whatze Phuck: folds
Uncalled bet ($6) returned to BAD-Chri$$y
BAD-Chri$$y collected $23.52 from pot
BAD-Chri$$y: doesn't show hand
*** SUMMARY ***
Total pot $24 | Rake $0.48
Board [2s 4c Ah Kc]
Seat 3: BAD-Chri$$y (big blind) collected ($23.52)
Seat 4: Whatze Phuck (button) (small blind) folded on the Turn


PokerStars Hand #171121152239:  Hold'em Limit ($3/$6 USD) - 2017/05/30 14:00:07 ET
Table 'Enif' 6-max Seat #3 is the button
Seat 3: BAD-Chri$$y ($142.95 in chips)
Seat 4: Whatze Phuck ($178.19 in chips)
BAD-Chri$$y: posts small blind $1
Whatze Phuck: posts big blind $3
*** HOLE CARDS ***
BAD-Chri$$y: calls $2
Whatze Phuck: checks
*** FLOP *** [Ks 5s 5d]
Whatze Phuck: checks
BAD-Chri$$y: bets $3
Whatze Phuck: folds
Uncalled bet ($3) returned to BAD-Chri$$y
BAD-Chri$$y collected $5.88 from pot
BAD-Chri$$y: doesn't show hand
*** SUMMARY ***
Total pot $6 | Rake $0.12
Board [Ks 5s 5d]
Seat 3: BAD-Chri$$y (button) (small blind) collected ($5.88)
Seat 4: Whatze Phuck (big blind) folded on the Flop


PokerStars Hand #171121171912:  Hold'em Limit ($3/$6 USD) - 2017/05/30 14:00:36 ET
Table 'Enif' 6-max Seat #3 is the button
Seat 3: BAD-Chri$$y ($136.83 in chips)
Seat 4: Whatze Phuck ($183.83 in chips)
BAD-Chri$$y: posts small blind $1
Whatze Phuck: posts big blind $3
*** HOLE CARDS ***
BAD-Chri$$y: folds
Uncalled bet ($2) returned to Whatze Phuck
Whatze Phuck collected $2 from pot
Whatze Phuck: doesn't show hand
*** SUMMARY ***
Total pot $2 | Rake $0
Seat 3: BAD-Chri$$y (button) (small blind) folded before Flop
Seat 4: Whatze Phuck (big blind) collected ($2)


PokerStars Hand #171121159222:  Hold'em Limit ($3/$6 USD) - 2017/05/30 14:00:17 ET
Table 'Enif' 6-max Seat #4 is the button
Seat 3: BAD-Chri$$y ($145.83 in chips)
Seat 4: Whatze Phuck ($175.19 in chips)
Whatze Phuck: posts small blind $1
BAD-Chri$$y: posts big blind $3
*** HOLE CARDS ***
Whatze Phuck: raises $3 to $6
BAD-Chri$$y: raises $3 to $9
Whatze Phuck: calls $3
*** FLOP *** [2c 7s Tc]
BAD-Chri$$y: checks
Whatze Phuck: checks
*** TURN *** [2c 7s Tc] [8s]
BAD-Chri$$y: checks
Whatze Phuck: checks
*** RIVER *** [2c 7s Tc 8s] [5c]
BAD-Chri$$y: checks
Whatze Phuck: bets $6
BAD-Chri$$y: folds
Uncalled bet ($6) returned to Whatze Phuck
Whatze Phuck collected $17.64 from pot
Whatze Phuck: doesn't show hand
*** SUMMARY ***
Total pot $18 | Rake $0.36
Board [2c 7s Tc 8s 5c]
Seat 3: BAD-Chri$$y (big blind) folded on the River
Seat 4: Whatze Phuck (button) (small blind) collected ($17.64)


PokerStars Hand #171121174984:  Hold'em Limit ($3/$6 USD) - 2017/05/30 14:00:41 ET
Table 'Enif' 6-max Seat #4 is the button
Seat 3: BAD-Chri$$y ($135.83 in chips)
Seat 4: Whatze Phuck ($184.83 in chips)
Whatze Phuck: posts small blind $1
BAD-Chri$$y: posts big blind $3
*** HOLE CARDS ***
RockKillerTY joins the table at seat #5
Whatze Phuck: raises $3 to $6
BAD-Chri$$y: calls $3
*** FLOP *** [5c As Ks]
BAD-Chri$$y: checks
Whatze Phuck: bets $3
BAD-Chri$$y: folds
Uncalled bet ($3) returned to Whatze Phuck
Whatze Phuck collected $11.76 from pot
Whatze Phuck: doesn't show hand
*** SUMMARY ***
Total pot $12 | Rake $0.24
Board [5c As Ks]
Seat 3: BAD-Chri$$y (big blind) folded on the Flop
Seat 4: Whatze Phuck (button) (small blind) collected ($11.76)


PokerStars Hand #171121182060:  Hold'em Limit ($3/$6 USD) - 2017/05/30 14:00:52 ET
Table 'Enif' 6-max Seat #3 is the button
Seat 3: BAD-Chri$$y ($129.83 in chips)
Seat 4: Whatze Phuck ($190.59 in chips)
BAD-Chri$$y: posts small blind $1
Whatze Phuck: posts big blind $3
*** HOLE CARDS ***
BAD-Chri$$y: calls $2
Whatze Phuck: checks
*** FLOP *** [9c 5s 2d]
Whatze Phuck: checks
BAD-Chri$$y: checks
*** TURN *** [9c 5s 2d] [3s]
Whatze Phuck: checks
BAD-Chri$$y: bets $6
Whatze Phuck: calls $6
*** RIVER *** [9c 5s 2d 3s] [3d]
Whatze Phuck: checks
BAD-Chri$$y: bets $6
Whatze Phuck: calls $6
*** SHOW DOWN ***
BAD-Chri$$y: shows [6s 4s] (a straight, Deuce to Six)
Whatze Phuck: mucks hand
BAD-Chri$$y collected $29.50 from pot
*** SUMMARY ***
Total pot $30 | Rake $0.50
Board [9c 5s 2d 3s 3d]
Seat 3: BAD-Chri$$y (button) (small blind) showed [6s 4s] and won ($29.50) with a straight, Deuce to Six
Seat 4: Whatze Phuck (big blind) mucked


PokerStars Hand #171121938459:  Hold'em Limit ($3/$6 USD) - 2017/05/30 14:17:07 ET
Table 'Enif' 6-max Seat #5 is the button
Seat 4: Whatze Phuck ($164.68 in chips)
Seat 5: Steelmen24 ($444.98 in chips)
Steelmen24: posts small blind $1
Whatze Phuck: posts big blind $3
*** HOLE CARDS ***
Steelmen24: raises $3 to $6
Whatze Phuck: raises $3 to $9
Steelmen24: calls $3
*** FLOP *** [5c Th 9s]
Whatze Phuck: bets $3
Steelmen24: calls $3
*** TURN *** [5c Th 9s] [Kc]
Whatze Phuck: checks
Steelmen24: bets $6
Whatze Phuck: calls $6
*** RIVER *** [5c Th 9s Kc] [3h]
Whatze Phuck: checks
Steelmen24: bets $6
Whatze Phuck: calls $6
*** SHOW DOWN ***
Steelmen24: shows [Jc 8d] (high card King)
Whatze Phuck: shows [Ad Jd] (high card Ace)
Whatze Phuck collected $47.50 from pot
*** SUMMARY ***
Total pot $48 | Rake $0.50
Board [5c Th 9s Kc 3h]
Seat 4: Whatze Phuck (big blind) showed [Ad Jd] and won ($47.50) with high card Ace
Seat 5: Steelmen24 (button) (small blind) showed [Jc 8d] and lost with high card King


