PokerStars Hand #144421905571:  Hold'em Limit ($3/$6 USD) - 2015/11/26 14:24:11 ET
Table 'Enif III' 6-max Seat #1 is the button
Seat 1: hooverr ($191.33 in chips)
Seat 6: vestimokrec ($293.65 in chips)
hooverr: posts small blind $1
artiZzt: is sitting out
HappyHb95: is sitting out
vestimokrec: posts big blind $3
*** HOLE CARDS ***
hooverr: raises $3 to $6
vestimokrec: calls $3
*** FLOP *** [Td 7c Kh]
vestimokrec: checks
hooverr: bets $3
vestimokrec: calls $3
*** TURN *** [Td 7c Kh] [4s]
vestimokrec: checks
SashaYuvelir joins the table at seat #3
hooverr: checks
*** RIVER *** [Td 7c Kh 4s] [9c]
vestimokrec: bets $6
hooverr: calls $6
*** SHOW DOWN ***
vestimokrec: shows [9s 6h] (a pair of Nines)
hooverr: shows [Tc 6c] (a pair of Tens)
hooverr collected $29.50 from pot
*** SUMMARY ***
Total pot $30 | Rake $0.50
Board [Td 7c Kh 4s 9c]
Seat 1: hooverr (button) (small blind) showed [Tc 6c] and won ($29.50) with a pair of Tens
Seat 6: vestimokrec (big blind) showed [9s 6h] and lost with a pair of Nines


PokerStars Hand #144421950446:  Hold'em Limit ($3/$6 USD) - 2015/11/26 14:25:00 ET
Table 'Enif III' 6-max Seat #6 is the button
Seat 1: hooverr ($205.83 in chips)
Seat 6: vestimokrec ($278.65 in chips)
vestimokrec: posts small blind $1
hooverr: posts big blind $3
*** HOLE CARDS ***
vestimokrec: raises $3 to $6
hooverr: calls $3
*** FLOP *** [9s Jc 4h]
hooverr: checks
vestimokrec: bets $3
hooverr: calls $3
*** TURN *** [9s Jc 4h] [5h]
hooverr: checks
vestimokrec: checks
*** RIVER *** [9s Jc 4h 5h] [5c]
hooverr: bets $6
vestimokrec: folds
Uncalled bet ($6) returned to hooverr
hooverr collected $17.64 from pot
hooverr: doesn't show hand
*** SUMMARY ***
Total pot $18 | Rake $0.36
Board [9s Jc 4h 5h 5c]
Seat 1: hooverr (big blind) collected ($17.64)
Seat 6: vestimokrec (button) (small blind) folded on the River


PokerStars Hand #144422251249:  Hold'em Limit ($3/$6 USD) - 2015/11/26 14:30:28 ET
Table 'Enif III' 6-max Seat #3 is the button
Seat 1: hooverr ($189.39 in chips)
Seat 3: SashaYuvelir ($85.83 in chips)
SashaYuvelir: posts small blind $1
HappyHb95: is sitting out
hooverr: posts big blind $3
*** HOLE CARDS ***
SashaYuvelir: raises $3 to $6
hooverr: calls $3
*** FLOP *** [4h 5s Jc]
hooverr: checks
SashaYuvelir: bets $3
hooverr: folds
Uncalled bet ($3) returned to SashaYuvelir
SashaYuvelir collected $11.76 from pot
SashaYuvelir: doesn't show hand
*** SUMMARY ***
Total pot $12 | Rake $0.24
Board [4h 5s Jc]
Seat 1: hooverr (big blind) folded on the Flop
Seat 3: SashaYuvelir (button) (small blind) collected ($11.76)


PokerStars Hand #144422306765:  Hold'em Limit ($3/$6 USD) - 2015/11/26 14:31:27 ET
Table 'Enif III' 6-max Seat #1 is the button
Seat 1: hooverr ($168.03 in chips)
Seat 3: SashaYuvelir ($106.09 in chips)
hooverr: posts small blind $1
artiZzt was removed from the table for failing to post
SashaYuvelir: posts big blind $3
*** HOLE CARDS ***
hooverr: folds
Uncalled bet ($2) returned to SashaYuvelir
SashaYuvelir collected $2 from pot
SashaYuvelir: doesn't show hand
*** SUMMARY ***
Total pot $2 | Rake $0
Seat 1: hooverr (button) (small blind) folded before Flop
Seat 3: SashaYuvelir (big blind) collected ($2)


PokerStars Hand #144422289976:  Hold'em Limit ($3/$6 USD) - 2015/11/26 14:31:09 ET
Table 'Enif III' 6-max Seat #3 is the button
Seat 1: hooverr ($159.39 in chips)
Seat 3: SashaYuvelir ($115.09 in chips)
SashaYuvelir: posts small blind $1
hooverr: posts big blind $3
*** HOLE CARDS ***
SashaYuvelir: raises $3 to $6
hooverr: calls $3
*** FLOP *** [6c 5s 8d]
hooverr: checks
SashaYuvelir: bets $3
hooverr: raises $3 to $6
SashaYuvelir: folds
Uncalled bet ($3) returned to hooverr
hooverr collected $17.64 from pot
hooverr: doesn't show hand
*** SUMMARY ***
Total pot $18 | Rake $0.36
Board [6c 5s 8d]
Seat 1: hooverr (big blind) collected ($17.64)
Seat 3: SashaYuvelir (button) (small blind) folded on the Flop


PokerStars Hand #144422265313:  Hold'em Limit ($3/$6 USD) - 2015/11/26 14:30:43 ET
Table 'Enif III' 6-max Seat #1 is the button
Seat 1: hooverr ($183.39 in chips)
Seat 3: SashaYuvelir ($91.59 in chips)
hooverr: posts small blind $1
SashaYuvelir: posts big blind $3
*** HOLE CARDS ***
hooverr: raises $3 to $6
SashaYuvelir: raises $3 to $9
hooverr: raises $3 to $12
Betting is capped
SashaYuvelir: calls $3
*** FLOP *** [9c Qs Tc]
SashaYuvelir: checks
hooverr: checks
*** TURN *** [9c Qs Tc] [7d]
SashaYuvelir: bets $6
hooverr: calls $6
*** RIVER *** [9c Qs Tc 7d] [2c]
SashaYuvelir: bets $6
hooverr: calls $6
*** SHOW DOWN ***
SashaYuvelir: shows [9s 9h] (three of a kind, Nines)
hooverr: mucks hand
SashaYuvelir collected $47.50 from pot
*** SUMMARY ***
Total pot $48 | Rake $0.50
Board [9c Qs Tc 7d 2c]
Seat 1: hooverr (button) (small blind) mucked
Seat 3: SashaYuvelir (big blind) showed [9s 9h] and won ($47.50) with three of a kind, Nines


PokerStars Hand #144422312008:  Hold'em Limit ($3/$6 USD) - 2015/11/26 14:31:33 ET
Table 'Enif III' 6-max Seat #3 is the button
Seat 1: hooverr ($167.03 in chips)
Seat 3: SashaYuvelir ($107.09 in chips)
SashaYuvelir: posts small blind $1
steinchen was removed from the table for failing to post
hooverr: posts big blind $3
*** HOLE CARDS ***
SashaYuvelir: raises $3 to $6
hooverr: raises $3 to $9
SashaYuvelir: calls $3
*** FLOP *** [8d 2c 9h]
hooverr: bets $3
SashaYuvelir: calls $3
*** TURN *** [8d 2c 9h] [8s]
hooverr: bets $6
vestimokrec leaves the table
SashaYuvelir: folds
Uncalled bet ($6) returned to hooverr
hooverr collected $23.52 from pot
hooverr: doesn't show hand
*** SUMMARY ***
Total pot $24 | Rake $0.48
Board [8d 2c 9h 8s]
Seat 1: hooverr (big blind) collected ($23.52)
Seat 3: SashaYuvelir (button) (small blind) folded on the Turn


PokerStars Hand #144422329763:  Hold'em Limit ($3/$6 USD) - 2015/11/26 14:31:52 ET
Table 'Enif III' 6-max Seat #1 is the button
Seat 1: hooverr ($178.55 in chips)
Seat 3: SashaYuvelir ($95.09 in chips)
hooverr: posts small blind $1
SashaYuvelir: posts big blind $3
*** HOLE CARDS ***
scorpio04 joins the table at seat #5
hooverr: raises $3 to $6
SashaYuvelir: folds
Uncalled bet ($3) returned to hooverr
hooverr collected $6 from pot
hooverr: doesn't show hand
*** SUMMARY ***
Total pot $6 | Rake $0
Seat 1: hooverr (button) (small blind) collected ($6)
Seat 3: SashaYuvelir (big blind) folded before Flop


