PokerStars Hand #144438085443:  Hold'em Limit ($3/$6 USD) - 2015/11/26 20:03:34 ET
Table 'Enif III' 6-max Seat #2 is the button
Seat 2: HappyHb95 ($195.47 in chips)
Seat 3: korrnel ($139.24 in chips)
HappyHb95: posts small blind $1
korrnel: posts big blind $3
*** HOLE CARDS ***
vestimokrec leaves the table
HappyHb95: folds
Uncalled bet ($2) returned to korrnel
korrnel collected $2 from pot
korrnel: doesn't show hand
HappyHb95 leaves the table
*** SUMMARY ***
Total pot $2 | Rake $0
Seat 2: HappyHb95 (button) (small blind) folded before Flop
Seat 3: korrnel (big blind) collected ($2)


PokerStars Hand #144438069619:  Hold'em Limit ($3/$6 USD) - 2015/11/26 20:03:04 ET
Table 'Enif III' 6-max Seat #3 is the button
Seat 2: HappyHb95 ($180.97 in chips)
Seat 3: korrnel ($154.24 in chips)
korrnel: posts small blind $1
vestimokrec: is sitting out
ValeryRon: is sitting out
HappyHb95: posts big blind $3
*** HOLE CARDS ***
korrnel: raises $3 to $6
HappyHb95: calls $3
*** FLOP *** [2h Kc 7d]
HappyHb95: bets $3
korrnel: calls $3
*** TURN *** [2h Kc 7d] [4h]
Zubasa07 leaves the table
HappyHb95: bets $6
korrnel: calls $6
*** RIVER *** [2h Kc 7d 4h] [Qs]
HappyHb95: checks
korrnel: checks
*** SHOW DOWN ***
HappyHb95: shows [Jc 2c] (a pair of Deuces)
korrnel: mucks hand
HappyHb95 collected $29.50 from pot
ValeryRon leaves the table
*** SUMMARY ***
Total pot $30 | Rake $0.50
Board [2h Kc 7d 4h Qs]
Seat 2: HappyHb95 (big blind) showed [Jc 2c] and won ($29.50) with a pair of Deuces
Seat 3: korrnel (button) (small blind) mucked


