PokerStars Hand #175662177811:  Hold'em Limit ($3/$6 USD) - 2017/09/15 2:21:26 ET
Table 'Enif' 6-max Seat #4 is the button
Seat 2: Mordnilap ($116.21 in chips)
Seat 4: Agrotait ($49.25 in chips)
Agrotait: posts small blind $1
Mordnilap: posts big blind $3
*** HOLE CARDS ***
Agrotait: folds
Uncalled bet ($2) returned to Mordnilap
Mordnilap collected $2 from pot
*** SUMMARY ***
Total pot $2 | Rake $0
Seat 2: Mordnilap (big blind) collected ($2)
Seat 4: Agrotait (button) (small blind) folded before Flop


PokerStars Hand #175662175699:  Hold'em Limit ($3/$6 USD) - 2017/09/15 2:21:17 ET
Table 'Enif' 6-max Seat #2 is the button
Seat 2: Mordnilap ($117.21 in chips)
Seat 4: Agrotait ($48.25 in chips)
Mordnilap: posts small blind $1
Agrotait: posts big blind $3
*** HOLE CARDS ***
pokeychic leaves the table
Mordnilap: folds
Uncalled bet ($2) returned to Agrotait
Agrotait collected $2 from pot
Agrotait: doesn't show hand
*** SUMMARY ***
Total pot $2 | Rake $0
Seat 2: Mordnilap (button) (small blind) folded before Flop
Seat 4: Agrotait (big blind) collected ($2)


PokerStars Hand #175695487676:  Hold'em Limit ($3/$6 USD) - 2017/09/15 19:15:22 ET
Table 'Enif' 6-max Seat #3 is the button
Seat 3: Ag3r0n ($72 in chips)
Seat 4: igorkabmw ($34 in chips)
Ag3r0n: posts small blind $1
igorkabmw: posts big blind $3
*** HOLE CARDS ***
Ag3r0n: raises $3 to $6
igorkabmw: calls $3
*** FLOP *** [3c 5h Kd]
igorkabmw: bets $3
Ag3r0n: raises $3 to $6
igorkabmw: calls $3
*** TURN *** [3c 5h Kd] [4d]
igorkabmw: checks
Ag3r0n: bets $6
igorkabmw: calls $6
*** RIVER *** [3c 5h Kd 4d] [2d]
igorkabmw: checks
Ag3r0n: checks
*** SHOW DOWN ***
igorkabmw: shows [6h 3h] (a straight, Deuce to Six)
Ag3r0n: mucks hand
igorkabmw collected $35.50 from pot
*** SUMMARY ***
Total pot $36 | Rake $0.50
Board [3c 5h Kd 4d 2d]
Seat 3: Ag3r0n (button) (small blind) mucked
Seat 4: igorkabmw (big blind) showed [6h 3h] and won ($35.50) with a straight, Deuce to Six


PokerStars Hand #175695508701:  Hold'em Limit ($3/$6 USD) - 2017/09/15 19:15:57 ET
Table 'Enif' 6-max Seat #3 is the button
Seat 3: Ag3r0n ($73 in chips)
Seat 4: igorkabmw ($50.50 in chips)
Ag3r0n: posts small blind $1
igorkabmw: posts big blind $3
*** HOLE CARDS ***
vestimokrec joins the table at seat #5
Ag3r0n: folds
Uncalled bet ($2) returned to igorkabmw
igorkabmw collected $2 from pot
*** SUMMARY ***
Total pot $2 | Rake $0
Seat 3: Ag3r0n (button) (small blind) folded before Flop
Seat 4: igorkabmw (big blind) collected ($2)


PokerStars Hand #175695504942:  Hold'em Limit ($3/$6 USD) - 2017/09/15 19:15:51 ET
Table 'Enif' 6-max Seat #4 is the button
Seat 3: Ag3r0n ($72 in chips)
Seat 4: igorkabmw ($51.50 in chips)
igorkabmw: posts small blind $1
Ag3r0n: posts big blind $3
*** HOLE CARDS ***
igorkabmw: folds
Uncalled bet ($2) returned to Ag3r0n
Ag3r0n collected $2 from pot
Ag3r0n: doesn't show hand
*** SUMMARY ***
Total pot $2 | Rake $0
Seat 3: Ag3r0n (big blind) collected ($2)
Seat 4: igorkabmw (button) (small blind) folded before Flop


PokerStars Hand #175695749169:  Hold'em Limit ($3/$6 USD) - 2017/09/15 19:22:29 ET
Table 'Enif' 6-max Seat #4 is the button
Seat 4: igorkabmw ($20.54 in chips)
Seat 5: vestimokrec ($79.24 in chips)
igorkabmw: posts small blind $1
vestimokrec: posts big blind $3
*** HOLE CARDS ***
igorkabmw: calls $2
vestimokrec: checks
*** FLOP *** [Js 5c 6h]
vestimokrec: checks
igorkabmw: checks
*** TURN *** [Js 5c 6h] [6c]
vestimokrec: bets $6
igorkabmw: folds
Uncalled bet ($6) returned to vestimokrec
vestimokrec collected $5.88 from pot
vestimokrec: doesn't show hand
*** SUMMARY ***
Total pot $6 | Rake $0.12
Board [Js 5c 6h 6c]
Seat 4: igorkabmw (button) (small blind) folded on the Turn
Seat 5: vestimokrec (big blind) collected ($5.88)


PokerStars Hand #175695731816:  Hold'em Limit ($3/$6 USD) - 2017/09/15 19:22:00 ET
Table 'Enif' 6-max Seat #5 is the button
Seat 4: igorkabmw ($14.78 in chips)
Seat 5: vestimokrec ($85.24 in chips)
vestimokrec: posts small blind $1
igorkabmw: posts big blind $3
*** HOLE CARDS ***
vestimokrec: raises $3 to $6
igorkabmw: calls $3
*** FLOP *** [9h Qs 4h]
igorkabmw: bets $3
vestimokrec: folds
Uncalled bet ($3) returned to igorkabmw
igorkabmw collected $11.76 from pot
*** SUMMARY ***
Total pot $12 | Rake $0.24
Board [9h Qs 4h]
Seat 4: igorkabmw (big blind) collected ($11.76)
Seat 5: vestimokrec (button) (small blind) folded on the Flop


PokerStars Hand #175695793757:  Hold'em Limit ($3/$6 USD) - 2017/09/15 19:23:45 ET
Table 'Enif' 6-max Seat #4 is the button
Seat 4: igorkabmw ($29.82 in chips)
Seat 5: vestimokrec ($69.12 in chips)
igorkabmw: posts small blind $1
vestimokrec: posts big blind $3
*** HOLE CARDS ***
igorkabmw: raises $3 to $6
vestimokrec: calls $3
*** FLOP *** [7c Qs Ah]
vestimokrec: checks
igorkabmw: bets $3
vestimokrec: folds
Uncalled bet ($3) returned to igorkabmw
igorkabmw collected $11.76 from pot
*** SUMMARY ***
Total pot $12 | Rake $0.24
Board [7c Qs Ah]
Seat 4: igorkabmw (button) (small blind) collected ($11.76)
Seat 5: vestimokrec (big blind) folded on the Flop


PokerStars Hand #175695789930:  Hold'em Limit ($3/$6 USD) - 2017/09/15 19:23:38 ET
Table 'Enif' 6-max Seat #5 is the button
Seat 4: igorkabmw ($32.82 in chips)
Seat 5: vestimokrec ($66.12 in chips)
vestimokrec: posts small blind $1
igorkabmw: posts big blind $3
*** HOLE CARDS ***
vestimokrec: raises $3 to $6
igorkabmw: folds
Uncalled bet ($3) returned to vestimokrec
vestimokrec collected $6 from pot
vestimokrec: doesn't show hand
*** SUMMARY ***
Total pot $6 | Rake $0
Seat 4: igorkabmw (big blind) folded before Flop
Seat 5: vestimokrec (button) (small blind) collected ($6)


PokerStars Hand #175695786820:  Hold'em Limit ($3/$6 USD) - 2017/09/15 19:23:33 ET
Table 'Enif' 6-max Seat #4 is the button
Seat 4: igorkabmw ($33.82 in chips)
Seat 5: vestimokrec ($65.12 in chips)
igorkabmw: posts small blind $1
vestimokrec: posts big blind $3
*** HOLE CARDS ***
igorkabmw: folds
Uncalled bet ($2) returned to vestimokrec
vestimokrec collected $2 from pot
vestimokrec: doesn't show hand
*** SUMMARY ***
Total pot $2 | Rake $0
Seat 4: igorkabmw (button) (small blind) folded before Flop
Seat 5: vestimokrec (big blind) collected ($2)


PokerStars Hand #175695773317:  Hold'em Limit ($3/$6 USD) - 2017/09/15 19:23:10 ET
Table 'Enif' 6-max Seat #5 is the button
Seat 4: igorkabmw ($25.18 in chips)
Seat 5: vestimokrec ($74.12 in chips)
vestimokrec: posts small blind $1
igorkabmw: posts big blind $3
*** HOLE CARDS ***
vestimokrec: raises $3 to $6
igorkabmw: calls $3
*** FLOP *** [7s Tc 7h]
igorkabmw: bets $3
vestimokrec: calls $3
*** TURN *** [7s Tc 7h] [4s]
igorkabmw: bets $6
vestimokrec: folds
Uncalled bet ($6) returned to igorkabmw
igorkabmw collected $17.64 from pot
*** SUMMARY ***
Total pot $18 | Rake $0.36
Board [7s Tc 7h 4s]
Seat 4: igorkabmw (big blind) collected ($17.64)
Seat 5: vestimokrec (button) (small blind) folded on the Turn


PokerStars Hand #175695770489:  Hold'em Limit ($3/$6 USD) - 2017/09/15 19:23:06 ET
Table 'Enif' 6-max Seat #4 is the button
Seat 4: igorkabmw ($26.18 in chips)
Seat 5: vestimokrec ($73.12 in chips)
igorkabmw: posts small blind $1
vestimokrec: posts big blind $3
*** HOLE CARDS ***
igorkabmw: folds
Uncalled bet ($2) returned to vestimokrec
vestimokrec collected $2 from pot
vestimokrec: doesn't show hand
*** SUMMARY ***
Total pot $2 | Rake $0
Seat 4: igorkabmw (button) (small blind) folded before Flop
Seat 5: vestimokrec (big blind) collected ($2)


PokerStars Hand #175695761099:  Hold'em Limit ($3/$6 USD) - 2017/09/15 19:22:50 ET
Table 'Enif' 6-max Seat #5 is the button
Seat 4: igorkabmw ($17.54 in chips)
Seat 5: vestimokrec ($82.12 in chips)
vestimokrec: posts small blind $1
igorkabmw: posts big blind $3
*** HOLE CARDS ***
vestimokrec: raises $3 to $6
igorkabmw: calls $3
*** FLOP *** [7h Kd 3c]
igorkabmw: bets $3
vestimokrec: calls $3
*** TURN *** [7h Kd 3c] [2s]
igorkabmw: bets $6
vestimokrec: folds
Uncalled bet ($6) returned to igorkabmw
igorkabmw collected $17.64 from pot
*** SUMMARY ***
Total pot $18 | Rake $0.36
Board [7h Kd 3c 2s]
Seat 4: igorkabmw (big blind) collected ($17.64)
Seat 5: vestimokrec (button) (small blind) folded on the Turn


PokerStars Hand #175695819277:  Hold'em Limit ($3/$6 USD) - 2017/09/15 19:24:28 ET
Table 'Enif' 6-max Seat #5 is the button
Seat 4: igorkabmw ($23.58 in chips)
Seat 5: vestimokrec ($74.62 in chips)
vestimokrec: posts small blind $1
igorkabmw: posts big blind $3
*** HOLE CARDS ***
vestimokrec: raises $3 to $6
igorkabmw: calls $3
*** FLOP *** [8d Kc Ac]
igorkabmw: bets $3
vestimokrec: calls $3
*** TURN *** [8d Kc Ac] [4d]
igorkabmw: bets $6
vestimokrec: calls $6
*** RIVER *** [8d Kc Ac 4d] [Ks]
igorkabmw: bets $6
vestimokrec: calls $6
*** SHOW DOWN ***
igorkabmw: shows [5d 7d] (a pair of Kings)
vestimokrec: shows [6d 6c] (two pair, Kings and Sixes)
vestimokrec collected $41.50 from pot
*** SUMMARY ***
Total pot $42 | Rake $0.50
Board [8d Kc Ac 4d Ks]
Seat 4: igorkabmw (big blind) showed [5d 7d] and lost with a pair of Kings
Seat 5: vestimokrec (button) (small blind) showed [6d 6c] and won ($41.50) with two pair, Kings and Sixes


PokerStars Hand #175695813516:  Hold'em Limit ($3/$6 USD) - 2017/09/15 19:24:18 ET
Table 'Enif' 6-max Seat #4 is the button
Seat 4: igorkabmw ($20.58 in chips)
Seat 5: vestimokrec ($77.62 in chips)
igorkabmw: posts small blind $1
vestimokrec: posts big blind $3
*** HOLE CARDS ***
igorkabmw: raises $3 to $6
vestimokrec: folds
Uncalled bet ($3) returned to igorkabmw
igorkabmw collected $6 from pot
*** SUMMARY ***
Total pot $6 | Rake $0
Seat 4: igorkabmw (button) (small blind) collected ($6)
Seat 5: vestimokrec (big blind) folded before Flop


PokerStars Hand #175695799795:  Hold'em Limit ($3/$6 USD) - 2017/09/15 19:23:55 ET
Table 'Enif' 6-max Seat #5 is the button
Seat 4: igorkabmw ($35.58 in chips)
Seat 5: vestimokrec ($63.12 in chips)
vestimokrec: posts small blind $1
igorkabmw: posts big blind $3
*** HOLE CARDS ***
vestimokrec: raises $3 to $6
igorkabmw: calls $3
*** FLOP *** [3c Ts 7s]
igorkabmw: checks
vestimokrec: bets $3
igorkabmw: calls $3
*** TURN *** [3c Ts 7s] [Qc]
igorkabmw: checks
vestimokrec: bets $6
igorkabmw: calls $6
*** RIVER *** [3c Ts 7s Qc] [5c]
igorkabmw: checks
vestimokrec: bets $6
igorkabmw: folds
Uncalled bet ($6) returned to vestimokrec
vestimokrec collected $29.50 from pot
vestimokrec: doesn't show hand
*** SUMMARY ***
Total pot $30 | Rake $0.50
Board [3c Ts 7s Qc 5c]
Seat 4: igorkabmw (big blind) folded on the River
Seat 5: vestimokrec (button) (small blind) collected ($29.50)


PokerStars Hand #175695846722:  Hold'em Limit ($3/$6 USD) - 2017/09/15 19:25:15 ET
Table 'Enif' 6-max Seat #4 is the button
Seat 4: igorkabmw ($32.58 in chips)
Seat 5: vestimokrec ($95.12 in chips)
igorkabmw: posts small blind $1
vestimokrec: posts big blind $3
*** HOLE CARDS ***
igorkabmw: calls $2
vestimokrec: raises $3 to $6
igorkabmw: calls $3
*** FLOP *** [2d 3h Th]
vestimokrec: bets $3
igorkabmw: calls $3
*** TURN *** [2d 3h Th] [8h]
vestimokrec: checks
igorkabmw: checks
*** RIVER *** [2d 3h Th 8h] [6d]
vestimokrec: checks
igorkabmw: bets $6
vestimokrec: calls $6
*** SHOW DOWN ***
igorkabmw: shows [Jd 2s] (a pair of Deuces)
vestimokrec: mucks hand
igorkabmw collected $29.50 from pot
*** SUMMARY ***
Total pot $30 | Rake $0.50
Board [2d 3h Th 8h 6d]
Seat 4: igorkabmw (button) (small blind) showed [Jd 2s] and won ($29.50) with a pair of Deuces
Seat 5: vestimokrec (big blind) mucked


PokerStars Hand #175695866976:  Hold'em Limit ($3/$6 USD) - 2017/09/15 19:25:50 ET
Table 'Enif' 6-max Seat #5 is the button
Seat 4: igorkabmw ($47.08 in chips)
Seat 5: vestimokrec ($80.12 in chips)
vestimokrec: posts small blind $1
igorkabmw: posts big blind $3
*** HOLE CARDS ***
vestimokrec: raises $3 to $6
igorkabmw: calls $3
*** FLOP *** [Qs 8c 5c]
igorkabmw: checks
vestimokrec: bets $3
igorkabmw: calls $3
*** TURN *** [Qs 8c 5c] [Jd]
igorkabmw: checks
vestimokrec: bets $6
igorkabmw: calls $6
*** RIVER *** [Qs 8c 5c Jd] [4d]
igorkabmw: checks
vestimokrec: bets $6
igorkabmw: calls $6
*** SHOW DOWN ***
vestimokrec: shows [9d Js] (a pair of Jacks)
igorkabmw: mucks hand
vestimokrec collected $41.50 from pot
*** SUMMARY ***
Total pot $42 | Rake $0.50
Board [Qs 8c 5c Jd 4d]
Seat 4: igorkabmw (big blind) mucked
Seat 5: vestimokrec (button) (small blind) showed [9d Js] and won ($41.50) with a pair of Jacks


PokerStars Hand #175695884380:  Hold'em Limit ($3/$6 USD) - 2017/09/15 19:26:20 ET
Table 'Enif' 6-max Seat #4 is the button
Seat 4: igorkabmw ($26.08 in chips)
Seat 5: vestimokrec ($100.62 in chips)
igorkabmw: posts small blind $1
vestimokrec: posts big blind $3
*** HOLE CARDS ***
igorkabmw: raises $3 to $6
vestimokrec: calls $3
*** FLOP *** [Ah 9c 4c]
vestimokrec: checks
igorkabmw: checks
*** TURN *** [Ah 9c 4c] [3h]
vestimokrec: checks
igorkabmw: bets $6
vestimokrec: calls $6
*** RIVER *** [Ah 9c 4c 3h] [8c]
vestimokrec: checks
igorkabmw: bets $6
vestimokrec: calls $6
*** SHOW DOWN ***
igorkabmw: shows [8s Ac] (two pair, Aces and Eights)
vestimokrec: mucks hand
igorkabmw collected $35.50 from pot
*** SUMMARY ***
Total pot $36 | Rake $0.50
Board [Ah 9c 4c 3h 8c]
Seat 4: igorkabmw (button) (small blind) showed [8s Ac] and won ($35.50) with two pair, Aces and Eights
Seat 5: vestimokrec (big blind) mucked


PokerStars Hand #175695914669:  Hold'em Limit ($3/$6 USD) - 2017/09/15 19:27:12 ET
Table 'Enif' 6-max Seat #4 is the button
Seat 4: igorkabmw ($37.58 in chips)
Seat 5: vestimokrec ($88.38 in chips)
igorkabmw: posts small blind $1
vestimokrec: posts big blind $3
*** HOLE CARDS ***
igorkabmw: calls $2
vestimokrec: checks
*** FLOP *** [9s Qd 8s]
vestimokrec: checks
igorkabmw: checks
*** TURN *** [9s Qd 8s] [8h]
Ag3r0n joins the table at seat #1
vestimokrec: checks
igorkabmw: checks
*** RIVER *** [9s Qd 8s 8h] [3h]
vestimokrec: bets $6
igorkabmw: calls $6
*** SHOW DOWN ***
vestimokrec: shows [5h 5d] (two pair, Eights and Fives)
igorkabmw: shows [7h 7c] (two pair, Eights and Sevens)
igorkabmw collected $17.64 from pot
*** SUMMARY ***
Total pot $18 | Rake $0.36
Board [9s Qd 8s 8h 3h]
Seat 4: igorkabmw (button) (small blind) showed [7h 7c] and won ($17.64) with two pair, Eights and Sevens
Seat 5: vestimokrec (big blind) showed [5h 5d] and lost with two pair, Eights and Fives


PokerStars Hand #175695906409:  Hold'em Limit ($3/$6 USD) - 2017/09/15 19:26:58 ET
Table 'Enif' 6-max Seat #5 is the button
Seat 4: igorkabmw ($43.58 in chips)
Seat 5: vestimokrec ($82.62 in chips)
vestimokrec: posts small blind $1
igorkabmw: posts big blind $3
*** HOLE CARDS ***
vestimokrec: raises $3 to $6
igorkabmw: calls $3
*** FLOP *** [9s 8h Js]
igorkabmw: checks
vestimokrec: bets $3
igorkabmw: folds
Uncalled bet ($3) returned to vestimokrec
vestimokrec collected $11.76 from pot
vestimokrec: doesn't show hand
*** SUMMARY ***
Total pot $12 | Rake $0.24
Board [9s 8h Js]
Seat 4: igorkabmw (big blind) folded on the Flop
Seat 5: vestimokrec (button) (small blind) collected ($11.76)


