PokerStars Hand #154680516536:  Hold'em Limit ($3/$6 USD) - 2016/06/13 10:46:53 ET
Table 'Ennomos' 6-max Seat #1 is the button
Seat 1: LifeisagameX ($60 in chips)
Seat 5: mmk334 ($237.38 in chips)
LifeisagameX: posts small blind $1
mmk334: posts big blind $3
*** HOLE CARDS ***
LifeisagameX: raises $3 to $6
mmk334: calls $3
*** FLOP *** [3h Ks Ts]
mmk334: checks
LifeisagameX: bets $3
mmk334: folds
Uncalled bet ($3) returned to LifeisagameX
LifeisagameX collected $11.76 from pot
LifeisagameX: doesn't show hand
*** SUMMARY ***
Total pot $12 | Rake $0.24
Board [3h Ks Ts]
Seat 1: LifeisagameX (button) (small blind) collected ($11.76)
Seat 5: mmk334 (big blind) folded on the Flop


PokerStars Hand #154680549090:  Hold'em Limit ($3/$6 USD) - 2016/06/13 10:47:56 ET
Table 'Ennomos' 6-max Seat #1 is the button
Seat 1: LifeisagameX ($59.76 in chips)
Seat 5: mmk334 ($237.14 in chips)
LifeisagameX: posts small blind $1
mmk334: posts big blind $3
*** HOLE CARDS ***
LifeisagameX: raises $3 to $6
mmk334: calls $3
*** FLOP *** [8s Qh 2c]
mmk334: bets $3
vladal 888 joins the table at seat #3
GoliafUa joins the table at seat #4
LifeisagameX: calls $3
*** TURN *** [8s Qh 2c] [9d]
mmk334: bets $6
LifeisagameX: raises $6 to $12
mmk334: calls $6
*** RIVER *** [8s Qh 2c 9d] [8c]
mmk334: checks
LifeisagameX: bets $6
mmk334: folds
Uncalled bet ($6) returned to LifeisagameX
LifeisagameX collected $41.50 from pot
LifeisagameX: doesn't show hand
*** SUMMARY ***
Total pot $42 | Rake $0.50
Board [8s Qh 2c 9d 8c]
Seat 1: LifeisagameX (button) (small blind) collected ($41.50)
Seat 5: mmk334 (big blind) folded on the River


PokerStars Hand #154680531356:  Hold'em Limit ($3/$6 USD) - 2016/06/13 10:47:22 ET
Table 'Ennomos' 6-max Seat #5 is the button
Seat 1: LifeisagameX ($65.76 in chips)
Seat 5: mmk334 ($231.38 in chips)
mmk334: posts small blind $1
LifeisagameX: posts big blind $3
*** HOLE CARDS ***
mmk334: raises $3 to $6
LifeisagameX: calls $3
*** FLOP *** [Qs Ad Kh]
LifeisagameX: checks
mmk334: bets $3
LifeisagameX: folds
Uncalled bet ($3) returned to mmk334
mmk334 collected $11.76 from pot
*** SUMMARY ***
Total pot $12 | Rake $0.24
Board [Qs Ad Kh]
Seat 1: LifeisagameX (big blind) folded on the Flop
Seat 5: mmk334 (button) (small blind) collected ($11.76)


PokerStars Hand #154680570371:  Hold'em Limit ($3/$6 USD) - 2016/06/13 10:48:36 ET
Table 'Ennomos' 6-max Seat #5 is the button
Seat 1: LifeisagameX ($80.26 in chips)
Seat 5: mmk334 ($216.14 in chips)
mmk334: posts small blind $1
LifeisagameX: posts big blind $3
*** HOLE CARDS ***
mmk334: raises $3 to $6
LifeisagameX: raises $3 to $9
mmk334: calls $3
*** FLOP *** [8c 3h 2h]
LifeisagameX: bets $3
mmk334: calls $3
*** TURN *** [8c 3h 2h] [Jh]
LifeisagameX: bets $6
mmk334: folds
Uncalled bet ($6) returned to LifeisagameX
LifeisagameX collected $23.52 from pot
LifeisagameX: doesn't show hand
*** SUMMARY ***
Total pot $24 | Rake $0.48
Board [8c 3h 2h Jh]
Seat 1: LifeisagameX (big blind) collected ($23.52)
Seat 5: mmk334 (button) (small blind) folded on the Turn


PokerStars Hand #154680626491:  Hold'em Limit ($3/$6 USD) - 2016/06/13 10:50:21 ET
Table 'Ennomos' 6-max Seat #5 is the button
Seat 3: vladal 888 ($47.33 in chips)
Seat 5: mmk334 ($193.64 in chips)
mmk334: posts small blind $1
vladal 888: posts big blind $3
*** HOLE CARDS ***
mmk334: raises $3 to $6
vladal 888: calls $3
*** FLOP *** [3d 2s 2h]
vladal 888: checks
mmk334: bets $3
vladal 888: calls $3
*** TURN *** [3d 2s 2h] [Ac]
vladal 888: checks
mmk334: bets $6
vladal 888: folds
Uncalled bet ($6) returned to mmk334
crash19867 joins the table at seat #6
mmk334 collected $17.64 from pot
*** SUMMARY ***
Total pot $18 | Rake $0.36
Board [3d 2s 2h Ac]
Seat 3: vladal 888 (big blind) folded on the Turn
Seat 5: mmk334 (button) (small blind) collected ($17.64)


PokerStars Hand #154680615711:  Hold'em Limit ($3/$6 USD) - 2016/06/13 10:50:01 ET
Table 'Ennomos' 6-max Seat #5 is the button
Seat 3: vladal 888 ($67.33 in chips)
Seat 5: mmk334 ($174.14 in chips)
mmk334: posts small blind $1
vladal 888: posts big blind $3
*** HOLE CARDS ***
mmk334: folds
Uncalled bet ($2) returned to vladal 888
vladal 888 collected $2 from pot
*** SUMMARY ***
Total pot $2 | Rake $0
Seat 3: vladal 888 (big blind) collected ($2)
Seat 5: mmk334 (button) (small blind) folded before Flop


PokerStars Hand #154680606688:  Hold'em Limit ($3/$6 USD) - 2016/06/13 10:49:44 ET
Table 'Ennomos' 6-max Seat #3 is the button
Seat 3: vladal 888 ($52.83 in chips)
Seat 5: mmk334 ($189.14 in chips)
vladal 888: posts small blind $1
mmk334: posts big blind $3
*** HOLE CARDS ***
vladal 888: raises $3 to $6
mmk334: calls $3
*** FLOP *** [8c 5d 9h]
mmk334: checks
vladal 888: bets $3
mmk334: calls $3
*** TURN *** [8c 5d 9h] [5s]
mmk334: checks
vladal 888: bets $6
mmk334: calls $6
*** RIVER *** [8c 5d 9h 5s] [2d]
mmk334: checks
vladal 888: bets $6
mmk334: folds
Uncalled bet ($6) returned to vladal 888
vladal 888 collected $29.50 from pot
*** SUMMARY ***
Total pot $30 | Rake $0.50
Board [8c 5d 9h 5s 2d]
Seat 3: vladal 888 (button) (small blind) collected ($29.50)
Seat 5: mmk334 (big blind) folded on the River


PokerStars Hand #154680661951:  Hold'em Limit ($3/$6 USD) - 2016/06/13 10:51:28 ET
Table 'Ennomos' 6-max Seat #5 is the button
Seat 3: vladal 888 ($67.59 in chips)
Seat 5: mmk334 ($172.16 in chips)
mmk334: posts small blind $1
vladal 888: posts big blind $3
*** HOLE CARDS ***
mmk334: calls $2
vladal 888: checks
*** FLOP *** [Ah 4s 3d]
tomte999 joins the table at seat #1
vladal 888: checks
mmk334: bets $3
vladal 888: calls $3
*** TURN *** [Ah 4s 3d] [7h]
vladal 888: checks
mmk334: bets $6
vladal 888: calls $6
*** RIVER *** [Ah 4s 3d 7h] [Ks]
vladal 888: checks
mmk334: checks
*** SHOW DOWN ***
vladal 888: shows [5s Qc] (high card Ace)
mmk334: shows [8s 4d] (a pair of Fours)
mmk334 collected $23.52 from pot
*** SUMMARY ***
Total pot $24 | Rake $0.48
Board [Ah 4s 3d 7h Ks]
Seat 3: vladal 888 (big blind) showed [5s Qc] and lost with high card Ace
Seat 5: mmk334 (button) (small blind) showed [8s 4d] and won ($23.52) with a pair of Fours


PokerStars Hand #154680654113:  Hold'em Limit ($3/$6 USD) - 2016/06/13 10:51:13 ET
Table 'Ennomos' 6-max Seat #3 is the button
Seat 3: vladal 888 ($70.59 in chips)
Seat 5: mmk334 ($169.28 in chips)
vladal 888: posts small blind $1
mmk334: posts big blind $3
*** HOLE CARDS ***
vladal 888: calls $2
mmk334: checks
*** FLOP *** [3s 8c 8d]
mmk334: checks
vladal 888: checks
*** TURN *** [3s 8c 8d] [8s]
mmk334: checks
vladal 888: checks
*** RIVER *** [3s 8c 8d 8s] [2c]
mmk334: checks
vladal 888: checks
*** SHOW DOWN ***
mmk334: shows [5c Kd] (three of a kind, Eights)
vladal 888: mucks hand
mmk334 collected $5.88 from pot
*** SUMMARY ***
Total pot $6 | Rake $0.12
Board [3s 8c 8d 8s 2c]
Seat 3: vladal 888 (button) (small blind) mucked
Seat 5: mmk334 (big blind) showed [5c Kd] and won ($5.88) with three of a kind, Eights


PokerStars Hand #154680645379:  Hold'em Limit ($3/$6 USD) - 2016/06/13 10:50:57 ET
Table 'Ennomos' 6-max Seat #5 is the button
Seat 3: vladal 888 ($64.83 in chips)
Seat 5: mmk334 ($175.28 in chips)
mmk334: posts small blind $1
vladal 888: posts big blind $3
*** HOLE CARDS ***
mmk334: calls $2
vladal 888: checks
*** FLOP *** [Td Kc Jc]
vladal 888: checks
mmk334: bets $3
vladal 888: calls $3
*** TURN *** [Td Kc Jc] [4d]
vladal 888: checks
mmk334: checks
*** RIVER *** [Td Kc Jc 4d] [4s]
vladal 888: checks
mmk334: checks
*** SHOW DOWN ***
vladal 888: shows [Jd Qh] (two pair, Jacks and Fours)
mmk334: mucks hand
vladal 888 collected $11.76 from pot
*** SUMMARY ***
Total pot $12 | Rake $0.24
Board [Td Kc Jc 4d 4s]
Seat 3: vladal 888 (big blind) showed [Jd Qh] and won ($11.76) with two pair, Jacks and Fours
Seat 5: mmk334 (button) (small blind) mucked


PokerStars Hand #154680633215:  Hold'em Limit ($3/$6 USD) - 2016/06/13 10:50:34 ET
Table 'Ennomos' 6-max Seat #3 is the button
Seat 3: vladal 888 ($38.33 in chips)
Seat 5: mmk334 ($202.28 in chips)
vladal 888: posts small blind $1
mmk334: posts big blind $3
*** HOLE CARDS ***
vladal 888: raises $3 to $6
mmk334: calls $3
*** FLOP *** [4s 9s 6s]
mmk334: checks
vladal 888: bets $3
mmk334: calls $3
*** TURN *** [4s 9s 6s] [7h]
mmk334: checks
vladal 888: bets $6
mmk334: calls $6
*** RIVER *** [4s 9s 6s 7h] [2d]
mmk334: checks
vladal 888: bets $6
mmk334: raises $6 to $12
vladal 888: raises $6 to $18
mmk334: folds
Uncalled bet ($6) returned to vladal 888
vladal 888 collected $53.50 from pot
*** SUMMARY ***
Total pot $54 | Rake $0.50
Board [4s 9s 6s 7h 2d]
Seat 3: vladal 888 (button) (small blind) collected ($53.50)
Seat 5: mmk334 (big blind) folded on the River


PokerStars Hand #154680670192:  Hold'em Limit ($3/$6 USD) - 2016/06/13 10:51:43 ET
Table 'Ennomos' 6-max Seat #3 is the button
Seat 3: vladal 888 ($55.59 in chips)
Seat 5: mmk334 ($183.68 in chips)
vladal 888: posts small blind $1
mmk334: posts big blind $3
*** HOLE CARDS ***
vladal 888: raises $3 to $6
mmk334: calls $3
*** FLOP *** [Js 8c 2s]
mmk334: checks
vladal 888: bets $3
mmk334: calls $3
*** TURN *** [Js 8c 2s] [2c]
mmk334: checks
vladal 888: bets $6
mmk334: calls $6
*** RIVER *** [Js 8c 2s 2c] [5c]
mmk334: checks
vladal 888: bets $6
mmk334: raises $6 to $12
vladal 888: folds
Uncalled bet ($6) returned to mmk334
mmk334 collected $41.50 from pot
*** SUMMARY ***
Total pot $42 | Rake $0.50
Board [Js 8c 2s 2c 5c]
Seat 3: vladal 888 (button) (small blind) folded on the River
Seat 5: mmk334 (big blind) collected ($41.50)


PokerStars Hand #154680897292:  Hold'em Limit ($3/$6 USD) - 2016/06/13 10:59:00 ET
Table 'Ennomos' 6-max Seat #1 is the button
Seat 1: tomte999 ($125.24 in chips)
Seat 2: LolDnkaments ($134.84 in chips)
tomte999: posts small blind $1
LolDnkaments: posts big blind $3
*** HOLE CARDS ***
tomte999: folds
Uncalled bet ($2) returned to LolDnkaments
LolDnkaments collected $2 from pot
LolDnkaments: doesn't show hand
*** SUMMARY ***
Total pot $2 | Rake $0
Seat 1: tomte999 (button) (small blind) folded before Flop
Seat 2: LolDnkaments (big blind) collected ($2)


PokerStars Hand #154680887871:  Hold'em Limit ($3/$6 USD) - 2016/06/13 10:58:44 ET
Table 'Ennomos' 6-max Seat #2 is the button
Seat 1: tomte999 ($119.48 in chips)
Seat 2: LolDnkaments ($140.84 in chips)
LolDnkaments: posts small blind $1
tomte999: posts big blind $3
*** HOLE CARDS ***
LolDnkaments: raises $3 to $6
tomte999: calls $3
*** FLOP *** [3s 9c Th]
tomte999: checks
vladal 888 leaves the table
LolDnkaments: checks
*** TURN *** [3s 9c Th] [6d]
tomte999: bets $6
LolDnkaments: folds
Uncalled bet ($6) returned to tomte999
tomte999 collected $11.76 from pot
tomte999: doesn't show hand
*** SUMMARY ***
Total pot $12 | Rake $0.24
Board [3s 9c Th 6d]
Seat 1: tomte999 (big blind) collected ($11.76)
Seat 2: LolDnkaments (button) (small blind) folded on the Turn


