PokerStars Hand #145747936147:  Hold'em Limit ($3/$6 USD) - 2015/12/22 13:02:24 ET
Table 'Eos III' 6-max Seat #3 is the button
Seat 3: miezemuis ($278.28 in chips)
Seat 4: AzureCaper ($76 in chips)
miezemuis: posts small blind $1
AzureCaper: posts big blind $3
*** HOLE CARDS ***
miezemuis: raises $3 to $6
AzureCaper: calls $3
*** FLOP *** [Jc 3c 8d]
AzureCaper: checks
miezemuis: bets $3
AzureCaper: folds
Uncalled bet ($3) returned to miezemuis
renedreise joins the table at seat #2
miezemuis collected $11.76 from pot
miezemuis: doesn't show hand
*** SUMMARY ***
Total pot $12 | Rake $0.24
Board [Jc 3c 8d]
Seat 3: miezemuis (button) (small blind) collected ($11.76)
Seat 4: AzureCaper (big blind) folded on the Flop


PokerStars Hand #145747930352:  Hold'em Limit ($3/$6 USD) - 2015/12/22 13:02:18 ET
Table 'Eos III' 6-max Seat #4 is the button
Seat 3: miezemuis ($281.28 in chips)
Seat 4: AzureCaper ($73 in chips)
AzureCaper: posts small blind $1
miezemuis: posts big blind $3
*** HOLE CARDS ***
AzureCaper: raises $3 to $6
miezemuis: folds
Uncalled bet ($3) returned to AzureCaper
AzureCaper collected $6 from pot
AzureCaper: doesn't show hand
*** SUMMARY ***
Total pot $6 | Rake $0
Seat 3: miezemuis (big blind) folded before Flop
Seat 4: AzureCaper (button) (small blind) collected ($6)


PokerStars Hand #145747909946:  Hold'em Limit ($3/$6 USD) - 2015/12/22 13:01:57 ET
Table 'Eos III' 6-max Seat #4 is the button
Seat 3: miezemuis ($267.78 in chips)
Seat 4: AzureCaper ($72 in chips)
AzureCaper: posts small blind $1
miezemuis: posts big blind $3
*** HOLE CARDS ***
AzureCaper: raises $3 to $6
miezemuis: calls $3
*** FLOP *** [Jh Kd 7s]
miezemuis: checks
AzureCaper: bets $3
miezemuis: calls $3
*** TURN *** [Jh Kd 7s] [9h]
miezemuis: checks
AzureCaper: checks
*** RIVER *** [Jh Kd 7s 9h] [5c]
miezemuis: bets $6
AzureCaper: calls $6
*** SHOW DOWN ***
miezemuis: shows [Th Jc] (a pair of Jacks)
AzureCaper: mucks hand
miezemuis collected $29.50 from pot
*** SUMMARY ***
Total pot $30 | Rake $0.50
Board [Jh Kd 7s 9h 5c]
Seat 3: miezemuis (big blind) showed [Th Jc] and won ($29.50) with a pair of Jacks
Seat 4: AzureCaper (button) (small blind) mucked


PokerStars Hand #145751860367:  Hold'em Limit ($3/$6 USD) - 2015/12/22 14:11:48 ET
Table 'Eos III' 6-max Seat #3 is the button
Seat 3: LukaSteel ($153.89 in chips)
Seat 6: LWNS ($161.82 in chips)
korrnel will be allowed to play after the button
LukaSteel: posts small blind $1
AzureCaper: is sitting out
Zubasa07: is sitting out
LWNS: posts big blind $3
*** HOLE CARDS ***
AzureCaper leaves the table
LukaSteel: raises $3 to $6
Zubasa07 leaves the table
LWNS: folds
Uncalled bet ($3) returned to LukaSteel
LukaSteel collected $6 from pot
LukaSteel: doesn't show hand
*** SUMMARY ***
Total pot $6 | Rake $0
Seat 3: LukaSteel (button) (small blind) collected ($6)
Seat 6: LWNS (big blind) folded before Flop


PokerStars Hand #145751882216:  Hold'em Limit ($3/$6 USD) - 2015/12/22 14:12:10 ET
Table 'Eos III' 6-max Seat #2 is the button
Seat 2: korrnel ($120 in chips)
Seat 3: LukaSteel ($156.89 in chips)
korrnel: posts small blind $1
LukaSteel: posts big blind $3
*** HOLE CARDS ***
korrnel: folds
Uncalled bet ($2) returned to LukaSteel
LukaSteel collected $2 from pot
LukaSteel: doesn't show hand
*** SUMMARY ***
Total pot $2 | Rake $0
Seat 2: korrnel (button) (small blind) folded before Flop
Seat 3: LukaSteel (big blind) collected ($2)


PokerStars Hand #145751888168:  Hold'em Limit ($3/$6 USD) - 2015/12/22 14:12:16 ET
Table 'Eos III' 6-max Seat #3 is the button
Seat 2: korrnel ($119 in chips)
Seat 3: LukaSteel ($157.89 in chips)
LukaSteel: posts small blind $1
korrnel: posts big blind $3
*** HOLE CARDS ***
LukaSteel: raises $3 to $6
korrnel: calls $3
*** FLOP *** [3h 3c 8d]
korrnel: checks
LukaSteel: bets $3
korrnel: raises $3 to $6
LukaSteel: calls $3
*** TURN *** [3h 3c 8d] [5h]
korrnel: bets $6
LukaSteel: calls $6
*** RIVER *** [3h 3c 8d 5h] [2c]
korrnel: bets $6
LukaSteel: calls $6
*** SHOW DOWN ***
korrnel: shows [Jh Jc] (two pair, Jacks and Threes)
LukaSteel: mucks hand
korrnel collected $47.50 from pot
*** SUMMARY ***
Total pot $48 | Rake $0.50
Board [3h 3c 8d 5h 2c]
Seat 2: korrnel (big blind) showed [Jh Jc] and won ($47.50) with two pair, Jacks and Threes
Seat 3: LukaSteel (button) (small blind) mucked


PokerStars Hand #145751921536:  Hold'em Limit ($3/$6 USD) - 2015/12/22 14:12:50 ET
Table 'Eos III' 6-max Seat #2 is the button
Seat 2: korrnel ($142.50 in chips)
Seat 3: LukaSteel ($133.89 in chips)
korrnel: posts small blind $1
LukaSteel: posts big blind $3
*** HOLE CARDS ***
korrnel: raises $3 to $6
LukaSteel: calls $3
*** FLOP *** [6h 4d Ts]
LukaSteel: checks
korrnel: bets $3
LukaSteel: calls $3
*** TURN *** [6h 4d Ts] [8d]
LukaSteel: checks
korrnel: bets $6
LukaSteel: calls $6
*** RIVER *** [6h 4d Ts 8d] [9s]
LukaSteel: bets $6
korrnel: folds
Uncalled bet ($6) returned to LukaSteel
LukaSteel collected $29.50 from pot
LukaSteel: doesn't show hand
*** SUMMARY ***
Total pot $30 | Rake $0.50
Board [6h 4d Ts 8d 9s]
Seat 2: korrnel (button) (small blind) folded on the River
Seat 3: LukaSteel (big blind) collected ($29.50)


