PokerStars Hand #155985787619:  Hold'em Limit ($3/$6 USD) - 2016/07/14 23:37:57 ET
Table 'Eos' 6-max Seat #2 is the button
Seat 1: Masqb ($114.47 in chips)
Seat 2: 40 ft cliff ($120 in chips)
40 ft cliff: posts small blind $1
Masqb: posts big blind $3
*** HOLE CARDS ***
40 ft cliff: raises $3 to $6
Masqb: calls $3
*** FLOP *** [9d 8d Kh]
Masqb: checks
40 ft cliff: bets $3
Masqb: raises $3 to $6
40 ft cliff: calls $3
*** TURN *** [9d 8d Kh] [7h]
Masqb: bets $6
40 ft cliff: calls $6
*** RIVER *** [9d 8d Kh 7h] [6c]
Masqb: bets $6
40 ft cliff: folds
Uncalled bet ($6) returned to Masqb
Masqb collected $35.50 from pot
Masqb: doesn't show hand
*** SUMMARY ***
Total pot $36 | Rake $0.50
Board [9d 8d Kh 7h 6c]
Seat 1: Masqb (big blind) collected ($35.50)
Seat 2: 40 ft cliff (button) (small blind) folded on the River


PokerStars Hand #155985795269:  Hold'em Limit ($3/$6 USD) - 2016/07/14 23:38:26 ET
Table 'Eos' 6-max Seat #1 is the button
Seat 1: Masqb ($131.97 in chips)
Seat 2: 40 ft cliff ($102 in chips)
Masqb: posts small blind $1
40 ft cliff: posts big blind $3
*** HOLE CARDS ***
Masqb: raises $3 to $6
40 ft cliff: calls $3
*** FLOP *** [Td Qs Kh]
40 ft cliff: checks
Masqb: checks
*** TURN *** [Td Qs Kh] [8s]
40 ft cliff: bets $6
Masqb: calls $6
*** RIVER *** [Td Qs Kh 8s] [3d]
40 ft cliff: bets $6
Masqb: raises $6 to $12
40 ft cliff: calls $6
*** SHOW DOWN ***
Masqb: shows [3c Qc] (two pair, Queens and Threes)
40 ft cliff: mucks hand
Masqb collected $47.50 from pot
*** SUMMARY ***
Total pot $48 | Rake $0.50
Board [Td Qs Kh 8s 3d]
Seat 1: Masqb (button) (small blind) showed [3c Qc] and won ($47.50) with two pair, Queens and Threes
Seat 2: 40 ft cliff (big blind) mucked


PokerStars Hand #155985803339:  Hold'em Limit ($3/$6 USD) - 2016/07/14 23:38:56 ET
Table 'Eos' 6-max Seat #2 is the button
Seat 1: Masqb ($155.47 in chips)
Seat 2: 40 ft cliff ($78 in chips)
40 ft cliff: posts small blind $1
Masqb: posts big blind $3
*** HOLE CARDS ***
40 ft cliff: raises $3 to $6
Masqb: calls $3
*** FLOP *** [7c Th 8d]
Masqb: checks
40 ft cliff: bets $3
Masqb: calls $3
*** TURN *** [7c Th 8d] [3s]
Masqb: checks
40 ft cliff: checks
*** RIVER *** [7c Th 8d 3s] [Ah]
Masqb: checks
40 ft cliff: checks
*** SHOW DOWN ***
Masqb: shows [8c 4s] (a pair of Eights)
40 ft cliff: mucks hand
Masqb collected $17.64 from pot
*** SUMMARY ***
Total pot $18 | Rake $0.36
Board [7c Th 8d 3s Ah]
Seat 1: Masqb (big blind) showed [8c 4s] and won ($17.64) with a pair of Eights
Seat 2: 40 ft cliff (button) (small blind) mucked


PokerStars Hand #155985810517:  Hold'em Limit ($3/$6 USD) - 2016/07/14 23:39:23 ET
Table 'Eos' 6-max Seat #1 is the button
Seat 1: Masqb ($164.11 in chips)
Seat 2: 40 ft cliff ($69 in chips)
Masqb: posts small blind $1
40 ft cliff: posts big blind $3
*** HOLE CARDS ***
Masqb: raises $3 to $6
40 ft cliff: calls $3
*** FLOP *** [2s Ac 3c]
40 ft cliff: bets $3
Masqb: folds
Uncalled bet ($3) returned to 40 ft cliff
40 ft cliff collected $11.76 from pot
40 ft cliff: doesn't show hand
*** SUMMARY ***
Total pot $12 | Rake $0.24
Board [2s Ac 3c]
Seat 1: Masqb (button) (small blind) folded on the Flop
Seat 2: 40 ft cliff (big blind) collected ($11.76)


PokerStars Hand #155985815999:  Hold'em Limit ($3/$6 USD) - 2016/07/14 23:39:43 ET
Table 'Eos' 6-max Seat #1 is the button
Seat 1: Masqb ($159.11 in chips)
Seat 2: 40 ft cliff ($73.76 in chips)
Masqb: posts small blind $1
40 ft cliff: posts big blind $3
*** HOLE CARDS ***
Masqb: raises $3 to $6
40 ft cliff: raises $3 to $9
Masqb: calls $3
*** FLOP *** [3c 3h 5h]
40 ft cliff: bets $3
Masqb: calls $3
*** TURN *** [3c 3h 5h] [8c]
40 ft cliff: bets $6
Masqb: raises $6 to $12
40 ft cliff: calls $6
*** RIVER *** [3c 3h 5h 8c] [Kd]
40 ft cliff: checks
radnesh007 joins the table at seat #6
Masqb: bets $6
40 ft cliff: calls $6
*** SHOW DOWN ***
Masqb: shows [8h 8s] (a full house, Eights full of Threes)
40 ft cliff: mucks hand
Masqb collected $59.50 from pot
*** SUMMARY ***
Total pot $60 | Rake $0.50
Board [3c 3h 5h 8c Kd]
Seat 1: Masqb (button) (small blind) showed [8h 8s] and won ($59.50) with a full house, Eights full of Threes
Seat 2: 40 ft cliff (big blind) mucked


PokerStars Hand #155985814442:  Hold'em Limit ($3/$6 USD) - 2016/07/14 23:39:37 ET
Table 'Eos' 6-max Seat #2 is the button
Seat 1: Masqb ($158.11 in chips)
Seat 2: 40 ft cliff ($74.76 in chips)
40 ft cliff: posts small blind $1
Masqb: posts big blind $3
*** HOLE CARDS ***
40 ft cliff: folds
Uncalled bet ($2) returned to Masqb
Masqb collected $2 from pot
Masqb: doesn't show hand
*** SUMMARY ***
Total pot $2 | Rake $0
Seat 1: Masqb (big blind) collected ($2)
Seat 2: 40 ft cliff (button) (small blind) folded before Flop


PokerStars Hand #155985851227:  Hold'em Limit ($3/$6 USD) - 2016/07/14 23:41:57 ET
Table 'Eos' 6-max Seat #6 is the button
Seat 1: Masqb ($247.09 in chips)
Seat 6: radnesh007 ($31.64 in chips)
radnesh007: posts small blind $1
Masqb: posts big blind $3
*** HOLE CARDS ***
radnesh007: raises $3 to $6
Masqb: raises $3 to $9
radnesh007: raises $3 to $12
Betting is capped
Masqb: calls $3
*** FLOP *** [7h 4s Kc]
Masqb: checks
radnesh007: bets $3
Masqb: calls $3
*** TURN *** [7h 4s Kc] [Jh]
Masqb: checks
radnesh007: checks
*** RIVER *** [7h 4s Kc Jh] [4c]
Masqb: checks
radnesh007: checks
*** SHOW DOWN ***
Masqb: shows [9h 9c] (two pair, Nines and Fours)
radnesh007: mucks hand
Masqb collected $29.50 from pot
*** SUMMARY ***
Total pot $30 | Rake $0.50
Board [7h 4s Kc Jh 4c]
Seat 1: Masqb (big blind) showed [9h 9c] and won ($29.50) with two pair, Nines and Fours
Seat 6: radnesh007 (button) (small blind) mucked


