PokerStars Hand #146435489422:  Hold'em Limit ($3/$6 USD) - 2016/01/04 2:30:34 ET
Table 'Epeios II' 6-max Seat #6 is the button
Seat 3: Azrarn ($72 in chips)
Seat 6: manly70 ($42.13 in chips)
manly70: posts small blind $1
Azrarn: posts big blind $3
*** HOLE CARDS ***
manly70: raises $3 to $6
Azrarn: calls $3
*** FLOP *** [4h Td 2d]
Azrarn: checks
manly70: bets $3
Azrarn: raises $3 to $6
manly70: calls $3
*** TURN *** [4h Td 2d] [3h]
Azrarn: bets $6
manly70: calls $6
*** RIVER *** [4h Td 2d 3h] [Qd]
Azrarn: bets $6
manly70: calls $6
*** SHOW DOWN ***
Azrarn: shows [Th Kh] (a pair of Tens)
manly70: shows [2h Qh] (two pair, Queens and Deuces)
manly70 collected $47.50 from pot
*** SUMMARY ***
Total pot $48 | Rake $0.50
Board [4h Td 2d 3h Qd]
Seat 3: Azrarn (big blind) showed [Th Kh] and lost with a pair of Tens
Seat 6: manly70 (button) (small blind) showed [2h Qh] and won ($47.50) with two pair, Queens and Deuces


PokerStars Hand #146435500837:  Hold'em Limit ($3/$6 USD) - 2016/01/04 2:31:14 ET
Table 'Epeios II' 6-max Seat #3 is the button
Seat 3: Azrarn ($72 in chips)
Seat 6: manly70 ($65.63 in chips)
Azrarn: posts small blind $1
manly70: posts big blind $3
*** HOLE CARDS ***
Azrarn: raises $3 to $6
manly70: folds
Uncalled bet ($3) returned to Azrarn
Azrarn collected $6 from pot
Azrarn: doesn't show hand
*** SUMMARY ***
Total pot $6 | Rake $0
Seat 3: Azrarn (button) (small blind) collected ($6)
Seat 6: manly70 (big blind) folded before Flop


PokerStars Hand #146435503606:  Hold'em Limit ($3/$6 USD) - 2016/01/04 2:31:23 ET
Table 'Epeios II' 6-max Seat #6 is the button
Seat 3: Azrarn ($75 in chips)
Seat 6: manly70 ($62.63 in chips)
manly70: posts small blind $1
Azrarn: posts big blind $3
*** HOLE CARDS ***
manly70: calls $2
Azrarn: checks
*** FLOP *** [2h 8d Qh]
Azrarn: checks
manly70: checks
*** TURN *** [2h 8d Qh] [4s]
Azrarn: bets $6
manly70: folds
Uncalled bet ($6) returned to Azrarn
Azrarn collected $5.88 from pot
Azrarn: doesn't show hand
*** SUMMARY ***
Total pot $6 | Rake $0.12
Board [2h 8d Qh 4s]
Seat 3: Azrarn (big blind) collected ($5.88)
Seat 6: manly70 (button) (small blind) folded on the Turn


PokerStars Hand #146435513889:  Hold'em Limit ($3/$6 USD) - 2016/01/04 2:31:59 ET
Table 'Epeios II' 6-max Seat #3 is the button
Seat 3: Azrarn ($77.88 in chips)
Seat 6: manly70 ($59.63 in chips)
Azrarn: posts small blind $1
manly70: posts big blind $3
*** HOLE CARDS ***
Azrarn: raises $3 to $6
manly70: calls $3
*** FLOP *** [2d Jc 8s]
manly70: checks
Azrarn: checks
*** TURN *** [2d Jc 8s] [Qc]
manly70: bets $6
Chefred joins the table at seat #1
Azrarn: folds
Uncalled bet ($6) returned to manly70
manly70 collected $11.76 from pot
manly70: doesn't show hand
*** SUMMARY ***
Total pot $12 | Rake $0.24
Board [2d Jc 8s Qc]
Seat 3: Azrarn (button) (small blind) folded on the Turn
Seat 6: manly70 (big blind) collected ($11.76)


PokerStars Hand #146435821095:  Hold'em Limit ($3/$6 USD) - 2016/01/04 2:48:31 ET
Table 'Epeios II' 6-max Seat #3 is the button
Seat 3: Azrarn ($72 in chips)
Seat 6: manly70 ($85.98 in chips)
Azrarn: posts small blind $1
parnishka11: is sitting out
manly70: posts big blind $3
*** HOLE CARDS ***
parnishka11 leaves the table
Azrarn: raises $3 to $6
manly70: calls $3
*** FLOP *** [Kc Qs 9c]
manly70: checks
Azrarn: bets $3
manly70: calls $3
*** TURN *** [Kc Qs 9c] [9s]
manly70: checks
Azrarn: bets $6
manly70: raises $6 to $12
Azrarn: folds
Uncalled bet ($6) returned to manly70
manly70 collected $29.50 from pot
manly70: doesn't show hand
*** SUMMARY ***
Total pot $30 | Rake $0.50
Board [Kc Qs 9c 9s]
Seat 3: Azrarn (button) (small blind) folded on the Turn
Seat 6: manly70 (big blind) collected ($29.50)


PokerStars Hand #146435848850:  Hold'em Limit ($3/$6 USD) - 2016/01/04 2:49:58 ET
Table 'Epeios II' 6-max Seat #6 is the button
Seat 3: Azrarn ($75 in chips)
Seat 6: manly70 ($106.12 in chips)
manly70: posts small blind $1
Azrarn: posts big blind $3
*** HOLE CARDS ***
manly70: raises $3 to $6
Azrarn: calls $3
*** FLOP *** [9h 2h 7c]
Azrarn: checks
manly70: bets $3
Azrarn: folds
Uncalled bet ($3) returned to manly70
manly70 collected $11.76 from pot
manly70: doesn't show hand
*** SUMMARY ***
Total pot $12 | Rake $0.24
Board [9h 2h 7c]
Seat 3: Azrarn (big blind) folded on the Flop
Seat 6: manly70 (button) (small blind) collected ($11.76)


PokerStars Hand #146435846670:  Hold'em Limit ($3/$6 USD) - 2016/01/04 2:49:51 ET
Table 'Epeios II' 6-max Seat #3 is the button
Seat 3: Azrarn ($72 in chips)
Seat 6: manly70 ($109.12 in chips)
Azrarn: posts small blind $1
manly70: posts big blind $3
*** HOLE CARDS ***
Azrarn: raises $3 to $6
manly70: folds
Uncalled bet ($3) returned to Azrarn
Azrarn collected $6 from pot
Azrarn: doesn't show hand
*** SUMMARY ***
Total pot $6 | Rake $0
Seat 3: Azrarn (button) (small blind) collected ($6)
Seat 6: manly70 (big blind) folded before Flop


PokerStars Hand #146435829683:  Hold'em Limit ($3/$6 USD) - 2016/01/04 2:48:58 ET
Table 'Epeios II' 6-max Seat #6 is the button
Seat 3: Azrarn ($72 in chips)
Seat 6: manly70 ($100.48 in chips)
manly70: posts small blind $1
Azrarn: posts big blind $3
*** HOLE CARDS ***
manly70: calls $2
Azrarn: checks
*** FLOP *** [Kc Ks Ah]
Azrarn: checks
manly70: checks
*** TURN *** [Kc Ks Ah] [Js]
Azrarn: checks
manly70: checks
*** RIVER *** [Kc Ks Ah Js] [7c]
Azrarn: bets $6
manly70: calls $6
*** SHOW DOWN ***
Azrarn: shows [9h 3c] (a pair of Kings)
manly70: shows [Qs 5c] (a pair of Kings - Ace+Queen kicker)
manly70 collected $17.64 from pot
*** SUMMARY ***
Total pot $18 | Rake $0.36
Board [Kc Ks Ah Js 7c]
Seat 3: Azrarn (big blind) showed [9h 3c] and lost with a pair of Kings
Seat 6: manly70 (button) (small blind) showed [Qs 5c] and won ($17.64) with a pair of Kings


PokerStars Hand #146435869450:  Hold'em Limit ($3/$6 USD) - 2016/01/04 2:51:03 ET
Table 'Epeios II' 6-max Seat #6 is the button
Seat 3: Azrarn ($72 in chips)
Seat 6: manly70 ($126.38 in chips)
manly70: posts small blind $1
Azrarn: posts big blind $3
*** HOLE CARDS ***
manly70: folds
Uncalled bet ($2) returned to Azrarn
Azrarn collected $2 from pot
Azrarn: doesn't show hand
*** SUMMARY ***
Total pot $2 | Rake $0
Seat 3: Azrarn (big blind) collected ($2)
Seat 6: manly70 (button) (small blind) folded before Flop


PokerStars Hand #146435858726:  Hold'em Limit ($3/$6 USD) - 2016/01/04 2:50:29 ET
Table 'Epeios II' 6-max Seat #3 is the button
Seat 3: Azrarn ($72 in chips)
Seat 6: manly70 ($111.88 in chips)
Azrarn: posts small blind $1
manly70: posts big blind $3
*** HOLE CARDS ***
Azrarn: raises $3 to $6
manly70: calls $3
*** FLOP *** [2s 4s Jc]
manly70: checks
Azrarn: bets $3
manly70: calls $3
*** TURN *** [2s 4s Jc] [4c]
manly70: checks
Azrarn: checks
*** RIVER *** [2s 4s Jc 4c] [2d]
manly70: bets $6
Azrarn: calls $6
*** SHOW DOWN ***
manly70: shows [Ad 4h] (a full house, Fours full of Deuces)
Azrarn: mucks hand
manly70 collected $29.50 from pot
*** SUMMARY ***
Total pot $30 | Rake $0.50
Board [2s 4s Jc 4c 2d]
Seat 3: Azrarn (button) (small blind) mucked
Seat 6: manly70 (big blind) showed [Ad 4h] and won ($29.50) with a full house, Fours full of Deuces


PokerStars Hand #146435871208:  Hold'em Limit ($3/$6 USD) - 2016/01/04 2:51:09 ET
Table 'Epeios II' 6-max Seat #3 is the button
Seat 3: Azrarn ($73 in chips)
Seat 6: manly70 ($125.38 in chips)
Azrarn: posts small blind $1
manly70: posts big blind $3
*** HOLE CARDS ***
Azrarn: raises $3 to $6
manly70: calls $3
*** FLOP *** [Ac Kc Js]
manly70: checks
Azrarn: bets $3
manly70: folds
Uncalled bet ($3) returned to Azrarn
Azrarn collected $11.76 from pot
Azrarn: doesn't show hand
*** SUMMARY ***
Total pot $12 | Rake $0.24
Board [Ac Kc Js]
Seat 3: Azrarn (button) (small blind) collected ($11.76)
Seat 6: manly70 (big blind) folded on the Flop


