PokerStars Hand #144728447929:  Hold'em Limit ($3/$6 USD) - 2015/12/02 16:14:47 ET
Table 'Epeigeus III' 6-max Seat #4 is the button
Seat 2: boogi ($77.79 in chips)
Seat 4: eurooppa50 ($408.02 in chips)
eurooppa50: posts small blind $1
karambakilla: is sitting out
Necromadx: is sitting out
boogi: posts big blind $3
*** HOLE CARDS ***
Necromadx leaves the table
eurooppa50: folds
Uncalled bet ($2) returned to boogi
karambakilla leaves the table
boogi collected $2 from pot
boogi: doesn't show hand
*** SUMMARY ***
Total pot $2 | Rake $0
Seat 2: boogi (big blind) collected ($2)
Seat 4: eurooppa50 (button) (small blind) folded before Flop


PokerStars Hand #144728524104:  Hold'em Limit ($3/$6 USD) - 2015/12/02 16:16:03 ET
Table 'Epeigeus III' 6-max Seat #5 is the button
Seat 5: cornetc ($78 in chips)
Seat 6: Datumboy ($120 in chips)
cornetc: posts small blind $1
Datumboy: posts big blind $3
*** HOLE CARDS ***
cornetc: raises $3 to $6
Datumboy: calls $3
*** FLOP *** [9d 3d 4h]
Datumboy: checks
cornetc: bets $3
Datumboy: calls $3
*** TURN *** [9d 3d 4h] [2c]
Datumboy: bets $6
cornetc: calls $6
*** RIVER *** [9d 3d 4h 2c] [2h]
Datumboy: bets $6
cornetc: raises $6 to $12
Datumboy: folds
Uncalled bet ($6) returned to cornetc
cornetc collected $41.50 from pot
cornetc: doesn't show hand
*** SUMMARY ***
Total pot $42 | Rake $0.50
Board [9d 3d 4h 2c 2h]
Seat 5: cornetc (button) (small blind) collected ($41.50)
Seat 6: Datumboy (big blind) folded on the River


PokerStars Hand #144728570525:  Hold'em Limit ($3/$6 USD) - 2015/12/02 16:16:50 ET
Table 'Epeigeus III' 6-max Seat #5 is the button
Seat 5: cornetc ($95.50 in chips)
Seat 6: Datumboy ($101.88 in chips)
cornetc: posts small blind $1
Datumboy: posts big blind $3
*** HOLE CARDS ***
cornetc: folds
Uncalled bet ($2) returned to Datumboy
Datumboy collected $2 from pot
Datumboy: doesn't show hand
*** SUMMARY ***
Total pot $2 | Rake $0
Seat 5: cornetc (button) (small blind) folded before Flop
Seat 6: Datumboy (big blind) collected ($2)


PokerStars Hand #144728556154:  Hold'em Limit ($3/$6 USD) - 2015/12/02 16:16:36 ET
Table 'Epeigeus III' 6-max Seat #6 is the button
Seat 5: cornetc ($98.50 in chips)
Seat 6: Datumboy ($99 in chips)
Datumboy: posts small blind $1
cornetc: posts big blind $3
*** HOLE CARDS ***
Datumboy: calls $2
cornetc: checks
*** FLOP *** [Ac Qs 8s]
cornetc: checks
Datumboy: checks
*** TURN *** [Ac Qs 8s] [Jd]
GRAILKO joins the table at seat #1
cornetc: checks
Datumboy: bets $6
cornetc: folds
Uncalled bet ($6) returned to Datumboy
Datumboy collected $5.88 from pot
Datumboy: doesn't show hand
*** SUMMARY ***
Total pot $6 | Rake $0.12
Board [Ac Qs 8s Jd]
Seat 5: cornetc (big blind) folded on the Turn
Seat 6: Datumboy (button) (small blind) collected ($5.88)


PokerStars Hand #144734135828:  Hold'em Limit ($3/$6 USD) - 2015/12/02 18:01:08 ET
Table 'Epeigeus III' 6-max Seat #3 is the button
Seat 3: sedemosem ($96.49 in chips)
Seat 4: artiZzt ($126.61 in chips)
sedemosem: posts small blind $1
artiZzt: posts big blind $3
*** HOLE CARDS ***
sedemosem: raises $3 to $6
artiZzt: raises $3 to $9
sedemosem: raises $3 to $12
Betting is capped
artiZzt: calls $3
*** FLOP *** [9c 4h 7d]
artiZzt: checks
sedemosem: bets $3
artiZzt: calls $3
*** TURN *** [9c 4h 7d] [8h]
artiZzt: checks
sedemosem: bets $6
artiZzt: calls $6
*** RIVER *** [9c 4h 7d 8h] [2h]
artiZzt: checks
sedemosem: checks
*** SHOW DOWN ***
artiZzt: shows [Ac Ts] (high card Ace)
sedemosem: shows [Qc 8s] (a pair of Eights)
sedemosem collected $41.50 from pot
*** SUMMARY ***
Total pot $42 | Rake $0.50
Board [9c 4h 7d 8h 2h]
Seat 3: sedemosem (button) (small blind) showed [Qc 8s] and won ($41.50) with a pair of Eights
Seat 4: artiZzt (big blind) showed [Ac Ts] and lost with high card Ace


PokerStars Hand #144734127694:  Hold'em Limit ($3/$6 USD) - 2015/12/02 18:00:57 ET
Table 'Epeigeus III' 6-max Seat #4 is the button
Seat 3: sedemosem ($95.49 in chips)
Seat 4: artiZzt ($127.61 in chips)
artiZzt: posts small blind $1
TinaTurner72: is sitting out
LukaSteel: is sitting out
sedemosem: posts big blind $3
*** HOLE CARDS ***
TinaTurner72 leaves the table
LukaSteel leaves the table
artiZzt: folds
Uncalled bet ($2) returned to sedemosem
sedemosem collected $2 from pot
sedemosem: doesn't show hand
*** SUMMARY ***
Total pot $2 | Rake $0
Seat 3: sedemosem (big blind) collected ($2)
Seat 4: artiZzt (button) (small blind) folded before Flop


PokerStars Hand #144734156084:  Hold'em Limit ($3/$6 USD) - 2015/12/02 18:01:34 ET
Table 'Epeigeus III' 6-max Seat #4 is the button
Seat 3: sedemosem ($116.99 in chips)
Seat 4: artiZzt ($105.61 in chips)
artiZzt: posts small blind $1
sedemosem: posts big blind $3
*** HOLE CARDS ***
artiZzt: folds
Uncalled bet ($2) returned to sedemosem
sedemosem collected $2 from pot
sedemosem: doesn't show hand
*** SUMMARY ***
Total pot $2 | Rake $0
Seat 3: sedemosem (big blind) collected ($2)
Seat 4: artiZzt (button) (small blind) folded before Flop


PokerStars Hand #144734159950:  Hold'em Limit ($3/$6 USD) - 2015/12/02 18:01:38 ET
Table 'Epeigeus III' 6-max Seat #3 is the button
Seat 3: sedemosem ($117.99 in chips)
Seat 4: artiZzt ($104.61 in chips)
sedemosem: posts small blind $1
artiZzt: posts big blind $3
*** HOLE CARDS ***
sedemosem: raises $3 to $6
artiZzt: calls $3
*** FLOP *** [7h 9s Ah]
artiZzt: checks
sedemosem: bets $3
artiZzt: calls $3
*** TURN *** [7h 9s Ah] [Qc]
artiZzt: checks
sedemosem: bets $6
artiZzt: folds
Uncalled bet ($6) returned to sedemosem
sedemosem collected $17.64 from pot
sedemosem: doesn't show hand
*** SUMMARY ***
Total pot $18 | Rake $0.36
Board [7h 9s Ah Qc]
Seat 3: sedemosem (button) (small blind) collected ($17.64)
Seat 4: artiZzt (big blind) folded on the Turn


