PokerStars Hand #174509672911:  Hold'em Limit ($3/$6 USD) - 2017/08/18 20:57:16 ET
Table 'Epimetheus' 6-max Seat #1 is the button
Seat 1: Velbor107 ($300 in chips)
Seat 3: aabeatenby23 ($120 in chips)
Velbor107: posts small blind $1
aabeatenby23: posts big blind $3
*** HOLE CARDS ***
Velbor107: raises $3 to $6
aabeatenby23: calls $3
*** FLOP *** [3s 8c 2d]
aabeatenby23: checks
Velbor107: checks
*** TURN *** [3s 8c 2d] [3h]
aabeatenby23: checks
Velbor107: checks
*** RIVER *** [3s 8c 2d 3h] [Jd]
aabeatenby23: checks
Velbor107: checks
*** SHOW DOWN ***
aabeatenby23: shows [Ks 6h] (a pair of Threes)
Velbor107: mucks hand
aabeatenby23 collected $11.76 from pot
*** SUMMARY ***
Total pot $12 | Rake $0.24
Board [3s 8c 2d 3h Jd]
Seat 1: Velbor107 (button) (small blind) mucked
Seat 3: aabeatenby23 (big blind) showed [Ks 6h] and won ($11.76) with a pair of Threes


PokerStars Hand #174509685903:  Hold'em Limit ($3/$6 USD) - 2017/08/18 20:57:51 ET
Table 'Epimetheus' 6-max Seat #3 is the button
Seat 1: Velbor107 ($294 in chips)
Seat 3: aabeatenby23 ($125.76 in chips)
aabeatenby23: posts small blind $1
Velbor107: posts big blind $3
*** HOLE CARDS ***
aabeatenby23: raises $3 to $6
Velbor107: calls $3
*** FLOP *** [Kd Qc Kc]
Velbor107: checks
aabeatenby23: bets $3
Velbor107: folds
Uncalled bet ($3) returned to aabeatenby23
belik555 joins the table at seat #4
aabeatenby23 collected $11.76 from pot
aabeatenby23: doesn't show hand
*** SUMMARY ***
Total pot $12 | Rake $0.24
Board [Kd Qc Kc]
Seat 1: Velbor107 (big blind) folded on the Flop
Seat 3: aabeatenby23 (button) (small blind) collected ($11.76)


PokerStars Hand #174509695707:  Hold'em Limit ($3/$6 USD) - 2017/08/18 20:58:16 ET
Table 'Epimetheus' 6-max Seat #1 is the button
Seat 1: Velbor107 ($288 in chips)
Seat 3: aabeatenby23 ($131.52 in chips)
Velbor107: posts small blind $1
aabeatenby23: posts big blind $3
*** HOLE CARDS ***
Velbor107: raises $3 to $6
aabeatenby23: calls $3
*** FLOP *** [Jd 2d 9d]
aabeatenby23: checks
Velbor107: bets $3
aabeatenby23: calls $3
*** TURN *** [Jd 2d 9d] [2h]
aabeatenby23: checks
Velbor107: checks
*** RIVER *** [Jd 2d 9d 2h] [Ac]
aabeatenby23: checks
Velbor107: checks
*** SHOW DOWN ***
aabeatenby23: shows [4s 9c] (two pair, Nines and Deuces)
Velbor107: mucks hand
aabeatenby23 collected $17.64 from pot
*** SUMMARY ***
Total pot $18 | Rake $0.36
Board [Jd 2d 9d 2h Ac]
Seat 1: Velbor107 (button) (small blind) mucked
Seat 3: aabeatenby23 (big blind) showed [4s 9c] and won ($17.64) with two pair, Nines and Deuces


PokerStars Hand #174509751635:  Hold'em Limit ($3/$6 USD) - 2017/08/18 21:00:42 ET
Table 'Epimetheus' 6-max Seat #4 is the button
Seat 3: aabeatenby23 ($164.54 in chips)
Seat 4: belik555 ($90 in chips)
belik555: posts small blind $1
Velbor107: is sitting out
aabeatenby23: posts big blind $3
*** HOLE CARDS ***
belik555: raises $3 to $6
Velbor107 leaves the table
aabeatenby23: raises $3 to $9
belik555: calls $3
*** FLOP *** [8d Th Qs]
aabeatenby23: bets $3
belik555: folds
Uncalled bet ($3) returned to aabeatenby23
aabeatenby23 collected $17.64 from pot
aabeatenby23: doesn't show hand
*** SUMMARY ***
Total pot $18 | Rake $0.36
Board [8d Th Qs]
Seat 3: aabeatenby23 (big blind) collected ($17.64)
Seat 4: belik555 (button) (small blind) folded on the Flop


PokerStars Hand #174509784241:  Hold'em Limit ($3/$6 USD) - 2017/08/18 21:01:46 ET
Table 'Epimetheus' 6-max Seat #3 is the button
Seat 3: aabeatenby23 ($163.82 in chips)
Seat 4: belik555 ($98.50 in chips)
aabeatenby23: posts small blind $1
belik555: posts big blind $3
*** HOLE CARDS ***
aabeatenby23: raises $3 to $6
belik555: calls $3
*** FLOP *** [5h 6d Ah]
belik555: checks
aabeatenby23: bets $3
belik555: calls $3
*** TURN *** [5h 6d Ah] [Qc]
belik555: checks
aabeatenby23: bets $6
belik555: folds
Uncalled bet ($6) returned to aabeatenby23
aabeatenby23 collected $17.64 from pot
aabeatenby23: doesn't show hand
*** SUMMARY ***
Total pot $18 | Rake $0.36
Board [5h 6d Ah Qc]
Seat 3: aabeatenby23 (button) (small blind) collected ($17.64)
Seat 4: belik555 (big blind) folded on the Turn


PokerStars Hand #174509759702:  Hold'em Limit ($3/$6 USD) - 2017/08/18 21:01:01 ET
Table 'Epimetheus' 6-max Seat #3 is the button
Seat 3: aabeatenby23 ($173.18 in chips)
Seat 4: belik555 ($90 in chips)
aabeatenby23: posts small blind $1
belik555: posts big blind $3
*** HOLE CARDS ***
aabeatenby23: raises $3 to $6
belik555: calls $3
*** FLOP *** [3s 2s 5c]
belik555: checks
aabeatenby23: checks
*** TURN *** [3s 2s 5c] [As]
belik555: bets $6
aabeatenby23: calls $6
*** RIVER *** [3s 2s 5c As] [8c]
belik555: bets $6
aabeatenby23: calls $6
*** SHOW DOWN ***
belik555: shows [4h 3h] (a straight, Ace to Five)
aabeatenby23: mucks hand
belik555 collected $35.50 from pot
*** SUMMARY ***
Total pot $36 | Rake $0.50
Board [3s 2s 5c As 8c]
Seat 3: aabeatenby23 (button) (small blind) mucked
Seat 4: belik555 (big blind) showed [4h 3h] and won ($35.50) with a straight, Ace to Five


PokerStars Hand #174509791101:  Hold'em Limit ($3/$6 USD) - 2017/08/18 21:02:01 ET
Table 'Epimetheus' 6-max Seat #4 is the button
Seat 3: aabeatenby23 ($172.46 in chips)
Seat 4: belik555 ($90 in chips)
belik555: posts small blind $1
aabeatenby23: posts big blind $3
*** HOLE CARDS ***
belik555: raises $3 to $6
aabeatenby23: raises $3 to $9
belik555: calls $3
*** FLOP *** [Jc 5h Th]
aabeatenby23: bets $3
belik555: calls $3
*** TURN *** [Jc 5h Th] [7d]
ToDaFelt joins the table at seat #5
aabeatenby23: bets $6
belik555: folds
Uncalled bet ($6) returned to aabeatenby23
aabeatenby23 collected $23.52 from pot
aabeatenby23: doesn't show hand
*** SUMMARY ***
Total pot $24 | Rake $0.48
Board [Jc 5h Th 7d]
Seat 3: aabeatenby23 (big blind) collected ($23.52)
Seat 4: belik555 (button) (small blind) folded on the Turn


PokerStars Hand #174509769596:  Hold'em Limit ($3/$6 USD) - 2017/08/18 21:01:25 ET
Table 'Epimetheus' 6-max Seat #4 is the button
Seat 3: aabeatenby23 ($155.18 in chips)
Seat 4: belik555 ($107.50 in chips)
belik555: posts small blind $1
aabeatenby23: posts big blind $3
*** HOLE CARDS ***
belik555: raises $3 to $6
aabeatenby23: calls $3
*** FLOP *** [2h Js 9h]
aabeatenby23: checks
belik555: bets $3
aabeatenby23: calls $3
*** TURN *** [2h Js 9h] [Qs]
aabeatenby23: checks
belik555: checks
*** RIVER *** [2h Js 9h Qs] [6d]
aabeatenby23: checks
belik555: checks
*** SHOW DOWN ***
aabeatenby23: shows [2s 7h] (a pair of Deuces)
belik555: mucks hand
aabeatenby23 collected $17.64 from pot
*** SUMMARY ***
Total pot $18 | Rake $0.36
Board [2h Js 9h Qs 6d]
Seat 3: aabeatenby23 (big blind) showed [2s 7h] and won ($17.64) with a pair of Deuces
Seat 4: belik555 (button) (small blind) mucked


PokerStars Hand #174509796999:  Hold'em Limit ($3/$6 USD) - 2017/08/18 21:02:15 ET
Table 'Epimetheus' 6-max Seat #3 is the button
Seat 3: aabeatenby23 ($183.98 in chips)
Seat 4: belik555 ($90 in chips)
aabeatenby23: posts small blind $1
belik555: posts big blind $3
*** HOLE CARDS ***
aabeatenby23: raises $3 to $6
belik555: calls $3
*** FLOP *** [9c Ac 4h]
belik555: checks
aabeatenby23: bets $3
belik555: folds
Uncalled bet ($3) returned to aabeatenby23
aabeatenby23 collected $11.76 from pot
aabeatenby23: doesn't show hand
*** SUMMARY ***
Total pot $12 | Rake $0.24
Board [9c Ac 4h]
Seat 3: aabeatenby23 (button) (small blind) collected ($11.76)
Seat 4: belik555 (big blind) folded on the Flop


PokerStars Hand #174509951444:  Hold'em Limit ($3/$6 USD) - 2017/08/18 21:08:01 ET
Table 'Epimetheus' 6-max Seat #4 is the button
Seat 3: aabeatenby23 ($197.65 in chips)
Seat 4: belik555 ($141.79 in chips)
belik555: posts small blind $1
ToDaFelt: is sitting out
aabeatenby23: posts big blind $3
*** HOLE CARDS ***
ToDaFelt leaves the table
belik555: raises $3 to $6
aabeatenby23: raises $3 to $9
belik555: calls $3
*** FLOP *** [2s 9c Tc]
aabeatenby23: bets $3
belik555: calls $3
*** TURN *** [2s 9c Tc] [Ts]
aabeatenby23: bets $6
belik555: calls $6
*** RIVER *** [2s 9c Tc Ts] [3d]
aabeatenby23: bets $6
belik555: calls $6
*** SHOW DOWN ***
aabeatenby23: shows [Jd Ah] (a pair of Tens)
belik555: mucks hand
aabeatenby23 collected $47.50 from pot
*** SUMMARY ***
Total pot $48 | Rake $0.50
Board [2s 9c Tc Ts 3d]
Seat 3: aabeatenby23 (big blind) showed [Jd Ah] and won ($47.50) with a pair of Tens
Seat 4: belik555 (button) (small blind) mucked


PokerStars Hand #174509970317:  Hold'em Limit ($3/$6 USD) - 2017/08/18 21:08:44 ET
Table 'Epimetheus' 6-max Seat #3 is the button
Seat 3: aabeatenby23 ($216.15 in chips)
Seat 4: belik555 ($122.55 in chips)
aabeatenby23: posts small blind $1
belik555: posts big blind $3
*** HOLE CARDS ***
aabeatenby23: raises $3 to $6
belik555: calls $3
*** FLOP *** [6h 9d 3h]
belik555: checks
aabeatenby23: bets $3
belik555: raises $3 to $6
aabeatenby23: calls $3
*** TURN *** [6h 9d 3h] [4h]
belik555: bets $6
aabeatenby23: calls $6
*** RIVER *** [6h 9d 3h 4h] [Kc]
belik555: bets $6
aabeatenby23: folds
Uncalled bet ($6) returned to belik555
belik555 collected $35.50 from pot
belik555: doesn't show hand
*** SUMMARY ***
Total pot $36 | Rake $0.50
Board [6h 9d 3h 4h Kc]
Seat 3: aabeatenby23 (button) (small blind) folded on the River
Seat 4: belik555 (big blind) collected ($35.50)


PokerStars Hand #174509967710:  Hold'em Limit ($3/$6 USD) - 2017/08/18 21:08:38 ET
Table 'Epimetheus' 6-max Seat #4 is the button
Seat 3: aabeatenby23 ($215.15 in chips)
Seat 4: belik555 ($123.55 in chips)
belik555: posts small blind $1
aabeatenby23: posts big blind $3
*** HOLE CARDS ***
belik555: folds
Uncalled bet ($2) returned to aabeatenby23
aabeatenby23 collected $2 from pot
aabeatenby23: doesn't show hand
*** SUMMARY ***
Total pot $2 | Rake $0
Seat 3: aabeatenby23 (big blind) collected ($2)
Seat 4: belik555 (button) (small blind) folded before Flop


PokerStars Hand #174509960773:  Hold'em Limit ($3/$6 USD) - 2017/08/18 21:08:22 ET
Table 'Epimetheus' 6-max Seat #3 is the button
Seat 3: aabeatenby23 ($221.15 in chips)
Seat 4: belik555 ($117.79 in chips)
aabeatenby23: posts small blind $1
belik555: posts big blind $3
*** HOLE CARDS ***
aabeatenby23: raises $3 to $6
belik555: calls $3
*** FLOP *** [Ts 4d Td]
belik555: checks
aabeatenby23: checks
*** TURN *** [Ts 4d Td] [5c]
belik555: bets $6
aabeatenby23: folds
Uncalled bet ($6) returned to belik555
belik555 collected $11.76 from pot
belik555: doesn't show hand
*** SUMMARY ***
Total pot $12 | Rake $0.24
Board [Ts 4d Td 5c]
Seat 3: aabeatenby23 (button) (small blind) folded on the Turn
Seat 4: belik555 (big blind) collected ($11.76)


PokerStars Hand #174509987746:  Hold'em Limit ($3/$6 USD) - 2017/08/18 21:09:23 ET
Table 'Epimetheus' 6-max Seat #3 is the button
Seat 3: aabeatenby23 ($192.15 in chips)
Seat 4: belik555 ($145.81 in chips)
aabeatenby23: posts small blind $1
belik555: posts big blind $3
*** HOLE CARDS ***
aabeatenby23: folds
Uncalled bet ($2) returned to belik555
belik555 collected $2 from pot
belik555: doesn't show hand
*** SUMMARY ***
Total pot $2 | Rake $0
Seat 3: aabeatenby23 (button) (small blind) folded before Flop
Seat 4: belik555 (big blind) collected ($2)


PokerStars Hand #174509980499:  Hold'em Limit ($3/$6 USD) - 2017/08/18 21:09:07 ET
Table 'Epimetheus' 6-max Seat #4 is the button
Seat 3: aabeatenby23 ($198.15 in chips)
Seat 4: belik555 ($140.05 in chips)
belik555: posts small blind $1
aabeatenby23: posts big blind $3
*** HOLE CARDS ***
belik555: raises $3 to $6
aabeatenby23: calls $3
*** FLOP *** [6s Jc 3s]
aabeatenby23: checks
belik555: bets $3
aabeatenby23: folds
Uncalled bet ($3) returned to belik555
belik555 collected $11.76 from pot
belik555: doesn't show hand
*** SUMMARY ***
Total pot $12 | Rake $0.24
Board [6s Jc 3s]
Seat 3: aabeatenby23 (big blind) folded on the Flop
Seat 4: belik555 (button) (small blind) collected ($11.76)


PokerStars Hand #174509990150:  Hold'em Limit ($3/$6 USD) - 2017/08/18 21:09:28 ET
Table 'Epimetheus' 6-max Seat #4 is the button
Seat 3: aabeatenby23 ($191.15 in chips)
Seat 4: belik555 ($146.81 in chips)
belik555: posts small blind $1
aabeatenby23: posts big blind $3
*** HOLE CARDS ***
belik555: raises $3 to $6
aabeatenby23: raises $3 to $9
belik555: calls $3
*** FLOP *** [2c 3d 8d]
aabeatenby23: bets $3
belik555: calls $3
*** TURN *** [2c 3d 8d] [4s]
aabeatenby23: bets $6
belik555: raises $6 to $12
aabeatenby23: calls $6
*** RIVER *** [2c 3d 8d 4s] [2d]
aabeatenby23: checks
belik555: bets $6
aabeatenby23: calls $6
*** SHOW DOWN ***
belik555: shows [6d 5s] (a straight, Deuce to Six)
aabeatenby23: mucks hand
belik555 collected $59.50 from pot
*** SUMMARY ***
Total pot $60 | Rake $0.50
Board [2c 3d 8d 4s 2d]
Seat 3: aabeatenby23 (big blind) mucked
Seat 4: belik555 (button) (small blind) showed [6d 5s] and won ($59.50) with a straight, Deuce to Six


PokerStars Hand #174510016948:  Hold'em Limit ($3/$6 USD) - 2017/08/18 21:10:29 ET
Table 'Epimetheus' 6-max Seat #4 is the button
Seat 3: aabeatenby23 ($181.65 in chips)
Seat 4: belik555 ($155.31 in chips)
belik555: posts small blind $1
aabeatenby23: posts big blind $3
*** HOLE CARDS ***
belik555: raises $3 to $6
aabeatenby23: raises $3 to $9
belik555: calls $3
*** FLOP *** [4h Kh 8h]
aabeatenby23: bets $3
belik555: calls $3
*** TURN *** [4h Kh 8h] [Kd]
aabeatenby23: bets $6
belik555: calls $6
*** RIVER *** [4h Kh 8h Kd] [3c]
aabeatenby23: bets $6
belik555: calls $6
*** SHOW DOWN ***
aabeatenby23: shows [Ah Jd] (a pair of Kings)
belik555: shows [6h 4d] (two pair, Kings and Fours)
belik555 collected $47.50 from pot
*** SUMMARY ***
Total pot $48 | Rake $0.50
Board [4h Kh 8h Kd 3c]
Seat 3: aabeatenby23 (big blind) showed [Ah Jd] and lost with a pair of Kings
Seat 4: belik555 (button) (small blind) showed [6h 4d] and won ($47.50) with two pair, Kings and Fours


PokerStars Hand #174510002161:  Hold'em Limit ($3/$6 USD) - 2017/08/18 21:09:55 ET
Table 'Epimetheus' 6-max Seat #3 is the button
Seat 3: aabeatenby23 ($161.15 in chips)
Seat 4: belik555 ($176.31 in chips)
aabeatenby23: posts small blind $1
belik555: posts big blind $3
*** HOLE CARDS ***
aabeatenby23: raises $3 to $6
belik555: calls $3
*** FLOP *** [Kd Qh 9h]
belik555: checks
aabeatenby23: bets $3
belik555: calls $3
*** TURN *** [Kd Qh 9h] [Ts]
belik555: checks
aabeatenby23: bets $6
belik555: calls $6
*** RIVER *** [Kd Qh 9h Ts] [3c]
belik555: checks
aabeatenby23: bets $6
belik555: calls $6
*** SHOW DOWN ***
aabeatenby23: shows [Jc 8d] (a straight, Nine to King)
belik555: mucks hand
aabeatenby23 collected $41.50 from pot
*** SUMMARY ***
Total pot $42 | Rake $0.50
Board [Kd Qh 9h Ts 3c]
Seat 3: aabeatenby23 (button) (small blind) showed [Jc 8d] and won ($41.50) with a straight, Nine to King
Seat 4: belik555 (big blind) mucked


PokerStars Hand #174510024488:  Hold'em Limit ($3/$6 USD) - 2017/08/18 21:10:46 ET
Table 'Epimetheus' 6-max Seat #3 is the button
Seat 3: aabeatenby23 ($157.65 in chips)
Seat 4: belik555 ($178.81 in chips)
aabeatenby23: posts small blind $1
belik555: posts big blind $3
*** HOLE CARDS ***
aabeatenby23: raises $3 to $6
belik555: calls $3
*** FLOP *** [8c 4s 7c]
belik555: checks
aabeatenby23: bets $3
belik555: raises $3 to $6
aabeatenby23: calls $3
*** TURN *** [8c 4s 7c] [7d]
belik555: bets $6
aabeatenby23: calls $6
*** RIVER *** [8c 4s 7c 7d] [Th]
belik555: bets $6
aabeatenby23: raises $6 to $12
belik555: folds
Uncalled bet ($6) returned to aabeatenby23
aabeatenby23 collected $47.50 from pot
aabeatenby23: doesn't show hand
*** SUMMARY ***
Total pot $48 | Rake $0.50
Board [8c 4s 7c 7d Th]
Seat 3: aabeatenby23 (button) (small blind) collected ($47.50)
Seat 4: belik555 (big blind) folded on the River


PokerStars Hand #174510033104:  Hold'em Limit ($3/$6 USD) - 2017/08/18 21:11:05 ET
Table 'Epimetheus' 6-max Seat #4 is the button
Seat 3: aabeatenby23 ($181.15 in chips)
Seat 4: belik555 ($154.81 in chips)
belik555: posts small blind $1
aabeatenby23: posts big blind $3
*** HOLE CARDS ***
belik555: raises $3 to $6
aabeatenby23: raises $3 to $9
belik555: calls $3
*** FLOP *** [3h 5c 6h]
aabeatenby23: bets $3
belik555: calls $3
*** TURN *** [3h 5c 6h] [8d]
aabeatenby23: bets $6
belik555: calls $6
*** RIVER *** [3h 5c 6h 8d] [Kc]
aabeatenby23: checks
belik555: checks
*** SHOW DOWN ***
aabeatenby23: shows [8h 8c] (three of a kind, Eights)
belik555: mucks hand
aabeatenby23 collected $35.50 from pot
*** SUMMARY ***
Total pot $36 | Rake $0.50
Board [3h 5c 6h 8d Kc]
Seat 3: aabeatenby23 (big blind) showed [8h 8c] and won ($35.50) with three of a kind, Eights
Seat 4: belik555 (button) (small blind) mucked


PokerStars Hand #174510048578:  Hold'em Limit ($3/$6 USD) - 2017/08/18 21:11:41 ET
Table 'Epimetheus' 6-max Seat #4 is the button
Seat 3: aabeatenby23 ($210.17 in chips)
Seat 4: belik555 ($124.81 in chips)
belik555: posts small blind $1
aabeatenby23: posts big blind $3
*** HOLE CARDS ***
belik555: raises $3 to $6
aabeatenby23: calls $3
*** FLOP *** [Th 3c Qs]
aabeatenby23: checks
belik555: checks
*** TURN *** [Th 3c Qs] [Kh]
aabeatenby23: bets $6
belik555: calls $6
*** RIVER *** [Th 3c Qs Kh] [5c]
aabeatenby23: bets $6
belik555: calls $6
*** SHOW DOWN ***
aabeatenby23: shows [4s Jd] (high card King)
belik555: shows [9d Ts] (a pair of Tens)
belik555 collected $35.50 from pot
*** SUMMARY ***
Total pot $36 | Rake $0.50
Board [Th 3c Qs Kh 5c]
Seat 3: aabeatenby23 (big blind) showed [4s Jd] and lost with high card King
Seat 4: belik555 (button) (small blind) showed [9d Ts] and won ($35.50) with a pair of Tens


PokerStars Hand #174510040991:  Hold'em Limit ($3/$6 USD) - 2017/08/18 21:11:24 ET
Table 'Epimetheus' 6-max Seat #3 is the button
Seat 3: aabeatenby23 ($198.65 in chips)
Seat 4: belik555 ($136.81 in chips)
aabeatenby23: posts small blind $1
belik555: posts big blind $3
*** HOLE CARDS ***
aabeatenby23: raises $3 to $6
belik555: calls $3
*** FLOP *** [Jd 8h 6h]
belik555: checks
aabeatenby23: checks
*** TURN *** [Jd 8h 6h] [Tc]
belik555: bets $6
aabeatenby23: raises $6 to $12
belik555: folds
Uncalled bet ($6) returned to aabeatenby23
aabeatenby23 collected $23.52 from pot
aabeatenby23: doesn't show hand
*** SUMMARY ***
Total pot $24 | Rake $0.48
Board [Jd 8h 6h Tc]
Seat 3: aabeatenby23 (button) (small blind) collected ($23.52)
Seat 4: belik555 (big blind) folded on the Turn


