PokerStars Hand #150689649657:  Hold'em Limit ($3/$6 USD) - 2016/03/21 0:28:07 ET
Table 'Epimetheus II' 6-max Seat #4 is the button
Seat 3: facinho ($74.55 in chips)
Seat 4: VolkovDmitri ($297.35 in chips)
VolkovDmitri: posts small blind $1
facinho: posts big blind $3
*** HOLE CARDS ***
VolkovDmitri: raises $3 to $6
facinho: calls $3
*** FLOP *** [2c Ad 4c]
facinho: checks
VolkovDmitri: bets $3
facinho: calls $3
*** TURN *** [2c Ad 4c] [Ah]
facinho: checks
VolkovDmitri: bets $6
facinho: calls $6
*** RIVER *** [2c Ad 4c Ah] [Qh]
facinho: checks
VolkovDmitri: bets $6
facinho: raises $6 to $12
VolkovDmitri: calls $6
*** SHOW DOWN ***
facinho: shows [Ac 8c] (three of a kind, Aces)
VolkovDmitri: mucks hand
facinho collected $53.50 from pot
*** SUMMARY ***
Total pot $54 | Rake $0.50
Board [2c Ad 4c Ah Qh]
Seat 3: facinho (big blind) showed [Ac 8c] and won ($53.50) with three of a kind, Aces
Seat 4: VolkovDmitri (button) (small blind) mucked


PokerStars Hand #150689640130:  Hold'em Limit ($3/$6 USD) - 2016/03/21 0:27:30 ET
Table 'Epimetheus II' 6-max Seat #4 is the button
Seat 3: facinho ($71.73 in chips)
Seat 4: VolkovDmitri ($300.53 in chips)
VolkovDmitri: posts small blind $1
colton88: is sitting out
facinho: posts big blind $3
*** HOLE CARDS ***
VolkovDmitri: raises $3 to $6
colton88 leaves the table
facinho: calls $3
*** FLOP *** [3s 4h 3c]
facinho: checks
VolkovDmitri: bets $3
facinho: calls $3
*** TURN *** [3s 4h 3c] [4s]
facinho: checks
VolkovDmitri: checks
*** RIVER *** [3s 4h 3c 4s] [Ks]
facinho: checks
VolkovDmitri: checks
*** SHOW DOWN ***
facinho: shows [9s 8d] (two pair, Fours and Threes)
VolkovDmitri: shows [8s 6c] (two pair, Fours and Threes)
facinho collected $8.82 from pot
VolkovDmitri collected $8.82 from pot
*** SUMMARY ***
Total pot $18 | Rake $0.36
Board [3s 4h 3c 4s Ks]
Seat 3: facinho (big blind) showed [9s 8d] and won ($8.82) with two pair, Fours and Threes
Seat 4: VolkovDmitri (button) (small blind) showed [8s 6c] and won ($8.82) with two pair, Fours and Threes


PokerStars Hand #150689647774:  Hold'em Limit ($3/$6 USD) - 2016/03/21 0:27:59 ET
Table 'Epimetheus II' 6-max Seat #3 is the button
Seat 3: facinho ($71.55 in chips)
Seat 4: VolkovDmitri ($300.35 in chips)
facinho: posts small blind $1
VolkovDmitri: posts big blind $3
*** HOLE CARDS ***
facinho: raises $3 to $6
VolkovDmitri: folds
Uncalled bet ($3) returned to facinho
Dieter321 leaves the table
facinho collected $6 from pot
facinho: doesn't show hand
*** SUMMARY ***
Total pot $6 | Rake $0
Seat 3: facinho (button) (small blind) collected ($6)
Seat 4: VolkovDmitri (big blind) folded before Flop


PokerStars Hand #150689664215:  Hold'em Limit ($3/$6 USD) - 2016/03/21 0:29:03 ET
Table 'Epimetheus II' 6-max Seat #4 is the button
Seat 3: facinho ($106.81 in chips)
Seat 4: VolkovDmitri ($264.35 in chips)
VolkovDmitri: posts small blind $1
facinho: posts big blind $3
*** HOLE CARDS ***
VolkovDmitri: raises $3 to $6
facinho: calls $3
*** FLOP *** [Kc 6c As]
facinho: checks
VolkovDmitri: bets $3
facinho: calls $3
*** TURN *** [Kc 6c As] [9c]
facinho: checks
VolkovDmitri: bets $6
facinho: calls $6
*** RIVER *** [Kc 6c As 9c] [Jd]
facinho: checks
VolkovDmitri: bets $6
facinho: calls $6
*** SHOW DOWN ***
VolkovDmitri: shows [4c 8c] (a flush, King high)
facinho: mucks hand
VolkovDmitri collected $41.50 from pot
*** SUMMARY ***
Total pot $42 | Rake $0.50
Board [Kc 6c As 9c Jd]
Seat 3: facinho (big blind) mucked
Seat 4: VolkovDmitri (button) (small blind) showed [4c 8c] and won ($41.50) with a flush, King high


PokerStars Hand #150689656956:  Hold'em Limit ($3/$6 USD) - 2016/03/21 0:28:35 ET
Table 'Epimetheus II' 6-max Seat #3 is the button
Seat 3: facinho ($101.05 in chips)
Seat 4: VolkovDmitri ($270.35 in chips)
facinho: posts small blind $1
VolkovDmitri: posts big blind $3
*** HOLE CARDS ***
facinho: raises $3 to $6
VolkovDmitri: calls $3
*** FLOP *** [As 8h 8s]
VolkovDmitri: checks
facinho: checks
*** TURN *** [As 8h 8s] [3s]
VolkovDmitri: checks
facinho: bets $6
VolkovDmitri: folds
Uncalled bet ($6) returned to facinho
facinho collected $11.76 from pot
facinho: doesn't show hand
*** SUMMARY ***
Total pot $12 | Rake $0.24
Board [As 8h 8s 3s]
Seat 3: facinho (button) (small blind) collected ($11.76)
Seat 4: VolkovDmitri (big blind) folded on the Turn


PokerStars Hand #150689673962:  Hold'em Limit ($3/$6 USD) - 2016/03/21 0:29:40 ET
Table 'Epimetheus II' 6-max Seat #3 is the button
Seat 3: facinho ($85.81 in chips)
Seat 4: VolkovDmitri ($284.85 in chips)
facinho: posts small blind $1
VolkovDmitri: posts big blind $3
*** HOLE CARDS ***
facinho: raises $3 to $6
VolkovDmitri: raises $3 to $9
facinho: calls $3
*** FLOP *** [5c Qs 8s]
VolkovDmitri: bets $3
facinho: raises $3 to $6
VolkovDmitri: calls $3
*** TURN *** [5c Qs 8s] [Js]
VolkovDmitri: checks
facinho: bets $6
VolkovDmitri: folds
Uncalled bet ($6) returned to facinho
facinho collected $29.50 from pot
facinho: doesn't show hand
*** SUMMARY ***
Total pot $30 | Rake $0.50
Board [5c Qs 8s Js]
Seat 3: facinho (button) (small blind) collected ($29.50)
Seat 4: VolkovDmitri (big blind) folded on the Turn


PokerStars Hand #150689698386:  Hold'em Limit ($3/$6 USD) - 2016/03/21 0:31:11 ET
Table 'Epimetheus II' 6-max Seat #3 is the button
Seat 3: facinho ($111.83 in chips)
Seat 4: VolkovDmitri ($257.85 in chips)
facinho: posts small blind $1
VolkovDmitri: posts big blind $3
*** HOLE CARDS ***
facinho: raises $3 to $6
VolkovDmitri: calls $3
*** FLOP *** [Qc Ad Qd]
VolkovDmitri: checks
facinho: checks
*** TURN *** [Qc Ad Qd] [Kh]
VolkovDmitri: checks
facinho: bets $6
VolkovDmitri: folds
Uncalled bet ($6) returned to facinho
facinho collected $11.76 from pot
facinho: doesn't show hand
*** SUMMARY ***
Total pot $12 | Rake $0.24
Board [Qc Ad Qd Kh]
Seat 3: facinho (button) (small blind) collected ($11.76)
Seat 4: VolkovDmitri (big blind) folded on the Turn


PokerStars Hand #150689685892:  Hold'em Limit ($3/$6 USD) - 2016/03/21 0:30:25 ET
Table 'Epimetheus II' 6-max Seat #4 is the button
Seat 3: facinho ($100.31 in chips)
Seat 4: VolkovDmitri ($269.85 in chips)
VolkovDmitri: posts small blind $1
facinho: posts big blind $3
*** HOLE CARDS ***
VolkovDmitri: raises $3 to $6
facinho: calls $3
*** FLOP *** [9h Tc 7h]
facinho: checks
VolkovDmitri: bets $3
facinho: raises $3 to $6
VolkovDmitri: calls $3
*** TURN *** [9h Tc 7h] [6s]
facinho: bets $6
VolkovDmitri: folds
Uncalled bet ($6) returned to facinho
facinho collected $23.52 from pot
facinho: doesn't show hand
*** SUMMARY ***
Total pot $24 | Rake $0.48
Board [9h Tc 7h 6s]
Seat 3: facinho (big blind) collected ($23.52)
Seat 4: VolkovDmitri (button) (small blind) folded on the Turn


PokerStars Hand #150689707514:  Hold'em Limit ($3/$6 USD) - 2016/03/21 0:31:45 ET
Table 'Epimetheus II' 6-max Seat #4 is the button
Seat 3: facinho ($117.59 in chips)
Seat 4: VolkovDmitri ($251.85 in chips)
VolkovDmitri: posts small blind $1
facinho: posts big blind $3
*** HOLE CARDS ***
VolkovDmitri: raises $3 to $6
facinho: calls $3
*** FLOP *** [2c 5h 3c]
facinho: checks
VolkovDmitri: bets $3
facinho: calls $3
*** TURN *** [2c 5h 3c] [9d]
facinho: checks
VolkovDmitri: bets $6
facinho: raises $6 to $12
VolkovDmitri: raises $6 to $18
facinho: calls $6
*** RIVER *** [2c 5h 3c 9d] [4c]
facinho: checks
VolkovDmitri: bets $6
facinho: calls $6
*** SHOW DOWN ***
VolkovDmitri: shows [6d 4d] (a straight, Deuce to Six)
facinho: mucks hand
VolkovDmitri collected $65.50 from pot
*** SUMMARY ***
Total pot $66 | Rake $0.50
Board [2c 5h 3c 9d 4c]
Seat 3: facinho (big blind) mucked
Seat 4: VolkovDmitri (button) (small blind) showed [6d 4d] and won ($65.50) with a straight, Deuce to Six


PokerStars Hand #150689719005:  Hold'em Limit ($3/$6 USD) - 2016/03/21 0:32:28 ET
Table 'Epimetheus II' 6-max Seat #3 is the button
Seat 3: facinho ($84.59 in chips)
Seat 4: VolkovDmitri ($284.35 in chips)
facinho: posts small blind $1
VolkovDmitri: posts big blind $3
*** HOLE CARDS ***
facinho: raises $3 to $6
VolkovDmitri: raises $3 to $9
facinho: calls $3
*** FLOP *** [5s Qc 5c]
VolkovDmitri: checks
facinho: bets $3
VolkovDmitri: calls $3
*** TURN *** [5s Qc 5c] [3d]
VolkovDmitri: checks
facinho: bets $6
VolkovDmitri: calls $6
*** RIVER *** [5s Qc 5c 3d] [Ah]
VolkovDmitri: bets $6
facinho: calls $6
*** SHOW DOWN ***
VolkovDmitri: shows [Ad Js] (two pair, Aces and Fives)
facinho: mucks hand
VolkovDmitri collected $47.50 from pot
*** SUMMARY ***
Total pot $48 | Rake $0.50
Board [5s Qc 5c 3d Ah]
Seat 3: facinho (button) (small blind) mucked
Seat 4: VolkovDmitri (big blind) showed [Ad Js] and won ($47.50) with two pair, Aces and Fives


PokerStars Hand #150689740663:  Hold'em Limit ($3/$6 USD) - 2016/03/21 0:33:50 ET
Table 'Epimetheus II' 6-max Seat #3 is the button
Seat 3: facinho ($45.59 in chips)
Seat 4: VolkovDmitri ($322.35 in chips)
facinho: posts small blind $1
VolkovDmitri: posts big blind $3
*** HOLE CARDS ***
facinho: raises $3 to $6
VolkovDmitri: calls $3
*** FLOP *** [9c 3h 2c]
VolkovDmitri: checks
facinho: bets $3
VolkovDmitri: raises $3 to $6
facinho: raises $3 to $9
VolkovDmitri: calls $3
*** TURN *** [9c 3h 2c] [6d]
VolkovDmitri: checks
facinho: bets $6
VolkovDmitri: calls $6
*** RIVER *** [9c 3h 2c 6d] [8s]
VolkovDmitri: checks
facinho: checks
*** SHOW DOWN ***
VolkovDmitri: shows [Qc 7c] (high card Queen)
facinho: shows [Kc 4c] (high card King)
facinho collected $41.50 from pot
*** SUMMARY ***
Total pot $42 | Rake $0.50
Board [9c 3h 2c 6d 8s]
Seat 3: facinho (button) (small blind) showed [Kc 4c] and won ($41.50) with high card King
Seat 4: VolkovDmitri (big blind) showed [Qc 7c] and lost with high card Queen


PokerStars Hand #150689730632:  Hold'em Limit ($3/$6 USD) - 2016/03/21 0:33:12 ET
Table 'Epimetheus II' 6-max Seat #4 is the button
Seat 3: facinho ($60.59 in chips)
Seat 4: VolkovDmitri ($307.85 in chips)
VolkovDmitri: posts small blind $1
facinho: posts big blind $3
*** HOLE CARDS ***
VolkovDmitri: raises $3 to $6
facinho: calls $3
*** FLOP *** [7s 9h 2h]
facinho: checks
VolkovDmitri: bets $3
facinho: calls $3
*** TURN *** [7s 9h 2h] [7h]
facinho: checks
VolkovDmitri: bets $6
facinho: calls $6
*** RIVER *** [7s 9h 2h 7h] [Kc]
facinho: checks
VolkovDmitri: bets $6
facinho: folds
Uncalled bet ($6) returned to VolkovDmitri
VolkovDmitri collected $29.50 from pot
VolkovDmitri: doesn't show hand
*** SUMMARY ***
Total pot $30 | Rake $0.50
Board [7s 9h 2h 7h Kc]
Seat 3: facinho (big blind) folded on the River
Seat 4: VolkovDmitri (button) (small blind) collected ($29.50)


PokerStars Hand #150689748799:  Hold'em Limit ($3/$6 USD) - 2016/03/21 0:34:21 ET
Table 'Epimetheus II' 6-max Seat #4 is the button
Seat 3: facinho ($66.09 in chips)
Seat 4: VolkovDmitri ($301.35 in chips)
VolkovDmitri: posts small blind $1
facinho: posts big blind $3
*** HOLE CARDS ***
VolkovDmitri: raises $3 to $6
facinho: calls $3
*** FLOP *** [2c 9h 3c]
facinho: checks
VolkovDmitri: bets $3
facinho: calls $3
*** TURN *** [2c 9h 3c] [8h]
facinho: checks
VolkovDmitri: bets $6
facinho: raises $6 to $12
VolkovDmitri: calls $6
*** RIVER *** [2c 9h 3c 8h] [9s]
facinho: bets $6
VolkovDmitri: raises $6 to $12
facinho: folds
Uncalled bet ($6) returned to VolkovDmitri
VolkovDmitri collected $53.50 from pot
VolkovDmitri: doesn't show hand
*** SUMMARY ***
Total pot $54 | Rake $0.50
Board [2c 9h 3c 8h 9s]
Seat 3: facinho (big blind) folded on the River
Seat 4: VolkovDmitri (button) (small blind) collected ($53.50)


PokerStars Hand #150689769193:  Hold'em Limit ($3/$6 USD) - 2016/03/21 0:35:39 ET
Table 'Epimetheus II' 6-max Seat #4 is the button
Seat 3: facinho ($12.09 in chips)
Seat 4: VolkovDmitri ($354.35 in chips)
VolkovDmitri: posts small blind $1
facinho: posts big blind $3
*** HOLE CARDS ***
VolkovDmitri: raises $3 to $6
facinho: folds
Uncalled bet ($3) returned to VolkovDmitri
VolkovDmitri collected $6 from pot
VolkovDmitri: doesn't show hand
*** SUMMARY ***
Total pot $6 | Rake $0
Seat 3: facinho (big blind) folded before Flop
Seat 4: VolkovDmitri (button) (small blind) collected ($6)


PokerStars Hand #150689759080:  Hold'em Limit ($3/$6 USD) - 2016/03/21 0:35:01 ET
Table 'Epimetheus II' 6-max Seat #3 is the button
Seat 3: facinho ($39.09 in chips)
Seat 4: VolkovDmitri ($327.85 in chips)
facinho: posts small blind $1
VolkovDmitri: posts big blind $3
*** HOLE CARDS ***
facinho: raises $3 to $6
VolkovDmitri: raises $3 to $9
facinho: raises $3 to $12
Betting is capped
VolkovDmitri: calls $3
*** FLOP *** [7h 2h 3s]
VolkovDmitri: bets $3
facinho: calls $3
*** TURN *** [7h 2h 3s] [9s]
VolkovDmitri: bets $6
facinho: calls $6
*** RIVER *** [7h 2h 3s 9s] [Tc]
VolkovDmitri: bets $6
facinho: calls $6
*** SHOW DOWN ***
VolkovDmitri: shows [7s Ks] (a pair of Sevens)
facinho: mucks hand
VolkovDmitri collected $53.50 from pot
*** SUMMARY ***
Total pot $54 | Rake $0.50
Board [7h 2h 3s 9s Tc]
Seat 3: facinho (button) (small blind) mucked
Seat 4: VolkovDmitri (big blind) showed [7s Ks] and won ($53.50) with a pair of Sevens


PokerStars Hand #150689775234:  Hold'em Limit ($3/$6 USD) - 2016/03/21 0:36:03 ET
Table 'Epimetheus II' 6-max Seat #4 is the button
Seat 3: facinho ($3.09 in chips)
Seat 4: VolkovDmitri ($363.11 in chips)
VolkovDmitri: posts small blind $1
facinho: posts big blind $3
*** HOLE CARDS ***
VolkovDmitri: raises $3 to $6
facinho: calls $0.09 and is all-in
Uncalled bet ($2.91) returned to VolkovDmitri
*** FLOP *** [2d 8d 5s]
*** TURN *** [2d 8d 5s] [Kd]
*** RIVER *** [2d 8d 5s Kd] [Qs]
*** SHOW DOWN ***
facinho: shows [6c Jd] (high card King)
VolkovDmitri: shows [Kc 8c] (two pair, Kings and Eights)
VolkovDmitri collected $6.06 from pot
*** SUMMARY ***
Total pot $6.18 | Rake $0.12
Board [2d 8d 5s Kd Qs]
Seat 3: facinho (big blind) showed [6c Jd] and lost with high card King
Seat 4: VolkovDmitri (button) (small blind) showed [Kc 8c] and won ($6.06) with two pair, Kings and Eights


PokerStars Hand #150689771085:  Hold'em Limit ($3/$6 USD) - 2016/03/21 0:35:47 ET
Table 'Epimetheus II' 6-max Seat #3 is the button
Seat 3: facinho ($9.09 in chips)
Seat 4: VolkovDmitri ($357.35 in chips)
facinho: posts small blind $1
VolkovDmitri: posts big blind $3
*** HOLE CARDS ***
facinho: calls $2
VolkovDmitri: raises $3 to $6
facinho: calls $3
*** FLOP *** [3d Ad Tc]
VolkovDmitri: bets $3
facinho: folds
Uncalled bet ($3) returned to VolkovDmitri
VolkovDmitri collected $11.76 from pot
VolkovDmitri: doesn't show hand
*** SUMMARY ***
Total pot $12 | Rake $0.24
Board [3d Ad Tc]
Seat 3: facinho (button) (small blind) folded on the Flop
Seat 4: VolkovDmitri (big blind) collected ($11.76)


