PokerStars Hand #154050782073:  Hold'em Limit ($3/$6 USD) - 2016/05/30 11:43:23 ET
Table 'Epimetheus II' 10-max Seat #7 is the button
Seat 2: Airbag999 ($111 in chips)
Seat 7: Actionni13 ($158.64 in chips)
Actionni13: posts small blind $1
Airbag999: posts big blind $3
*** HOLE CARDS ***
Actionni13: raises $3 to $6
Airbag999: calls $3
*** FLOP *** [7c Qs Jd]
Airbag999: checks
Actionni13: bets $3
Airbag999: folds
Uncalled bet ($3) returned to Actionni13
Actionni13 collected $11.76 from pot
Actionni13: doesn't show hand
*** SUMMARY ***
Total pot $12 | Rake $0.24
Board [7c Qs Jd]
Seat 2: Airbag999 (big blind) folded on the Flop
Seat 7: Actionni13 (button) (small blind) collected ($11.76)


PokerStars Hand #154053963680:  Hold'em Limit ($3/$6 USD) - 2016/05/30 12:58:24 ET
Table 'Epimetheus II' 10-max Seat #2 is the button
Seat 2: Airbag999 ($105 in chips)
Seat 3: ChicagoBull4 ($99.31 in chips)
Airbag999: posts small blind $1
ChicagoBull4: posts big blind $3
*** HOLE CARDS ***
Airbag999: raises $3 to $6
ChicagoBull4: calls $3
*** FLOP *** [Qd 4h 7s]
ChicagoBull4: bets $3
Airbag999: calls $3
*** TURN *** [Qd 4h 7s] [8h]
ChicagoBull4: bets $6
Airbag999: raises $6 to $12
ChicagoBull4: calls $6
*** RIVER *** [Qd 4h 7s 8h] [Th]
ChicagoBull4: checks
Airbag999: bets $6
ChicagoBull4: calls $6
*** SHOW DOWN ***
Airbag999: shows [Jd Td] (a pair of Tens)
ChicagoBull4: mucks hand
Airbag999 collected $53.50 from pot
*** SUMMARY ***
Total pot $54 | Rake $0.50
Board [Qd 4h 7s 8h Th]
Seat 2: Airbag999 (button) (small blind) showed [Jd Td] and won ($53.50) with a pair of Tens
Seat 3: ChicagoBull4 (big blind) mucked


PokerStars Hand #154054036367:  Hold'em Limit ($3/$6 USD) - 2016/05/30 13:00:18 ET
Table 'Epimetheus II' 10-max Seat #2 is the button
Seat 2: Airbag999 ($109 in chips)
Seat 3: ChicagoBull4 ($93.81 in chips)
Airbag999: posts small blind $1
ChicagoBull4: posts big blind $3
*** HOLE CARDS ***
Airbag999: raises $3 to $6
ChicagoBull4: calls $3
*** FLOP *** [4s 2c Kc]
ChicagoBull4: checks
Airbag999: bets $3
ChicagoBull4: folds
Uncalled bet ($3) returned to Airbag999
Airbag999 collected $11.76 from pot
Airbag999: doesn't show hand
*** SUMMARY ***
Total pot $12 | Rake $0.24
Board [4s 2c Kc]
Seat 2: Airbag999 (button) (small blind) collected ($11.76)
Seat 3: ChicagoBull4 (big blind) folded on the Flop


PokerStars Hand #154054014181:  Hold'em Limit ($3/$6 USD) - 2016/05/30 12:59:44 ET
Table 'Epimetheus II' 10-max Seat #3 is the button
Seat 2: Airbag999 ($151 in chips)
Seat 3: ChicagoBull4 ($52.31 in chips)
ChicagoBull4: posts small blind $1
Airbag999: posts big blind $3
*** HOLE CARDS ***
ChicagoBull4: raises $3 to $6
Airbag999: raises $3 to $9
ChicagoBull4: calls $3
*** FLOP *** [2c 5c 9h]
Airbag999: bets $3
ChicagoBull4: raises $3 to $6
Airbag999: raises $3 to $9
ChicagoBull4: calls $3
*** TURN *** [2c 5c 9h] [Jh]
Airbag999: bets $6
ChicagoBull4: raises $6 to $12
Airbag999: raises $6 to $18
ChicagoBull4: calls $6
*** RIVER *** [2c 5c 9h Jh] [3d]
Airbag999: bets $6
ChicagoBull4: calls $6
*** SHOW DOWN ***
Airbag999: shows [Tc 8c] (high card Jack)
ChicagoBull4: shows [7c 9d] (a pair of Nines)
ChicagoBull4 collected $83.50 from pot
*** SUMMARY ***
Total pot $84 | Rake $0.50
Board [2c 5c 9h Jh 3d]
Seat 2: Airbag999 (big blind) showed [Tc 8c] and lost with high card Jack
Seat 3: ChicagoBull4 (button) (small blind) showed [7c 9d] and won ($83.50) with a pair of Nines


PokerStars Hand #154054045919:  Hold'em Limit ($3/$6 USD) - 2016/05/30 13:00:33 ET
Table 'Epimetheus II' 10-max Seat #3 is the button
Seat 2: Airbag999 ($114.76 in chips)
Seat 3: ChicagoBull4 ($87.81 in chips)
ChicagoBull4: posts small blind $1
Airbag999: posts big blind $3
*** HOLE CARDS ***
ChicagoBull4: raises $3 to $6
Airbag999: raises $3 to $9
ChicagoBull4: calls $3
*** FLOP *** [Tc Th 3c]
Airbag999: bets $3
WSpieler joins the table at seat #10
ChicagoBull4: calls $3
*** TURN *** [Tc Th 3c] [9s]
Airbag999: bets $6
ChicagoBull4: calls $6
*** RIVER *** [Tc Th 3c 9s] [2d]
Airbag999: bets $6
ChicagoBull4: calls $6
*** SHOW DOWN ***
Airbag999: shows [6h 6s] (two pair, Tens and Sixes)
ChicagoBull4: mucks hand
Airbag999 collected $47.50 from pot
*** SUMMARY ***
Total pot $48 | Rake $0.50
Board [Tc Th 3c 9s 2d]
Seat 2: Airbag999 (big blind) showed [6h 6s] and won ($47.50) with two pair, Tens and Sixes
Seat 3: ChicagoBull4 (button) (small blind) mucked


PokerStars Hand #154053986036:  Hold'em Limit ($3/$6 USD) - 2016/05/30 12:59:00 ET
Table 'Epimetheus II' 10-max Seat #3 is the button
Seat 2: Airbag999 ($131.50 in chips)
Seat 3: ChicagoBull4 ($72.31 in chips)
ChicagoBull4: posts small blind $1
Airbag999: posts big blind $3
*** HOLE CARDS ***
ChicagoBull4: raises $3 to $6
Airbag999: raises $3 to $9
ChicagoBull4: calls $3
*** FLOP *** [5s Qd Jc]
Airbag999: bets $3
ChicagoBull4: raises $3 to $6
Airbag999: calls $3
*** TURN *** [5s Qd Jc] [3d]
Airbag999: checks
ChicagoBull4: checks
*** RIVER *** [5s Qd Jc 3d] [7c]
Airbag999: bets $6
ChicagoBull4: calls $6
*** SHOW DOWN ***
Airbag999: shows [Qh Tc] (a pair of Queens)
ChicagoBull4: mucks hand
Airbag999 collected $41.50 from pot
*** SUMMARY ***
Total pot $42 | Rake $0.50
Board [5s Qd Jc 3d 7c]
Seat 2: Airbag999 (big blind) showed [Qh Tc] and won ($41.50) with a pair of Queens
Seat 3: ChicagoBull4 (button) (small blind) mucked


PokerStars Hand #154054218188:  Hold'em Limit ($3/$6 USD) - 2016/05/30 13:04:20 ET
Table 'Epimetheus II' 10-max Seat #10 is the button
Seat 2: Airbag999 ($117.45 in chips)
Seat 10: WSpieler ($188.61 in chips)
WSpieler: posts small blind $1
Airbag999: posts big blind $3
*** HOLE CARDS ***
WSpieler: calls $2
Airbag999: checks
*** FLOP *** [3c Ks 3d]
ChicagoBull4 leaves the table
Airbag999: checks
WSpieler: checks
*** TURN *** [3c Ks 3d] [6d]
Airbag999: bets $6
WSpieler: folds
Uncalled bet ($6) returned to Airbag999
Airbag999 collected $5.88 from pot
Airbag999: doesn't show hand
*** SUMMARY ***
Total pot $6 | Rake $0.12
Board [3c Ks 3d 6d]
Seat 2: Airbag999 (big blind) collected ($5.88)
Seat 10: WSpieler (button) (small blind) folded on the Turn


PokerStars Hand #154054246315:  Hold'em Limit ($3/$6 USD) - 2016/05/30 13:04:55 ET
Table 'Epimetheus II' 10-max Seat #2 is the button
Seat 2: Airbag999 ($127.09 in chips)
Seat 10: WSpieler ($178.61 in chips)
Airbag999: posts small blind $1
WSpieler: posts big blind $3
*** HOLE CARDS ***
Airbag999: raises $3 to $6
WSpieler: raises $3 to $9
Airbag999: calls $3
*** FLOP *** [Ts 2h Ks]
WSpieler: bets $3
Airbag999: calls $3
*** TURN *** [Ts 2h Ks] [Kd]
WSpieler: bets $6
Airbag999: calls $6
*** RIVER *** [Ts 2h Ks Kd] [9h]
WSpieler: bets $6
Airbag999: calls $6
*** SHOW DOWN ***
WSpieler: shows [6h Ah] (a pair of Kings)
Airbag999: shows [Th 7d] (two pair, Kings and Tens)
Airbag999 collected $47.50 from pot
*** SUMMARY ***
Total pot $48 | Rake $0.50
Board [Ts 2h Ks Kd 9h]
Seat 2: Airbag999 (button) (small blind) showed [Th 7d] and won ($47.50) with two pair, Kings and Tens
Seat 10: WSpieler (big blind) showed [6h Ah] and lost with a pair of Kings


PokerStars Hand #154054272488:  Hold'em Limit ($3/$6 USD) - 2016/05/30 13:05:27 ET
Table 'Epimetheus II' 10-max Seat #2 is the button
Seat 2: Airbag999 ($151.59 in chips)
Seat 10: WSpieler ($153.61 in chips)
Airbag999: posts small blind $1
WSpieler: posts big blind $3
*** HOLE CARDS ***
Airbag999: folds
Uncalled bet ($2) returned to WSpieler
WSpieler collected $2 from pot
WSpieler: doesn't show hand
*** SUMMARY ***
Total pot $2 | Rake $0
Seat 2: Airbag999 (button) (small blind) folded before Flop
Seat 10: WSpieler (big blind) collected ($2)


PokerStars Hand #154054230552:  Hold'em Limit ($3/$6 USD) - 2016/05/30 13:04:35 ET
Table 'Epimetheus II' 10-max Seat #2 is the button
Seat 2: Airbag999 ($120.33 in chips)
Seat 10: WSpieler ($185.61 in chips)
Airbag999: posts small blind $1
WSpieler: posts big blind $3
*** HOLE CARDS ***
Airbag999: raises $3 to $6
WSpieler: calls $3
*** FLOP *** [2h 7d 8h]
WSpieler: checks
Airbag999: bets $3
WSpieler: folds
Uncalled bet ($3) returned to Airbag999
Airbag999 collected $11.76 from pot
Airbag999: doesn't show hand
*** SUMMARY ***
Total pot $12 | Rake $0.24
Board [2h 7d 8h]
Seat 2: Airbag999 (button) (small blind) collected ($11.76)
Seat 10: WSpieler (big blind) folded on the Flop


PokerStars Hand #154054319723:  Hold'em Limit ($3/$6 USD) - 2016/05/30 13:06:25 ET
Table 'Epimetheus II' 10-max Seat #2 is the button
Seat 2: Airbag999 ($136.59 in chips)
Seat 10: WSpieler ($168.01 in chips)
Airbag999: posts small blind $1
WSpieler: posts big blind $3
*** HOLE CARDS ***
Airbag999: folds
Uncalled bet ($2) returned to WSpieler
WSpieler collected $2 from pot
WSpieler: doesn't show hand
*** SUMMARY ***
Total pot $2 | Rake $0
Seat 2: Airbag999 (button) (small blind) folded before Flop
Seat 10: WSpieler (big blind) collected ($2)


PokerStars Hand #154054279002:  Hold'em Limit ($3/$6 USD) - 2016/05/30 13:05:35 ET
Table 'Epimetheus II' 10-max Seat #10 is the button
Seat 2: Airbag999 ($150.59 in chips)
Seat 10: WSpieler ($154.61 in chips)
WSpieler: posts small blind $1
Airbag999: posts big blind $3
*** HOLE CARDS ***
WSpieler: folds
Uncalled bet ($2) returned to Airbag999
Airbag999 collected $2 from pot
Airbag999: doesn't show hand
*** SUMMARY ***
Total pot $2 | Rake $0
Seat 2: Airbag999 (big blind) collected ($2)
Seat 10: WSpieler (button) (small blind) folded before Flop


PokerStars Hand #154054304307:  Hold'em Limit ($3/$6 USD) - 2016/05/30 13:06:06 ET
Table 'Epimetheus II' 10-max Seat #10 is the button
Seat 2: Airbag999 ($142.59 in chips)
Seat 10: WSpieler ($162.25 in chips)
WSpieler: posts small blind $1
Airbag999: posts big blind $3
*** HOLE CARDS ***
WSpieler: calls $2
Airbag999: checks
*** FLOP *** [2c 3d 8d]
Airbag999: checks
WSpieler: bets $3
Airbag999: calls $3
*** TURN *** [2c 3d 8d] [2d]
Airbag999: checks
WSpieler: bets $6
Airbag999: folds
Uncalled bet ($6) returned to WSpieler
WSpieler collected $11.76 from pot
WSpieler: doesn't show hand
*** SUMMARY ***
Total pot $12 | Rake $0.24
Board [2c 3d 8d 2d]
Seat 2: Airbag999 (big blind) folded on the Turn
Seat 10: WSpieler (button) (small blind) collected ($11.76)


PokerStars Hand #154054283301:  Hold'em Limit ($3/$6 USD) - 2016/05/30 13:05:40 ET
Table 'Epimetheus II' 10-max Seat #2 is the button
Seat 2: Airbag999 ($151.59 in chips)
Seat 10: WSpieler ($153.61 in chips)
Airbag999: posts small blind $1
WSpieler: posts big blind $3
*** HOLE CARDS ***
Airbag999: raises $3 to $6
WSpieler: calls $3
*** FLOP *** [2h 2d Qc]
WSpieler: checks
Airbag999: bets $3
WSpieler: calls $3
*** TURN *** [2h 2d Qc] [2c]
WSpieler: checks
Airbag999: checks
*** RIVER *** [2h 2d Qc 2c] [Ah]
WSpieler: bets $6
Airbag999: folds
Uncalled bet ($6) returned to WSpieler
WSpieler collected $17.64 from pot
WSpieler: doesn't show hand
*** SUMMARY ***
Total pot $18 | Rake $0.36
Board [2h 2d Qc 2c Ah]
Seat 2: Airbag999 (button) (small blind) folded on the River
Seat 10: WSpieler (big blind) collected ($17.64)


PokerStars Hand #154054372269:  Hold'em Limit ($3/$6 USD) - 2016/05/30 13:07:30 ET
Table 'Epimetheus II' 10-max Seat #10 is the button
Seat 2: Airbag999 ($137.10 in chips)
Seat 10: WSpieler ($166.76 in chips)
WSpieler: posts small blind $1
Airbag999: posts big blind $3
*** HOLE CARDS ***
WSpieler: folds
Uncalled bet ($2) returned to Airbag999
Airbag999 collected $2 from pot
Airbag999: doesn't show hand
*** SUMMARY ***
Total pot $2 | Rake $0
Seat 2: Airbag999 (big blind) collected ($2)
Seat 10: WSpieler (button) (small blind) folded before Flop


PokerStars Hand #154054364454:  Hold'em Limit ($3/$6 USD) - 2016/05/30 13:07:20 ET
Table 'Epimetheus II' 10-max Seat #2 is the button
Seat 2: Airbag999 ($138.10 in chips)
Seat 10: WSpieler ($165.76 in chips)
Airbag999: posts small blind $1
WSpieler: posts big blind $3
*** HOLE CARDS ***
Airbag999: folds
Uncalled bet ($2) returned to WSpieler
WSpieler collected $2 from pot
WSpieler: doesn't show hand
*** SUMMARY ***
Total pot $2 | Rake $0
Seat 2: Airbag999 (button) (small blind) folded before Flop
Seat 10: WSpieler (big blind) collected ($2)


PokerStars Hand #154054357453:  Hold'em Limit ($3/$6 USD) - 2016/05/30 13:07:12 ET
Table 'Epimetheus II' 10-max Seat #10 is the button
Seat 2: Airbag999 ($141.10 in chips)
Seat 10: WSpieler ($162.76 in chips)
WSpieler: posts small blind $1
Airbag999: posts big blind $3
*** HOLE CARDS ***
WSpieler: raises $3 to $6
Airbag999: folds
Uncalled bet ($3) returned to WSpieler
WSpieler collected $6 from pot
WSpieler: doesn't show hand
*** SUMMARY ***
Total pot $6 | Rake $0
Seat 2: Airbag999 (big blind) folded before Flop
Seat 10: WSpieler (button) (small blind) collected ($6)


PokerStars Hand #154054324502:  Hold'em Limit ($3/$6 USD) - 2016/05/30 13:06:31 ET
Table 'Epimetheus II' 10-max Seat #10 is the button
Seat 2: Airbag999 ($135.59 in chips)
Seat 10: WSpieler ($169.01 in chips)
WSpieler: posts small blind $1
Airbag999: posts big blind $3
*** HOLE CARDS ***
WSpieler: raises $3 to $6
Airbag999: calls $3
*** FLOP *** [5c Qs 3h]
Airbag999: checks
ChicagoBull4 joins the table at seat #3
WSpieler: bets $3
Airbag999: raises $3 to $6
WSpieler: raises $3 to $9
Airbag999: calls $3
*** TURN *** [5c Qs 3h] [Ac]
Airbag999: checks
WSpieler: bets $6
ChicagoBull4 leaves the table
Airbag999: calls $6
*** RIVER *** [5c Qs 3h Ac] [3s]
Airbag999: checks
WSpieler: checks
*** SHOW DOWN ***
Airbag999: shows [Qd 4s] (two pair, Queens and Threes)
WSpieler: shows [Kc Qc] (two pair, Queens and Threes)
Airbag999 collected $20.75 from pot
WSpieler collected $20.75 from pot
*** SUMMARY ***
Total pot $42 | Rake $0.50
Board [5c Qs 3h Ac 3s]
Seat 2: Airbag999 (big blind) showed [Qd 4s] and won ($20.75) with two pair, Queens and Threes
Seat 10: WSpieler (button) (small blind) showed [Kc Qc] and won ($20.75) with two pair, Queens and Threes


PokerStars Hand #154054376883:  Hold'em Limit ($3/$6 USD) - 2016/05/30 13:07:36 ET
Table 'Epimetheus II' 10-max Seat #2 is the button
Seat 2: Airbag999 ($138.10 in chips)
Seat 10: WSpieler ($165.76 in chips)
Airbag999: posts small blind $1
WSpieler: posts big blind $3
*** HOLE CARDS ***
Airbag999: raises $3 to $6
WSpieler: calls $3
*** FLOP *** [Kd 8d 5d]
WSpieler: bets $3
Airbag999: folds
Uncalled bet ($3) returned to WSpieler
WSpieler collected $11.76 from pot
WSpieler: doesn't show hand
tomte999 joins the table at seat #1
*** SUMMARY ***
Total pot $12 | Rake $0.24
Board [Kd 8d 5d]
Seat 2: Airbag999 (button) (small blind) folded on the Flop
Seat 10: WSpieler (big blind) collected ($11.76)


