PokerStars Hand #168400646087:  Hold'em Limit ($3/$6 USD) - 2017/03/31 22:14:03 ET
Table 'Epyaxa' 6-max Seat #3 is the button
Seat 3: Chessnok ($451.19 in chips)
Seat 5: cashmuzi ($235.24 in chips)
Chessnok: posts small blind $1
cashmuzi: posts big blind $3
*** HOLE CARDS ***
Chessnok: raises $3 to $6
cashmuzi: folds
Uncalled bet ($3) returned to Chessnok
Chessnok collected $6 from pot
Chessnok: doesn't show hand
*** SUMMARY ***
Total pot $6 | Rake $0
Seat 3: Chessnok (button) (small blind) collected ($6)
Seat 5: cashmuzi (big blind) folded before Flop


PokerStars Hand #168400644218:  Hold'em Limit ($3/$6 USD) - 2017/03/31 22:13:59 ET
Table 'Epyaxa' 6-max Seat #5 is the button
Seat 3: Chessnok ($450.19 in chips)
Seat 5: cashmuzi ($236.24 in chips)
cashmuzi: posts small blind $1
Chessnok: posts big blind $3
*** HOLE CARDS ***
cashmuzi: folds
Uncalled bet ($2) returned to Chessnok
Chessnok collected $2 from pot
Chessnok: doesn't show hand
*** SUMMARY ***
Total pot $2 | Rake $0
Seat 3: Chessnok (big blind) collected ($2)
Seat 5: cashmuzi (button) (small blind) folded before Flop


PokerStars Hand #168400648315:  Hold'em Limit ($3/$6 USD) - 2017/03/31 22:14:09 ET
Table 'Epyaxa' 6-max Seat #5 is the button
Seat 3: Chessnok ($454.19 in chips)
Seat 5: cashmuzi ($232.24 in chips)
cashmuzi: posts small blind $1
Chessnok: posts big blind $3
*** HOLE CARDS ***
cashmuzi: folds
Uncalled bet ($2) returned to Chessnok
Chessnok collected $2 from pot
Chessnok: doesn't show hand
*** SUMMARY ***
Total pot $2 | Rake $0
Seat 3: Chessnok (big blind) collected ($2)
Seat 5: cashmuzi (button) (small blind) folded before Flop


PokerStars Hand #168400650078:  Hold'em Limit ($3/$6 USD) - 2017/03/31 22:14:13 ET
Table 'Epyaxa' 6-max Seat #3 is the button
Seat 3: Chessnok ($455.19 in chips)
Seat 5: cashmuzi ($231.24 in chips)
Chessnok: posts small blind $1
cashmuzi: posts big blind $3
*** HOLE CARDS ***
Chessnok: raises $3 to $6
cashmuzi: calls $3
*** FLOP *** [4s 8s Ks]
cashmuzi: checks
Chessnok: bets $3
cashmuzi: calls $3
*** TURN *** [4s 8s Ks] [Tc]
cashmuzi: checks
Chessnok: bets $6
cashmuzi: folds
Uncalled bet ($6) returned to Chessnok
Chessnok collected $17.64 from pot
Chessnok: doesn't show hand
*** SUMMARY ***
Total pot $18 | Rake $0.36
Board [4s 8s Ks Tc]
Seat 3: Chessnok (button) (small blind) collected ($17.64)
Seat 5: cashmuzi (big blind) folded on the Turn


PokerStars Hand #168400656345:  Hold'em Limit ($3/$6 USD) - 2017/03/31 22:14:29 ET
Table 'Epyaxa' 6-max Seat #5 is the button
Seat 3: Chessnok ($463.83 in chips)
Seat 5: cashmuzi ($222.24 in chips)
cashmuzi: posts small blind $1
Chessnok: posts big blind $3
*** HOLE CARDS ***
cashmuzi: calls $2
Chessnok: raises $3 to $6
cashmuzi: calls $3
*** FLOP *** [5s Ks Ah]
Chessnok: bets $3
cashmuzi: folds
Uncalled bet ($3) returned to Chessnok
Chessnok collected $11.76 from pot
Chessnok: doesn't show hand
*** SUMMARY ***
Total pot $12 | Rake $0.24
Board [5s Ks Ah]
Seat 3: Chessnok (big blind) collected ($11.76)
Seat 5: cashmuzi (button) (small blind) folded on the Flop


PokerStars Hand #168400660771:  Hold'em Limit ($3/$6 USD) - 2017/03/31 22:14:40 ET
Table 'Epyaxa' 6-max Seat #3 is the button
Seat 3: Chessnok ($469.59 in chips)
Seat 5: cashmuzi ($216.24 in chips)
Chessnok: posts small blind $1
cashmuzi: posts big blind $3
*** HOLE CARDS ***
Chessnok: raises $3 to $6
cashmuzi: folds
Uncalled bet ($3) returned to Chessnok
Chessnok collected $6 from pot
Chessnok: doesn't show hand
*** SUMMARY ***
Total pot $6 | Rake $0
Seat 3: Chessnok (button) (small blind) collected ($6)
Seat 5: cashmuzi (big blind) folded before Flop


PokerStars Hand #168400666066:  Hold'em Limit ($3/$6 USD) - 2017/03/31 22:14:53 ET
Table 'Epyaxa' 6-max Seat #3 is the button
Seat 3: Chessnok ($469.59 in chips)
Seat 5: cashmuzi ($216.24 in chips)
Chessnok: posts small blind $1
cashmuzi: posts big blind $3
*** HOLE CARDS ***
Chessnok: raises $3 to $6
cashmuzi: folds
Uncalled bet ($3) returned to Chessnok
Chessnok collected $6 from pot
Chessnok: doesn't show hand
*** SUMMARY ***
Total pot $6 | Rake $0
Seat 3: Chessnok (button) (small blind) collected ($6)
Seat 5: cashmuzi (big blind) folded before Flop


PokerStars Hand #168400663232:  Hold'em Limit ($3/$6 USD) - 2017/03/31 22:14:46 ET
Table 'Epyaxa' 6-max Seat #5 is the button
Seat 3: Chessnok ($472.59 in chips)
Seat 5: cashmuzi ($213.24 in chips)
cashmuzi: posts small blind $1
Chessnok: posts big blind $3
*** HOLE CARDS ***
cashmuzi: raises $3 to $6
Chessnok: folds
Uncalled bet ($3) returned to cashmuzi
cashmuzi collected $6 from pot
cashmuzi: doesn't show hand
*** SUMMARY ***
Total pot $6 | Rake $0
Seat 3: Chessnok (big blind) folded before Flop
Seat 5: cashmuzi (button) (small blind) collected ($6)


PokerStars Hand #168400669920:  Hold'em Limit ($3/$6 USD) - 2017/03/31 22:15:03 ET
Table 'Epyaxa' 6-max Seat #3 is the button
Seat 3: Chessnok ($473.59 in chips)
Seat 5: cashmuzi ($212.24 in chips)
Chessnok: posts small blind $1
cashmuzi: posts big blind $3
*** HOLE CARDS ***
Chessnok: raises $3 to $6
cashmuzi: calls $3
*** FLOP *** [5s Qs 9h]
cashmuzi: checks
Chessnok: bets $3
cashmuzi: folds
Uncalled bet ($3) returned to Chessnok
cashmuzi leaves the table
Chessnok collected $11.76 from pot
Chessnok: doesn't show hand
*** SUMMARY ***
Total pot $12 | Rake $0.24
Board [5s Qs 9h]
Seat 3: Chessnok (button) (small blind) collected ($11.76)
Seat 5: cashmuzi (big blind) folded on the Flop


PokerStars Hand #168400668151:  Hold'em Limit ($3/$6 USD) - 2017/03/31 22:14:58 ET
Table 'Epyaxa' 6-max Seat #5 is the button
Seat 3: Chessnok ($472.59 in chips)
Seat 5: cashmuzi ($213.24 in chips)
cashmuzi: posts small blind $1
Chessnok: posts big blind $3
*** HOLE CARDS ***
cashmuzi: folds
Uncalled bet ($2) returned to Chessnok
Chessnok collected $2 from pot
Chessnok: doesn't show hand
*** SUMMARY ***
Total pot $2 | Rake $0
Seat 3: Chessnok (big blind) collected ($2)
Seat 5: cashmuzi (button) (small blind) folded before Flop


