PokerStars Hand #164167973241:  Hold'em Limit ($3/$6 USD) - 2017/01/07 2:07:37 ET
Table 'Equinox' 6-max Seat #1 is the button
Seat 1: hairy1961 ($14 in chips)
Seat 3: sim5sim5 ($120.02 in chips)
hairy1961: posts small blind $1
sim5sim5: posts big blind $3
*** HOLE CARDS ***
hairy1961: raises $3 to $6
sim5sim5: folds
Uncalled bet ($3) returned to hairy1961
hairy1961 collected $6 from pot
*** SUMMARY ***
Total pot $6 | Rake $0
Seat 1: hairy1961 (button) (small blind) collected ($6)
Seat 3: sim5sim5 (big blind) folded before Flop


PokerStars Hand #164167964639:  Hold'em Limit ($3/$6 USD) - 2017/01/07 2:07:08 ET
Table 'Equinox' 6-max Seat #3 is the button
Seat 1: hairy1961 ($47 in chips)
Seat 3: sim5sim5 ($87.52 in chips)
sim5sim5: posts small blind $1
hairy1961: posts big blind $3
*** HOLE CARDS ***
sim5sim5: raises $3 to $6
hairy1961: calls $3
*** FLOP *** [5s Jh Ad]
hairy1961: checks
sim5sim5: bets $3
hairy1961: calls $3
*** TURN *** [5s Jh Ad] [Js]
hairy1961: checks
sim5sim5: bets $6
hairy1961: raises $6 to $12
sim5sim5: calls $6
*** RIVER *** [5s Jh Ad Js] [Tc]
hairy1961: bets $6
sim5sim5: raises $6 to $12
hairy1961: calls $6
*** SHOW DOWN ***
sim5sim5: shows [Jc As] (a full house, Jacks full of Aces)
hairy1961: mucks hand
sim5sim5 collected $65.50 from pot
*** SUMMARY ***
Total pot $66 | Rake $0.50
Board [5s Jh Ad Js Tc]
Seat 1: hairy1961 (big blind) mucked
Seat 3: sim5sim5 (button) (small blind) showed [Jc As] and won ($65.50) with a full house, Jacks full of Aces


PokerStars Hand #164167963081:  Hold'em Limit ($3/$6 USD) - 2017/01/07 2:07:02 ET
Table 'Equinox' 6-max Seat #1 is the button
Seat 1: hairy1961 ($48 in chips)
Seat 3: sim5sim5 ($86.52 in chips)
hairy1961: posts small blind $1
sim5sim5: posts big blind $3
*** HOLE CARDS ***
hairy1961: folds
Uncalled bet ($2) returned to sim5sim5
sim5sim5 collected $2 from pot
sim5sim5: doesn't show hand
*** SUMMARY ***
Total pot $2 | Rake $0
Seat 1: hairy1961 (button) (small blind) folded before Flop
Seat 3: sim5sim5 (big blind) collected ($2)


PokerStars Hand #164167961296:  Hold'em Limit ($3/$6 USD) - 2017/01/07 2:06:56 ET
Table 'Equinox' 6-max Seat #3 is the button
Seat 1: hairy1961 ($51 in chips)
Seat 3: sim5sim5 ($83.52 in chips)
sim5sim5: posts small blind $1
hairy1961: posts big blind $3
*** HOLE CARDS ***
sim5sim5: raises $3 to $6
hairy1961: folds
Uncalled bet ($3) returned to sim5sim5
sim5sim5 collected $6 from pot
sim5sim5: doesn't show hand
*** SUMMARY ***
Total pot $6 | Rake $0
Seat 1: hairy1961 (big blind) folded before Flop
Seat 3: sim5sim5 (button) (small blind) collected ($6)


PokerStars Hand #164167979715:  Hold'em Limit ($3/$6 USD) - 2017/01/07 2:08:00 ET
Table 'Equinox' 6-max Seat #3 is the button
Seat 1: hairy1961 ($17 in chips)
Seat 3: sim5sim5 ($117.02 in chips)
sim5sim5: posts small blind $1
hairy1961: posts big blind $3
*** HOLE CARDS ***
sim5sim5: raises $3 to $6
hairy1961: raises $3 to $9
sim5sim5: raises $3 to $12
Betting is capped
hairy1961: calls $3
*** FLOP *** [4d 8s 9h]
hairy1961: checks
sim5sim5: bets $3
hairy1961: raises $2 to $5 and is all-in
sim5sim5: calls $2
*** TURN *** [4d 8s 9h] [9d]
*** RIVER *** [4d 8s 9h 9d] [7s]
*** SHOW DOWN ***
hairy1961: shows [7c 6c] (two pair, Nines and Sevens)
sim5sim5: shows [As Jh] (a pair of Nines)
hairy1961 collected $33.50 from pot
*** SUMMARY ***
Total pot $34 | Rake $0.50
Board [4d 8s 9h 9d 7s]
Seat 1: hairy1961 (big blind) showed [7c 6c] and won ($33.50) with two pair, Nines and Sevens
Seat 3: sim5sim5 (button) (small blind) showed [As Jh] and lost with a pair of Nines


PokerStars Hand #164167977958:  Hold'em Limit ($3/$6 USD) - 2017/01/07 2:07:55 ET
Table 'Equinox' 6-max Seat #1 is the button
Seat 1: hairy1961 ($18 in chips)
Seat 3: sim5sim5 ($116.02 in chips)
hairy1961: posts small blind $1
sim5sim5: posts big blind $3
*** HOLE CARDS ***
hairy1961: folds
Uncalled bet ($2) returned to sim5sim5
sim5sim5 collected $2 from pot
sim5sim5: doesn't show hand
*** SUMMARY ***
Total pot $2 | Rake $0
Seat 1: hairy1961 (button) (small blind) folded before Flop
Seat 3: sim5sim5 (big blind) collected ($2)


PokerStars Hand #164167975626:  Hold'em Limit ($3/$6 USD) - 2017/01/07 2:07:46 ET
Table 'Equinox' 6-max Seat #3 is the button
Seat 1: hairy1961 ($17 in chips)
Seat 3: sim5sim5 ($117.02 in chips)
sim5sim5: posts small blind $1
hairy1961: posts big blind $3
*** HOLE CARDS ***
sim5sim5: folds
Uncalled bet ($2) returned to hairy1961
hairy1961 collected $2 from pot
hairy1961: doesn't show hand
*** SUMMARY ***
Total pot $2 | Rake $0
Seat 1: hairy1961 (big blind) collected ($2)
Seat 3: sim5sim5 (button) (small blind) folded before Flop


PokerStars Hand #164167986366:  Hold'em Limit ($3/$6 USD) - 2017/01/07 2:08:23 ET
Table 'Equinox' 6-max Seat #1 is the button
Seat 1: hairy1961 ($33.50 in chips)
Seat 3: sim5sim5 ($100.02 in chips)
hairy1961: posts small blind $1
sim5sim5: posts big blind $3
*** HOLE CARDS ***
hairy1961: raises $3 to $6
sim5sim5: calls $3
*** FLOP *** [4h 8s Kh]
sim5sim5: checks
hairy1961: bets $3
sim5sim5: calls $3
*** TURN *** [4h 8s Kh] [Qd]
sim5sim5: checks
hairy1961: checks
*** RIVER *** [4h 8s Kh Qd] [Tc]
sim5sim5: bets $6
hairy1961: raises $6 to $12
sim5sim5: calls $6
*** SHOW DOWN ***
hairy1961: shows [Ac Js] (a straight, Ten to Ace)
sim5sim5: mucks hand
hairy1961 collected $41.50 from pot
*** SUMMARY ***
Total pot $42 | Rake $0.50
Board [4h 8s Kh Qd Tc]
Seat 1: hairy1961 (button) (small blind) showed [Ac Js] and won ($41.50) with a straight, Ten to Ace
Seat 3: sim5sim5 (big blind) mucked


PokerStars Hand #164167997258:  Hold'em Limit ($3/$6 USD) - 2017/01/07 2:09:00 ET
Table 'Equinox' 6-max Seat #1 is the button
Seat 1: hairy1961 ($48 in chips)
Seat 3: sim5sim5 ($84.78 in chips)
hairy1961: posts small blind $1
sim5sim5: posts big blind $3
*** HOLE CARDS ***
hairy1961: raises $3 to $6
sim5sim5: folds
Uncalled bet ($3) returned to hairy1961
hairy1961 collected $6 from pot
*** SUMMARY ***
Total pot $6 | Rake $0
Seat 1: hairy1961 (button) (small blind) collected ($6)
Seat 3: sim5sim5 (big blind) folded before Flop


PokerStars Hand #164167993432:  Hold'em Limit ($3/$6 USD) - 2017/01/07 2:08:47 ET
Table 'Equinox' 6-max Seat #3 is the button
Seat 1: hairy1961 ($54 in chips)
Seat 3: sim5sim5 ($79.02 in chips)
sim5sim5: posts small blind $1
hairy1961: posts big blind $3
*** HOLE CARDS ***
sim5sim5: raises $3 to $6
hairy1961: calls $3
*** FLOP *** [2h Jc 3s]
hairy1961: checks
sim5sim5: bets $3
hairy1961: folds
Uncalled bet ($3) returned to sim5sim5
sim5sim5 collected $11.76 from pot
sim5sim5: doesn't show hand
*** SUMMARY ***
Total pot $12 | Rake $0.24
Board [2h Jc 3s]
Seat 1: hairy1961 (big blind) folded on the Flop
Seat 3: sim5sim5 (button) (small blind) collected ($11.76)


PokerStars Hand #164168006312:  Hold'em Limit ($3/$6 USD) - 2017/01/07 2:09:32 ET
Table 'Equinox' 6-max Seat #1 is the button
Seat 1: hairy1961 ($45 in chips)
Seat 3: sim5sim5 ($87.54 in chips)
hairy1961: posts small blind $1
sim5sim5: posts big blind $3
*** HOLE CARDS ***
hairy1961: folds
Uncalled bet ($2) returned to sim5sim5
sim5sim5 collected $2 from pot
sim5sim5: doesn't show hand
*** SUMMARY ***
Total pot $2 | Rake $0
Seat 1: hairy1961 (button) (small blind) folded before Flop
Seat 3: sim5sim5 (big blind) collected ($2)


PokerStars Hand #164167999651:  Hold'em Limit ($3/$6 USD) - 2017/01/07 2:09:09 ET
Table 'Equinox' 6-max Seat #3 is the button
Seat 1: hairy1961 ($51 in chips)
Seat 3: sim5sim5 ($81.78 in chips)
sim5sim5: posts small blind $1
hairy1961: posts big blind $3
*** HOLE CARDS ***
sim5sim5: calls $2
hairy1961: checks
*** FLOP *** [Ts 5s 9s]
hairy1961: bets $3
sim5sim5: raises $3 to $6
hairy1961: folds
Uncalled bet ($3) returned to sim5sim5
sim5sim5 collected $11.76 from pot
sim5sim5: doesn't show hand
*** SUMMARY ***
Total pot $12 | Rake $0.24
Board [Ts 5s 9s]
Seat 1: hairy1961 (big blind) folded on the Flop
Seat 3: sim5sim5 (button) (small blind) collected ($11.76)


PokerStars Hand #164168007937:  Hold'em Limit ($3/$6 USD) - 2017/01/07 2:09:37 ET
Table 'Equinox' 6-max Seat #3 is the button
Seat 1: hairy1961 ($44 in chips)
Seat 3: sim5sim5 ($88.54 in chips)
sim5sim5: posts small blind $1
hairy1961: posts big blind $3
*** HOLE CARDS ***
sim5sim5: raises $3 to $6
hairy1961: calls $3
*** FLOP *** [Jc 5d 2h]
hairy1961: checks
sim5sim5: bets $3
parnishka11 joins the table at seat #4
hairy1961: calls $3
*** TURN *** [Jc 5d 2h] [8d]
hairy1961: checks
sim5sim5: bets $6
hairy1961: calls $6
*** RIVER *** [Jc 5d 2h 8d] [3h]
hairy1961: checks
sim5sim5: checks
*** SHOW DOWN ***
hairy1961: shows [Qs 9s] (high card Queen)
sim5sim5: shows [7h 5s] (a pair of Fives)
sim5sim5 collected $29.50 from pot
*** SUMMARY ***
Total pot $30 | Rake $0.50
Board [Jc 5d 2h 8d 3h]
Seat 1: hairy1961 (big blind) showed [Qs 9s] and lost with high card Queen
Seat 3: sim5sim5 (button) (small blind) showed [7h 5s] and won ($29.50) with a pair of Fives


PokerStars Hand #164168016899:  Hold'em Limit ($3/$6 USD) - 2017/01/07 2:10:08 ET
Table 'Equinox' 6-max Seat #1 is the button
Seat 1: hairy1961 ($29 in chips)
Seat 3: sim5sim5 ($103.04 in chips)
hairy1961: posts small blind $1
sim5sim5: posts big blind $3
*** HOLE CARDS ***
hairy1961: folds
Uncalled bet ($2) returned to sim5sim5
sim5sim5 collected $2 from pot
sim5sim5: doesn't show hand
*** SUMMARY ***
Total pot $2 | Rake $0
Seat 1: hairy1961 (button) (small blind) folded before Flop
Seat 3: sim5sim5 (big blind) collected ($2)


PokerStars Hand #164168040798:  Hold'em Limit ($3/$6 USD) - 2017/01/07 2:11:31 ET
Table 'Equinox' 6-max Seat #1 is the button
Seat 1: hairy1961 ($46.26 in chips)
Seat 4: parnishka11 ($20.14 in chips)
hairy1961: posts small blind $1
parnishka11: posts big blind $3
*** HOLE CARDS ***
hairy1961: folds
Uncalled bet ($2) returned to parnishka11
parnishka11 collected $2 from pot
*** SUMMARY ***
Total pot $2 | Rake $0
Seat 1: hairy1961 (button) (small blind) folded before Flop
Seat 4: parnishka11 (big blind) collected ($2)


PokerStars Hand #164168036386:  Hold'em Limit ($3/$6 USD) - 2017/01/07 2:11:15 ET
Table 'Equinox' 6-max Seat #4 is the button
Seat 1: hairy1961 ($34.74 in chips)
Seat 4: parnishka11 ($32.14 in chips)
parnishka11: posts small blind $1
hairy1961: posts big blind $3
*** HOLE CARDS ***
parnishka11: raises $3 to $6
hairy1961: raises $3 to $9
parnishka11: calls $3
*** FLOP *** [Ts 3d 7c]
hairy1961: bets $3
parnishka11: calls $3
*** TURN *** [Ts 3d 7c] [4h]
hairy1961: bets $6
parnishka11: folds
Uncalled bet ($6) returned to hairy1961
hairy1961 collected $23.52 from pot
hairy1961: shows [Kd Ks] (a pair of Kings)
*** SUMMARY ***
Total pot $24 | Rake $0.48
Board [Ts 3d 7c 4h]
Seat 1: hairy1961 (big blind) collected ($23.52)
Seat 4: parnishka11 (button) (small blind) folded on the Turn


PokerStars Hand #164168028616:  Hold'em Limit ($3/$6 USD) - 2017/01/07 2:10:49 ET
Table 'Equinox' 6-max Seat #1 is the button
Seat 1: hairy1961 ($47.74 in chips)
Seat 4: parnishka11 ($19.50 in chips)
hairy1961: posts small blind $1
sim5sim5: is sitting out
parnishka11: posts big blind $3
*** HOLE CARDS ***
hairy1961: folds
Uncalled bet ($2) returned to parnishka11
parnishka11 collected $2 from pot
*** SUMMARY ***
Total pot $2 | Rake $0
Seat 1: hairy1961 (button) (small blind) folded before Flop
Seat 4: parnishka11 (big blind) collected ($2)


PokerStars Hand #164168030140:  Hold'em Limit ($3/$6 USD) - 2017/01/07 2:10:54 ET
Table 'Equinox' 6-max Seat #4 is the button
Seat 1: hairy1961 ($46.74 in chips)
Seat 4: parnishka11 ($20.50 in chips)
parnishka11: posts small blind $1
hairy1961: posts big blind $3
*** HOLE CARDS ***
parnishka11: raises $3 to $6
hairy1961: folds
Uncalled bet ($3) returned to parnishka11
parnishka11 collected $6 from pot
*** SUMMARY ***
Total pot $6 | Rake $0
Seat 1: hairy1961 (big blind) folded before Flop
Seat 4: parnishka11 (button) (small blind) collected ($6)


PokerStars Hand #164168032062:  Hold'em Limit ($3/$6 USD) - 2017/01/07 2:11:01 ET
Table 'Equinox' 6-max Seat #1 is the button
Seat 1: hairy1961 ($43.74 in chips)
Seat 4: parnishka11 ($23.50 in chips)
hairy1961: posts small blind $1
parnishka11: posts big blind $3
*** HOLE CARDS ***
hairy1961: raises $3 to $6
parnishka11: calls $3
*** FLOP *** [5s 3d Ks]
parnishka11: checks
hairy1961: bets $3
parnishka11: calls $3
*** TURN *** [5s 3d Ks] [4d]
parnishka11: checks
hairy1961: checks
*** RIVER *** [5s 3d Ks 4d] [2h]
parnishka11: bets $6
hairy1961: folds
Uncalled bet ($6) returned to parnishka11
parnishka11 collected $17.64 from pot
*** SUMMARY ***
Total pot $18 | Rake $0.36
Board [5s 3d Ks 4d 2h]
Seat 1: hairy1961 (button) (small blind) folded on the River
Seat 4: parnishka11 (big blind) collected ($17.64)


PokerStars Hand #164168044211:  Hold'em Limit ($3/$6 USD) - 2017/01/07 2:11:42 ET
Table 'Equinox' 6-max Seat #1 is the button
Seat 1: hairy1961 ($46.26 in chips)
Seat 4: parnishka11 ($20.14 in chips)
hairy1961: posts small blind $1
parnishka11: posts big blind $3
*** HOLE CARDS ***
hairy1961: folds
Uncalled bet ($2) returned to parnishka11
parnishka11 collected $2 from pot
*** SUMMARY ***
Total pot $2 | Rake $0
Seat 1: hairy1961 (button) (small blind) folded before Flop
Seat 4: parnishka11 (big blind) collected ($2)


PokerStars Hand #164168042434:  Hold'em Limit ($3/$6 USD) - 2017/01/07 2:11:36 ET
Table 'Equinox' 6-max Seat #4 is the button
Seat 1: hairy1961 ($45.26 in chips)
Seat 4: parnishka11 ($21.14 in chips)
parnishka11: posts small blind $1
hairy1961: posts big blind $3
*** HOLE CARDS ***
parnishka11: folds
Uncalled bet ($2) returned to hairy1961
hairy1961 collected $2 from pot
hairy1961: doesn't show hand
*** SUMMARY ***
Total pot $2 | Rake $0
Seat 1: hairy1961 (big blind) collected ($2)
Seat 4: parnishka11 (button) (small blind) folded before Flop


PokerStars Hand #164168048942:  Hold'em Limit ($3/$6 USD) - 2017/01/07 2:11:59 ET
Table 'Equinox' 6-max Seat #4 is the button
Seat 1: hairy1961 ($45.26 in chips)
Seat 4: parnishka11 ($21.14 in chips)
parnishka11: posts small blind $1
hairy1961: posts big blind $3
*** HOLE CARDS ***
parnishka11: raises $3 to $6
hairy1961: folds
Uncalled bet ($3) returned to parnishka11
parnishka11 collected $6 from pot
*** SUMMARY ***
Total pot $6 | Rake $0
Seat 1: hairy1961 (big blind) folded before Flop
Seat 4: parnishka11 (button) (small blind) collected ($6)


PokerStars Hand #164168047497:  Hold'em Limit ($3/$6 USD) - 2017/01/07 2:11:53 ET
Table 'Equinox' 6-max Seat #1 is the button
Seat 1: hairy1961 ($46.26 in chips)
Seat 4: parnishka11 ($20.14 in chips)
hairy1961: posts small blind $1
parnishka11: posts big blind $3
*** HOLE CARDS ***
hairy1961: folds
Uncalled bet ($2) returned to parnishka11
parnishka11 collected $2 from pot
*** SUMMARY ***
Total pot $2 | Rake $0
Seat 1: hairy1961 (button) (small blind) folded before Flop
Seat 4: parnishka11 (big blind) collected ($2)


PokerStars Hand #164168045835:  Hold'em Limit ($3/$6 USD) - 2017/01/07 2:11:48 ET
Table 'Equinox' 6-max Seat #4 is the button
Seat 1: hairy1961 ($45.26 in chips)
Seat 4: parnishka11 ($21.14 in chips)
parnishka11: posts small blind $1
hairy1961: posts big blind $3
*** HOLE CARDS ***
parnishka11: folds
Uncalled bet ($2) returned to hairy1961
hairy1961 collected $2 from pot
hairy1961: doesn't show hand
*** SUMMARY ***
Total pot $2 | Rake $0
Seat 1: hairy1961 (big blind) collected ($2)
Seat 4: parnishka11 (button) (small blind) folded before Flop


PokerStars Hand #164168050937:  Hold'em Limit ($3/$6 USD) - 2017/01/07 2:12:05 ET
Table 'Equinox' 6-max Seat #1 is the button
Seat 1: hairy1961 ($42.26 in chips)
Seat 4: parnishka11 ($24.14 in chips)
hairy1961: posts small blind $1
parnishka11: posts big blind $3
*** HOLE CARDS ***
hairy1961: raises $3 to $6
parnishka11: raises $3 to $9
hairy1961: calls $3
*** FLOP *** [Qd 8c 6c]
parnishka11: bets $3
hairy1961: calls $3
*** TURN *** [Qd 8c 6c] [3d]
parnishka11: bets $6
hairy1961: calls $6
*** RIVER *** [Qd 8c 6c 3d] [9c]
parnishka11: bets $6
hairy1961: calls $6
*** SHOW DOWN ***
parnishka11: shows [Kd Ac] (high card Ace)
hairy1961: mucks hand
parnishka11 collected $47.50 from pot
*** SUMMARY ***
Total pot $48 | Rake $0.50
Board [Qd 8c 6c 3d 9c]
Seat 1: hairy1961 (button) (small blind) mucked
Seat 4: parnishka11 (big blind) showed [Kd Ac] and won ($47.50) with high card Ace


PokerStars Hand #164168055664:  Hold'em Limit ($3/$6 USD) - 2017/01/07 2:12:21 ET
Table 'Equinox' 6-max Seat #4 is the button
Seat 1: hairy1961 ($18.26 in chips)
Seat 4: parnishka11 ($47.64 in chips)
parnishka11: posts small blind $1
hairy1961: posts big blind $3
*** HOLE CARDS ***
parnishka11: raises $3 to $6
hairy1961: raises $3 to $9
parnishka11: calls $3
*** FLOP *** [6s As Kc]
hairy1961: bets $3
parnishka11: calls $3
*** TURN *** [6s As Kc] [7h]
hairy1961: bets $6
parnishka11: raises $6 to $12
hairy1961: calls $0.26 and is all-in
Uncalled bet ($5.74) returned to parnishka11
*** RIVER *** [6s As Kc 7h] [Jh]
*** SHOW DOWN ***
hairy1961: shows [Ac 8c] (a pair of Aces)
parnishka11: shows [Kh 9h] (a pair of Kings)
hairy1961 collected $36.02 from pot
*** SUMMARY ***
Total pot $36.52 | Rake $0.50
Board [6s As Kc 7h Jh]
Seat 1: hairy1961 (big blind) showed [Ac 8c] and won ($36.02) with a pair of Aces
Seat 4: parnishka11 (button) (small blind) showed [Kh 9h] and lost with a pair of Kings


PokerStars Hand #164168061394:  Hold'em Limit ($3/$6 USD) - 2017/01/07 2:12:41 ET
Table 'Equinox' 6-max Seat #1 is the button
Seat 1: hairy1961 ($36.02 in chips)
Seat 4: parnishka11 ($29.38 in chips)
hairy1961: posts small blind $1
parnishka11: posts big blind $3
*** HOLE CARDS ***
hairy1961: raises $3 to $6
parnishka11: calls $3
*** FLOP *** [3s Kc Kh]
parnishka11: checks
hairy1961: checks
*** TURN *** [3s Kc Kh] [4c]
parnishka11: bets $6
hairy1961: calls $6
*** RIVER *** [3s Kc Kh 4c] [Qc]
parnishka11: bets $6
hairy1961: calls $6
*** SHOW DOWN ***
parnishka11: shows [9d Jc] (a pair of Kings)
hairy1961: shows [5h As] (a pair of Kings - Ace kicker)
hairy1961 collected $35.50 from pot
*** SUMMARY ***
Total pot $36 | Rake $0.50
Board [3s Kc Kh 4c Qc]
Seat 1: hairy1961 (button) (small blind) showed [5h As] and won ($35.50) with a pair of Kings
Seat 4: parnishka11 (big blind) showed [9d Jc] and lost with a pair of Kings


PokerStars Hand #164168065975:  Hold'em Limit ($3/$6 USD) - 2017/01/07 2:12:57 ET
Table 'Equinox' 6-max Seat #4 is the button
Seat 1: hairy1961 ($53.52 in chips)
Seat 4: parnishka11 ($11.38 in chips)
parnishka11: posts small blind $1
hairy1961: posts big blind $3
*** HOLE CARDS ***
parnishka11: raises $3 to $6
hairy1961: raises $3 to $9
parnishka11: raises $2.38 to $11.38 and is all-in
Betting is capped
hairy1961: calls $2.38
*** FLOP *** [7c Qs 3h]
*** TURN *** [7c Qs 3h] [Ts]
*** RIVER *** [7c Qs 3h Ts] [Td]
*** SHOW DOWN ***
hairy1961: shows [As Jd] (a pair of Tens)
parnishka11: shows [Jc 9c] (a pair of Tens - lower kicker)
hairy1961 collected $22.30 from pot
*** SUMMARY ***
Total pot $22.76 | Rake $0.46
Board [7c Qs 3h Ts Td]
Seat 1: hairy1961 (big blind) showed [As Jd] and won ($22.30) with a pair of Tens
Seat 4: parnishka11 (button) (small blind) showed [Jc 9c] and lost with a pair of Tens


PokerStars Hand #164168101483:  Hold'em Limit ($3/$6 USD) - 2017/01/07 2:15:00 ET
Table 'Equinox' 6-max Seat #4 is the button
Seat 3: sim5sim5 ($113.14 in chips)
Seat 4: parnishka11 ($89.30 in chips)
parnishka11: posts small blind $1
sim5sim5: posts big blind $3
*** HOLE CARDS ***
hairy1961 leaves the table
parnishka11: folds
Uncalled bet ($2) returned to sim5sim5
sim5sim5 collected $2 from pot
sim5sim5: doesn't show hand
*** SUMMARY ***
Total pot $2 | Rake $0
Seat 3: sim5sim5 (big blind) collected ($2)
Seat 4: parnishka11 (button) (small blind) folded before Flop


PokerStars Hand #164168416960:  Hold'em Limit ($3/$6 USD) - 2017/01/07 2:32:42 ET
Table 'Equinox' 6-max Seat #3 is the button
Seat 2: pertrul ($58.22 in chips)
Seat 3: sim5sim5 ($114.14 in chips)
sim5sim5: posts small blind $1
pertrul: posts big blind $3
*** HOLE CARDS ***
sim5sim5: raises $3 to $6
pertrul: calls $3
*** FLOP *** [Jh Ad Kh]
pertrul: checks
sim5sim5: bets $3
pertrul: calls $3
*** TURN *** [Jh Ad Kh] [Qh]
pertrul: checks
sim5sim5: checks
*** RIVER *** [Jh Ad Kh Qh] [8s]
pertrul: checks
sim5sim5: bets $6
pertrul: calls $6
*** SHOW DOWN ***
sim5sim5: shows [7c 9d] (high card Ace)
pertrul: shows [Jd 5d] (a pair of Jacks)
pertrul collected $29.50 from pot
*** SUMMARY ***
Total pot $30 | Rake $0.50
Board [Jh Ad Kh Qh 8s]
Seat 2: pertrul (big blind) showed [Jd 5d] and won ($29.50) with a pair of Jacks
Seat 3: sim5sim5 (button) (small blind) showed [7c 9d] and lost with high card Ace


PokerStars Hand #164168428362:  Hold'em Limit ($3/$6 USD) - 2017/01/07 2:33:21 ET
Table 'Equinox' 6-max Seat #2 is the button
Seat 2: pertrul ($72.72 in chips)
Seat 3: sim5sim5 ($99.14 in chips)
pertrul: posts small blind $1
sim5sim5: posts big blind $3
*** HOLE CARDS ***
pertrul: raises $3 to $6
sim5sim5: folds
Uncalled bet ($3) returned to pertrul
pertrul collected $6 from pot
pertrul: doesn't show hand
*** SUMMARY ***
Total pot $6 | Rake $0
Seat 2: pertrul (button) (small blind) collected ($6)
Seat 3: sim5sim5 (big blind) folded before Flop


PokerStars Hand #164168438136:  Hold'em Limit ($3/$6 USD) - 2017/01/07 2:33:54 ET
Table 'Equinox' 6-max Seat #2 is the button
Seat 2: pertrul ($72.72 in chips)
Seat 3: sim5sim5 ($99.14 in chips)
pertrul: posts small blind $1
sim5sim5: posts big blind $3
*** HOLE CARDS ***
pertrul: folds
Uncalled bet ($2) returned to sim5sim5
sim5sim5 collected $2 from pot
sim5sim5: doesn't show hand
*** SUMMARY ***
Total pot $2 | Rake $0
Seat 2: pertrul (button) (small blind) folded before Flop
Seat 3: sim5sim5 (big blind) collected ($2)


PokerStars Hand #164168432255:  Hold'em Limit ($3/$6 USD) - 2017/01/07 2:33:34 ET
Table 'Equinox' 6-max Seat #3 is the button
Seat 2: pertrul ($75.72 in chips)
Seat 3: sim5sim5 ($96.14 in chips)
sim5sim5: posts small blind $1
pertrul: posts big blind $3
*** HOLE CARDS ***
sim5sim5: raises $3 to $6
pertrul: folds
Uncalled bet ($3) returned to sim5sim5
sim5sim5 collected $6 from pot
sim5sim5: doesn't show hand
*** SUMMARY ***
Total pot $6 | Rake $0
Seat 2: pertrul (big blind) folded before Flop
Seat 3: sim5sim5 (button) (small blind) collected ($6)


PokerStars Hand #164168441770:  Hold'em Limit ($3/$6 USD) - 2017/01/07 2:34:06 ET
Table 'Equinox' 6-max Seat #3 is the button
Seat 2: pertrul ($71.72 in chips)
Seat 3: sim5sim5 ($100.14 in chips)
sim5sim5: posts small blind $1
pertrul: posts big blind $3
*** HOLE CARDS ***
sim5sim5: raises $3 to $6
pertrul: raises $3 to $9
sim5sim5: calls $3
*** FLOP *** [Jc Ad Kc]
pertrul: bets $3
sim5sim5: raises $3 to $6
pertrul: calls $3
*** TURN *** [Jc Ad Kc] [7s]
pertrul: checks
sim5sim5: checks
*** RIVER *** [Jc Ad Kc 7s] [Js]
pertrul: checks
sim5sim5: checks
*** SHOW DOWN ***
pertrul: shows [6s Ks] (two pair, Kings and Jacks)
sim5sim5: mucks hand
pertrul collected $29.50 from pot
*** SUMMARY ***
Total pot $30 | Rake $0.50
Board [Jc Ad Kc 7s Js]
Seat 2: pertrul (big blind) showed [6s Ks] and won ($29.50) with two pair, Kings and Jacks
Seat 3: sim5sim5 (button) (small blind) mucked


PokerStars Hand #164168462622:  Hold'em Limit ($3/$6 USD) - 2017/01/07 2:35:17 ET
Table 'Equinox' 6-max Seat #2 is the button
Seat 2: pertrul ($86.22 in chips)
Seat 3: sim5sim5 ($85.14 in chips)
pertrul: posts small blind $1
sim5sim5: posts big blind $3
*** HOLE CARDS ***
pertrul: folds
Uncalled bet ($2) returned to sim5sim5
sim5sim5 collected $2 from pot
sim5sim5: doesn't show hand
*** SUMMARY ***
Total pot $2 | Rake $0
Seat 2: pertrul (button) (small blind) folded before Flop
Seat 3: sim5sim5 (big blind) collected ($2)


PokerStars Hand #164168465540:  Hold'em Limit ($3/$6 USD) - 2017/01/07 2:35:27 ET
Table 'Equinox' 6-max Seat #3 is the button
Seat 2: pertrul ($85.22 in chips)
Seat 3: sim5sim5 ($86.14 in chips)
sim5sim5: posts small blind $1
pertrul: posts big blind $3
*** HOLE CARDS ***
sim5sim5: raises $3 to $6
pertrul: raises $3 to $9
sim5sim5: calls $3
*** FLOP *** [3d 4c 3c]
pertrul: bets $3
sim5sim5: calls $3
*** TURN *** [3d 4c 3c] [5s]
pertrul: checks
sim5sim5: bets $6
pertrul: folds
Uncalled bet ($6) returned to sim5sim5
sim5sim5 collected $23.52 from pot
sim5sim5: doesn't show hand
*** SUMMARY ***
Total pot $24 | Rake $0.48
Board [3d 4c 3c 5s]
Seat 2: pertrul (big blind) folded on the Turn
Seat 3: sim5sim5 (button) (small blind) collected ($23.52)


PokerStars Hand #164168495946:  Hold'em Limit ($3/$6 USD) - 2017/01/07 2:37:10 ET
Table 'Equinox' 6-max Seat #2 is the button
Seat 2: pertrul ($97.72 in chips)
Seat 3: sim5sim5 ($72.66 in chips)
pertrul: posts small blind $1
sim5sim5: posts big blind $3
*** HOLE CARDS ***
pertrul: folds
Uncalled bet ($2) returned to sim5sim5
sim5sim5 collected $2 from pot
sim5sim5: doesn't show hand
*** SUMMARY ***
Total pot $2 | Rake $0
Seat 2: pertrul (button) (small blind) folded before Flop
Seat 3: sim5sim5 (big blind) collected ($2)


PokerStars Hand #164168494125:  Hold'em Limit ($3/$6 USD) - 2017/01/07 2:37:04 ET
Table 'Equinox' 6-max Seat #3 is the button
Seat 2: pertrul ($96.72 in chips)
Seat 3: sim5sim5 ($73.66 in chips)
sim5sim5: posts small blind $1
pertrul: posts big blind $3
*** HOLE CARDS ***
sim5sim5: folds
Uncalled bet ($2) returned to pertrul
pertrul collected $2 from pot
pertrul: doesn't show hand
*** SUMMARY ***
Total pot $2 | Rake $0
Seat 2: pertrul (big blind) collected ($2)
Seat 3: sim5sim5 (button) (small blind) folded before Flop


PokerStars Hand #164168475311:  Hold'em Limit ($3/$6 USD) - 2017/01/07 2:36:00 ET
Table 'Equinox' 6-max Seat #2 is the button
Seat 2: pertrul ($73.22 in chips)
Seat 3: sim5sim5 ($97.66 in chips)
pertrul: posts small blind $1
sim5sim5: posts big blind $3
*** HOLE CARDS ***
pertrul: raises $3 to $6
sim5sim5: calls $3
*** FLOP *** [Jh 5d 9s]
sim5sim5: checks
pertrul: bets $3
sim5sim5: raises $3 to $6
pertrul: calls $3
*** TURN *** [Jh 5d 9s] [2c]
sim5sim5: bets $6
pertrul: calls $6
*** RIVER *** [Jh 5d 9s 2c] [Qh]
sim5sim5: bets $6
pertrul: raises $6 to $12
sim5sim5: folds
Uncalled bet ($6) returned to pertrul
pertrul collected $47.50 from pot
pertrul: doesn't show hand
*** SUMMARY ***
Total pot $48 | Rake $0.50
Board [Jh 5d 9s 2c Qh]
Seat 2: pertrul (button) (small blind) collected ($47.50)
Seat 3: sim5sim5 (big blind) folded on the River


PokerStars Hand #164168513684:  Hold'em Limit ($3/$6 USD) - 2017/01/07 2:38:10 ET
Table 'Equinox' 6-max Seat #2 is the button
Seat 2: pertrul ($105.36 in chips)
Seat 3: sim5sim5 ($72 in chips)
pertrul: posts small blind $1
sim5sim5: posts big blind $3
*** HOLE CARDS ***
pertrul: folds
Uncalled bet ($2) returned to sim5sim5
pertrul leaves the table
sim5sim5 collected $2 from pot
sim5sim5: doesn't show hand
*** SUMMARY ***
Total pot $2 | Rake $0
Seat 2: pertrul (button) (small blind) folded before Flop
Seat 3: sim5sim5 (big blind) collected ($2)


PokerStars Hand #164168499809:  Hold'em Limit ($3/$6 USD) - 2017/01/07 2:37:23 ET
Table 'Equinox' 6-max Seat #3 is the button
Seat 2: pertrul ($96.72 in chips)
Seat 3: sim5sim5 ($73.66 in chips)
sim5sim5: posts small blind $1
pertrul: posts big blind $3
*** HOLE CARDS ***
sim5sim5: raises $3 to $6
pertrul: calls $3
*** FLOP *** [2d 8s 2s]
pertrul: bets $3
sim5sim5: calls $3
*** TURN *** [2d 8s 2s] [8d]
pertrul: bets $6
sim5sim5: folds
Uncalled bet ($6) returned to pertrul
pertrul collected $17.64 from pot
pertrul: doesn't show hand
*** SUMMARY ***
Total pot $18 | Rake $0.36
Board [2d 8s 2s 8d]
Seat 2: pertrul (big blind) collected ($17.64)
Seat 3: sim5sim5 (button) (small blind) folded on the Turn


PokerStars Hand #164168600876:  Hold'em Limit ($3/$6 USD) - 2017/01/07 2:43:06 ET
Table 'Equinox' 6-max Seat #3 is the button
Seat 3: sim5sim5 ($73 in chips)
Seat 4: parnishka11 ($39 in chips)
sim5sim5: posts small blind $1
parnishka11: posts big blind $3
*** HOLE CARDS ***
sim5sim5: raises $3 to $6
parnishka11: calls $3
*** FLOP *** [9s 7c 2s]
parnishka11: checks
sim5sim5: bets $3
parnishka11: raises $3 to $6
sim5sim5: raises $3 to $9
parnishka11: calls $3
*** TURN *** [9s 7c 2s] [As]
parnishka11: checks
sim5sim5: bets $6
parnishka11: calls $6
*** RIVER *** [9s 7c 2s As] [Jh]
parnishka11: checks
tigertl888 joins the table at seat #1
sim5sim5: checks
*** SHOW DOWN ***
parnishka11: shows [3h 5h] (high card Ace)
sim5sim5: shows [Kh 7d] (a pair of Sevens)
sim5sim5 collected $41.50 from pot
*** SUMMARY ***
Total pot $42 | Rake $0.50
Board [9s 7c 2s As Jh]
Seat 3: sim5sim5 (button) (small blind) showed [Kh 7d] and won ($41.50) with a pair of Sevens
Seat 4: parnishka11 (big blind) showed [3h 5h] and lost with high card Ace


PokerStars Hand #164168672286:  Hold'em Limit ($3/$6 USD) - 2017/01/07 2:47:08 ET
Table 'Equinox' 6-max Seat #1 is the button
Seat 1: tigertl888 ($130.99 in chips)
Seat 5: parnishka11 ($38.27 in chips)
tigertl888: posts small blind $1
sim5sim5: is sitting out
parnishka11: posts big blind $3
*** HOLE CARDS ***
tigertl888: raises $3 to $6
parnishka11: calls $3
*** FLOP *** [4c Kc 5h]
parnishka11: checks
tigertl888: checks
*** TURN *** [4c Kc 5h] [3h]
parnishka11: bets $6
tigertl888: raises $6 to $12
parnishka11: calls $6
*** RIVER *** [4c Kc 5h 3h] [7s]
parnishka11: checks
tigertl888: bets $6
parnishka11: calls $6
*** SHOW DOWN ***
tigertl888: shows [3s 3c] (three of a kind, Threes)
parnishka11: mucks hand
tigertl888 collected $47.50 from pot
*** SUMMARY ***
Total pot $48 | Rake $0.50
Board [4c Kc 5h 3h 7s]
Seat 1: tigertl888 (button) (small blind) showed [3s 3c] and won ($47.50) with three of a kind, Threes
Seat 5: parnishka11 (big blind) mucked


PokerStars Hand #164168697318:  Hold'em Limit ($3/$6 USD) - 2017/01/07 2:48:31 ET
Table 'Equinox' 6-max Seat #3 is the button
Seat 3: sim5sim5 ($73 in chips)
Seat 5: parnishka11 ($16.21 in chips)
sim5sim5: posts small blind $1
parnishka11: posts big blind $3
*** HOLE CARDS ***
sim5sim5: raises $3 to $6
parnishka11: calls $3
*** FLOP *** [8s 4c 8h]
parnishka11: checks
sim5sim5: bets $3
parnishka11: calls $3
*** TURN *** [8s 4c 8h] [6c]
parnishka11: checks
sim5sim5: bets $6
parnishka11: folds
Uncalled bet ($6) returned to sim5sim5
sim5sim5 collected $17.64 from pot
sim5sim5: doesn't show hand
*** SUMMARY ***
Total pot $18 | Rake $0.36
Board [8s 4c 8h 6c]
Seat 3: sim5sim5 (button) (small blind) collected ($17.64)
Seat 5: parnishka11 (big blind) folded on the Turn


PokerStars Hand #164168695531:  Hold'em Limit ($3/$6 USD) - 2017/01/07 2:48:26 ET
Table 'Equinox' 6-max Seat #5 is the button
Seat 3: sim5sim5 ($72 in chips)
Seat 5: parnishka11 ($17.21 in chips)
parnishka11: posts small blind $1
sim5sim5: posts big blind $3
*** HOLE CARDS ***
parnishka11: folds
Uncalled bet ($2) returned to sim5sim5
sim5sim5 collected $2 from pot
sim5sim5: doesn't show hand
*** SUMMARY ***
Total pot $2 | Rake $0
Seat 3: sim5sim5 (big blind) collected ($2)
Seat 5: parnishka11 (button) (small blind) folded before Flop


PokerStars Hand #164168693762:  Hold'em Limit ($3/$6 USD) - 2017/01/07 2:48:20 ET
Table 'Equinox' 6-max Seat #3 is the button
Seat 3: sim5sim5 ($72 in chips)
Seat 5: parnishka11 ($16.21 in chips)
sim5sim5: posts small blind $1
parnishka11: posts big blind $3
*** HOLE CARDS ***
sim5sim5: folds
Uncalled bet ($2) returned to parnishka11
parnishka11 collected $2 from pot
*** SUMMARY ***
Total pot $2 | Rake $0
Seat 3: sim5sim5 (button) (small blind) folded before Flop
Seat 5: parnishka11 (big blind) collected ($2)


PokerStars Hand #164168688756:  Hold'em Limit ($3/$6 USD) - 2017/01/07 2:48:03 ET
Table 'Equinox' 6-max Seat #5 is the button
Seat 3: sim5sim5 ($77.64 in chips)
Seat 5: parnishka11 ($8.27 in chips)
parnishka11: posts small blind $1
sim5sim5: posts big blind $3
*** HOLE CARDS ***
parnishka11: raises $3 to $6
sim5sim5: raises $3 to $9
parnishka11: calls $2.27 and is all-in
Uncalled bet ($0.73) returned to sim5sim5
*** FLOP *** [9s 3s 9d]
*** TURN *** [9s 3s 9d] [5c]
*** RIVER *** [9s 3s 9d 5c] [5s]
*** SHOW DOWN ***
sim5sim5: shows [3h Ad] (two pair, Nines and Fives)
parnishka11: shows [8d 9c] (a full house, Nines full of Fives)
parnishka11 collected $16.21 from pot
*** SUMMARY ***
Total pot $16.54 | Rake $0.33
Board [9s 3s 9d 5c 5s]
Seat 3: sim5sim5 (big blind) showed [3h Ad] and lost with two pair, Nines and Fives
Seat 5: parnishka11 (button) (small blind) showed [8d 9c] and won ($16.21) with a full house, Nines full of Fives


PokerStars Hand #164168702083:  Hold'em Limit ($3/$6 USD) - 2017/01/07 2:48:48 ET
Table 'Equinox' 6-max Seat #5 is the button
Seat 3: sim5sim5 ($81.64 in chips)
Seat 5: parnishka11 ($7.21 in chips)
parnishka11: posts small blind $1
sim5sim5: posts big blind $3
*** HOLE CARDS ***
parnishka11: raises $3 to $6
sim5sim5: folds
Uncalled bet ($3) returned to parnishka11
parnishka11 collected $6 from pot
*** SUMMARY ***
Total pot $6 | Rake $0
Seat 3: sim5sim5 (big blind) folded before Flop
Seat 5: parnishka11 (button) (small blind) collected ($6)


PokerStars Hand #164168714208:  Hold'em Limit ($3/$6 USD) - 2017/01/07 2:49:28 ET
Table 'Equinox' 6-max Seat #3 is the button
Seat 3: sim5sim5 ($73 in chips)
Seat 5: parnishka11 ($19.01 in chips)
sim5sim5: posts small blind $1
parnishka11: posts big blind $3
*** HOLE CARDS ***
sim5sim5: folds
Uncalled bet ($2) returned to parnishka11
parnishka11 collected $2 from pot
*** SUMMARY ***
Total pot $2 | Rake $0
Seat 3: sim5sim5 (button) (small blind) folded before Flop
Seat 5: parnishka11 (big blind) collected ($2)


PokerStars Hand #164168712675:  Hold'em Limit ($3/$6 USD) - 2017/01/07 2:49:23 ET
Table 'Equinox' 6-max Seat #5 is the button
Seat 3: sim5sim5 ($72 in chips)
Seat 5: parnishka11 ($20.01 in chips)
parnishka11: posts small blind $1
sim5sim5: posts big blind $3
*** HOLE CARDS ***
parnishka11: folds
Uncalled bet ($2) returned to sim5sim5
sim5sim5 collected $2 from pot
sim5sim5: doesn't show hand
*** SUMMARY ***
Total pot $2 | Rake $0
Seat 3: sim5sim5 (big blind) collected ($2)
Seat 5: parnishka11 (button) (small blind) folded before Flop


PokerStars Hand #164168708156:  Hold'em Limit ($3/$6 USD) - 2017/01/07 2:49:08 ET
Table 'Equinox' 6-max Seat #3 is the button
Seat 3: sim5sim5 ($78.64 in chips)
Seat 5: parnishka11 ($10.21 in chips)
sim5sim5: posts small blind $1
parnishka11: posts big blind $3
*** HOLE CARDS ***
sim5sim5: raises $3 to $6
parnishka11: calls $3
*** FLOP *** [Qh 4h Kd]
parnishka11: bets $3
sim5sim5: raises $3 to $6
parnishka11: calls $1.21 and is all-in
Uncalled bet ($1.79) returned to sim5sim5
*** TURN *** [Qh 4h Kd] [5d]
*** RIVER *** [Qh 4h Kd 5d] [7s]
*** SHOW DOWN ***
parnishka11: shows [Qd 9c] (a pair of Queens)
sim5sim5: shows [Ac Tc] (high card Ace)
parnishka11 collected $20.01 from pot
*** SUMMARY ***
Total pot $20.42 | Rake $0.41
Board [Qh 4h Kd 5d 7s]
Seat 3: sim5sim5 (button) (small blind) showed [Ac Tc] and lost with high card Ace
Seat 5: parnishka11 (big blind) showed [Qd 9c] and won ($20.01) with a pair of Queens


PokerStars Hand #164168706524:  Hold'em Limit ($3/$6 USD) - 2017/01/07 2:49:02 ET
Table 'Equinox' 6-max Seat #5 is the button
Seat 3: sim5sim5 ($77.64 in chips)
Seat 5: parnishka11 ($11.21 in chips)
parnishka11: posts small blind $1
sim5sim5: posts big blind $3
*** HOLE CARDS ***
parnishka11: folds
Uncalled bet ($2) returned to sim5sim5
sim5sim5 collected $2 from pot
sim5sim5: doesn't show hand
*** SUMMARY ***
Total pot $2 | Rake $0
Seat 3: sim5sim5 (big blind) collected ($2)
Seat 5: parnishka11 (button) (small blind) folded before Flop


PokerStars Hand #164168704782:  Hold'em Limit ($3/$6 USD) - 2017/01/07 2:48:57 ET
Table 'Equinox' 6-max Seat #3 is the button
Seat 3: sim5sim5 ($78.64 in chips)
Seat 5: parnishka11 ($10.21 in chips)
sim5sim5: posts small blind $1
parnishka11: posts big blind $3
*** HOLE CARDS ***
sim5sim5: folds
Uncalled bet ($2) returned to parnishka11
parnishka11 collected $2 from pot
*** SUMMARY ***
Total pot $2 | Rake $0
Seat 3: sim5sim5 (button) (small blind) folded before Flop
Seat 5: parnishka11 (big blind) collected ($2)


PokerStars Hand #164168727176:  Hold'em Limit ($3/$6 USD) - 2017/01/07 2:50:11 ET
Table 'Equinox' 6-max Seat #3 is the button
Seat 3: sim5sim5 ($89.50 in chips)
Seat 5: parnishka11 ($41.01 in chips)
sim5sim5: posts small blind $1
parnishka11: posts big blind $3
*** HOLE CARDS ***
sim5sim5: raises $3 to $6
parnishka11: calls $3
*** FLOP *** [Ts As Ah]
parnishka11: checks
sim5sim5: bets $3
parnishka11: calls $3
*** TURN *** [Ts As Ah] [5s]
parnishka11: checks
sim5sim5: checks
*** RIVER *** [Ts As Ah 5s] [2c]
parnishka11: bets $6
sim5sim5: folds
Uncalled bet ($6) returned to parnishka11
parnishka11 collected $17.64 from pot
*** SUMMARY ***
Total pot $18 | Rake $0.36
Board [Ts As Ah 5s 2c]
Seat 3: sim5sim5 (button) (small blind) folded on the River
Seat 5: parnishka11 (big blind) collected ($17.64)


PokerStars Hand #164168716193:  Hold'em Limit ($3/$6 USD) - 2017/01/07 2:49:35 ET
Table 'Equinox' 6-max Seat #5 is the button
Seat 3: sim5sim5 ($72 in chips)
Seat 5: parnishka11 ($20.01 in chips)
parnishka11: posts small blind $1
sim5sim5: posts big blind $3
*** HOLE CARDS ***
parnishka11: raises $3 to $6
sim5sim5: calls $3
*** FLOP *** [4d 5c 9d]
sim5sim5: checks
parnishka11: bets $3
sim5sim5: raises $3 to $6
parnishka11: calls $3
*** TURN *** [4d 5c 9d] [Qs]
sim5sim5: bets $6
parnishka11: calls $6
*** RIVER *** [4d 5c 9d Qs] [Kd]
sim5sim5: checks
parnishka11: checks
*** SHOW DOWN ***
sim5sim5: shows [7d 9s] (a pair of Nines)
parnishka11: mucks hand
sim5sim5 collected $35.50 from pot
*** SUMMARY ***
Total pot $36 | Rake $0.50
Board [4d 5c 9d Qs Kd]
Seat 3: sim5sim5 (big blind) showed [7d 9s] and won ($35.50) with a pair of Nines
Seat 5: parnishka11 (button) (small blind) mucked


PokerStars Hand #164168743686:  Hold'em Limit ($3/$6 USD) - 2017/01/07 2:51:07 ET
Table 'Equinox' 6-max Seat #3 is the button
Seat 3: sim5sim5 ($86.26 in chips)
Seat 5: parnishka11 ($43.65 in chips)
sim5sim5: posts small blind $1
parnishka11: posts big blind $3
*** HOLE CARDS ***
sim5sim5: raises $3 to $6
parnishka11: raises $3 to $9
sim5sim5: calls $3
*** FLOP *** [2c 8c 7d]
parnishka11: bets $3
sim5sim5: calls $3
*** TURN *** [2c 8c 7d] [9d]
parnishka11: bets $6
outlook zh joins the table at seat #2
sim5sim5: folds
Uncalled bet ($6) returned to parnishka11
parnishka11 collected $23.52 from pot
*** SUMMARY ***
Total pot $24 | Rake $0.48
Board [2c 8c 7d 9d]
Seat 3: sim5sim5 (button) (small blind) folded on the Turn
Seat 5: parnishka11 (big blind) collected ($23.52)


PokerStars Hand #164168735149:  Hold'em Limit ($3/$6 USD) - 2017/01/07 2:50:38 ET
Table 'Equinox' 6-max Seat #5 is the button
Seat 3: sim5sim5 ($80.50 in chips)
Seat 5: parnishka11 ($49.65 in chips)
parnishka11: posts small blind $1
sim5sim5: posts big blind $3
*** HOLE CARDS ***
parnishka11: calls $2
sim5sim5: raises $3 to $6
parnishka11: calls $3
*** FLOP *** [Jd Ks Qc]
sim5sim5: bets $3
parnishka11: folds
Uncalled bet ($3) returned to sim5sim5
sim5sim5 collected $11.76 from pot
sim5sim5: doesn't show hand
*** SUMMARY ***
Total pot $12 | Rake $0.24
Board [Jd Ks Qc]
Seat 3: sim5sim5 (big blind) collected ($11.76)
Seat 5: parnishka11 (button) (small blind) folded on the Flop


PokerStars Hand #164169154588:  Hold'em Limit ($3/$6 USD) - 2017/01/07 3:13:55 ET
Table 'Equinox' 6-max Seat #1 is the button
Seat 1: sim5sim5 ($101.50 in chips)
Seat 4: TheCRIdol ($79.41 in chips)
sim5sim5: posts small blind $1
TheCRIdol: posts big blind $3
*** HOLE CARDS ***
sim5sim5: raises $3 to $6
TheCRIdol: folds
Uncalled bet ($3) returned to sim5sim5
sim5sim5 collected $6 from pot
sim5sim5: doesn't show hand
*** SUMMARY ***
Total pot $6 | Rake $0
Seat 1: sim5sim5 (button) (small blind) collected ($6)
Seat 4: TheCRIdol (big blind) folded before Flop


PokerStars Hand #164169144068:  Hold'em Limit ($3/$6 USD) - 2017/01/07 3:13:22 ET
Table 'Equinox' 6-max Seat #4 is the button
Seat 1: sim5sim5 ($72 in chips)
Seat 4: TheCRIdol ($109.41 in chips)
TheCRIdol: posts small blind $1
sim5sim5: posts big blind $3
*** HOLE CARDS ***
parnishka11 leaves the table
TheCRIdol: raises $3 to $6
sim5sim5: raises $3 to $9
TheCRIdol: raises $3 to $12
Betting is capped
sim5sim5: calls $3
*** FLOP *** [8s Jd 8d]
sim5sim5: checks
TheCRIdol: bets $3
sim5sim5: raises $3 to $6
TheCRIdol: calls $3
*** TURN *** [8s Jd 8d] [Tc]
sim5sim5: bets $6
TheCRIdol: calls $6
*** RIVER *** [8s Jd 8d Tc] [3d]
outlook zh leaves the table
sim5sim5: bets $6
TheCRIdol: calls $6
*** SHOW DOWN ***
sim5sim5: shows [Ah Jh] (two pair, Jacks and Eights)
TheCRIdol: mucks hand
sim5sim5 collected $59.50 from pot
*** SUMMARY ***
Total pot $60 | Rake $0.50
Board [8s Jd 8d Tc 3d]
Seat 1: sim5sim5 (big blind) showed [Ah Jh] and won ($59.50) with two pair, Jacks and Eights
Seat 4: TheCRIdol (button) (small blind) mucked


PokerStars Hand #164169156783:  Hold'em Limit ($3/$6 USD) - 2017/01/07 3:14:02 ET
Table 'Equinox' 6-max Seat #4 is the button
Seat 1: sim5sim5 ($104.50 in chips)
Seat 4: TheCRIdol ($76.41 in chips)
TheCRIdol: posts small blind $1
parnishka11 joins the table at seat #6
sim5sim5: posts big blind $3
*** HOLE CARDS ***
TheCRIdol: folds
Uncalled bet ($2) returned to sim5sim5
sim5sim5 collected $2 from pot
sim5sim5: doesn't show hand
*** SUMMARY ***
Total pot $2 | Rake $0
Seat 1: sim5sim5 (big blind) collected ($2)
Seat 4: TheCRIdol (button) (small blind) folded before Flop


PokerStars Hand #164169158856:  Hold'em Limit ($3/$6 USD) - 2017/01/07 3:14:09 ET
Table 'Equinox' 6-max Seat #1 is the button
Seat 1: sim5sim5 ($105.50 in chips)
Seat 4: TheCRIdol ($75.41 in chips)
sim5sim5: posts small blind $1
TheCRIdol: posts big blind $3
*** HOLE CARDS ***
sim5sim5: raises $3 to $6
TheCRIdol: raises $3 to $9
sim5sim5: calls $3
*** FLOP *** [4c Qh 5d]
TheCRIdol: bets $3
sim5sim5: calls $3
*** TURN *** [4c Qh 5d] [Th]
TheCRIdol: bets $6
sim5sim5: folds
Uncalled bet ($6) returned to TheCRIdol
TheCRIdol collected $23.52 from pot
TheCRIdol: doesn't show hand
*** SUMMARY ***
Total pot $24 | Rake $0.48
Board [4c Qh 5d Th]
Seat 1: sim5sim5 (button) (small blind) folded on the Turn
Seat 4: TheCRIdol (big blind) collected ($23.52)


PokerStars Hand #164169221661:  Hold'em Limit ($3/$6 USD) - 2017/01/07 3:17:26 ET
Table 'Equinox' 6-max Seat #6 is the button
Seat 1: sim5sim5 ($134.32 in chips)
Seat 6: parnishka11 ($79.54 in chips)
parnishka11: posts small blind $1
sim5sim5: posts big blind $3
*** HOLE CARDS ***
parnishka11: raises $3 to $6
sim5sim5: folds
Uncalled bet ($3) returned to parnishka11
TheCRIdol leaves the table
parnishka11 collected $6 from pot
*** SUMMARY ***
Total pot $6 | Rake $0
Seat 1: sim5sim5 (big blind) folded before Flop
Seat 6: parnishka11 (button) (small blind) collected ($6)


PokerStars Hand #164169234712:  Hold'em Limit ($3/$6 USD) - 2017/01/07 3:18:08 ET
Table 'Equinox' 6-max Seat #6 is the button
Seat 1: sim5sim5 ($104.32 in chips)
Seat 6: parnishka11 ($109.04 in chips)
parnishka11: posts small blind $1
sim5sim5: posts big blind $3
*** HOLE CARDS ***
parnishka11: folds
Uncalled bet ($2) returned to sim5sim5
sim5sim5 collected $2 from pot
sim5sim5: doesn't show hand
*** SUMMARY ***
Total pot $2 | Rake $0
Seat 1: sim5sim5 (big blind) collected ($2)
Seat 6: parnishka11 (button) (small blind) folded before Flop


PokerStars Hand #164169224314:  Hold'em Limit ($3/$6 USD) - 2017/01/07 3:17:35 ET
Table 'Equinox' 6-max Seat #1 is the button
Seat 1: sim5sim5 ($131.32 in chips)
Seat 6: parnishka11 ($82.54 in chips)
sim5sim5: posts small blind $1
hairy1961 was removed from the table for failing to post
parnishka11: posts big blind $3
*** HOLE CARDS ***
sim5sim5: raises $3 to $6
parnishka11: calls $3
*** FLOP *** [Qh 3s Jc]
parnishka11: checks
sim5sim5: bets $3
parnishka11: calls $3
*** TURN *** [Qh 3s Jc] [2c]
parnishka11: checks
sim5sim5: bets $6
parnishka11: calls $6
*** RIVER *** [Qh 3s Jc 2c] [Kd]
parnishka11: checks
sim5sim5: bets $6
parnishka11: raises $6 to $12
sim5sim5: calls $6
*** SHOW DOWN ***
parnishka11: shows [Ts 9h] (a straight, Nine to King)
sim5sim5: mucks hand
parnishka11 collected $53.50 from pot
*** SUMMARY ***
Total pot $54 | Rake $0.50
Board [Qh 3s Jc 2c Kd]
Seat 1: sim5sim5 (button) (small blind) mucked
Seat 6: parnishka11 (big blind) showed [Ts 9h] and won ($53.50) with a straight, Nine to King


PokerStars Hand #164169305728:  Hold'em Limit ($3/$6 USD) - 2017/01/07 3:21:51 ET
Table 'Equinox' 6-max Seat #1 is the button
Seat 1: parnishka11 ($25.04 in chips)
Seat 3: sim5sim5 ($85.50 in chips)
parnishka11: posts small blind $1
sim5sim5: posts big blind $3
*** HOLE CARDS ***
parnishka11: raises $3 to $6
sim5sim5: folds
Uncalled bet ($3) returned to parnishka11
parnishka11 collected $6 from pot
*** SUMMARY ***
Total pot $6 | Rake $0
Seat 1: parnishka11 (button) (small blind) collected ($6)
Seat 3: sim5sim5 (big blind) folded before Flop


PokerStars Hand #164169321903:  Hold'em Limit ($3/$6 USD) - 2017/01/07 3:22:42 ET
Table 'Equinox' 6-max Seat #3 is the button
Seat 1: parnishka11 ($31.68 in chips)
Seat 3: sim5sim5 ($78.50 in chips)
sim5sim5: posts small blind $1
parnishka11: posts big blind $3
*** HOLE CARDS ***
sim5sim5: raises $3 to $6
parnishka11: folds
Uncalled bet ($3) returned to sim5sim5
sim5sim5 collected $6 from pot
sim5sim5: doesn't show hand
*** SUMMARY ***
Total pot $6 | Rake $0
Seat 1: parnishka11 (big blind) folded before Flop
Seat 3: sim5sim5 (button) (small blind) collected ($6)


PokerStars Hand #164169320188:  Hold'em Limit ($3/$6 USD) - 2017/01/07 3:22:36 ET
Table 'Equinox' 6-max Seat #1 is the button
Seat 1: parnishka11 ($32.68 in chips)
Seat 3: sim5sim5 ($77.50 in chips)
parnishka11: posts small blind $1
sim5sim5: posts big blind $3
*** HOLE CARDS ***
parnishka11: folds
Uncalled bet ($2) returned to sim5sim5
sim5sim5 collected $2 from pot
sim5sim5: doesn't show hand
*** SUMMARY ***
Total pot $2 | Rake $0
Seat 1: parnishka11 (button) (small blind) folded before Flop
Seat 3: sim5sim5 (big blind) collected ($2)


PokerStars Hand #164169317970:  Hold'em Limit ($3/$6 USD) - 2017/01/07 3:22:29 ET
Table 'Equinox' 6-max Seat #3 is the button
Seat 1: parnishka11 ($35.68 in chips)
Seat 3: sim5sim5 ($74.50 in chips)
sim5sim5: posts small blind $1
parnishka11: posts big blind $3
*** HOLE CARDS ***
sim5sim5: raises $3 to $6
parnishka11: folds
Uncalled bet ($3) returned to sim5sim5
sim5sim5 collected $6 from pot
sim5sim5: doesn't show hand
*** SUMMARY ***
Total pot $6 | Rake $0
Seat 1: parnishka11 (big blind) folded before Flop
Seat 3: sim5sim5 (button) (small blind) collected ($6)


PokerStars Hand #164169316339:  Hold'em Limit ($3/$6 USD) - 2017/01/07 3:22:24 ET
Table 'Equinox' 6-max Seat #1 is the button
Seat 1: parnishka11 ($36.68 in chips)
Seat 3: sim5sim5 ($73.50 in chips)
parnishka11: posts small blind $1
sim5sim5: posts big blind $3
*** HOLE CARDS ***
parnishka11: folds
Uncalled bet ($2) returned to sim5sim5
sim5sim5 collected $2 from pot
sim5sim5: doesn't show hand
*** SUMMARY ***
Total pot $2 | Rake $0
Seat 1: parnishka11 (button) (small blind) folded before Flop
Seat 3: sim5sim5 (big blind) collected ($2)


PokerStars Hand #164169308525:  Hold'em Limit ($3/$6 USD) - 2017/01/07 3:21:59 ET
Table 'Equinox' 6-max Seat #3 is the button
Seat 1: parnishka11 ($28.04 in chips)
Seat 3: sim5sim5 ($82.50 in chips)
sim5sim5: posts small blind $1
parnishka11: posts big blind $3
*** HOLE CARDS ***
sim5sim5: raises $3 to $6
parnishka11: calls $3
*** FLOP *** [7s 8c 9h]
parnishka11: checks
sim5sim5: bets $3
parnishka11: raises $3 to $6
sim5sim5: folds
Uncalled bet ($3) returned to parnishka11
parnishka11 collected $17.64 from pot
*** SUMMARY ***
Total pot $18 | Rake $0.36
Board [7s 8c 9h]
Seat 1: parnishka11 (big blind) collected ($17.64)
Seat 3: sim5sim5 (button) (small blind) folded on the Flop


PokerStars Hand #164169324401:  Hold'em Limit ($3/$6 USD) - 2017/01/07 3:22:49 ET
Table 'Equinox' 6-max Seat #1 is the button
Seat 1: parnishka11 ($28.68 in chips)
Seat 3: sim5sim5 ($81.50 in chips)
parnishka11: posts small blind $1
sim5sim5: posts big blind $3
*** HOLE CARDS ***
parnishka11: folds
Uncalled bet ($2) returned to sim5sim5
sim5sim5 collected $2 from pot
sim5sim5: doesn't show hand
*** SUMMARY ***
Total pot $2 | Rake $0
Seat 1: parnishka11 (button) (small blind) folded before Flop
Seat 3: sim5sim5 (big blind) collected ($2)


PokerStars Hand #164169340479:  Hold'em Limit ($3/$6 USD) - 2017/01/07 3:23:40 ET
Table 'Equinox' 6-max Seat #1 is the button
Seat 1: parnishka11 ($36.68 in chips)
Seat 3: sim5sim5 ($106 in chips)
parnishka11: posts small blind $1
sim5sim5: posts big blind $3
*** HOLE CARDS ***
parnishka11: raises $3 to $6
sim5sim5: folds
Uncalled bet ($3) returned to parnishka11
parnishka11 collected $6 from pot
*** SUMMARY ***
Total pot $6 | Rake $0
Seat 1: parnishka11 (button) (small blind) collected ($6)
Seat 3: sim5sim5 (big blind) folded before Flop


PokerStars Hand #164169344966:  Hold'em Limit ($3/$6 USD) - 2017/01/07 3:23:54 ET
Table 'Equinox' 6-max Seat #3 is the button
Seat 1: parnishka11 ($39.68 in chips)
Seat 3: sim5sim5 ($103 in chips)
sim5sim5: posts small blind $1
parnishka11: posts big blind $3
*** HOLE CARDS ***
sim5sim5: raises $3 to $6
parnishka11: calls $3
*** FLOP *** [6h 4d 5s]
parnishka11: checks
sim5sim5: bets $3
jacobkimm joins the table at seat #6
parnishka11: raises $3 to $6
sim5sim5: raises $3 to $9
parnishka11: calls $3
*** TURN *** [6h 4d 5s] [8d]
parnishka11: checks
sim5sim5: bets $6
parnishka11: raises $6 to $12
sim5sim5: raises $6 to $18
parnishka11: raises $6 to $24
Betting is capped
sim5sim5: calls $6
*** RIVER *** [6h 4d 5s 8d] [2s]
parnishka11: bets $0.68 and is all-in
sim5sim5: calls $0.68
*** SHOW DOWN ***
parnishka11: shows [7d 6c] (a straight, Four to Eight)
sim5sim5: shows [8h 7c] (a straight, Four to Eight)
parnishka11 collected $39.43 from pot
sim5sim5 collected $39.43 from pot
*** SUMMARY ***
Total pot $79.36 | Rake $0.50
Board [6h 4d 5s 8d 2s]
Seat 1: parnishka11 (big blind) showed [7d 6c] and won ($39.43) with a straight, Four to Eight
Seat 3: sim5sim5 (button) (small blind) showed [8h 7c] and won ($39.43) with a straight, Four to Eight


PokerStars Hand #164169376638:  Hold'em Limit ($3/$6 USD) - 2017/01/07 3:25:34 ET
Table 'Equinox' 6-max Seat #6 is the button
Seat 3: sim5sim5 ($143.12 in chips)
Seat 6: jacobkimm ($97 in chips)
jacobkimm: posts small blind $1
sim5sim5: posts big blind $3
*** HOLE CARDS ***
jacobkimm: folds
Uncalled bet ($2) returned to sim5sim5
sim5sim5 collected $2 from pot
sim5sim5: doesn't show hand
*** SUMMARY ***
Total pot $2 | Rake $0
Seat 3: sim5sim5 (big blind) collected ($2)
Seat 6: jacobkimm (button) (small blind) folded before Flop


PokerStars Hand #164169360607:  Hold'em Limit ($3/$6 USD) - 2017/01/07 3:24:43 ET
Table 'Equinox' 6-max Seat #1 is the button
Seat 1: parnishka11 ($39.43 in chips)
Seat 3: sim5sim5 ($102.75 in chips)
parnishka11: posts small blind $1
sim5sim5: posts big blind $3
*** HOLE CARDS ***
parnishka11: raises $3 to $6
sim5sim5: calls $3
*** FLOP *** [7h Ah 9h]
sim5sim5: checks
parnishka11: bets $3
sim5sim5: calls $3
*** TURN *** [7h Ah 9h] [2h]
sim5sim5: checks
parnishka11: checks
*** RIVER *** [7h Ah 9h 2h] [4d]
sim5sim5: bets $6
parnishka11: calls $6
*** SHOW DOWN ***
sim5sim5: shows [7c 5h] (a flush, Ace high)
parnishka11: shows [Ac Kc] (a pair of Aces)
sim5sim5 collected $29.50 from pot
*** SUMMARY ***
Total pot $30 | Rake $0.50
Board [7h Ah 9h 2h 4d]
Seat 1: parnishka11 (button) (small blind) showed [Ac Kc] and lost with a pair of Aces
Seat 3: sim5sim5 (big blind) showed [7c 5h] and won ($29.50) with a flush, Ace high


PokerStars Hand #164169379733:  Hold'em Limit ($3/$6 USD) - 2017/01/07 3:25:43 ET
Table 'Equinox' 6-max Seat #3 is the button
Seat 3: sim5sim5 ($144.12 in chips)
Seat 6: jacobkimm ($96 in chips)
sim5sim5: posts small blind $1
jacobkimm: posts big blind $3
*** HOLE CARDS ***
sim5sim5: raises $3 to $6
jacobkimm: calls $3
*** FLOP *** [3h Ks 7h]
jacobkimm: checks
sim5sim5: bets $3
jacobkimm: calls $3
*** TURN *** [3h Ks 7h] [Kh]
jacobkimm: checks
sim5sim5: bets $6
jacobkimm: folds
Uncalled bet ($6) returned to sim5sim5
sim5sim5 collected $17.64 from pot
sim5sim5: doesn't show hand
*** SUMMARY ***
Total pot $18 | Rake $0.36
Board [3h Ks 7h Kh]
Seat 3: sim5sim5 (button) (small blind) collected ($17.64)
Seat 6: jacobkimm (big blind) folded on the Turn


PokerStars Hand #164169917890:  Hold'em Limit ($3/$6 USD) - 2017/01/07 3:52:25 ET
Table 'Equinox' 6-max Seat #5 is the button
Seat 4: TheCRIdol ($107.30 in chips)
Seat 5: Zooshark ($198.94 in chips)
Zooshark: posts small blind $1
TheCRIdol: posts big blind $3
*** HOLE CARDS ***
Zooshark: raises $3 to $6
TheCRIdol: calls $3
*** FLOP *** [9c Qs Jd]
TheCRIdol: checks
Zooshark: bets $3
TheCRIdol: folds
Uncalled bet ($3) returned to Zooshark
Zooshark collected $11.76 from pot
Zooshark: doesn't show hand
*** SUMMARY ***
Total pot $12 | Rake $0.24
Board [9c Qs Jd]
Seat 4: TheCRIdol (big blind) folded on the Flop
Seat 5: Zooshark (button) (small blind) collected ($11.76)


PokerStars Hand #164169914685:  Hold'em Limit ($3/$6 USD) - 2017/01/07 3:52:16 ET
Table 'Equinox' 6-max Seat #4 is the button
Seat 4: TheCRIdol ($104.30 in chips)
Seat 5: Zooshark ($201.94 in chips)
TheCRIdol: posts small blind $1
Zooshark: posts big blind $3
*** HOLE CARDS ***
TheCRIdol: raises $3 to $6
Zooshark: folds
Uncalled bet ($3) returned to TheCRIdol
TheCRIdol collected $6 from pot
TheCRIdol: doesn't show hand
*** SUMMARY ***
Total pot $6 | Rake $0
Seat 4: TheCRIdol (button) (small blind) collected ($6)
Seat 5: Zooshark (big blind) folded before Flop


PokerStars Hand #164169912239:  Hold'em Limit ($3/$6 USD) - 2017/01/07 3:52:09 ET
Table 'Equinox' 6-max Seat #5 is the button
Seat 4: TheCRIdol ($103.30 in chips)
Seat 5: Zooshark ($202.94 in chips)
Zooshark: posts small blind $1
TheCRIdol: posts big blind $3
*** HOLE CARDS ***
Zooshark: folds
Uncalled bet ($2) returned to TheCRIdol
parnishka11 leaves the table
TheCRIdol collected $2 from pot
TheCRIdol: doesn't show hand
*** SUMMARY ***
Total pot $2 | Rake $0
Seat 4: TheCRIdol (big blind) collected ($2)
Seat 5: Zooshark (button) (small blind) folded before Flop


PokerStars Hand #164171546454:  Hold'em Limit ($3/$6 USD) - 2017/01/07 5:02:35 ET
Table 'Equinox' 6-max Seat #1 is the button
Seat 1: TbIP-TbIP 88 ($73 in chips)
Seat 6: 19woody58 ($119 in chips)
TbIP-TbIP 88: posts small blind $1
19woody58: posts big blind $3
*** HOLE CARDS ***
TbIP-TbIP 88: raises $3 to $6
19woody58: calls $3
*** FLOP *** [9d Tc 6c]
19woody58: checks
TbIP-TbIP 88: bets $3
19woody58: calls $3
*** TURN *** [9d Tc 6c] [6h]
19woody58: checks
TbIP-TbIP 88: checks
*** RIVER *** [9d Tc 6c 6h] [7d]
19woody58: bets $6
TbIP-TbIP 88: raises $6 to $12
19woody58: calls $6
*** SHOW DOWN ***
TbIP-TbIP 88: shows [8c 4d] (a straight, Six to Ten)
19woody58: mucks hand
TbIP-TbIP 88 collected $41.50 from pot
*** SUMMARY ***
Total pot $42 | Rake $0.50
Board [9d Tc 6c 6h 7d]
Seat 1: TbIP-TbIP 88 (button) (small blind) showed [8c 4d] and won ($41.50) with a straight, Six to Ten
Seat 6: 19woody58 (big blind) mucked


PokerStars Hand #164171543616:  Hold'em Limit ($3/$6 USD) - 2017/01/07 5:02:28 ET
Table 'Equinox' 6-max Seat #6 is the button
Seat 1: TbIP-TbIP 88 ($72 in chips)
Seat 6: 19woody58 ($120 in chips)
19woody58: posts small blind $1
TbIP-TbIP 88: posts big blind $3
*** HOLE CARDS ***
19woody58: folds
Uncalled bet ($2) returned to TbIP-TbIP 88
TbIP-TbIP 88 collected $2 from pot
TbIP-TbIP 88: doesn't show hand
*** SUMMARY ***
Total pot $2 | Rake $0
Seat 1: TbIP-TbIP 88 (big blind) collected ($2)
Seat 6: 19woody58 (button) (small blind) folded before Flop


PokerStars Hand #164171557802:  Hold'em Limit ($3/$6 USD) - 2017/01/07 5:03:01 ET
Table 'Equinox' 6-max Seat #6 is the button
Seat 1: TbIP-TbIP 88 ($93.50 in chips)
Seat 6: 19woody58 ($98 in chips)
19woody58: posts small blind $1
TbIP-TbIP 88: posts big blind $3
*** HOLE CARDS ***
19woody58: raises $3 to $6
TbIP-TbIP 88: calls $3
*** FLOP *** [3h 4h 3c]
TbIP-TbIP 88: checks
19woody58: bets $3
TbIP-TbIP 88: raises $3 to $6
19woody58: calls $3
*** TURN *** [3h 4h 3c] [Qc]
TbIP-TbIP 88: bets $6
19woody58: calls $6
*** RIVER *** [3h 4h 3c Qc] [Jd]
TbIP-TbIP 88: bets $6
19woody58: calls $6
*** SHOW DOWN ***
TbIP-TbIP 88: shows [4d 7d] (two pair, Fours and Threes)
19woody58: shows [Kd Qd] (two pair, Queens and Threes)
19woody58 collected $47.50 from pot
*** SUMMARY ***
Total pot $48 | Rake $0.50
Board [3h 4h 3c Qc Jd]
Seat 1: TbIP-TbIP 88 (big blind) showed [4d 7d] and lost with two pair, Fours and Threes
Seat 6: 19woody58 (button) (small blind) showed [Kd Qd] and won ($47.50) with two pair, Queens and Threes


PokerStars Hand #164171567511:  Hold'em Limit ($3/$6 USD) - 2017/01/07 5:03:23 ET
Table 'Equinox' 6-max Seat #1 is the button
Seat 1: TbIP-TbIP 88 ($72 in chips)
Seat 6: 19woody58 ($121.50 in chips)
TbIP-TbIP 88: posts small blind $1
19woody58: posts big blind $3
*** HOLE CARDS ***
TbIP-TbIP 88: raises $3 to $6
19woody58: folds
Uncalled bet ($3) returned to TbIP-TbIP 88
TbIP-TbIP 88 collected $6 from pot
TbIP-TbIP 88: doesn't show hand
*** SUMMARY ***
Total pot $6 | Rake $0
Seat 1: TbIP-TbIP 88 (button) (small blind) collected ($6)
Seat 6: 19woody58 (big blind) folded before Flop


PokerStars Hand #164171570611:  Hold'em Limit ($3/$6 USD) - 2017/01/07 5:03:30 ET
Table 'Equinox' 6-max Seat #6 is the button
Seat 1: TbIP-TbIP 88 ($75 in chips)
Seat 6: 19woody58 ($118.50 in chips)
19woody58: posts small blind $1
TbIP-TbIP 88: posts big blind $3
*** HOLE CARDS ***
19woody58: raises $3 to $6
TbIP-TbIP 88: folds
Uncalled bet ($3) returned to 19woody58
19woody58 collected $6 from pot
*** SUMMARY ***
Total pot $6 | Rake $0
Seat 1: TbIP-TbIP 88 (big blind) folded before Flop
Seat 6: 19woody58 (button) (small blind) collected ($6)


PokerStars Hand #164171584076:  Hold'em Limit ($3/$6 USD) - 2017/01/07 5:04:01 ET
Table 'Equinox' 6-max Seat #6 is the button
Seat 1: TbIP-TbIP 88 ($72 in chips)
Seat 6: 19woody58 ($130.14 in chips)
19woody58: posts small blind $1
TbIP-TbIP 88: posts big blind $3
*** HOLE CARDS ***
19woody58: folds
Uncalled bet ($2) returned to TbIP-TbIP 88
TbIP-TbIP 88 collected $2 from pot
TbIP-TbIP 88: doesn't show hand
*** SUMMARY ***
Total pot $2 | Rake $0
Seat 1: TbIP-TbIP 88 (big blind) collected ($2)
Seat 6: 19woody58 (button) (small blind) folded before Flop


PokerStars Hand #164171573960:  Hold'em Limit ($3/$6 USD) - 2017/01/07 5:03:38 ET
Table 'Equinox' 6-max Seat #1 is the button
Seat 1: TbIP-TbIP 88 ($72 in chips)
Seat 6: 19woody58 ($121.50 in chips)
TbIP-TbIP 88: posts small blind $1
19woody58: posts big blind $3
*** HOLE CARDS ***
TbIP-TbIP 88: raises $3 to $6
19woody58: calls $3
*** FLOP *** [8d Tc 7c]
19woody58: checks
TbIP-TbIP 88: bets $3
19woody58: calls $3
*** TURN *** [8d Tc 7c] [Kc]
19woody58: checks
TbIP-TbIP 88: checks
*** RIVER *** [8d Tc 7c Kc] [5d]
19woody58: bets $6
TbIP-TbIP 88: folds
Uncalled bet ($6) returned to 19woody58
19woody58 collected $17.64 from pot
*** SUMMARY ***
Total pot $18 | Rake $0.36
Board [8d Tc 7c Kc 5d]
Seat 1: TbIP-TbIP 88 (button) (small blind) folded on the River
Seat 6: 19woody58 (big blind) collected ($17.64)


PokerStars Hand #164171620856:  Hold'em Limit ($3/$6 USD) - 2017/01/07 5:05:22 ET
Table 'Equinox' 6-max Seat #6 is the button
Seat 1: TbIP-TbIP 88 ($77.76 in chips)
Seat 6: 19woody58 ($128.65 in chips)
19woody58: posts small blind $1
TbIP-TbIP 88: posts big blind $3
*** HOLE CARDS ***
19woody58: folds
Uncalled bet ($2) returned to TbIP-TbIP 88
TbIP-TbIP 88 collected $2 from pot
TbIP-TbIP 88: doesn't show hand
*** SUMMARY ***
Total pot $2 | Rake $0
Seat 1: TbIP-TbIP 88 (big blind) collected ($2)
Seat 6: 19woody58 (button) (small blind) folded before Flop


PokerStars Hand #164171618339:  Hold'em Limit ($3/$6 USD) - 2017/01/07 5:05:16 ET
Table 'Equinox' 6-max Seat #1 is the button
Seat 1: TbIP-TbIP 88 ($78.76 in chips)
Seat 6: 19woody58 ($127.65 in chips)
TbIP-TbIP 88: posts small blind $1
19woody58: posts big blind $3
*** HOLE CARDS ***
TbIP-TbIP 88: folds
Uncalled bet ($2) returned to 19woody58
19woody58 collected $2 from pot
*** SUMMARY ***
Total pot $2 | Rake $0
Seat 1: TbIP-TbIP 88 (button) (small blind) folded before Flop
Seat 6: 19woody58 (big blind) collected ($2)


PokerStars Hand #164171616021:  Hold'em Limit ($3/$6 USD) - 2017/01/07 5:05:11 ET
Table 'Equinox' 6-max Seat #6 is the button
Seat 1: TbIP-TbIP 88 ($77.76 in chips)
Seat 6: 19woody58 ($128.65 in chips)
19woody58: posts small blind $1
TbIP-TbIP 88: posts big blind $3
*** HOLE CARDS ***
19woody58: folds
Uncalled bet ($2) returned to TbIP-TbIP 88
TbIP-TbIP 88 collected $2 from pot
TbIP-TbIP 88: doesn't show hand
*** SUMMARY ***
Total pot $2 | Rake $0
Seat 1: TbIP-TbIP 88 (big blind) collected ($2)
Seat 6: 19woody58 (button) (small blind) folded before Flop


PokerStars Hand #164171609938:  Hold'em Limit ($3/$6 USD) - 2017/01/07 5:04:59 ET
Table 'Equinox' 6-max Seat #1 is the button
Seat 1: TbIP-TbIP 88 ($72 in chips)
Seat 6: 19woody58 ($134.65 in chips)
TbIP-TbIP 88: posts small blind $1
19woody58: posts big blind $3
*** HOLE CARDS ***
TbIP-TbIP 88: raises $3 to $6
19woody58: calls $3
*** FLOP *** [7d Qd 7c]
19woody58: checks
TbIP-TbIP 88: bets $3
19woody58: folds
Uncalled bet ($3) returned to TbIP-TbIP 88
TbIP-TbIP 88 collected $11.76 from pot
TbIP-TbIP 88: doesn't show hand
*** SUMMARY ***
Total pot $12 | Rake $0.24
Board [7d Qd 7c]
Seat 1: TbIP-TbIP 88 (button) (small blind) collected ($11.76)
Seat 6: 19woody58 (big blind) folded on the Flop


PokerStars Hand #164171600599:  Hold'em Limit ($3/$6 USD) - 2017/01/07 5:04:39 ET
Table 'Equinox' 6-max Seat #1 is the button
Seat 1: TbIP-TbIP 88 ($72 in chips)
Seat 6: 19woody58 ($131.89 in chips)
TbIP-TbIP 88: posts small blind $1
19woody58: posts big blind $3
*** HOLE CARDS ***
TbIP-TbIP 88: raises $3 to $6
19woody58: folds
Uncalled bet ($3) returned to TbIP-TbIP 88
TbIP-TbIP 88 collected $6 from pot
TbIP-TbIP 88: doesn't show hand
*** SUMMARY ***
Total pot $6 | Rake $0
Seat 1: TbIP-TbIP 88 (button) (small blind) collected ($6)
Seat 6: 19woody58 (big blind) folded before Flop


PokerStars Hand #164171597669:  Hold'em Limit ($3/$6 USD) - 2017/01/07 5:04:32 ET
Table 'Equinox' 6-max Seat #6 is the button
Seat 1: TbIP-TbIP 88 ($72.75 in chips)
Seat 6: 19woody58 ($128.89 in chips)
19woody58: posts small blind $1
TbIP-TbIP 88: posts big blind $3
*** HOLE CARDS ***
19woody58: raises $3 to $6
TbIP-TbIP 88: folds
Uncalled bet ($3) returned to 19woody58
19woody58 collected $6 from pot
*** SUMMARY ***
Total pot $6 | Rake $0
Seat 1: TbIP-TbIP 88 (big blind) folded before Flop
Seat 6: 19woody58 (button) (small blind) collected ($6)


PokerStars Hand #164171586248:  Hold'em Limit ($3/$6 USD) - 2017/01/07 5:04:06 ET
Table 'Equinox' 6-max Seat #1 is the button
Seat 1: TbIP-TbIP 88 ($73 in chips)
Seat 6: 19woody58 ($129.14 in chips)
TbIP-TbIP 88: posts small blind $1
19woody58: posts big blind $3
*** HOLE CARDS ***
TbIP-TbIP 88: raises $3 to $6
19woody58: calls $3
*** FLOP *** [8c 4c Qd]
19woody58: checks
TbIP-TbIP 88: bets $3
19woody58: calls $3
*** TURN *** [8c 4c Qd] [Kc]
19woody58: checks
TbIP-TbIP 88: bets $6
19woody58: calls $6
*** RIVER *** [8c 4c Qd Kc] [4d]
19woody58: checks
TbIP-TbIP 88: bets $6
19woody58: calls $6
*** SHOW DOWN ***
TbIP-TbIP 88: shows [Qh Ah] (two pair, Queens and Fours)
19woody58: shows [Ac Qs] (two pair, Queens and Fours)
19woody58 collected $20.75 from pot
TbIP-TbIP 88 collected $20.75 from pot
*** SUMMARY ***
Total pot $42 | Rake $0.50
Board [8c 4c Qd Kc 4d]
Seat 1: TbIP-TbIP 88 (button) (small blind) showed [Qh Ah] and won ($20.75) with two pair, Queens and Fours
Seat 6: 19woody58 (big blind) showed [Ac Qs] and won ($20.75) with two pair, Queens and Fours


PokerStars Hand #164171603211:  Hold'em Limit ($3/$6 USD) - 2017/01/07 5:04:44 ET
Table 'Equinox' 6-max Seat #6 is the button
Seat 1: TbIP-TbIP 88 ($75 in chips)
Seat 6: 19woody58 ($128.89 in chips)
19woody58: posts small blind $1
TbIP-TbIP 88: posts big blind $3
*** HOLE CARDS ***
19woody58: raises $3 to $6
TbIP-TbIP 88: calls $3
*** FLOP *** [Jd 6d As]
TbIP-TbIP 88: checks
19woody58: bets $3
TbIP-TbIP 88: folds
Uncalled bet ($3) returned to 19woody58
19woody58 collected $11.76 from pot
*** SUMMARY ***
Total pot $12 | Rake $0.24
Board [Jd 6d As]
Seat 1: TbIP-TbIP 88 (big blind) folded on the Flop
Seat 6: 19woody58 (button) (small blind) collected ($11.76)


PokerStars Hand #164171623177:  Hold'em Limit ($3/$6 USD) - 2017/01/07 5:05:27 ET
Table 'Equinox' 6-max Seat #1 is the button
Seat 1: TbIP-TbIP 88 ($78.76 in chips)
Seat 6: 19woody58 ($127.65 in chips)
TbIP-TbIP 88: posts small blind $1
19woody58: posts big blind $3
*** HOLE CARDS ***
TbIP-TbIP 88: raises $3 to $6
19woody58: calls $3
*** FLOP *** [Kh 8s 2d]
19woody58: checks
TbIP-TbIP 88: bets $3
19woody58: calls $3
*** TURN *** [Kh 8s 2d] [9d]
19woody58: checks
TbIP-TbIP 88: bets $6
19woody58: folds
Uncalled bet ($6) returned to TbIP-TbIP 88
TbIP-TbIP 88 collected $17.64 from pot
TbIP-TbIP 88: doesn't show hand
*** SUMMARY ***
Total pot $18 | Rake $0.36
Board [Kh 8s 2d 9d]
Seat 1: TbIP-TbIP 88 (button) (small blind) collected ($17.64)
Seat 6: 19woody58 (big blind) folded on the Turn


PokerStars Hand #164171630689:  Hold'em Limit ($3/$6 USD) - 2017/01/07 5:05:44 ET
Table 'Equinox' 6-max Seat #6 is the button
Seat 1: TbIP-TbIP 88 ($87.40 in chips)
Seat 6: 19woody58 ($118.65 in chips)
19woody58: posts small blind $1
TbIP-TbIP 88: posts big blind $3
*** HOLE CARDS ***
19woody58: raises $3 to $6
TbIP-TbIP 88: calls $3
*** FLOP *** [3c 6h 4c]
TbIP-TbIP 88: checks
19woody58: bets $3
TbIP-TbIP 88: raises $3 to $6
19woody58: calls $3
*** TURN *** [3c 6h 4c] [9s]
TbIP-TbIP 88: bets $6
19woody58: calls $6
*** RIVER *** [3c 6h 4c 9s] [Jh]
TbIP-TbIP 88: bets $6
19woody58: folds
Uncalled bet ($6) returned to TbIP-TbIP 88
TbIP-TbIP 88 collected $35.50 from pot
TbIP-TbIP 88: doesn't show hand
*** SUMMARY ***
Total pot $36 | Rake $0.50
Board [3c 6h 4c 9s Jh]
Seat 1: TbIP-TbIP 88 (big blind) collected ($35.50)
Seat 6: 19woody58 (button) (small blind) folded on the River


PokerStars Hand #164171646897:  Hold'em Limit ($3/$6 USD) - 2017/01/07 5:06:21 ET
Table 'Equinox' 6-max Seat #6 is the button
Seat 1: TbIP-TbIP 88 ($110.66 in chips)
Seat 6: 19woody58 ($94.65 in chips)
19woody58: posts small blind $1
TbIP-TbIP 88: posts big blind $3
*** HOLE CARDS ***
19woody58: folds
Uncalled bet ($2) returned to TbIP-TbIP 88
TbIP-TbIP 88 collected $2 from pot
TbIP-TbIP 88: doesn't show hand
*** SUMMARY ***
Total pot $2 | Rake $0
Seat 1: TbIP-TbIP 88 (big blind) collected ($2)
Seat 6: 19woody58 (button) (small blind) folded before Flop


PokerStars Hand #164171641283:  Hold'em Limit ($3/$6 USD) - 2017/01/07 5:06:08 ET
Table 'Equinox' 6-max Seat #1 is the button
Seat 1: TbIP-TbIP 88 ($104.90 in chips)
Seat 6: 19woody58 ($100.65 in chips)
TbIP-TbIP 88: posts small blind $1
19woody58: posts big blind $3
*** HOLE CARDS ***
TbIP-TbIP 88: raises $3 to $6
19woody58: calls $3
*** FLOP *** [Ks 8c 2d]
19woody58: checks
TbIP-TbIP 88: bets $3
19woody58: folds
Uncalled bet ($3) returned to TbIP-TbIP 88
TbIP-TbIP 88 collected $11.76 from pot
TbIP-TbIP 88: doesn't show hand
*** SUMMARY ***
Total pot $12 | Rake $0.24
Board [Ks 8c 2d]
Seat 1: TbIP-TbIP 88 (button) (small blind) collected ($11.76)
Seat 6: 19woody58 (big blind) folded on the Flop


PokerStars Hand #164171649352:  Hold'em Limit ($3/$6 USD) - 2017/01/07 5:06:26 ET
Table 'Equinox' 6-max Seat #1 is the button
Seat 1: TbIP-TbIP 88 ($111.66 in chips)
Seat 6: 19woody58 ($93.65 in chips)
TbIP-TbIP 88: posts small blind $1
19woody58: posts big blind $3
*** HOLE CARDS ***
TbIP-TbIP 88: raises $3 to $6
19woody58: folds
Uncalled bet ($3) returned to TbIP-TbIP 88
TbIP-TbIP 88 collected $6 from pot
TbIP-TbIP 88: doesn't show hand
*** SUMMARY ***
Total pot $6 | Rake $0
Seat 1: TbIP-TbIP 88 (button) (small blind) collected ($6)
Seat 6: 19woody58 (big blind) folded before Flop


PokerStars Hand #164171670668:  Hold'em Limit ($3/$6 USD) - 2017/01/07 5:07:13 ET
Table 'Equinox' 6-max Seat #6 is the button
Seat 1: TbIP-TbIP 88 ($96.66 in chips)
Seat 6: 19woody58 ($108.15 in chips)
19woody58: posts small blind $1
TbIP-TbIP 88: posts big blind $3
*** HOLE CARDS ***
19woody58: folds
Uncalled bet ($2) returned to TbIP-TbIP 88
TbIP-TbIP 88 collected $2 from pot
TbIP-TbIP 88: doesn't show hand
*** SUMMARY ***
Total pot $2 | Rake $0
Seat 1: TbIP-TbIP 88 (big blind) collected ($2)
Seat 6: 19woody58 (button) (small blind) folded before Flop


PokerStars Hand #164171655408:  Hold'em Limit ($3/$6 USD) - 2017/01/07 5:06:40 ET
Table 'Equinox' 6-max Seat #1 is the button
Seat 1: TbIP-TbIP 88 ($111.66 in chips)
Seat 6: 19woody58 ($93.65 in chips)
TbIP-TbIP 88: posts small blind $1
19woody58: posts big blind $3
*** HOLE CARDS ***
TbIP-TbIP 88: raises $3 to $6
19woody58: calls $3
*** FLOP *** [Tc 2s 5c]
19woody58: checks
TbIP-TbIP 88: bets $3
19woody58: calls $3
*** TURN *** [Tc 2s 5c] [5s]
19woody58: checks
TbIP-TbIP 88: bets $6
19woody58: calls $6
*** RIVER *** [Tc 2s 5c 5s] [8s]
19woody58: checks
TbIP-TbIP 88: checks
*** SHOW DOWN ***
19woody58: shows [3c Ac] (a pair of Fives)
TbIP-TbIP 88: mucks hand
19woody58 collected $29.50 from pot
*** SUMMARY ***
Total pot $30 | Rake $0.50
Board [Tc 2s 5c 5s 8s]
Seat 1: TbIP-TbIP 88 (button) (small blind) mucked
Seat 6: 19woody58 (big blind) showed [3c Ac] and won ($29.50) with a pair of Fives


PokerStars Hand #164171652391:  Hold'em Limit ($3/$6 USD) - 2017/01/07 5:06:33 ET
Table 'Equinox' 6-max Seat #6 is the button
Seat 1: TbIP-TbIP 88 ($114.66 in chips)
Seat 6: 19woody58 ($90.65 in chips)
19woody58: posts small blind $1
TbIP-TbIP 88: posts big blind $3
*** HOLE CARDS ***
19woody58: raises $3 to $6
TbIP-TbIP 88: folds
Uncalled bet ($3) returned to 19woody58
19woody58 collected $6 from pot
*** SUMMARY ***
Total pot $6 | Rake $0
Seat 1: TbIP-TbIP 88 (big blind) folded before Flop
Seat 6: 19woody58 (button) (small blind) collected ($6)


PokerStars Hand #164171690131:  Hold'em Limit ($3/$6 USD) - 2017/01/07 5:07:55 ET
Table 'Equinox' 6-max Seat #6 is the button
Seat 1: TbIP-TbIP 88 ($88.66 in chips)
Seat 6: 19woody58 ($115.79 in chips)
19woody58: posts small blind $1
TbIP-TbIP 88: posts big blind $3
*** HOLE CARDS ***
19woody58: folds
Uncalled bet ($2) returned to TbIP-TbIP 88
TbIP-TbIP 88 collected $2 from pot
TbIP-TbIP 88: doesn't show hand
*** SUMMARY ***
Total pot $2 | Rake $0
Seat 1: TbIP-TbIP 88 (big blind) collected ($2)
Seat 6: 19woody58 (button) (small blind) folded before Flop


PokerStars Hand #164171673050:  Hold'em Limit ($3/$6 USD) - 2017/01/07 5:07:18 ET
Table 'Equinox' 6-max Seat #1 is the button
Seat 1: TbIP-TbIP 88 ($97.66 in chips)
Seat 6: 19woody58 ($107.15 in chips)
TbIP-TbIP 88: posts small blind $1
19woody58: posts big blind $3
*** HOLE CARDS ***
TbIP-TbIP 88: raises $3 to $6
19woody58: calls $3
*** FLOP *** [Ac Qh 2d]
19woody58: checks
TbIP-TbIP 88: bets $3
19woody58: calls $3
*** TURN *** [Ac Qh 2d] [7s]
19woody58: checks
TbIP-TbIP 88: checks
*** RIVER *** [Ac Qh 2d 7s] [Kd]
19woody58: bets $6
TbIP-TbIP 88: folds
Uncalled bet ($6) returned to 19woody58
19woody58 collected $17.64 from pot
*** SUMMARY ***
Total pot $18 | Rake $0.36
Board [Ac Qh 2d 7s Kd]
Seat 1: TbIP-TbIP 88 (button) (small blind) folded on the River
Seat 6: 19woody58 (big blind) collected ($17.64)


PokerStars Hand #164171711583:  Hold'em Limit ($3/$6 USD) - 2017/01/07 5:08:42 ET
Table 'Equinox' 6-max Seat #6 is the button
Seat 1: TbIP-TbIP 88 ($104.16 in chips)
Seat 6: 19woody58 ($99.79 in chips)
19woody58: posts small blind $1
TbIP-TbIP 88: posts big blind $3
*** HOLE CARDS ***
19woody58: folds
Uncalled bet ($2) returned to TbIP-TbIP 88
TbIP-TbIP 88 collected $2 from pot
TbIP-TbIP 88: doesn't show hand
*** SUMMARY ***
Total pot $2 | Rake $0
Seat 1: TbIP-TbIP 88 (big blind) collected ($2)
Seat 6: 19woody58 (button) (small blind) folded before Flop


PokerStars Hand #164171692481:  Hold'em Limit ($3/$6 USD) - 2017/01/07 5:08:00 ET
Table 'Equinox' 6-max Seat #1 is the button
Seat 1: TbIP-TbIP 88 ($89.66 in chips)
Seat 6: 19woody58 ($114.79 in chips)
TbIP-TbIP 88: posts small blind $1
19woody58: posts big blind $3
*** HOLE CARDS ***
TbIP-TbIP 88: raises $3 to $6
19woody58: calls $3
*** FLOP *** [Ac 5c 2d]
19woody58: checks
TbIP-TbIP 88: bets $3
19woody58: calls $3
*** TURN *** [Ac 5c 2d] [8d]
19woody58: checks
TbIP-TbIP 88: bets $6
19woody58: calls $6
*** RIVER *** [Ac 5c 2d 8d] [4h]
19woody58: checks
TbIP-TbIP 88: checks
*** SHOW DOWN ***
19woody58: shows [Qc Kh] (high card Ace)
TbIP-TbIP 88: shows [8h Jh] (a pair of Eights)
TbIP-TbIP 88 collected $29.50 from pot
*** SUMMARY ***
Total pot $30 | Rake $0.50
Board [Ac 5c 2d 8d 4h]
Seat 1: TbIP-TbIP 88 (button) (small blind) showed [8h Jh] and won ($29.50) with a pair of Eights
Seat 6: 19woody58 (big blind) showed [Qc Kh] and lost with high card Ace


PokerStars Hand #164171714003:  Hold'em Limit ($3/$6 USD) - 2017/01/07 5:08:47 ET
Table 'Equinox' 6-max Seat #1 is the button
Seat 1: TbIP-TbIP 88 ($105.16 in chips)
Seat 6: 19woody58 ($98.79 in chips)
TbIP-TbIP 88: posts small blind $1
19woody58: posts big blind $3
*** HOLE CARDS ***
TbIP-TbIP 88: raises $3 to $6
19woody58: folds
Uncalled bet ($3) returned to TbIP-TbIP 88
TbIP-TbIP 88 collected $6 from pot
TbIP-TbIP 88: doesn't show hand
*** SUMMARY ***
Total pot $6 | Rake $0
Seat 1: TbIP-TbIP 88 (button) (small blind) collected ($6)
Seat 6: 19woody58 (big blind) folded before Flop


PokerStars Hand #164171718102:  Hold'em Limit ($3/$6 USD) - 2017/01/07 5:08:56 ET
Table 'Equinox' 6-max Seat #6 is the button
Seat 1: TbIP-TbIP 88 ($108.16 in chips)
Seat 6: 19woody58 ($95.79 in chips)
19woody58: posts small blind $1
TbIP-TbIP 88: posts big blind $3
*** HOLE CARDS ***
19woody58: folds
Uncalled bet ($2) returned to TbIP-TbIP 88
TbIP-TbIP 88 collected $2 from pot
TbIP-TbIP 88: doesn't show hand
*** SUMMARY ***
Total pot $2 | Rake $0
Seat 1: TbIP-TbIP 88 (big blind) collected ($2)
Seat 6: 19woody58 (button) (small blind) folded before Flop


PokerStars Hand #164171720256:  Hold'em Limit ($3/$6 USD) - 2017/01/07 5:09:01 ET
Table 'Equinox' 6-max Seat #1 is the button
Seat 1: TbIP-TbIP 88 ($109.16 in chips)
Seat 6: 19woody58 ($94.79 in chips)
TbIP-TbIP 88: posts small blind $1
19woody58: posts big blind $3
*** HOLE CARDS ***
TbIP-TbIP 88: raises $3 to $6
19woody58: calls $3
*** FLOP *** [4s 7d Ad]
19woody58: checks
u9iiiK joins the table at seat #2
TbIP-TbIP 88: bets $3
19woody58: raises $3 to $6
TbIP-TbIP 88: calls $3
*** TURN *** [4s 7d Ad] [Th]
19woody58: bets $6
TbIP-TbIP 88: calls $6
*** RIVER *** [4s 7d Ad Th] [Ah]
19woody58: bets $6
TbIP-TbIP 88: calls $6
*** SHOW DOWN ***
19woody58: shows [Kh 3s] (a pair of Aces)
TbIP-TbIP 88: shows [5d 7h] (two pair, Aces and Sevens)
TbIP-TbIP 88 collected $47.50 from pot
*** SUMMARY ***
Total pot $48 | Rake $0.50
Board [4s 7d Ad Th Ah]
Seat 1: TbIP-TbIP 88 (button) (small blind) showed [5d 7h] and won ($47.50) with two pair, Aces and Sevens
Seat 6: 19woody58 (big blind) showed [Kh 3s] and lost with a pair of Aces


PokerStars Hand #164171745400:  Hold'em Limit ($3/$6 USD) - 2017/01/07 5:09:56 ET
Table 'Equinox' 6-max Seat #1 is the button
Seat 1: TbIP-TbIP 88 ($150.16 in chips)
Seat 2: u9iiiK ($79.53 in chips)
TbIP-TbIP 88: posts small blind $1
u9iiiK: posts big blind $3
*** HOLE CARDS ***
TbIP-TbIP 88: raises $3 to $6
19woody58 leaves the table
u9iiiK: raises $3 to $9
TbIP-TbIP 88: calls $3
*** FLOP *** [5h 9d Jd]
u9iiiK: bets $3
TbIP-TbIP 88: calls $3
*** TURN *** [5h 9d Jd] [4d]
u9iiiK: bets $6
TbIP-TbIP 88: calls $6
*** RIVER *** [5h 9d Jd 4d] [6d]
u9iiiK: checks
TbIP-TbIP 88: bets $6
u9iiiK: calls $6
*** SHOW DOWN ***
TbIP-TbIP 88: shows [5d Kh] (a flush, Jack high)
u9iiiK: mucks hand
TbIP-TbIP 88 collected $47.50 from pot
*** SUMMARY ***
Total pot $48 | Rake $0.50
Board [5h 9d Jd 4d 6d]
Seat 1: TbIP-TbIP 88 (button) (small blind) showed [5d Kh] and won ($47.50) with a flush, Jack high
Seat 2: u9iiiK (big blind) mucked


PokerStars Hand #164171736277:  Hold'em Limit ($3/$6 USD) - 2017/01/07 5:09:36 ET
Table 'Equinox' 6-max Seat #6 is the button
Seat 1: TbIP-TbIP 88 ($132.66 in chips)
Seat 6: 19woody58 ($70.79 in chips)
19woody58: posts small blind $1
TbIP-TbIP 88: posts big blind $3
*** HOLE CARDS ***
19woody58: raises $3 to $6
TbIP-TbIP 88: calls $3
*** FLOP *** [Ks 2s Jh]
TbIP-TbIP 88: checks
19woody58: checks
*** TURN *** [Ks 2s Jh] [Ts]
TbIP-TbIP 88: bets $6
19woody58: calls $6
*** RIVER *** [Ks 2s Jh Ts] [7c]
TbIP-TbIP 88: bets $6
19woody58: calls $6
*** SHOW DOWN ***
TbIP-TbIP 88: shows [Kc Ac] (a pair of Kings)
19woody58: mucks hand
TbIP-TbIP 88 collected $35.50 from pot
*** SUMMARY ***
Total pot $36 | Rake $0.50
Board [Ks 2s Jh Ts 7c]
Seat 1: TbIP-TbIP 88 (big blind) showed [Kc Ac] and won ($35.50) with a pair of Kings
Seat 6: 19woody58 (button) (small blind) mucked


PokerStars Hand #164171764311:  Hold'em Limit ($3/$6 USD) - 2017/01/07 5:10:37 ET
Table 'Equinox' 6-max Seat #1 is the button
Seat 1: TbIP-TbIP 88 ($191.16 in chips)
Seat 2: u9iiiK ($37.53 in chips)
TbIP-TbIP 88: posts small blind $1
u9iiiK: posts big blind $3
*** HOLE CARDS ***
TbIP-TbIP 88: folds
Uncalled bet ($2) returned to u9iiiK
u9iiiK collected $2 from pot
u9iiiK: doesn't show hand
*** SUMMARY ***
Total pot $2 | Rake $0
Seat 1: TbIP-TbIP 88 (button) (small blind) folded before Flop
Seat 2: u9iiiK (big blind) collected ($2)


PokerStars Hand #164171754568:  Hold'em Limit ($3/$6 USD) - 2017/01/07 5:10:16 ET
Table 'Equinox' 6-max Seat #2 is the button
Seat 1: TbIP-TbIP 88 ($173.66 in chips)
Seat 2: u9iiiK ($55.53 in chips)
u9iiiK: posts small blind $1
TbIP-TbIP 88: posts big blind $3
*** HOLE CARDS ***
u9iiiK: raises $3 to $6
TbIP-TbIP 88: calls $3
*** FLOP *** [7s 2h Tc]
TbIP-TbIP 88: checks
u9iiiK: checks
*** TURN *** [7s 2h Tc] [9d]
TbIP-TbIP 88: checks
u9iiiK: bets $6
TbIP-TbIP 88: calls $6
*** RIVER *** [7s 2h Tc 9d] [9c]
TbIP-TbIP 88: checks
u9iiiK: bets $6
TbIP-TbIP 88: calls $6
*** SHOW DOWN ***
u9iiiK: shows [Qs Jd] (a pair of Nines)
TbIP-TbIP 88: shows [5c As] (a pair of Nines - Ace kicker)
TbIP-TbIP 88 collected $35.50 from pot
*** SUMMARY ***
Total pot $36 | Rake $0.50
Board [7s 2h Tc 9d 9c]
Seat 1: TbIP-TbIP 88 (big blind) showed [5c As] and won ($35.50) with a pair of Nines
Seat 2: u9iiiK (button) (small blind) showed [Qs Jd] and lost with a pair of Nines


