PokerStars Hand #152674925041:  Hold'em Limit ($3/$6 USD) - 2016/04/30 16:46:10 ET
Table 'Equinox' 6-max Seat #5 is the button
Seat 4: sussie118 ($120 in chips)
Seat 5: GRAILKO ($200 in chips)
GRAILKO: posts small blind $1
sussie118: posts big blind $3
*** HOLE CARDS ***
GRAILKO: raises $3 to $6
sussie118: calls $3
*** FLOP *** [Qh 2d 9h]
sussie118: checks
GRAILKO: bets $3
sussie118: calls $3
*** TURN *** [Qh 2d 9h] [Jc]
sussie118: checks
GRAILKO: bets $6
sussie118: raises $6 to $12
GRAILKO: calls $6
*** RIVER *** [Qh 2d 9h Jc] [9d]
sussie118: bets $6
GRAILKO: calls $6
*** SHOW DOWN ***
sussie118: shows [Td Kd] (a straight, Nine to King)
GRAILKO: mucks hand
sussie118 collected $53.50 from pot
*** SUMMARY ***
Total pot $54 | Rake $0.50
Board [Qh 2d 9h Jc 9d]
Seat 4: sussie118 (big blind) showed [Td Kd] and won ($53.50) with a straight, Nine to King
Seat 5: GRAILKO (button) (small blind) mucked


PokerStars Hand #152675463079:  Hold'em Limit ($3/$6 USD) - 2016/04/30 16:57:33 ET
Table 'Equinox' 6-max Seat #6 is the button
Seat 5: GRAILKO ($197.50 in chips)
Seat 6: linocarrelli ($114.56 in chips)
linocarrelli: posts small blind $1
GRAILKO: posts big blind $3
*** HOLE CARDS ***
linocarrelli: raises $3 to $6
GRAILKO: calls $3
*** FLOP *** [Qc 3h 5d]
GRAILKO: checks
linocarrelli: bets $3
GRAILKO: calls $3
*** TURN *** [Qc 3h 5d] [Js]
GRAILKO: checks
linocarrelli: bets $6
GRAILKO: folds
Uncalled bet ($6) returned to linocarrelli
linocarrelli collected $17.64 from pot
linocarrelli: doesn't show hand
*** SUMMARY ***
Total pot $18 | Rake $0.36
Board [Qc 3h 5d Js]
Seat 5: GRAILKO (big blind) folded on the Turn
Seat 6: linocarrelli (button) (small blind) collected ($17.64)


PokerStars Hand #152675447716:  Hold'em Limit ($3/$6 USD) - 2016/04/30 16:57:09 ET
Table 'Equinox' 6-max Seat #5 is the button
Seat 5: GRAILKO ($174 in chips)
Seat 6: linocarrelli ($138.56 in chips)
GRAILKO: posts small blind $1
linocarrelli: posts big blind $3
*** HOLE CARDS ***
GRAILKO: raises $3 to $6
linocarrelli: raises $3 to $9
GRAILKO: calls $3
*** FLOP *** [4s 9c 2d]
linocarrelli: bets $3
GRAILKO: calls $3
*** TURN *** [4s 9c 2d] [Kh]
linocarrelli: bets $6
GRAILKO: calls $6
*** RIVER *** [4s 9c 2d Kh] [5s]
linocarrelli: bets $6
GRAILKO: raises $6 to $12
linocarrelli: folds
Uncalled bet ($6) returned to GRAILKO
GRAILKO collected $47.50 from pot
GRAILKO: doesn't show hand
*** SUMMARY ***
Total pot $48 | Rake $0.50
Board [4s 9c 2d Kh 5s]
Seat 5: GRAILKO (button) (small blind) collected ($47.50)
Seat 6: linocarrelli (big blind) folded on the River


PokerStars Hand #152675507939:  Hold'em Limit ($3/$6 USD) - 2016/04/30 16:58:41 ET
Table 'Equinox' 6-max Seat #6 is the button
Seat 5: GRAILKO ($186.26 in chips)
Seat 6: linocarrelli ($124.84 in chips)
linocarrelli: posts small blind $1
GRAILKO: posts big blind $3
*** HOLE CARDS ***
linocarrelli: folds
Uncalled bet ($2) returned to GRAILKO
GRAILKO collected $2 from pot
GRAILKO: doesn't show hand
*** SUMMARY ***
Total pot $2 | Rake $0
Seat 5: GRAILKO (big blind) collected ($2)
Seat 6: linocarrelli (button) (small blind) folded before Flop


PokerStars Hand #152675492598:  Hold'em Limit ($3/$6 USD) - 2016/04/30 16:58:18 ET
Table 'Equinox' 6-max Seat #5 is the button
Seat 5: GRAILKO ($195.26 in chips)
Seat 6: linocarrelli ($116.20 in chips)
GRAILKO: posts small blind $1
linocarrelli: posts big blind $3
*** HOLE CARDS ***
GRAILKO: raises $3 to $6
linocarrelli: calls $3
*** FLOP *** [Tc 6c 9h]
linocarrelli: checks
GRAILKO: bets $3
linocarrelli: calls $3
*** TURN *** [Tc 6c 9h] [Ad]
linocarrelli: checks
GRAILKO: checks
*** RIVER *** [Tc 6c 9h Ad] [7s]
linocarrelli: bets $6
GRAILKO: folds
Uncalled bet ($6) returned to linocarrelli
linocarrelli collected $17.64 from pot
linocarrelli: doesn't show hand
*** SUMMARY ***
Total pot $18 | Rake $0.36
Board [Tc 6c 9h Ad 7s]
Seat 5: GRAILKO (button) (small blind) folded on the River
Seat 6: linocarrelli (big blind) collected ($17.64)


PokerStars Hand #152675489293:  Hold'em Limit ($3/$6 USD) - 2016/04/30 16:58:13 ET
Table 'Equinox' 6-max Seat #6 is the button
Seat 5: GRAILKO ($194.26 in chips)
Seat 6: linocarrelli ($117.20 in chips)
linocarrelli: posts small blind $1
GRAILKO: posts big blind $3
*** HOLE CARDS ***
linocarrelli: folds
Uncalled bet ($2) returned to GRAILKO
GRAILKO collected $2 from pot
GRAILKO: doesn't show hand
*** SUMMARY ***
Total pot $2 | Rake $0
Seat 5: GRAILKO (big blind) collected ($2)
Seat 6: linocarrelli (button) (small blind) folded before Flop


PokerStars Hand #152675475440:  Hold'em Limit ($3/$6 USD) - 2016/04/30 16:57:52 ET
Table 'Equinox' 6-max Seat #5 is the button
Seat 5: GRAILKO ($188.50 in chips)
Seat 6: linocarrelli ($123.20 in chips)
GRAILKO: posts small blind $1
linocarrelli: posts big blind $3
*** HOLE CARDS ***
GRAILKO: raises $3 to $6
linocarrelli: calls $3
*** FLOP *** [9c Js 7c]
linocarrelli: checks
GRAILKO: checks
*** TURN *** [9c Js 7c] [6d]
linocarrelli: checks
GRAILKO: checks
*** RIVER *** [9c Js 7c 6d] [4d]
linocarrelli: checks
GRAILKO: bets $6
linocarrelli: folds
Uncalled bet ($6) returned to GRAILKO
GRAILKO collected $11.76 from pot
GRAILKO: doesn't show hand
*** SUMMARY ***
Total pot $12 | Rake $0.24
Board [9c Js 7c 6d 4d]
Seat 5: GRAILKO (button) (small blind) collected ($11.76)
Seat 6: linocarrelli (big blind) folded on the River


PokerStars Hand #152675511350:  Hold'em Limit ($3/$6 USD) - 2016/04/30 16:58:46 ET
Table 'Equinox' 6-max Seat #5 is the button
Seat 5: GRAILKO ($187.26 in chips)
Seat 6: linocarrelli ($123.84 in chips)
GRAILKO: posts small blind $1
linocarrelli: posts big blind $3
*** HOLE CARDS ***
GRAILKO: raises $3 to $6
linocarrelli: calls $3
*** FLOP *** [8s 9c 5h]
linocarrelli: checks
boriskloris joins the table at seat #1
GRAILKO: bets $3
linocarrelli: calls $3
*** TURN *** [8s 9c 5h] [8h]
linocarrelli: checks
GRAILKO: checks
*** RIVER *** [8s 9c 5h 8h] [2d]
linocarrelli: bets $6
GRAILKO: calls $6
*** SHOW DOWN ***
linocarrelli: shows [Tc 4d] (a pair of Eights)
GRAILKO: shows [Ad Qs] (a pair of Eights - Ace kicker)
GRAILKO collected $29.50 from pot
*** SUMMARY ***
Total pot $30 | Rake $0.50
Board [8s 9c 5h 8h 2d]
Seat 5: GRAILKO (button) (small blind) showed [Ad Qs] and won ($29.50) with a pair of Eights
Seat 6: linocarrelli (big blind) showed [Tc 4d] and lost with a pair of Eights


PokerStars Hand #152675727635:  Hold'em Limit ($3/$6 USD) - 2016/04/30 17:03:40 ET
Table 'Equinox' 6-max Seat #2 is the button
Seat 2: Wurst2000 ($73.37 in chips)
Seat 6: linocarrelli ($89.19 in chips)
Wurst2000: posts small blind $1
linocarrelli: posts big blind $3
*** HOLE CARDS ***
GRAILKO joins the table at seat #1
vestimokrec leaves the table
Wurst2000: raises $3 to $6
linocarrelli: calls $3
*** FLOP *** [2h Ad 3c]
linocarrelli: checks
Wurst2000: bets $3
linocarrelli: folds
Uncalled bet ($3) returned to Wurst2000
Wurst2000 collected $11.76 from pot
Wurst2000: doesn't show hand
*** SUMMARY ***
Total pot $12 | Rake $0.24
Board [2h Ad 3c]
Seat 2: Wurst2000 (button) (small blind) collected ($11.76)
Seat 6: linocarrelli (big blind) folded on the Flop


PokerStars Hand #152675723637:  Hold'em Limit ($3/$6 USD) - 2016/04/30 17:03:35 ET
Table 'Equinox' 6-max Seat #6 is the button
Seat 2: Wurst2000 ($76.37 in chips)
Seat 6: linocarrelli ($86.19 in chips)
linocarrelli: posts small blind $1
Wurst2000: posts big blind $3
*** HOLE CARDS ***
linocarrelli: raises $3 to $6
Wurst2000: folds
Uncalled bet ($3) returned to linocarrelli
linocarrelli collected $6 from pot
linocarrelli: doesn't show hand
*** SUMMARY ***
Total pot $6 | Rake $0
Seat 2: Wurst2000 (big blind) folded before Flop
Seat 6: linocarrelli (button) (small blind) collected ($6)


PokerStars Hand #152675717605:  Hold'em Limit ($3/$6 USD) - 2016/04/30 17:03:28 ET
Table 'Equinox' 6-max Seat #2 is the button
Seat 2: Wurst2000 ($77.37 in chips)
Seat 6: linocarrelli ($85.19 in chips)
Wurst2000: posts small blind $1
linocarrelli: posts big blind $3
*** HOLE CARDS ***
Wurst2000: folds
Uncalled bet ($2) returned to linocarrelli
ValeryRon leaves the table
linocarrelli collected $2 from pot
linocarrelli: doesn't show hand
*** SUMMARY ***
Total pot $2 | Rake $0
Seat 2: Wurst2000 (button) (small blind) folded before Flop
Seat 6: linocarrelli (big blind) collected ($2)


PokerStars Hand #152675713774:  Hold'em Limit ($3/$6 USD) - 2016/04/30 17:03:23 ET
Table 'Equinox' 6-max Seat #6 is the button
Seat 2: Wurst2000 ($80.37 in chips)
Seat 6: linocarrelli ($82.19 in chips)
linocarrelli: posts small blind $1
Wurst2000: posts big blind $3
*** HOLE CARDS ***
linocarrelli: raises $3 to $6
Wurst2000: folds
Uncalled bet ($3) returned to linocarrelli
linocarrelli collected $6 from pot
linocarrelli: doesn't show hand
*** SUMMARY ***
Total pot $6 | Rake $0
Seat 2: Wurst2000 (big blind) folded before Flop
Seat 6: linocarrelli (button) (small blind) collected ($6)


PokerStars Hand #152675701319:  Hold'em Limit ($3/$6 USD) - 2016/04/30 17:03:07 ET
Table 'Equinox' 6-max Seat #2 is the button
Seat 2: Wurst2000 ($89.37 in chips)
Seat 6: linocarrelli ($73.55 in chips)
Wurst2000: posts small blind $1
love_mmm: is sitting out
linocarrelli: posts big blind $3
*** HOLE CARDS ***
Wurst2000: raises $3 to $6
linocarrelli: calls $3
*** FLOP *** [Ah 4s Td]
linocarrelli: checks
Wurst2000: bets $3
linocarrelli: calls $3
*** TURN *** [Ah 4s Td] [8s]
linocarrelli: checks
Wurst2000: checks
*** RIVER *** [Ah 4s Td 8s] [3s]
linocarrelli: bets $6
Wurst2000: folds
Uncalled bet ($6) returned to linocarrelli
linocarrelli collected $17.64 from pot
linocarrelli: doesn't show hand
*** SUMMARY ***
Total pot $18 | Rake $0.36
Board [Ah 4s Td 8s 3s]
Seat 2: Wurst2000 (button) (small blind) folded on the River
Seat 6: linocarrelli (big blind) collected ($17.64)


PokerStars Hand #152682487730:  Hold'em Limit ($3/$6 USD) - 2016/04/30 19:38:16 ET
Table 'Equinox' 6-max Seat #3 is the button
Seat 3: Vampo U ($273.82 in chips)
Seat 6: syriapoker ($105.56 in chips)
Vampo U: posts small blind $1
Widegermany: is sitting out
syriapoker: posts big blind $3
*** HOLE CARDS ***
Vampo U: folds
Uncalled bet ($2) returned to syriapoker
syriapoker collected $2 from pot
syriapoker: doesn't show hand
*** SUMMARY ***
Total pot $2 | Rake $0
Seat 3: Vampo U (button) (small blind) folded before Flop
Seat 6: syriapoker (big blind) collected ($2)


