PokerStars Hand #157104542005:  Hold'em Limit ($3/$6 USD) - 2016/08/10 12:16:36 ET
Table 'Equinox III' 6-max Seat #1 is the button
Seat 1: batman-K8 ($57.07 in chips)
Seat 3: shushlo ($72 in chips)
batman-K8: posts small blind $1
shushlo: posts big blind $3
*** HOLE CARDS ***
batman-K8: calls $2
shushlo: raises $3 to $6
batman-K8: calls $3
*** FLOP *** [As 5h 9h]
shushlo: bets $3
batman-K8: calls $3
*** TURN *** [As 5h 9h] [6h]
shushlo: checks
batman-K8: bets $6
shushlo: calls $6
*** RIVER *** [As 5h 9h 6h] [Th]
shushlo: checks
batman-K8: bets $6
shushlo: calls $6
*** SHOW DOWN ***
batman-K8: shows [5d 7s] (a pair of Fives)
shushlo: mucks hand
batman-K8 collected $41.50 from pot
*** SUMMARY ***
Total pot $42 | Rake $0.50
Board [As 5h 9h 6h Th]
Seat 1: batman-K8 (button) (small blind) showed [5d 7s] and won ($41.50) with a pair of Fives
Seat 3: shushlo (big blind) mucked


PokerStars Hand #157104566314:  Hold'em Limit ($3/$6 USD) - 2016/08/10 12:17:15 ET
Table 'Equinox III' 6-max Seat #3 is the button
Seat 1: batman-K8 ($77.57 in chips)
Seat 3: shushlo ($72 in chips)
shushlo: posts small blind $1
batman-K8: posts big blind $3
*** HOLE CARDS ***
shushlo: raises $3 to $6
batman-K8: calls $3
*** FLOP *** [7c 3c Kd]
batman-K8: checks
shushlo: bets $3
batman-K8: folds
Uncalled bet ($3) returned to shushlo
shushlo collected $11.76 from pot
shushlo: doesn't show hand
*** SUMMARY ***
Total pot $12 | Rake $0.24
Board [7c 3c Kd]
Seat 1: batman-K8 (big blind) folded on the Flop
Seat 3: shushlo (button) (small blind) collected ($11.76)


PokerStars Hand #157104583557:  Hold'em Limit ($3/$6 USD) - 2016/08/10 12:17:43 ET
Table 'Equinox III' 6-max Seat #3 is the button
Seat 1: batman-K8 ($70.57 in chips)
Seat 3: shushlo ($78.76 in chips)
shushlo: posts small blind $1
batman-K8: posts big blind $3
*** HOLE CARDS ***
shushlo: folds
Uncalled bet ($2) returned to batman-K8
batman-K8 collected $2 from pot
*** SUMMARY ***
Total pot $2 | Rake $0
Seat 1: batman-K8 (big blind) collected ($2)
Seat 3: shushlo (button) (small blind) folded before Flop


PokerStars Hand #157104580255:  Hold'em Limit ($3/$6 USD) - 2016/08/10 12:17:38 ET
Table 'Equinox III' 6-max Seat #1 is the button
Seat 1: batman-K8 ($71.57 in chips)
Seat 3: shushlo ($77.76 in chips)
batman-K8: posts small blind $1
shushlo: posts big blind $3
*** HOLE CARDS ***
batman-K8: folds
Uncalled bet ($2) returned to shushlo
shushlo collected $2 from pot
shushlo: doesn't show hand
*** SUMMARY ***
Total pot $2 | Rake $0
Seat 1: batman-K8 (button) (small blind) folded before Flop
Seat 3: shushlo (big blind) collected ($2)


PokerStars Hand #157104586649:  Hold'em Limit ($3/$6 USD) - 2016/08/10 12:17:48 ET
Table 'Equinox III' 6-max Seat #1 is the button
Seat 1: batman-K8 ($71.57 in chips)
Seat 3: shushlo ($77.76 in chips)
batman-K8: posts small blind $1
shushlo: posts big blind $3
*** HOLE CARDS ***
batman-K8: calls $2
shushlo: raises $3 to $6
batman-K8: calls $3
*** FLOP *** [8c 6d Ks]
shushlo: bets $3
batman-K8: calls $3
*** TURN *** [8c 6d Ks] [Ac]
shushlo: bets $6
batman-K8: folds
Uncalled bet ($6) returned to shushlo
shushlo collected $17.64 from pot
shushlo: doesn't show hand
*** SUMMARY ***
Total pot $18 | Rake $0.36
Board [8c 6d Ks Ac]
Seat 1: batman-K8 (button) (small blind) folded on the Turn
Seat 3: shushlo (big blind) collected ($17.64)


PokerStars Hand #157104607952:  Hold'em Limit ($3/$6 USD) - 2016/08/10 12:18:22 ET
Table 'Equinox III' 6-max Seat #3 is the button
Seat 1: batman-K8 ($62.57 in chips)
Seat 3: shushlo ($86.40 in chips)
shushlo: posts small blind $1
batman-K8: posts big blind $3
*** HOLE CARDS ***
shushlo: raises $3 to $6
batman-K8: calls $3
*** FLOP *** [3s 5s Js]
batman-K8: checks
shushlo: checks
*** TURN *** [3s 5s Js] [Jc]
batman-K8: bets $6
shushlo: calls $6
*** RIVER *** [3s 5s Js Jc] [Ks]
batman-K8: checks
shushlo: bets $6
batman-K8: folds
Uncalled bet ($6) returned to shushlo
shushlo collected $23.52 from pot
shushlo: doesn't show hand
*** SUMMARY ***
Total pot $24 | Rake $0.48
Board [3s 5s Js Jc Ks]
Seat 1: batman-K8 (big blind) folded on the River
Seat 3: shushlo (button) (small blind) collected ($23.52)


