PokerStars Hand #155667051026:  Hold'em Limit ($3/$6 USD) - 2016/07/07 5:51:19 ET
Table 'Erato' 6-max Seat #1 is the button
Seat 1: hairy1961 ($87.14 in chips)
Seat 2: TbIP-TbIP 88 ($72 in chips)
hairy1961: posts small blind $1
TbIP-TbIP 88: posts big blind $3
*** HOLE CARDS ***
hairy1961: folds
Uncalled bet ($2) returned to TbIP-TbIP 88
TbIP-TbIP 88 collected $2 from pot
TbIP-TbIP 88: doesn't show hand
*** SUMMARY ***
Total pot $2 | Rake $0
Seat 1: hairy1961 (button) (small blind) folded before Flop
Seat 2: TbIP-TbIP 88 (big blind) collected ($2)


PokerStars Hand #155667046953:  Hold'em Limit ($3/$6 USD) - 2016/07/07 5:51:08 ET
Table 'Erato' 6-max Seat #2 is the button
Seat 1: hairy1961 ($86.14 in chips)
Seat 2: TbIP-TbIP 88 ($72 in chips)
TbIP-TbIP 88: posts small blind $1
hairy1961: posts big blind $3
*** HOLE CARDS ***
TbIP-TbIP 88: folds
Uncalled bet ($2) returned to hairy1961
hairy1961 collected $2 from pot
hairy1961: doesn't show hand
*** SUMMARY ***
Total pot $2 | Rake $0
Seat 1: hairy1961 (big blind) collected ($2)
Seat 2: TbIP-TbIP 88 (button) (small blind) folded before Flop


PokerStars Hand #155667040675:  Hold'em Limit ($3/$6 USD) - 2016/07/07 5:50:50 ET
Table 'Erato' 6-max Seat #1 is the button
Seat 1: hairy1961 ($68.64 in chips)
Seat 2: TbIP-TbIP 88 ($72 in chips)
hairy1961: posts small blind $1
TbIP-TbIP 88: posts big blind $3
*** HOLE CARDS ***
hairy1961: raises $3 to $6
TbIP-TbIP 88: calls $3
*** FLOP *** [Qc Qh 5d]
TbIP-TbIP 88: checks
hairy1961: checks
*** TURN *** [Qc Qh 5d] [Td]
TbIP-TbIP 88: bets $6
hairy1961: calls $6
*** RIVER *** [Qc Qh 5d Td] [Js]
VolkovDmitri leaves the table
TbIP-TbIP 88: checks
hairy1961: bets $6
TbIP-TbIP 88: calls $6
*** SHOW DOWN ***
hairy1961: shows [Tc Jc] (two pair, Queens and Jacks)
TbIP-TbIP 88: mucks hand
hairy1961 collected $35.50 from pot
*** SUMMARY ***
Total pot $36 | Rake $0.50
Board [Qc Qh 5d Td Js]
Seat 1: hairy1961 (button) (small blind) showed [Tc Jc] and won ($35.50) with two pair, Queens and Jacks
Seat 2: TbIP-TbIP 88 (big blind) mucked


PokerStars Hand #155667026395:  Hold'em Limit ($3/$6 USD) - 2016/07/07 5:50:09 ET
Table 'Erato' 6-max Seat #2 is the button
Seat 1: hairy1961 ($60 in chips)
Seat 2: TbIP-TbIP 88 ($72 in chips)
TbIP-TbIP 88: posts small blind $1
VolkovDmitri: is sitting out
hairy1961: posts big blind $3
*** HOLE CARDS ***
TbIP-TbIP 88: raises $3 to $6
hairy1961: calls $3
*** FLOP *** [6c 3d Qc]
hairy1961: checks
TbIP-TbIP 88: bets $3
hairy1961: raises $3 to $6
TbIP-TbIP 88: folds
Uncalled bet ($3) returned to hairy1961
hairy1961 collected $17.64 from pot
*** SUMMARY ***
Total pot $18 | Rake $0.36
Board [6c 3d Qc]
Seat 1: hairy1961 (big blind) collected ($17.64)
Seat 2: TbIP-TbIP 88 (button) (small blind) folded on the Flop


PokerStars Hand #155667065587:  Hold'em Limit ($3/$6 USD) - 2016/07/07 5:52:01 ET
Table 'Erato' 6-max Seat #1 is the button
Seat 1: hairy1961 ($53.14 in chips)
Seat 2: TbIP-TbIP 88 ($105.50 in chips)
hairy1961: posts small blind $1
TbIP-TbIP 88: posts big blind $3
*** HOLE CARDS ***
hairy1961: raises $3 to $6
TbIP-TbIP 88: calls $3
*** FLOP *** [Jd Ks Js]
TbIP-TbIP 88: checks
hairy1961: checks
*** TURN *** [Jd Ks Js] [8s]
TbIP-TbIP 88: checks
hairy1961: bets $6
TbIP-TbIP 88: folds
Uncalled bet ($6) returned to hairy1961
hairy1961 collected $11.76 from pot
hairy1961: doesn't show hand
*** SUMMARY ***
Total pot $12 | Rake $0.24
Board [Jd Ks Js 8s]
Seat 1: hairy1961 (button) (small blind) collected ($11.76)
Seat 2: TbIP-TbIP 88 (big blind) folded on the Turn


PokerStars Hand #155667053006:  Hold'em Limit ($3/$6 USD) - 2016/07/07 5:51:25 ET
Table 'Erato' 6-max Seat #2 is the button
Seat 1: hairy1961 ($86.14 in chips)
Seat 2: TbIP-TbIP 88 ($73 in chips)
TbIP-TbIP 88: posts small blind $1
hairy1961: posts big blind $3
*** HOLE CARDS ***
TbIP-TbIP 88: raises $3 to $6
hairy1961: calls $3
*** FLOP *** [4c 3s 5d]
hairy1961: checks
TbIP-TbIP 88: bets $3
hairy1961: calls $3
*** TURN *** [4c 3s 5d] [2d]
hairy1961: checks
TbIP-TbIP 88: bets $6
hairy1961: raises $6 to $12
TbIP-TbIP 88: raises $6 to $18
hairy1961: calls $6
*** RIVER *** [4c 3s 5d 2d] [2h]
hairy1961: checks
TbIP-TbIP 88: bets $6
hairy1961: calls $6
*** SHOW DOWN ***
TbIP-TbIP 88: shows [6s Js] (a straight, Deuce to Six)
hairy1961: mucks hand
TbIP-TbIP 88 collected $65.50 from pot
*** SUMMARY ***
Total pot $66 | Rake $0.50
Board [4c 3s 5d 2d 2h]
Seat 1: hairy1961 (big blind) mucked
Seat 2: TbIP-TbIP 88 (button) (small blind) showed [6s Js] and won ($65.50) with a straight, Deuce to Six


PokerStars Hand #155667106808:  Hold'em Limit ($3/$6 USD) - 2016/07/07 5:53:42 ET
Table 'Erato' 6-max Seat #1 is the button
Seat 1: hairy1961 ($83.16 in chips)
Seat 2: TbIP-TbIP 88 ($74.50 in chips)
hairy1961: posts small blind $1
TbIP-TbIP 88: posts big blind $3
*** HOLE CARDS ***
hairy1961: folds
Uncalled bet ($2) returned to TbIP-TbIP 88
TbIP-TbIP 88 collected $2 from pot
TbIP-TbIP 88: doesn't show hand
*** SUMMARY ***
Total pot $2 | Rake $0
Seat 1: hairy1961 (button) (small blind) folded before Flop
Seat 2: TbIP-TbIP 88 (big blind) collected ($2)


PokerStars Hand #155667105046:  Hold'em Limit ($3/$6 USD) - 2016/07/07 5:53:37 ET
Table 'Erato' 6-max Seat #2 is the button
Seat 1: hairy1961 ($82.16 in chips)
Seat 2: TbIP-TbIP 88 ($75.50 in chips)
TbIP-TbIP 88: posts small blind $1
hairy1961: posts big blind $3
*** HOLE CARDS ***
TbIP-TbIP 88: folds
Uncalled bet ($2) returned to hairy1961
hairy1961 collected $2 from pot
hairy1961: doesn't show hand
*** SUMMARY ***
Total pot $2 | Rake $0
Seat 1: hairy1961 (big blind) collected ($2)
Seat 2: TbIP-TbIP 88 (button) (small blind) folded before Flop


PokerStars Hand #155667092157:  Hold'em Limit ($3/$6 USD) - 2016/07/07 5:53:17 ET
Table 'Erato' 6-max Seat #1 is the button
Seat 1: hairy1961 ($79.16 in chips)
Seat 2: TbIP-TbIP 88 ($78.50 in chips)
hairy1961: posts small blind $1
TbIP-TbIP 88: posts big blind $3
*** HOLE CARDS ***
hairy1961: raises $3 to $6
TbIP-TbIP 88: folds
Uncalled bet ($3) returned to hairy1961
hairy1961 collected $6 from pot
*** SUMMARY ***
Total pot $6 | Rake $0
Seat 1: hairy1961 (button) (small blind) collected ($6)
Seat 2: TbIP-TbIP 88 (big blind) folded before Flop


PokerStars Hand #155667089910:  Hold'em Limit ($3/$6 USD) - 2016/07/07 5:53:10 ET
Table 'Erato' 6-max Seat #2 is the button
Seat 1: hairy1961 ($82.16 in chips)
Seat 2: TbIP-TbIP 88 ($75.50 in chips)
TbIP-TbIP 88: posts small blind $1
hairy1961: posts big blind $3
*** HOLE CARDS ***
TbIP-TbIP 88: raises $3 to $6
hairy1961: folds
Uncalled bet ($3) returned to TbIP-TbIP 88
TbIP-TbIP 88 collected $6 from pot
TbIP-TbIP 88: doesn't show hand
*** SUMMARY ***
Total pot $6 | Rake $0
Seat 1: hairy1961 (big blind) folded before Flop
Seat 2: TbIP-TbIP 88 (button) (small blind) collected ($6)


PokerStars Hand #155667085077:  Hold'em Limit ($3/$6 USD) - 2016/07/07 5:52:56 ET
Table 'Erato' 6-max Seat #1 is the button
Seat 1: hairy1961 ($76.40 in chips)
Seat 2: TbIP-TbIP 88 ($81.50 in chips)
hairy1961: posts small blind $1
TbIP-TbIP 88: posts big blind $3
*** HOLE CARDS ***
hairy1961: raises $3 to $6
TbIP-TbIP 88: calls $3
*** FLOP *** [Jc Jd 4s]
TbIP-TbIP 88: checks
hairy1961: bets $3
TbIP-TbIP 88: folds
Uncalled bet ($3) returned to hairy1961
hairy1961 collected $11.76 from pot
hairy1961: doesn't show hand
*** SUMMARY ***
Total pot $12 | Rake $0.24
Board [Jc Jd 4s]
Seat 1: hairy1961 (button) (small blind) collected ($11.76)
Seat 2: TbIP-TbIP 88 (big blind) folded on the Flop


PokerStars Hand #155667074491:  Hold'em Limit ($3/$6 USD) - 2016/07/07 5:52:26 ET
Table 'Erato' 6-max Seat #2 is the button
Seat 1: hairy1961 ($58.90 in chips)
Seat 2: TbIP-TbIP 88 ($99.50 in chips)
TbIP-TbIP 88: posts small blind $1
hairy1961: posts big blind $3
*** HOLE CARDS ***
TbIP-TbIP 88: raises $3 to $6
hairy1961: calls $3
*** FLOP *** [4s 7c 7d]
hairy1961: checks
TbIP-TbIP 88: bets $3
hairy1961: raises $3 to $6
TbIP-TbIP 88: calls $3
*** TURN *** [4s 7c 7d] [Kh]
hairy1961: checks
TbIP-TbIP 88: checks
*** RIVER *** [4s 7c 7d Kh] [8h]
hairy1961: bets $6
TbIP-TbIP 88: calls $6
*** SHOW DOWN ***
hairy1961: shows [6d 7s] (three of a kind, Sevens)
TbIP-TbIP 88: mucks hand
hairy1961 collected $35.50 from pot
*** SUMMARY ***
Total pot $36 | Rake $0.50
Board [4s 7c 7d Kh 8h]
Seat 1: hairy1961 (big blind) showed [6d 7s] and won ($35.50) with three of a kind, Sevens
Seat 2: TbIP-TbIP 88 (button) (small blind) mucked


PokerStars Hand #155667115521:  Hold'em Limit ($3/$6 USD) - 2016/07/07 5:54:07 ET
Table 'Erato' 6-max Seat #2 is the button
Seat 1: hairy1961 ($86.16 in chips)
Seat 2: TbIP-TbIP 88 ($72 in chips)
TbIP-TbIP 88: posts small blind $1
hairy1961: posts big blind $3
*** HOLE CARDS ***
TbIP-TbIP 88: raises $3 to $6
hairy1961: calls $3
*** FLOP *** [7c 4d 4c]
hairy1961: checks
TbIP-TbIP 88: bets $3
hairy1961: calls $3
*** TURN *** [7c 4d 4c] [Th]
hairy1961: checks
TbIP-TbIP 88: bets $6
hairy1961: raises $6 to $12
TbIP-TbIP 88: calls $6
*** RIVER *** [7c 4d 4c Th] [Ks]
hairy1961: bets $6
TbIP-TbIP 88: calls $6
*** SHOW DOWN ***
hairy1961: shows [Ah Td] (two pair, Tens and Fours)
TbIP-TbIP 88: mucks hand
hairy1961 collected $53.50 from pot
*** SUMMARY ***
Total pot $54 | Rake $0.50
Board [7c 4d 4c Th Ks]
Seat 1: hairy1961 (big blind) showed [Ah Td] and won ($53.50) with two pair, Tens and Fours
Seat 2: TbIP-TbIP 88 (button) (small blind) mucked


PokerStars Hand #155667111065:  Hold'em Limit ($3/$6 USD) - 2016/07/07 5:53:54 ET
Table 'Erato' 6-max Seat #1 is the button
Seat 1: hairy1961 ($83.16 in chips)
Seat 2: TbIP-TbIP 88 ($74.50 in chips)
hairy1961: posts small blind $1
TbIP-TbIP 88: posts big blind $3
*** HOLE CARDS ***
hairy1961: raises $3 to $6
TbIP-TbIP 88: folds
Uncalled bet ($3) returned to hairy1961
hairy1961 collected $6 from pot
hairy1961: doesn't show hand
*** SUMMARY ***
Total pot $6 | Rake $0
Seat 1: hairy1961 (button) (small blind) collected ($6)
Seat 2: TbIP-TbIP 88 (big blind) folded before Flop


PokerStars Hand #155667108602:  Hold'em Limit ($3/$6 USD) - 2016/07/07 5:53:47 ET
Table 'Erato' 6-max Seat #2 is the button
Seat 1: hairy1961 ($82.16 in chips)
Seat 2: TbIP-TbIP 88 ($75.50 in chips)
TbIP-TbIP 88: posts small blind $1
hairy1961: posts big blind $3
*** HOLE CARDS ***
TbIP-TbIP 88: folds
Uncalled bet ($2) returned to hairy1961
hairy1961 collected $2 from pot
*** SUMMARY ***
Total pot $2 | Rake $0
Seat 1: hairy1961 (big blind) collected ($2)
Seat 2: TbIP-TbIP 88 (button) (small blind) folded before Flop


PokerStars Hand #155667145095:  Hold'em Limit ($3/$6 USD) - 2016/07/07 5:55:33 ET
Table 'Erato' 6-max Seat #1 is the button
Seat 1: hairy1961 ($112.66 in chips)
Seat 2: TbIP-TbIP 88 ($72 in chips)
hairy1961: posts small blind $1
TbIP-TbIP 88: posts big blind $3
*** HOLE CARDS ***
hairy1961: folds
Uncalled bet ($2) returned to TbIP-TbIP 88
TbIP-TbIP 88 collected $2 from pot
TbIP-TbIP 88: doesn't show hand
*** SUMMARY ***
Total pot $2 | Rake $0
Seat 1: hairy1961 (button) (small blind) folded before Flop
Seat 2: TbIP-TbIP 88 (big blind) collected ($2)


PokerStars Hand #155667140202:  Hold'em Limit ($3/$6 USD) - 2016/07/07 5:55:18 ET
Table 'Erato' 6-max Seat #2 is the button
Seat 1: hairy1961 ($111.66 in chips)
Seat 2: TbIP-TbIP 88 ($73 in chips)
TbIP-TbIP 88: posts small blind $1
hairy1961: posts big blind $3
*** HOLE CARDS ***
TbIP-TbIP 88: folds
Uncalled bet ($2) returned to hairy1961
hairy1961 collected $2 from pot
hairy1961: doesn't show hand
*** SUMMARY ***
Total pot $2 | Rake $0
Seat 1: hairy1961 (big blind) collected ($2)
Seat 2: TbIP-TbIP 88 (button) (small blind) folded before Flop


PokerStars Hand #155667137330:  Hold'em Limit ($3/$6 USD) - 2016/07/07 5:55:09 ET
Table 'Erato' 6-max Seat #1 is the button
Seat 1: hairy1961 ($108.66 in chips)
Seat 2: TbIP-TbIP 88 ($76 in chips)
hairy1961: posts small blind $1
TbIP-TbIP 88: posts big blind $3
*** HOLE CARDS ***
hairy1961: raises $3 to $6
TbIP-TbIP 88: folds
Uncalled bet ($3) returned to hairy1961
hairy1961 collected $6 from pot
hairy1961: doesn't show hand
*** SUMMARY ***
Total pot $6 | Rake $0
Seat 1: hairy1961 (button) (small blind) collected ($6)
Seat 2: TbIP-TbIP 88 (big blind) folded before Flop


PokerStars Hand #155667134001:  Hold'em Limit ($3/$6 USD) - 2016/07/07 5:55:00 ET
Table 'Erato' 6-max Seat #2 is the button
Seat 1: hairy1961 ($111.66 in chips)
Seat 2: TbIP-TbIP 88 ($73 in chips)
TbIP-TbIP 88: posts small blind $1
hairy1961: posts big blind $3
*** HOLE CARDS ***
TbIP-TbIP 88: raises $3 to $6
hairy1961: folds
Uncalled bet ($3) returned to TbIP-TbIP 88
TbIP-TbIP 88 collected $6 from pot
TbIP-TbIP 88: doesn't show hand
*** SUMMARY ***
Total pot $6 | Rake $0
Seat 1: hairy1961 (big blind) folded before Flop
Seat 2: TbIP-TbIP 88 (button) (small blind) collected ($6)


PokerStars Hand #155667132120:  Hold'em Limit ($3/$6 USD) - 2016/07/07 5:54:54 ET
Table 'Erato' 6-max Seat #1 is the button
Seat 1: hairy1961 ($112.66 in chips)
Seat 2: TbIP-TbIP 88 ($72 in chips)
hairy1961: posts small blind $1
TbIP-TbIP 88: posts big blind $3
*** HOLE CARDS ***
hairy1961: folds
Uncalled bet ($2) returned to TbIP-TbIP 88
TbIP-TbIP 88 collected $2 from pot
TbIP-TbIP 88: doesn't show hand
*** SUMMARY ***
Total pot $2 | Rake $0
Seat 1: hairy1961 (button) (small blind) folded before Flop
Seat 2: TbIP-TbIP 88 (big blind) collected ($2)


PokerStars Hand #155667130321:  Hold'em Limit ($3/$6 USD) - 2016/07/07 5:54:49 ET
Table 'Erato' 6-max Seat #2 is the button
Seat 1: hairy1961 ($111.66 in chips)
Seat 2: TbIP-TbIP 88 ($73 in chips)
TbIP-TbIP 88: posts small blind $1
hairy1961: posts big blind $3
*** HOLE CARDS ***
TbIP-TbIP 88: folds
Uncalled bet ($2) returned to hairy1961
hairy1961 collected $2 from pot
hairy1961: doesn't show hand
*** SUMMARY ***
Total pot $2 | Rake $0
Seat 1: hairy1961 (big blind) collected ($2)
Seat 2: TbIP-TbIP 88 (button) (small blind) folded before Flop


PokerStars Hand #155667128418:  Hold'em Limit ($3/$6 USD) - 2016/07/07 5:54:44 ET
Table 'Erato' 6-max Seat #1 is the button
Seat 1: hairy1961 ($112.66 in chips)
Seat 2: TbIP-TbIP 88 ($72 in chips)
hairy1961: posts small blind $1
TbIP-TbIP 88: posts big blind $3
*** HOLE CARDS ***
hairy1961: folds
Uncalled bet ($2) returned to TbIP-TbIP 88
TbIP-TbIP 88 collected $2 from pot
TbIP-TbIP 88: doesn't show hand
*** SUMMARY ***
Total pot $2 | Rake $0
Seat 1: hairy1961 (button) (small blind) folded before Flop
Seat 2: TbIP-TbIP 88 (big blind) collected ($2)


PokerStars Hand #155667161980:  Hold'em Limit ($3/$6 USD) - 2016/07/07 5:56:29 ET
Table 'Erato' 6-max Seat #1 is the button
Seat 1: hairy1961 ($116.30 in chips)
Seat 2: TbIP-TbIP 88 ($76 in chips)
hairy1961: posts small blind $1
TbIP-TbIP 88: posts big blind $3
*** HOLE CARDS ***
hairy1961: raises $3 to $6
TbIP-TbIP 88: calls $3
*** FLOP *** [7c 9d 5d]
TbIP-TbIP 88: checks
hairy1961: bets $3
TbIP-TbIP 88: calls $3
*** TURN *** [7c 9d 5d] [5s]
TbIP-TbIP 88: checks
hairy1961: checks
*** RIVER *** [7c 9d 5d 5s] [3d]
TbIP-TbIP 88: bets $6
hairy1961: calls $6
*** SHOW DOWN ***
TbIP-TbIP 88: shows [5c 2c] (three of a kind, Fives)
hairy1961: mucks hand
TbIP-TbIP 88 collected $29.50 from pot
*** SUMMARY ***
Total pot $30 | Rake $0.50
Board [7c 9d 5d 5s 3d]
Seat 1: hairy1961 (button) (small blind) mucked
Seat 2: TbIP-TbIP 88 (big blind) showed [5c 2c] and won ($29.50) with three of a kind, Fives


PokerStars Hand #155667159615:  Hold'em Limit ($3/$6 USD) - 2016/07/07 5:56:21 ET
Table 'Erato' 6-max Seat #2 is the button
Seat 1: hairy1961 ($119.30 in chips)
Seat 2: TbIP-TbIP 88 ($73 in chips)
TbIP-TbIP 88: posts small blind $1
hairy1961: posts big blind $3
*** HOLE CARDS ***
TbIP-TbIP 88: raises $3 to $6
hairy1961: folds
Uncalled bet ($3) returned to TbIP-TbIP 88
TbIP-TbIP 88 collected $6 from pot
TbIP-TbIP 88: doesn't show hand
*** SUMMARY ***
Total pot $6 | Rake $0
Seat 1: hairy1961 (big blind) folded before Flop
Seat 2: TbIP-TbIP 88 (button) (small blind) collected ($6)


PokerStars Hand #155667157951:  Hold'em Limit ($3/$6 USD) - 2016/07/07 5:56:16 ET
Table 'Erato' 6-max Seat #1 is the button
Seat 1: hairy1961 ($120.30 in chips)
Seat 2: TbIP-TbIP 88 ($72 in chips)
hairy1961: posts small blind $1
TbIP-TbIP 88: posts big blind $3
*** HOLE CARDS ***
hairy1961: folds
Uncalled bet ($2) returned to TbIP-TbIP 88
TbIP-TbIP 88 collected $2 from pot
TbIP-TbIP 88: doesn't show hand
*** SUMMARY ***
Total pot $2 | Rake $0
Seat 1: hairy1961 (button) (small blind) folded before Flop
Seat 2: TbIP-TbIP 88 (big blind) collected ($2)


PokerStars Hand #155667152787:  Hold'em Limit ($3/$6 USD) - 2016/07/07 5:55:58 ET
Table 'Erato' 6-max Seat #2 is the button
Seat 1: hairy1961 ($111.66 in chips)
Seat 2: TbIP-TbIP 88 ($73 in chips)
TbIP-TbIP 88: posts small blind $1
hairy1961: posts big blind $3
*** HOLE CARDS ***
TbIP-TbIP 88: raises $3 to $6
hairy1961: calls $3
*** FLOP *** [3d Td 5d]
hairy1961: bets $3
TbIP-TbIP 88: calls $3
*** TURN *** [3d Td 5d] [Kd]
hairy1961: bets $6
TbIP-TbIP 88: folds
Uncalled bet ($6) returned to hairy1961
hairy1961 collected $17.64 from pot
hairy1961: doesn't show hand
*** SUMMARY ***
Total pot $18 | Rake $0.36
Board [3d Td 5d Kd]
Seat 1: hairy1961 (big blind) collected ($17.64)
Seat 2: TbIP-TbIP 88 (button) (small blind) folded on the Turn


PokerStars Hand #155667151215:  Hold'em Limit ($3/$6 USD) - 2016/07/07 5:55:53 ET
Table 'Erato' 6-max Seat #1 is the button
Seat 1: hairy1961 ($112.66 in chips)
Seat 2: TbIP-TbIP 88 ($72 in chips)
hairy1961: posts small blind $1
TbIP-TbIP 88: posts big blind $3
*** HOLE CARDS ***
hairy1961: folds
Uncalled bet ($2) returned to TbIP-TbIP 88
TbIP-TbIP 88 collected $2 from pot
TbIP-TbIP 88: doesn't show hand
*** SUMMARY ***
Total pot $2 | Rake $0
Seat 1: hairy1961 (button) (small blind) folded before Flop
Seat 2: TbIP-TbIP 88 (big blind) collected ($2)


PokerStars Hand #155667146767:  Hold'em Limit ($3/$6 USD) - 2016/07/07 5:55:39 ET
Table 'Erato' 6-max Seat #2 is the button
Seat 1: hairy1961 ($111.66 in chips)
Seat 2: TbIP-TbIP 88 ($73 in chips)
TbIP-TbIP 88: posts small blind $1
hairy1961: posts big blind $3
*** HOLE CARDS ***
TbIP-TbIP 88: folds
Uncalled bet ($2) returned to hairy1961
hairy1961 collected $2 from pot
hairy1961: doesn't show hand
*** SUMMARY ***
Total pot $2 | Rake $0
Seat 1: hairy1961 (big blind) collected ($2)
Seat 2: TbIP-TbIP 88 (button) (small blind) folded before Flop


PokerStars Hand #155667175894:  Hold'em Limit ($3/$6 USD) - 2016/07/07 5:57:14 ET
Table 'Erato' 6-max Seat #1 is the button
Seat 1: hairy1961 ($77.30 in chips)
Seat 2: TbIP-TbIP 88 ($114 in chips)
hairy1961: posts small blind $1
TbIP-TbIP 88: posts big blind $3
*** HOLE CARDS ***
hairy1961: raises $3 to $6
TbIP-TbIP 88: calls $3
*** FLOP *** [Jh Qc Ks]
TbIP-TbIP 88: checks
hairy1961: bets $3
TbIP-TbIP 88: calls $3
*** TURN *** [Jh Qc Ks] [6c]
TbIP-TbIP 88: checks
hairy1961: bets $6
TbIP-TbIP 88: calls $6
*** RIVER *** [Jh Qc Ks 6c] [6h]
TbIP-TbIP 88: checks
hairy1961: bets $6
TbIP-TbIP 88: calls $6
*** SHOW DOWN ***
hairy1961: shows [Qh 4h] (two pair, Queens and Sixes)
TbIP-TbIP 88: mucks hand
hairy1961 collected $41.50 from pot
*** SUMMARY ***
Total pot $42 | Rake $0.50
Board [Jh Qc Ks 6c 6h]
Seat 1: hairy1961 (button) (small blind) showed [Qh 4h] and won ($41.50) with two pair, Queens and Sixes
Seat 2: TbIP-TbIP 88 (big blind) mucked


PokerStars Hand #155667167164:  Hold'em Limit ($3/$6 USD) - 2016/07/07 5:56:45 ET
Table 'Erato' 6-max Seat #2 is the button
Seat 1: hairy1961 ($101.30 in chips)
Seat 2: TbIP-TbIP 88 ($90.50 in chips)
TbIP-TbIP 88: posts small blind $1
hairy1961: posts big blind $3
*** HOLE CARDS ***
TbIP-TbIP 88: raises $3 to $6
hairy1961: calls $3
*** FLOP *** [7s 7h 8c]
hairy1961: checks
TbIP-TbIP 88: checks
*** TURN *** [7s 7h 8c] [Kh]
hairy1961: bets $6
TbIP-TbIP 88: calls $6
*** RIVER *** [7s 7h 8c Kh] [7d]
hairy1961: bets $6
TbIP-TbIP 88: raises $6 to $12
hairy1961: calls $6
*** SHOW DOWN ***
TbIP-TbIP 88: shows [Tc Ks] (a full house, Sevens full of Kings)
hairy1961: mucks hand
TbIP-TbIP 88 collected $47.50 from pot
*** SUMMARY ***
Total pot $48 | Rake $0.50
Board [7s 7h 8c Kh 7d]
Seat 1: hairy1961 (big blind) mucked
Seat 2: TbIP-TbIP 88 (button) (small blind) showed [Tc Ks] and won ($47.50) with a full house, Sevens full of Kings


PokerStars Hand #155667189279:  Hold'em Limit ($3/$6 USD) - 2016/07/07 5:57:57 ET
Table 'Erato' 6-max Seat #1 is the button
Seat 1: hairy1961 ($94.80 in chips)
Seat 2: TbIP-TbIP 88 ($96 in chips)
hairy1961: posts small blind $1
TbIP-TbIP 88: posts big blind $3
*** HOLE CARDS ***
hairy1961: folds
Uncalled bet ($2) returned to TbIP-TbIP 88
TbIP-TbIP 88 collected $2 from pot
TbIP-TbIP 88: doesn't show hand
*** SUMMARY ***
Total pot $2 | Rake $0
Seat 1: hairy1961 (button) (small blind) folded before Flop
Seat 2: TbIP-TbIP 88 (big blind) collected ($2)


PokerStars Hand #155667185908:  Hold'em Limit ($3/$6 USD) - 2016/07/07 5:57:46 ET
Table 'Erato' 6-max Seat #2 is the button
Seat 1: hairy1961 ($97.80 in chips)
Seat 2: TbIP-TbIP 88 ($93 in chips)
TbIP-TbIP 88: posts small blind $1
hairy1961: posts big blind $3
*** HOLE CARDS ***
TbIP-TbIP 88: raises $3 to $6
hairy1961: folds
Uncalled bet ($3) returned to TbIP-TbIP 88
TbIP-TbIP 88 collected $6 from pot
TbIP-TbIP 88: doesn't show hand
*** SUMMARY ***
Total pot $6 | Rake $0
Seat 1: hairy1961 (big blind) folded before Flop
Seat 2: TbIP-TbIP 88 (button) (small blind) collected ($6)


