PokerStars Hand #156141251387:  Hold'em Limit ($3/$6 USD) - 2016/07/18 15:51:10 ET
Table 'Erato' 6-max Seat #4 is the button
Seat 4: AzureCaper ($72 in chips)
Seat 6: Mullern ($51.76 in chips)
AzureCaper: posts small blind $1
Mullern: posts big blind $3
*** HOLE CARDS ***
AzureCaper: raises $3 to $6
Mullern: calls $3
*** FLOP *** [9c Ac 7c]
Mullern: checks
AzureCaper: bets $3
Mullern: folds
Uncalled bet ($3) returned to AzureCaper
AzureCaper collected $11.76 from pot
AzureCaper: doesn't show hand
*** SUMMARY ***
Total pot $12 | Rake $0.24
Board [9c Ac 7c]
Seat 4: AzureCaper (button) (small blind) collected ($11.76)
Seat 6: Mullern (big blind) folded on the Flop


PokerStars Hand #156141240275:  Hold'em Limit ($3/$6 USD) - 2016/07/18 15:50:57 ET
Table 'Erato' 6-max Seat #6 is the button
Seat 4: AzureCaper ($76 in chips)
Seat 6: Mullern ($46 in chips)
Mullern: posts small blind $1
AzureCaper: posts big blind $3
*** HOLE CARDS ***
pejoba joins the table at seat #3
Mullern: raises $3 to $6
AzureCaper: calls $3
*** FLOP *** [Js 4h 7s]
AzureCaper: checks
Koraseg joins the table at seat #1
Mullern: bets $3
AzureCaper: folds
Uncalled bet ($3) returned to Mullern
Mullern collected $11.76 from pot
Mullern: doesn't show hand
*** SUMMARY ***
Total pot $12 | Rake $0.24
Board [Js 4h 7s]
Seat 4: AzureCaper (big blind) folded on the Flop
Seat 6: Mullern (button) (small blind) collected ($11.76)


PokerStars Hand #156141234737:  Hold'em Limit ($3/$6 USD) - 2016/07/18 15:50:51 ET
Table 'Erato' 6-max Seat #4 is the button
Seat 4: AzureCaper ($73 in chips)
Seat 6: Mullern ($49 in chips)
AzureCaper: posts small blind $1
Mullern: posts big blind $3
*** HOLE CARDS ***
AzureCaper: raises $3 to $6
Mullern: folds
Uncalled bet ($3) returned to AzureCaper
AzureCaper collected $6 from pot
AzureCaper: doesn't show hand
*** SUMMARY ***
Total pot $6 | Rake $0
Seat 4: AzureCaper (button) (small blind) collected ($6)
Seat 6: Mullern (big blind) folded before Flop


PokerStars Hand #156141227022:  Hold'em Limit ($3/$6 USD) - 2016/07/18 15:50:42 ET
Table 'Erato' 6-max Seat #6 is the button
Seat 4: AzureCaper ($72 in chips)
Seat 6: Mullern ($50 in chips)
Mullern: posts small blind $1
AzureCaper: posts big blind $3
*** HOLE CARDS ***
Mullern: folds
Uncalled bet ($2) returned to AzureCaper
AzureCaper collected $2 from pot
AzureCaper: doesn't show hand
*** SUMMARY ***
Total pot $2 | Rake $0
Seat 4: AzureCaper (big blind) collected ($2)
Seat 6: Mullern (button) (small blind) folded before Flop


PokerStars Hand #156144600776:  Hold'em Limit ($3/$6 USD) - 2016/07/18 16:58:18 ET
Table 'Erato' 6-max Seat #5 is the button
Seat 3: ABATAPP ($81.61 in chips)
Seat 5: Chessnok ($219.79 in chips)
Chessnok: posts small blind $1
ABATAPP: posts big blind $3
*** HOLE CARDS ***
MaulR leaves the table
Chessnok: raises $3 to $6
ABATAPP: calls $3
*** FLOP *** [4h As Tc]
ABATAPP: checks
Chessnok: bets $3
ABATAPP: calls $3
*** TURN *** [4h As Tc] [3c]
ABATAPP: checks
Chessnok: checks
*** RIVER *** [4h As Tc 3c] [9c]
ABATAPP: bets $6
Chessnok: folds
Uncalled bet ($6) returned to ABATAPP
ABATAPP collected $17.64 from pot
ABATAPP: doesn't show hand
*** SUMMARY ***
Total pot $18 | Rake $0.36
Board [4h As Tc 3c 9c]
Seat 3: ABATAPP (big blind) collected ($17.64)
Seat 5: Chessnok (button) (small blind) folded on the River


