PokerStars Hand #167850985524:  Hold'em Limit ($3/$6 USD) - 2017/03/20 9:24:04 ET
Table 'Erato II' 6-max Seat #3 is the button
Seat 3: Gautamtam ($717.23 in chips)
Seat 4: TbIP-TbIP 88 ($72 in chips)
procooda joins the table at seat #6
Gautamtam: posts small blind $1
TbIP-TbIP 88: posts big blind $3
*** HOLE CARDS ***
procooda leaves the table
procooda joins the table at seat #2
Gautamtam: calls $2
TbIP-TbIP 88: raises $3 to $6
Gautamtam: calls $3
*** FLOP *** [Ac 5h 4c]
TbIP-TbIP 88: bets $3
Gautamtam: calls $3
*** TURN *** [Ac 5h 4c] [Kd]
TbIP-TbIP 88: bets $6
Gautamtam: raises $6 to $12
TbIP-TbIP 88: calls $6
*** RIVER *** [Ac 5h 4c Kd] [Jh]
TbIP-TbIP 88: checks
Gautamtam: bets $6
TbIP-TbIP 88: calls $6
*** SHOW DOWN ***
Gautamtam: shows [Qs 2s] (high card Ace)
TbIP-TbIP 88: shows [Ah Td] (a pair of Aces)
TbIP-TbIP 88 collected $53.50 from pot
*** SUMMARY ***
Total pot $54 | Rake $0.50
Board [Ac 5h 4c Kd Jh]
Seat 3: Gautamtam (button) (small blind) showed [Qs 2s] and lost with high card Ace
Seat 4: TbIP-TbIP 88 (big blind) showed [Ah Td] and won ($53.50) with a pair of Aces


PokerStars Hand #167852112834:  Hold'em Limit ($3/$6 USD) - 2017/03/20 9:59:02 ET
Table 'Erato II' 6-max Seat #6 is the button
Seat 1: Pelurile ($109.99 in chips)
Seat 6: Jigorek1989 ($83.94 in chips)
Jigorek1989: posts small blind $1
Pelurile: posts big blind $3
*** HOLE CARDS ***
Jigorek1989: folds
Uncalled bet ($2) returned to Pelurile
Pelurile collected $2 from pot
Pelurile: doesn't show hand
Zazi joins the table at seat #4
*** SUMMARY ***
Total pot $2 | Rake $0
Seat 1: Pelurile (big blind) collected ($2)
Seat 6: Jigorek1989 (button) (small blind) folded before Flop


PokerStars Hand #167852206414:  Hold'em Limit ($3/$6 USD) - 2017/03/20 10:02:03 ET
Table 'Erato II' 6-max Seat #4 is the button
Seat 1: Pelurile ($96.60 in chips)
Seat 4: Zazi ($112.07 in chips)
Zazi: posts small blind $1
Pelurile: posts big blind $3
*** HOLE CARDS ***
Zazi: raises $3 to $6
Pelurile: calls $3
*** FLOP *** [3c Jh Qd]
Pelurile: checks
Zazi: bets $3
Pelurile: folds
Uncalled bet ($3) returned to Zazi
Zazi collected $11.76 from pot
Zazi: doesn't show hand
*** SUMMARY ***
Total pot $12 | Rake $0.24
Board [3c Jh Qd]
Seat 1: Pelurile (big blind) folded on the Flop
Seat 4: Zazi (button) (small blind) collected ($11.76)


PokerStars Hand #167852248880:  Hold'em Limit ($3/$6 USD) - 2017/03/20 10:03:20 ET
Table 'Erato II' 6-max Seat #4 is the button
Seat 1: Pelurile ($72 in chips)
Seat 4: Zazi ($141.33 in chips)
Zazi: posts small blind $1
Pelurile: posts big blind $3
*** HOLE CARDS ***
Zazi: raises $3 to $6
Pelurile: folds
Uncalled bet ($3) returned to Zazi
Zazi collected $6 from pot
Zazi: doesn't show hand
*** SUMMARY ***
Total pot $6 | Rake $0
Seat 1: Pelurile (big blind) folded before Flop
Seat 4: Zazi (button) (small blind) collected ($6)


PokerStars Hand #167852224777:  Hold'em Limit ($3/$6 USD) - 2017/03/20 10:02:37 ET
Table 'Erato II' 6-max Seat #1 is the button
Seat 1: Pelurile ($90.60 in chips)
Seat 4: Zazi ($117.83 in chips)
Pelurile: posts small blind $1
Zazi: posts big blind $3
*** HOLE CARDS ***
Pelurile: raises $3 to $6
Zazi: raises $3 to $9
Pelurile: calls $3
*** FLOP *** [5d 9h 6h]
Zazi: bets $3
Pelurile: calls $3
*** TURN *** [5d 9h 6h] [Tc]
Zazi: bets $6
Pelurile: calls $6
*** RIVER *** [5d 9h 6h Tc] [5h]
Zazi: checks
Pelurile: bets $6
Zazi: calls $6
*** SHOW DOWN ***
Pelurile: shows [6s 4s] (two pair, Sixes and Fives)
Zazi: shows [7s 7h] (two pair, Sevens and Fives)
Zazi collected $47.50 from pot
*** SUMMARY ***
Total pot $48 | Rake $0.50
Board [5d 9h 6h Tc 5h]
Seat 1: Pelurile (button) (small blind) showed [6s 4s] and lost with two pair, Sixes and Fives
Seat 4: Zazi (big blind) showed [7s 7h] and won ($47.50) with two pair, Sevens and Fives


PokerStars Hand #167853322134:  Hold'em Limit ($3/$6 USD) - 2017/03/20 10:34:16 ET
Table 'Erato II' 6-max Seat #4 is the button
Seat 2: parnishka11 ($5 in chips)
Seat 4: Zazi ($138.54 in chips)
Zazi: posts small blind $1
parnishka11: posts big blind $3
*** HOLE CARDS ***
Zazi: raises $3 to $6
parnishka11: calls $2 and is all-in
Uncalled bet ($1) returned to Zazi
*** FLOP *** [Js Qd 9c]
*** TURN *** [Js Qd 9c] [5h]
*** RIVER *** [Js Qd 9c 5h] [Kd]
*** SHOW DOWN ***
parnishka11: shows [8h Ks] (a pair of Kings)
Zazi: shows [Ah 7h] (high card Ace)
parnishka11 collected $9.80 from pot
*** SUMMARY ***
Total pot $10 | Rake $0.20
Board [Js Qd 9c 5h Kd]
Seat 2: parnishka11 (big blind) showed [8h Ks] and won ($9.80) with a pair of Kings
Seat 4: Zazi (button) (small blind) showed [Ah 7h] and lost with high card Ace


