PokerStars Hand #175377931177:  Hold'em Limit ($3/$6 USD) - 2017/09/08 14:32:51 ET
Table 'Eri' 6-max Seat #3 is the button
Seat 1: dalton135 ($120 in chips)
Seat 3: Vezunchik_61 ($30 in chips)
Vezunchik_61: posts small blind $1
dalton135: posts big blind $3
*** HOLE CARDS ***
Vezunchik_61: calls $2
dalton135: checks
*** FLOP *** [Kc 6h Ts]
dalton135: bets $3
Vezunchik_61: folds
Uncalled bet ($3) returned to dalton135
dalton135 collected $5.88 from pot
dalton135: doesn't show hand
*** SUMMARY ***
Total pot $6 | Rake $0.12
Board [Kc 6h Ts]
Seat 1: dalton135 (big blind) collected ($5.88)
Seat 3: Vezunchik_61 (button) (small blind) folded on the Flop


PokerStars Hand #175384176014:  Hold'em Limit ($3/$6 USD) - 2017/09/08 16:43:22 ET
Table 'Eri' 6-max Seat #3 is the button
Seat 3: Smaska ($118.65 in chips)
Seat 5: ToDaFelt ($493.16 in chips)
Smaska: posts small blind $1
ToDaFelt: posts big blind $3
*** HOLE CARDS ***
Smaska: raises $3 to $6
ToDaFelt: calls $3
*** FLOP *** [Jh Kd Js]
ToDaFelt: checks
Smaska: bets $3
ToDaFelt: calls $3
*** TURN *** [Jh Kd Js] [6s]
ToDaFelt: bets $6
Smaska: raises $6 to $12
ToDaFelt: calls $6
*** RIVER *** [Jh Kd Js 6s] [9c]
ToDaFelt: checks
Smaska: bets $6
ToDaFelt: calls $6
*** SHOW DOWN ***
Smaska: shows [7d Qc] (a pair of Jacks)
ToDaFelt: shows [Kc 4c] (two pair, Kings and Jacks)
ToDaFelt collected $53.50 from pot
*** SUMMARY ***
Total pot $54 | Rake $0.50
Board [Jh Kd Js 6s 9c]
Seat 3: Smaska (button) (small blind) showed [7d Qc] and lost with a pair of Jacks
Seat 5: ToDaFelt (big blind) showed [Kc 4c] and won ($53.50) with two pair, Kings and Jacks


PokerStars Hand #175384158202:  Hold'em Limit ($3/$6 USD) - 2017/09/08 16:43:00 ET
Table 'Eri' 6-max Seat #5 is the button
Seat 3: Smaska ($124.65 in chips)
Seat 5: ToDaFelt ($487.40 in chips)
ToDaFelt: posts small blind $1
Smaska: posts big blind $3
*** HOLE CARDS ***
ToDaFelt: raises $3 to $6
Smaska: calls $3
*** FLOP *** [9c 7h Ks]
Smaska: checks
ToDaFelt: bets $3
Smaska: folds
Uncalled bet ($3) returned to ToDaFelt
ToDaFelt collected $11.76 from pot
ToDaFelt: doesn't show hand
*** SUMMARY ***
Total pot $12 | Rake $0.24
Board [9c 7h Ks]
Seat 3: Smaska (big blind) folded on the Flop
Seat 5: ToDaFelt (button) (small blind) collected ($11.76)


PokerStars Hand #175384234906:  Hold'em Limit ($3/$6 USD) - 2017/09/08 16:44:34 ET
Table 'Eri' 6-max Seat #5 is the button
Seat 3: Smaska ($105.15 in chips)
Seat 5: ToDaFelt ($505.66 in chips)
ToDaFelt: posts small blind $1
Smaska: posts big blind $3
*** HOLE CARDS ***
ToDaFelt: raises $3 to $6
Smaska: calls $3
*** FLOP *** [8h Jd Th]
Smaska: checks
ToDaFelt: checks
*** TURN *** [8h Jd Th] [Kc]
Smaska: bets $6
ToDaFelt: raises $6 to $12
Smaska: calls $6
*** RIVER *** [8h Jd Th Kc] [Qd]
Smaska: bets $6
ToDaFelt: calls $6
*** SHOW DOWN ***
Smaska: shows [9c 6h] (a straight, Nine to King)
ToDaFelt: mucks hand
Smaska collected $47.50 from pot
*** SUMMARY ***
Total pot $48 | Rake $0.50
Board [8h Jd Th Kc Qd]
Seat 3: Smaska (big blind) showed [9c 6h] and won ($47.50) with a straight, Nine to King
Seat 5: ToDaFelt (button) (small blind) mucked


PokerStars Hand #175384227190:  Hold'em Limit ($3/$6 USD) - 2017/09/08 16:44:25 ET
Table 'Eri' 6-max Seat #3 is the button
Seat 3: Smaska ($102.15 in chips)
Seat 5: ToDaFelt ($508.66 in chips)
Smaska: posts small blind $1
ToDaFelt: posts big blind $3
*** HOLE CARDS ***
Smaska: raises $3 to $6
ToDaFelt: folds
Uncalled bet ($3) returned to Smaska
Smaska collected $6 from pot
Smaska: doesn't show hand
*** SUMMARY ***
Total pot $6 | Rake $0
Seat 3: Smaska (button) (small blind) collected ($6)
Seat 5: ToDaFelt (big blind) folded before Flop


PokerStars Hand #175384220738:  Hold'em Limit ($3/$6 USD) - 2017/09/08 16:44:17 ET
Table 'Eri' 6-max Seat #5 is the button
Seat 3: Smaska ($105.15 in chips)
Seat 5: ToDaFelt ($505.66 in chips)
ToDaFelt: posts small blind $1
Smaska: posts big blind $3
*** HOLE CARDS ***
ToDaFelt: raises $3 to $6
Smaska: folds
Uncalled bet ($3) returned to ToDaFelt
ToDaFelt collected $6 from pot
ToDaFelt: doesn't show hand
*** SUMMARY ***
Total pot $6 | Rake $0
Seat 3: Smaska (big blind) folded before Flop
Seat 5: ToDaFelt (button) (small blind) collected ($6)


PokerStars Hand #175384216949:  Hold'em Limit ($3/$6 USD) - 2017/09/08 16:44:12 ET
Table 'Eri' 6-max Seat #3 is the button
Seat 3: Smaska ($106.15 in chips)
Seat 5: ToDaFelt ($504.66 in chips)
Smaska: posts small blind $1
ToDaFelt: posts big blind $3
*** HOLE CARDS ***
Smaska: folds
Uncalled bet ($2) returned to ToDaFelt
ToDaFelt collected $2 from pot
ToDaFelt: doesn't show hand
*** SUMMARY ***
Total pot $2 | Rake $0
Seat 3: Smaska (button) (small blind) folded before Flop
Seat 5: ToDaFelt (big blind) collected ($2)


PokerStars Hand #175384195234:  Hold'em Limit ($3/$6 USD) - 2017/09/08 16:43:45 ET
Table 'Eri' 6-max Seat #5 is the button
Seat 3: Smaska ($91.65 in chips)
Seat 5: ToDaFelt ($519.66 in chips)
ToDaFelt: posts small blind $1
Smaska: posts big blind $3
*** HOLE CARDS ***
ToDaFelt: raises $3 to $6
Smaska: raises $3 to $9
ToDaFelt: calls $3
*** FLOP *** [3h Td Jc]
Smaska: checks
ToDaFelt: checks
*** TURN *** [3h Td Jc] [7c]
Smaska: bets $6
ToDaFelt: calls $6
*** RIVER *** [3h Td Jc 7c] [4d]
Smaska: bets $6
ToDaFelt: folds
Uncalled bet ($6) returned to Smaska
Smaska collected $29.50 from pot
Smaska: doesn't show hand
*** SUMMARY ***
Total pot $30 | Rake $0.50
Board [3h Td Jc 7c 4d]
Seat 3: Smaska (big blind) collected ($29.50)
Seat 5: ToDaFelt (button) (small blind) folded on the River


PokerStars Hand #175384278249:  Hold'em Limit ($3/$6 USD) - 2017/09/08 16:45:28 ET
Table 'Eri' 6-max Seat #3 is the button
Seat 3: Smaska ($119.41 in chips)
Seat 5: ToDaFelt ($490.16 in chips)
Smaska: posts small blind $1
ToDaFelt: posts big blind $3
*** HOLE CARDS ***
Smaska: raises $3 to $6
ToDaFelt: folds
Uncalled bet ($3) returned to Smaska
Smaska collected $6 from pot
Smaska: doesn't show hand
*** SUMMARY ***
Total pot $6 | Rake $0
Seat 3: Smaska (button) (small blind) collected ($6)
Seat 5: ToDaFelt (big blind) folded before Flop


PokerStars Hand #175384263793:  Hold'em Limit ($3/$6 USD) - 2017/09/08 16:45:10 ET
Table 'Eri' 6-max Seat #5 is the button
Seat 3: Smaska ($134.41 in chips)
Seat 5: ToDaFelt ($475.66 in chips)
ToDaFelt: posts small blind $1
Smaska: posts big blind $3
*** HOLE CARDS ***
ToDaFelt: raises $3 to $6
Smaska: calls $3
*** FLOP *** [7h 6s 7d]
Smaska: checks
ToDaFelt: bets $3
Smaska: calls $3
*** TURN *** [7h 6s 7d] [3s]
Smaska: checks
ToDaFelt: checks
*** RIVER *** [7h 6s 7d 3s] [2s]
Smaska: bets $6
ToDaFelt: calls $6
*** SHOW DOWN ***
Smaska: shows [5c Tc] (a pair of Sevens)
ToDaFelt: shows [8h As] (a pair of Sevens - Ace kicker)
ToDaFelt collected $29.50 from pot
*** SUMMARY ***
Total pot $30 | Rake $0.50
Board [7h 6s 7d 3s 2s]
Seat 3: Smaska (big blind) showed [5c Tc] and lost with a pair of Sevens
Seat 5: ToDaFelt (button) (small blind) showed [8h As] and won ($29.50) with a pair of Sevens


PokerStars Hand #175384254623:  Hold'em Limit ($3/$6 USD) - 2017/09/08 16:44:59 ET
Table 'Eri' 6-max Seat #3 is the button
Seat 3: Smaska ($128.65 in chips)
Seat 5: ToDaFelt ($481.66 in chips)
Smaska: posts small blind $1
ToDaFelt: posts big blind $3
*** HOLE CARDS ***
Smaska: raises $3 to $6
ToDaFelt: calls $3
*** FLOP *** [Qs 2c Kc]
ToDaFelt: checks
Smaska: bets $3
ToDaFelt: folds
Uncalled bet ($3) returned to Smaska
Smaska collected $11.76 from pot
Smaska: doesn't show hand
*** SUMMARY ***
Total pot $12 | Rake $0.24
Board [Qs 2c Kc]
Seat 3: Smaska (button) (small blind) collected ($11.76)
Seat 5: ToDaFelt (big blind) folded on the Flop


PokerStars Hand #175384327603:  Hold'em Limit ($3/$6 USD) - 2017/09/08 16:46:28 ET
Table 'Eri' 6-max Seat #5 is the button
Seat 3: Smaska ($115.41 in chips)
Seat 5: ToDaFelt ($493.92 in chips)
ToDaFelt: posts small blind $1
Smaska: posts big blind $3
*** HOLE CARDS ***
ToDaFelt: raises $3 to $6
Smaska: raises $3 to $9
ToDaFelt: calls $3
*** FLOP *** [Td Qd 7d]
Smaska: bets $3
ToDaFelt: calls $3
*** TURN *** [Td Qd 7d] [7c]
Smaska: bets $6
ToDaFelt: calls $6
*** RIVER *** [Td Qd 7d 7c] [Ts]
Smaska: bets $6
ToDaFelt: folds
Uncalled bet ($6) returned to Smaska
Smaska collected $35.50 from pot
Smaska: doesn't show hand
*** SUMMARY ***
Total pot $36 | Rake $0.50
Board [Td Qd 7d 7c Ts]
Seat 3: Smaska (big blind) collected ($35.50)
Seat 5: ToDaFelt (button) (small blind) folded on the River


PokerStars Hand #175384321462:  Hold'em Limit ($3/$6 USD) - 2017/09/08 16:46:21 ET
Table 'Eri' 6-max Seat #3 is the button
Seat 3: Smaska ($116.41 in chips)
Seat 5: ToDaFelt ($492.92 in chips)
Smaska: posts small blind $1
ToDaFelt: posts big blind $3
*** HOLE CARDS ***
Smaska: folds
Uncalled bet ($2) returned to ToDaFelt
ToDaFelt collected $2 from pot
ToDaFelt: doesn't show hand
*** SUMMARY ***
Total pot $2 | Rake $0
Seat 3: Smaska (button) (small blind) folded before Flop
Seat 5: ToDaFelt (big blind) collected ($2)


PokerStars Hand #175384285500:  Hold'em Limit ($3/$6 USD) - 2017/09/08 16:45:37 ET
Table 'Eri' 6-max Seat #5 is the button
Seat 3: Smaska ($122.41 in chips)
Seat 5: ToDaFelt ($487.16 in chips)
ToDaFelt: posts small blind $1
Smaska: posts big blind $3
*** HOLE CARDS ***
ToDaFelt: raises $3 to $6
Smaska: calls $3
*** FLOP *** [9s 3d Jh]
Smaska: checks
ToDaFelt: checks
*** TURN *** [9s 3d Jh] [3h]
Smaska: checks
ToDaFelt: checks
*** RIVER *** [9s 3d Jh 3h] [Kh]
Smaska: checks
ToDaFelt: bets $6
Smaska: folds
Uncalled bet ($6) returned to ToDaFelt
ToDaFelt collected $11.76 from pot
ToDaFelt: doesn't show hand
*** SUMMARY ***
Total pot $12 | Rake $0.24
Board [9s 3d Jh 3h Kh]
Seat 3: Smaska (big blind) folded on the River
Seat 5: ToDaFelt (button) (small blind) collected ($11.76)


PokerStars Hand #175384349875:  Hold'em Limit ($3/$6 USD) - 2017/09/08 16:46:56 ET
Table 'Eri' 6-max Seat #3 is the button
Seat 3: Smaska ($132.91 in chips)
Seat 5: ToDaFelt ($475.92 in chips)
Smaska: posts small blind $1
ToDaFelt: posts big blind $3
*** HOLE CARDS ***
Smaska: raises $3 to $6
ToDaFelt: calls $3
*** FLOP *** [3s 7s 9c]
ToDaFelt: checks
Smaska: bets $3
ToDaFelt: raises $3 to $6
Smaska: calls $3
*** TURN *** [3s 7s 9c] [3d]
ToDaFelt: bets $6
Smaska: raises $6 to $12
ToDaFelt: calls $6
*** RIVER *** [3s 7s 9c 3d] [5s]
ToDaFelt: checks
Smaska: bets $6
ToDaFelt: calls $6
*** SHOW DOWN ***
Smaska: shows [Kh Kc] (two pair, Kings and Threes)
ToDaFelt: mucks hand
Smaska collected $59.50 from pot
*** SUMMARY ***
Total pot $60 | Rake $0.50
Board [3s 7s 9c 3d 5s]
Seat 3: Smaska (button) (small blind) showed [Kh Kc] and won ($59.50) with two pair, Kings and Threes
Seat 5: ToDaFelt (big blind) mucked


PokerStars Hand #175384432929:  Hold'em Limit ($3/$6 USD) - 2017/09/08 16:48:30 ET
Table 'Eri' 6-max Seat #5 is the button
Seat 3: Smaska ($167.91 in chips)
Seat 5: ToDaFelt ($439.56 in chips)
ToDaFelt: posts small blind $1
Smaska: posts big blind $3
*** HOLE CARDS ***
ToDaFelt: raises $3 to $6
Smaska: raises $3 to $9
ToDaFelt: calls $3
*** FLOP *** [Qc Tc 2s]
Smaska: bets $3
ToDaFelt: calls $3
*** TURN *** [Qc Tc 2s] [7h]
Smaska: bets $6
ToDaFelt: calls $6
*** RIVER *** [Qc Tc 2s 7h] [3c]
Smaska: bets $6
ToDaFelt: calls $6
*** SHOW DOWN ***
Smaska: shows [9h 8h] (high card Queen)
ToDaFelt: shows [Ah 8c] (high card Ace)
ToDaFelt collected $47.50 from pot
*** SUMMARY ***
Total pot $48 | Rake $0.50
Board [Qc Tc 2s 7h 3c]
Seat 3: Smaska (big blind) showed [9h 8h] and lost with high card Queen
Seat 5: ToDaFelt (button) (small blind) showed [Ah 8c] and won ($47.50) with high card Ace


PokerStars Hand #175384421204:  Hold'em Limit ($3/$6 USD) - 2017/09/08 16:48:15 ET
Table 'Eri' 6-max Seat #3 is the button
Seat 3: Smaska ($176.91 in chips)
Seat 5: ToDaFelt ($430.92 in chips)
Smaska: posts small blind $1
ToDaFelt: posts big blind $3
*** HOLE CARDS ***
Smaska: raises $3 to $6
ToDaFelt: raises $3 to $9
Smaska: calls $3
*** FLOP *** [8d 3h Kh]
ToDaFelt: bets $3
Smaska: folds
Uncalled bet ($3) returned to ToDaFelt
ToDaFelt collected $17.64 from pot
ToDaFelt: doesn't show hand
*** SUMMARY ***
Total pot $18 | Rake $0.36
Board [8d 3h Kh]
Seat 3: Smaska (button) (small blind) folded on the Flop
Seat 5: ToDaFelt (big blind) collected ($17.64)


PokerStars Hand #175384398264:  Hold'em Limit ($3/$6 USD) - 2017/09/08 16:47:47 ET
Table 'Eri' 6-max Seat #5 is the button
Seat 3: Smaska ($162.41 in chips)
Seat 5: ToDaFelt ($445.92 in chips)
ToDaFelt: posts small blind $1
Smaska: posts big blind $3
*** HOLE CARDS ***
ToDaFelt: raises $3 to $6
Smaska: calls $3
*** FLOP *** [5c 9s 7c]
Smaska: checks
ToDaFelt: bets $3
Smaska: calls $3
*** TURN *** [5c 9s 7c] [Qd]
Smaska: checks
ToDaFelt: checks
*** RIVER *** [5c 9s 7c Qd] [Kc]
Smaska: bets $6
ToDaFelt: calls $6
*** SHOW DOWN ***
Smaska: shows [8d Qh] (a pair of Queens)
ToDaFelt: mucks hand
Smaska collected $29.50 from pot
*** SUMMARY ***
Total pot $30 | Rake $0.50
Board [5c 9s 7c Qd Kc]
Seat 3: Smaska (big blind) showed [8d Qh] and won ($29.50) with a pair of Queens
Seat 5: ToDaFelt (button) (small blind) mucked


PokerStars Hand #175384490786:  Hold'em Limit ($3/$6 USD) - 2017/09/08 16:49:41 ET
Table 'Eri' 6-max Seat #3 is the button
Seat 3: Smaska ($146.67 in chips)
Seat 5: ToDaFelt ($460.06 in chips)
Smaska: posts small blind $1
ToDaFelt: posts big blind $3
*** HOLE CARDS ***
Smaska: folds
Uncalled bet ($2) returned to ToDaFelt
ToDaFelt collected $2 from pot
ToDaFelt: doesn't show hand
*** SUMMARY ***
Total pot $2 | Rake $0
Seat 3: Smaska (button) (small blind) folded before Flop
Seat 5: ToDaFelt (big blind) collected ($2)


PokerStars Hand #175384477973:  Hold'em Limit ($3/$6 USD) - 2017/09/08 16:49:25 ET
Table 'Eri' 6-max Seat #5 is the button
Seat 3: Smaska ($149.67 in chips)
Seat 5: ToDaFelt ($457.06 in chips)
ToDaFelt: posts small blind $1
Smaska: posts big blind $3
*** HOLE CARDS ***
ToDaFelt: raises $3 to $6
Smaska: folds
Uncalled bet ($3) returned to ToDaFelt
ToDaFelt collected $6 from pot
ToDaFelt: doesn't show hand
*** SUMMARY ***
Total pot $6 | Rake $0
Seat 3: Smaska (big blind) folded before Flop
Seat 5: ToDaFelt (button) (small blind) collected ($6)


PokerStars Hand #175384461259:  Hold'em Limit ($3/$6 USD) - 2017/09/08 16:49:05 ET
Table 'Eri' 6-max Seat #3 is the button
Seat 3: Smaska ($143.91 in chips)
Seat 5: ToDaFelt ($463.06 in chips)
Smaska: posts small blind $1
ToDaFelt: posts big blind $3
*** HOLE CARDS ***
Smaska: raises $3 to $6
ToDaFelt: calls $3
*** FLOP *** [Qs 5s Qh]
ToDaFelt: checks
Smaska: bets $3
ToDaFelt: folds
Uncalled bet ($3) returned to Smaska
Smaska collected $11.76 from pot
Smaska: doesn't show hand
*** SUMMARY ***
Total pot $12 | Rake $0.24
Board [Qs 5s Qh]
Seat 3: Smaska (button) (small blind) collected ($11.76)
Seat 5: ToDaFelt (big blind) folded on the Flop


PokerStars Hand #175384494666:  Hold'em Limit ($3/$6 USD) - 2017/09/08 16:49:46 ET
Table 'Eri' 6-max Seat #5 is the button
Seat 3: Smaska ($145.67 in chips)
Seat 5: ToDaFelt ($461.06 in chips)
ToDaFelt: posts small blind $1
Smaska: posts big blind $3
*** HOLE CARDS ***
ToDaFelt: raises $3 to $6
Smaska: raises $3 to $9
ToDaFelt: calls $3
*** FLOP *** [2s 3h Td]
Smaska: bets $3
ToDaFelt: folds
Uncalled bet ($3) returned to Smaska
Smaska collected $17.64 from pot
Smaska: doesn't show hand
*** SUMMARY ***
Total pot $18 | Rake $0.36
Board [2s 3h Td]
Seat 3: Smaska (big blind) collected ($17.64)
Seat 5: ToDaFelt (button) (small blind) folded on the Flop


PokerStars Hand #175384580738:  Hold'em Limit ($3/$6 USD) - 2017/09/08 16:51:32 ET
Table 'Eri' 6-max Seat #3 is the button
Seat 3: Smaska ($183.45 in chips)
Seat 5: ToDaFelt ($422.06 in chips)
Smaska: posts small blind $1
ToDaFelt: posts big blind $3
*** HOLE CARDS ***
Smaska: folds
Uncalled bet ($2) returned to ToDaFelt
ToDaFelt collected $2 from pot
ToDaFelt: doesn't show hand
*** SUMMARY ***
Total pot $2 | Rake $0
Seat 3: Smaska (button) (small blind) folded before Flop
Seat 5: ToDaFelt (big blind) collected ($2)


PokerStars Hand #175384565570:  Hold'em Limit ($3/$6 USD) - 2017/09/08 16:51:13 ET
Table 'Eri' 6-max Seat #5 is the button
Seat 3: Smaska ($174.81 in chips)
Seat 5: ToDaFelt ($431.06 in chips)
ToDaFelt: posts small blind $1
Smaska: posts big blind $3
*** HOLE CARDS ***
ToDaFelt: raises $3 to $6
Smaska: raises $3 to $9
ToDaFelt: calls $3
*** FLOP *** [7s Ks Qh]
Smaska: bets $3
ToDaFelt: folds
Uncalled bet ($3) returned to Smaska
Smaska collected $17.64 from pot
Smaska: doesn't show hand
*** SUMMARY ***
Total pot $18 | Rake $0.36
Board [7s Ks Qh]
Seat 3: Smaska (big blind) collected ($17.64)
Seat 5: ToDaFelt (button) (small blind) folded on the Flop


PokerStars Hand #175384515139:  Hold'em Limit ($3/$6 USD) - 2017/09/08 16:50:11 ET
Table 'Eri' 6-max Seat #3 is the button
Seat 3: Smaska ($154.31 in chips)
Seat 5: ToDaFelt ($452.06 in chips)
Smaska: posts small blind $1
ToDaFelt: posts big blind $3
*** HOLE CARDS ***
Smaska: raises $3 to $6
ToDaFelt: calls $3
*** FLOP *** [2h Td Jc]
ToDaFelt: checks
Smaska: bets $3
ToDaFelt: calls $3
*** TURN *** [2h Td Jc] [4s]
ToDaFelt: checks
Smaska: bets $6
ToDaFelt: calls $6
*** RIVER *** [2h Td Jc 4s] [5c]
ToDaFelt: checks
Smaska: bets $6
ToDaFelt: calls $6
*** SHOW DOWN ***
Smaska: shows [Tc Jd] (two pair, Jacks and Tens)
ToDaFelt: mucks hand
Smaska collected $41.50 from pot
*** SUMMARY ***
Total pot $42 | Rake $0.50
Board [2h Td Jc 4s 5c]
Seat 3: Smaska (button) (small blind) showed [Tc Jd] and won ($41.50) with two pair, Jacks and Tens
Seat 5: ToDaFelt (big blind) mucked


PokerStars Hand #175384628918:  Hold'em Limit ($3/$6 USD) - 2017/09/08 16:52:32 ET
Table 'Eri' 6-max Seat #3 is the button
Seat 3: Smaska ($196.95 in chips)
Seat 5: ToDaFelt ($408.06 in chips)
Smaska: posts small blind $1
ToDaFelt: posts big blind $3
*** HOLE CARDS ***
Smaska: raises $3 to $6
ToDaFelt: calls $3
*** FLOP *** [2s 2c Kc]
ToDaFelt: checks
Smaska: bets $3
ToDaFelt: folds
Uncalled bet ($3) returned to Smaska
Smaska collected $11.76 from pot
Smaska: doesn't show hand
*** SUMMARY ***
Total pot $12 | Rake $0.24
Board [2s 2c Kc]
Seat 3: Smaska (button) (small blind) collected ($11.76)
Seat 5: ToDaFelt (big blind) folded on the Flop


PokerStars Hand #175384589080:  Hold'em Limit ($3/$6 USD) - 2017/09/08 16:51:43 ET
Table 'Eri' 6-max Seat #5 is the button
Seat 3: Smaska ($182.45 in chips)
Seat 5: ToDaFelt ($423.06 in chips)
ToDaFelt: posts small blind $1
Smaska: posts big blind $3
*** HOLE CARDS ***
ToDaFelt: raises $3 to $6
Smaska: calls $3
*** FLOP *** [6c 8h 7c]
Smaska: checks
ToDaFelt: bets $3
Smaska: calls $3
*** TURN *** [6c 8h 7c] [Jc]
Smaska: checks
ToDaFelt: bets $6
Smaska: calls $6
*** RIVER *** [6c 8h 7c Jc] [7s]
Smaska: bets $6
ToDaFelt: folds
Uncalled bet ($6) returned to Smaska
Smaska collected $29.50 from pot
Smaska: doesn't show hand
*** SUMMARY ***
Total pot $30 | Rake $0.50
Board [6c 8h 7c Jc 7s]
Seat 3: Smaska (big blind) collected ($29.50)
Seat 5: ToDaFelt (button) (small blind) folded on the River


PokerStars Hand #175384667195:  Hold'em Limit ($3/$6 USD) - 2017/09/08 16:53:20 ET
Table 'Eri' 6-max Seat #3 is the button
Seat 3: Smaska ($203.71 in chips)
Seat 5: ToDaFelt ($401.06 in chips)
Smaska: posts small blind $1
ToDaFelt: posts big blind $3
*** HOLE CARDS ***
Smaska: raises $3 to $6
ToDaFelt: calls $3
*** FLOP *** [7s Jh Tc]
ToDaFelt: checks
Smaska: bets $3
ToDaFelt: raises $3 to $6
Smaska: raises $3 to $9
ToDaFelt: calls $3
*** TURN *** [7s Jh Tc] [Ts]
ToDaFelt: checks
Smaska: bets $6
ToDaFelt: raises $6 to $12
Smaska: calls $6
*** RIVER *** [7s Jh Tc Ts] [9d]
ToDaFelt: checks
Smaska: checks
*** SHOW DOWN ***
ToDaFelt: shows [9s 4s] (two pair, Tens and Nines)
Smaska: mucks hand
ToDaFelt collected $53.50 from pot
*** SUMMARY ***
Total pot $54 | Rake $0.50
Board [7s Jh Tc Ts 9d]
Seat 3: Smaska (button) (small blind) mucked
Seat 5: ToDaFelt (big blind) showed [9s 4s] and won ($53.50) with two pair, Tens and Nines


PokerStars Hand #175384654996:  Hold'em Limit ($3/$6 USD) - 2017/09/08 16:53:05 ET
Table 'Eri' 6-max Seat #5 is the button
Seat 3: Smaska ($202.71 in chips)
Seat 5: ToDaFelt ($402.06 in chips)
ToDaFelt: posts small blind $1
Smaska: posts big blind $3
*** HOLE CARDS ***
ToDaFelt: folds
Uncalled bet ($2) returned to Smaska
Smaska collected $2 from pot
Smaska: doesn't show hand
*** SUMMARY ***
Total pot $2 | Rake $0
Seat 3: Smaska (big blind) collected ($2)
Seat 5: ToDaFelt (button) (small blind) folded before Flop


PokerStars Hand #175384695878:  Hold'em Limit ($3/$6 USD) - 2017/09/08 16:53:56 ET
Table 'Eri' 6-max Seat #5 is the button
Seat 3: Smaska ($176.71 in chips)
Seat 5: ToDaFelt ($427.56 in chips)
ToDaFelt: posts small blind $1
Smaska: posts big blind $3
*** HOLE CARDS ***
ToDaFelt: raises $3 to $6
Smaska: calls $3
*** FLOP *** [5c 7c 3d]
Smaska: checks
ToDaFelt: bets $3
Smaska: calls $3
*** TURN *** [5c 7c 3d] [5s]
Smaska: checks
ToDaFelt: bets $6
Smaska: calls $6
*** RIVER *** [5c 7c 3d 5s] [Kh]
Smaska: checks
ToDaFelt: bets $6
Smaska: folds
Uncalled bet ($6) returned to ToDaFelt
ToDaFelt collected $29.50 from pot
ToDaFelt: doesn't show hand
*** SUMMARY ***
Total pot $30 | Rake $0.50
Board [5c 7c 3d 5s Kh]
Seat 3: Smaska (big blind) folded on the River
Seat 5: ToDaFelt (button) (small blind) collected ($29.50)


PokerStars Hand #175384778464:  Hold'em Limit ($3/$6 USD) - 2017/09/08 16:55:46 ET
Table 'Eri' 6-max Seat #5 is the button
Seat 3: Smaska ($181.21 in chips)
Seat 5: ToDaFelt ($421.82 in chips)
ToDaFelt: posts small blind $1
Smaska: posts big blind $3
*** HOLE CARDS ***
ToDaFelt: raises $3 to $6
Smaska: raises $3 to $9
ToDaFelt: calls $3
*** FLOP *** [Jd Qs 3h]
Smaska: bets $3
ToDaFelt: folds
Uncalled bet ($3) returned to Smaska
Smaska collected $17.64 from pot
Smaska: doesn't show hand
*** SUMMARY ***
Total pot $18 | Rake $0.36
Board [Jd Qs 3h]
Seat 3: Smaska (big blind) collected ($17.64)
Seat 5: ToDaFelt (button) (small blind) folded on the Flop


PokerStars Hand #175384774961:  Hold'em Limit ($3/$6 USD) - 2017/09/08 16:55:41 ET
Table 'Eri' 6-max Seat #3 is the button
Seat 3: Smaska ($182.21 in chips)
Seat 5: ToDaFelt ($420.82 in chips)
Smaska: posts small blind $1
ToDaFelt: posts big blind $3
*** HOLE CARDS ***
Smaska: folds
Uncalled bet ($2) returned to ToDaFelt
ToDaFelt collected $2 from pot
ToDaFelt: doesn't show hand
*** SUMMARY ***
Total pot $2 | Rake $0
Seat 3: Smaska (button) (small blind) folded before Flop
Seat 5: ToDaFelt (big blind) collected ($2)


PokerStars Hand #175384759569:  Hold'em Limit ($3/$6 USD) - 2017/09/08 16:55:16 ET
Table 'Eri' 6-max Seat #5 is the button
Seat 3: Smaska ($188.21 in chips)
Seat 5: ToDaFelt ($415.06 in chips)
ToDaFelt: posts small blind $1
Smaska: posts big blind $3
*** HOLE CARDS ***
ToDaFelt: raises $3 to $6
Smaska: calls $3
*** FLOP *** [3h Qc Td]
Smaska: checks
ToDaFelt: bets $3
Smaska: folds
Uncalled bet ($3) returned to ToDaFelt
ToDaFelt collected $11.76 from pot
ToDaFelt: doesn't show hand
*** SUMMARY ***
Total pot $12 | Rake $0.24
Board [3h Qc Td]
Seat 3: Smaska (big blind) folded on the Flop
Seat 5: ToDaFelt (button) (small blind) collected ($11.76)


PokerStars Hand #175384726177:  Hold'em Limit ($3/$6 USD) - 2017/09/08 16:54:34 ET
Table 'Eri' 6-max Seat #3 is the button
Seat 3: Smaska ($161.71 in chips)
Seat 5: ToDaFelt ($442.06 in chips)
Smaska: posts small blind $1
ToDaFelt: posts big blind $3
*** HOLE CARDS ***
Smaska: raises $3 to $6
ToDaFelt: calls $3
*** FLOP *** [Kc 4c 3c]
ToDaFelt: checks
Smaska: bets $3
ToDaFelt: calls $3
*** TURN *** [Kc 4c 3c] [4d]
ToDaFelt: checks
Smaska: bets $6
ToDaFelt: raises $6 to $12
Smaska: raises $6 to $18
ToDaFelt: calls $6
*** RIVER *** [Kc 4c 3c 4d] [As]
ToDaFelt: checks
Smaska: bets $6
ToDaFelt: folds
Uncalled bet ($6) returned to Smaska
Smaska collected $53.50 from pot
Smaska: doesn't show hand
*** SUMMARY ***
Total pot $54 | Rake $0.50
Board [Kc 4c 3c 4d As]
Seat 3: Smaska (button) (small blind) collected ($53.50)
Seat 5: ToDaFelt (big blind) folded on the River


PokerStars Hand #175384812453:  Hold'em Limit ($3/$6 USD) - 2017/09/08 16:56:40 ET
Table 'Eri' 6-max Seat #3 is the button
Seat 3: Smaska ($196.61 in chips)
Seat 5: ToDaFelt ($405.82 in chips)
Smaska: posts small blind $1
ToDaFelt: posts big blind $3
*** HOLE CARDS ***
Smaska: raises $3 to $6
ToDaFelt: calls $3
*** FLOP *** [6h 5d 4d]
ToDaFelt: checks
Smaska: bets $3
ToDaFelt: calls $3
*** TURN *** [6h 5d 4d] [7d]
ToDaFelt: bets $6
Smaska: folds
Uncalled bet ($6) returned to ToDaFelt
ToDaFelt collected $17.64 from pot
ToDaFelt: doesn't show hand
*** SUMMARY ***
Total pot $18 | Rake $0.36
Board [6h 5d 4d 7d]
Seat 3: Smaska (button) (small blind) folded on the Turn
Seat 5: ToDaFelt (big blind) collected ($17.64)


PokerStars Hand #175384807949:  Hold'em Limit ($3/$6 USD) - 2017/09/08 16:56:33 ET
Table 'Eri' 6-max Seat #5 is the button
Seat 3: Smaska ($195.61 in chips)
Seat 5: ToDaFelt ($406.82 in chips)
ToDaFelt: posts small blind $1
Smaska: posts big blind $3
*** HOLE CARDS ***
ToDaFelt: folds
Uncalled bet ($2) returned to Smaska
Smaska collected $2 from pot
Smaska: doesn't show hand
*** SUMMARY ***
Total pot $2 | Rake $0
Seat 3: Smaska (big blind) collected ($2)
Seat 5: ToDaFelt (button) (small blind) folded before Flop


PokerStars Hand #175384787124:  Hold'em Limit ($3/$6 USD) - 2017/09/08 16:56:00 ET
Table 'Eri' 6-max Seat #3 is the button
Seat 3: Smaska ($189.85 in chips)
Seat 5: ToDaFelt ($412.82 in chips)
Smaska: posts small blind $1
ToDaFelt: posts big blind $3
*** HOLE CARDS ***
Smaska: raises $3 to $6
ToDaFelt: calls $3
*** FLOP *** [Ah Qc Qd]
ToDaFelt: checks
Smaska: bets $3
ToDaFelt: folds
Uncalled bet ($3) returned to Smaska
Smaska collected $11.76 from pot
Smaska: doesn't show hand
*** SUMMARY ***
Total pot $12 | Rake $0.24
Board [Ah Qc Qd]
Seat 3: Smaska (button) (small blind) collected ($11.76)
Seat 5: ToDaFelt (big blind) folded on the Flop


PokerStars Hand #175384842832:  Hold'em Limit ($3/$6 USD) - 2017/09/08 16:57:28 ET
Table 'Eri' 6-max Seat #3 is the button
Seat 3: Smaska ($205.11 in chips)
Seat 5: ToDaFelt ($396.46 in chips)
Smaska: posts small blind $1
ToDaFelt: posts big blind $3
*** HOLE CARDS ***
Smaska: raises $3 to $6
ToDaFelt: calls $3
*** FLOP *** [Jc 4c 2c]
ToDaFelt: checks
Smaska: bets $3
ToDaFelt: folds
Uncalled bet ($3) returned to Smaska
Smaska collected $11.76 from pot
Smaska: doesn't show hand
*** SUMMARY ***
Total pot $12 | Rake $0.24
Board [Jc 4c 2c]
Seat 3: Smaska (button) (small blind) collected ($11.76)
Seat 5: ToDaFelt (big blind) folded on the Flop


PokerStars Hand #175384826868:  Hold'em Limit ($3/$6 USD) - 2017/09/08 16:57:03 ET
Table 'Eri' 6-max Seat #5 is the button
Seat 3: Smaska ($187.61 in chips)
Seat 5: ToDaFelt ($414.46 in chips)
ToDaFelt: posts small blind $1
Smaska: posts big blind $3
*** HOLE CARDS ***
ToDaFelt: raises $3 to $6
Smaska: calls $3
*** FLOP *** [Ad Ks 4h]
Smaska: checks
ToDaFelt: checks
*** TURN *** [Ad Ks 4h] [3d]
Smaska: bets $6
ToDaFelt: calls $6
*** RIVER *** [Ad Ks 4h 3d] [3c]
Smaska: bets $6
ToDaFelt: calls $6
*** SHOW DOWN ***
Smaska: shows [3h Td] (three of a kind, Threes)
ToDaFelt: mucks hand
Smaska collected $35.50 from pot
*** SUMMARY ***
Total pot $36 | Rake $0.50
Board [Ad Ks 4h 3d 3c]
Seat 3: Smaska (big blind) showed [3h Td] and won ($35.50) with three of a kind, Threes
Seat 5: ToDaFelt (button) (small blind) mucked


PokerStars Hand #175384860969:  Hold'em Limit ($3/$6 USD) - 2017/09/08 16:57:56 ET
Table 'Eri' 6-max Seat #5 is the button
Seat 3: Smaska ($210.87 in chips)
Seat 5: ToDaFelt ($390.46 in chips)
ToDaFelt: posts small blind $1
Smaska: posts big blind $3
*** HOLE CARDS ***
ToDaFelt: raises $3 to $6
Smaska: raises $3 to $9
ToDaFelt: calls $3
*** FLOP *** [7d 6d 4s]
Smaska: checks
ToDaFelt: checks
*** TURN *** [7d 6d 4s] [4h]
Smaska: bets $6
ToDaFelt: calls $6
*** RIVER *** [7d 6d 4s 4h] [Ac]
Smaska: bets $6
ToDaFelt: calls $6
*** SHOW DOWN ***
Smaska: shows [Ad Ks] (two pair, Aces and Fours)
ToDaFelt: mucks hand
Smaska collected $41.50 from pot
*** SUMMARY ***
Total pot $42 | Rake $0.50
Board [7d 6d 4s 4h Ac]
Seat 3: Smaska (big blind) showed [Ad Ks] and won ($41.50) with two pair, Aces and Fours
Seat 5: ToDaFelt (button) (small blind) mucked


PokerStars Hand #175384883234:  Hold'em Limit ($3/$6 USD) - 2017/09/08 16:58:31 ET
Table 'Eri' 6-max Seat #3 is the button
Seat 3: Smaska ($231.37 in chips)
Seat 5: ToDaFelt ($369.46 in chips)
Smaska: posts small blind $1
ToDaFelt: posts big blind $3
*** HOLE CARDS ***
Smaska: raises $3 to $6
ToDaFelt: raises $3 to $9
Smaska: calls $3
*** FLOP *** [3s Js 7s]
ToDaFelt: bets $3
Smaska: calls $3
*** TURN *** [3s Js 7s] [Ac]
ToDaFelt: bets $6
Smaska: raises $6 to $12
ToDaFelt: calls $6
*** RIVER *** [3s Js 7s Ac] [3d]
ToDaFelt: checks
Smaska: bets $6
ToDaFelt: calls $6
*** SHOW DOWN ***
Smaska: shows [8s 2s] (a flush, Jack high)
ToDaFelt: mucks hand
Smaska collected $59.50 from pot
*** SUMMARY ***
Total pot $60 | Rake $0.50
Board [3s Js 7s Ac 3d]
Seat 3: Smaska (button) (small blind) showed [8s 2s] and won ($59.50) with a flush, Jack high
Seat 5: ToDaFelt (big blind) mucked


PokerStars Hand #175384904106:  Hold'em Limit ($3/$6 USD) - 2017/09/08 16:59:04 ET
Table 'Eri' 6-max Seat #5 is the button
Seat 3: Smaska ($260.87 in chips)
Seat 5: ToDaFelt ($339.46 in chips)
ToDaFelt: posts small blind $1
Smaska: posts big blind $3
*** HOLE CARDS ***
Jannuh joins the table at seat #1
ToDaFelt: raises $3 to $6
Smaska: calls $3
*** FLOP *** [7h Jc Kh]
Smaska: checks
ToDaFelt: bets $3
Smaska: folds
Uncalled bet ($3) returned to ToDaFelt
ToDaFelt collected $11.76 from pot
ToDaFelt: doesn't show hand
*** SUMMARY ***
Total pot $12 | Rake $0.24
Board [7h Jc Kh]
Seat 3: Smaska (big blind) folded on the Flop
Seat 5: ToDaFelt (button) (small blind) collected ($11.76)


PokerStars Hand #175384916775:  Hold'em Limit ($3/$6 USD) - 2017/09/08 16:59:24 ET
Table 'Eri' 6-max Seat #3 is the button
Seat 3: Smaska ($254.87 in chips)
Seat 5: ToDaFelt ($345.22 in chips)
Smaska: posts small blind $1
ToDaFelt: posts big blind $3
*** HOLE CARDS ***
Smaska: raises $3 to $6
ToDaFelt: folds
Uncalled bet ($3) returned to Smaska
Smaska collected $6 from pot
Smaska: doesn't show hand
*** SUMMARY ***
Total pot $6 | Rake $0
Seat 3: Smaska (button) (small blind) collected ($6)
Seat 5: ToDaFelt (big blind) folded before Flop


PokerStars Hand #175385184175:  Hold'em Limit ($3/$6 USD) - 2017/09/08 17:05:18 ET
Table 'Eri' 6-max Seat #1 is the button
Seat 1: Jannuh ($63 in chips)
Seat 5: ToDaFelt ($424.05 in chips)
Jannuh: posts small blind $1
ToDaFelt: posts big blind $3
*** HOLE CARDS ***
Jannuh: raises $3 to $6
ToDaFelt: folds
Uncalled bet ($3) returned to Jannuh
Jannuh collected $6 from pot
Jannuh: doesn't show hand
*** SUMMARY ***
Total pot $6 | Rake $0
Seat 1: Jannuh (button) (small blind) collected ($6)
Seat 5: ToDaFelt (big blind) folded before Flop


PokerStars Hand #175385205787:  Hold'em Limit ($3/$6 USD) - 2017/09/08 17:05:44 ET
Table 'Eri' 6-max Seat #1 is the button
Seat 1: Jannuh ($63 in chips)
Seat 5: ToDaFelt ($424.05 in chips)
Jannuh: posts small blind $1
ToDaFelt: posts big blind $3
*** HOLE CARDS ***
Jannuh: folds
Uncalled bet ($2) returned to ToDaFelt
ToDaFelt collected $2 from pot
ToDaFelt: doesn't show hand
*** SUMMARY ***
Total pot $2 | Rake $0
Seat 1: Jannuh (button) (small blind) folded before Flop
Seat 5: ToDaFelt (big blind) collected ($2)


PokerStars Hand #175385193844:  Hold'em Limit ($3/$6 USD) - 2017/09/08 17:05:30 ET
Table 'Eri' 6-max Seat #5 is the button
Seat 1: Jannuh ($66 in chips)
Seat 5: ToDaFelt ($421.05 in chips)
ToDaFelt: posts small blind $1
Jannuh: posts big blind $3
*** HOLE CARDS ***
ToDaFelt: raises $3 to $6
Jannuh: folds
Uncalled bet ($3) returned to ToDaFelt
ToDaFelt collected $6 from pot
ToDaFelt: doesn't show hand
*** SUMMARY ***
Total pot $6 | Rake $0
Seat 1: Jannuh (big blind) folded before Flop
Seat 5: ToDaFelt (button) (small blind) collected ($6)


