PokerStars Hand #164931251131:  Hold'em Limit ($3/$6 USD) - 2017/01/21 9:31:39 ET
Table 'Eri' 10-max Seat #10 is the button
Seat 2: belik555 ($90 in chips)
Seat 10: Rus29APX ($120 in chips)
Rus29APX: posts small blind $1
belik555: posts big blind $3
*** HOLE CARDS ***
Rus29APX: raises $3 to $6
belik555: raises $3 to $9
Rus29APX: calls $3
*** FLOP *** [8h 2c Ah]
belik555: bets $3
Rus29APX: calls $3
*** TURN *** [8h 2c Ah] [5s]
belik555: checks
Rus29APX: checks
*** RIVER *** [8h 2c Ah 5s] [Qc]
belik555: bets $6
Rus29APX: calls $6
*** SHOW DOWN ***
belik555: shows [5d 6d] (a pair of Fives)
Rus29APX: mucks hand
belik555 collected $35.50 from pot
*** SUMMARY ***
Total pot $36 | Rake $0.50
Board [8h 2c Ah 5s Qc]
Seat 2: belik555 (big blind) showed [5d 6d] and won ($35.50) with a pair of Fives
Seat 10: Rus29APX (button) (small blind) mucked


PokerStars Hand #164931284215:  Hold'em Limit ($3/$6 USD) - 2017/01/21 9:32:24 ET
Table 'Eri' 10-max Seat #2 is the button
Seat 2: belik555 ($107.50 in chips)
Seat 10: Rus29APX ($102 in chips)
belik555: posts small blind $1
Rus29APX: posts big blind $3
*** HOLE CARDS ***
belik555: raises $3 to $6
Rus29APX: calls $3
*** FLOP *** [Ac 9h Td]
Rus29APX: checks
belik555: bets $3
Rus29APX: raises $3 to $6
belik555: raises $3 to $9
Rus29APX: calls $3
*** TURN *** [Ac 9h Td] [Qs]
Rus29APX: checks
belik555: bets $6
Rus29APX: raises $6 to $12
belik555: calls $6
*** RIVER *** [Ac 9h Td Qs] [7c]
Rus29APX: bets $6
belik555: calls $6
*** SHOW DOWN ***
Rus29APX: shows [7h Jc] (a pair of Sevens)
belik555: shows [Qd Qh] (three of a kind, Queens)
belik555 collected $65.50 from pot
*** SUMMARY ***
Total pot $66 | Rake $0.50
Board [Ac 9h Td Qs 7c]
Seat 2: belik555 (button) (small blind) showed [Qd Qh] and won ($65.50) with three of a kind, Queens
Seat 10: Rus29APX (big blind) showed [7h Jc] and lost with a pair of Sevens


