PokerStars Hand #176766529234:  Hold'em Limit ($3/$6 USD) - 2017/10/11 2:49:52 ET
Table 'Eri' 6-max Seat #3 is the button
Seat 1: BugerDV ($71 in chips)
Seat 3: chinoXXL ($121 in chips)
chinoXXL: posts small blind $1
BugerDV: posts big blind $3
*** HOLE CARDS ***
chinoXXL: raises $3 to $6
BugerDV: calls $3
*** FLOP *** [6c 9h Td]
BugerDV: checks
chinoXXL: checks
*** TURN *** [6c 9h Td] [9d]
BugerDV: checks
chinoXXL: bets $6
BugerDV: folds
Uncalled bet ($6) returned to chinoXXL
chinoXXL collected $11.76 from pot
chinoXXL: doesn't show hand
*** SUMMARY ***
Total pot $12 | Rake $0.24
Board [6c 9h Td 9d]
Seat 1: BugerDV (big blind) folded on the Turn
Seat 3: chinoXXL (button) (small blind) collected ($11.76)


PokerStars Hand #176766525898:  Hold'em Limit ($3/$6 USD) - 2017/10/11 2:49:37 ET
Table 'Eri' 6-max Seat #1 is the button
Seat 1: BugerDV ($72 in chips)
Seat 3: chinoXXL ($120 in chips)
BugerDV: posts small blind $1
chinoXXL: posts big blind $3
*** HOLE CARDS ***
BugerDV: folds
Uncalled bet ($2) returned to chinoXXL
chinoXXL collected $2 from pot
chinoXXL: doesn't show hand
*** SUMMARY ***
Total pot $2 | Rake $0
Seat 1: BugerDV (button) (small blind) folded before Flop
Seat 3: chinoXXL (big blind) collected ($2)


PokerStars Hand #176766535457:  Hold'em Limit ($3/$6 USD) - 2017/10/11 2:50:18 ET
Table 'Eri' 6-max Seat #1 is the button
Seat 1: BugerDV ($65 in chips)
Seat 3: chinoXXL ($126.76 in chips)
BugerDV: posts small blind $1
chinoXXL: posts big blind $3
*** HOLE CARDS ***
BugerDV: raises $3 to $6
chinoXXL: calls $3
*** FLOP *** [6c Jh 7s]
chinoXXL: checks
BugerDV: bets $3
chinoXXL: calls $3
*** TURN *** [6c Jh 7s] [3d]
chinoXXL: checks
BugerDV: bets $6
chinoXXL: calls $6
*** RIVER *** [6c Jh 7s 3d] [2s]
chinoXXL: checks
BugerDV: bets $6
chinoXXL: folds
Uncalled bet ($6) returned to BugerDV
BugerDV collected $29.50 from pot
BugerDV: doesn't show hand
*** SUMMARY ***
Total pot $30 | Rake $0.50
Board [6c Jh 7s 3d 2s]
Seat 1: BugerDV (button) (small blind) collected ($29.50)
Seat 3: chinoXXL (big blind) folded on the River


PokerStars Hand #176766541782:  Hold'em Limit ($3/$6 USD) - 2017/10/11 2:50:45 ET
Table 'Eri' 6-max Seat #3 is the button
Seat 1: BugerDV ($79.50 in chips)
Seat 3: chinoXXL ($111.76 in chips)
chinoXXL: posts small blind $1
BugerDV: posts big blind $3
*** HOLE CARDS ***
chinoXXL: raises $3 to $6
BugerDV: calls $3
*** FLOP *** [Kd 9d 8s]
BugerDV: checks
chinoXXL: bets $3
BugerDV: folds
Uncalled bet ($3) returned to chinoXXL
chinoXXL collected $11.76 from pot
chinoXXL: doesn't show hand
*** SUMMARY ***
Total pot $12 | Rake $0.24
Board [Kd 9d 8s]
Seat 1: BugerDV (big blind) folded on the Flop
Seat 3: chinoXXL (button) (small blind) collected ($11.76)


PokerStars Hand #176766552316:  Hold'em Limit ($3/$6 USD) - 2017/10/11 2:51:29 ET
Table 'Eri' 6-max Seat #3 is the button
Seat 1: BugerDV ($49.50 in chips)
Seat 3: chinoXXL ($141.02 in chips)
chinoXXL: posts small blind $1
BugerDV: posts big blind $3
*** HOLE CARDS ***
chinoXXL: calls $2
BugerDV: raises $3 to $6
chinoXXL: calls $3
*** FLOP *** [Tc 2h Jc]
BugerDV: bets $3
chinoXXL: raises $3 to $6
BugerDV: raises $3 to $9
chinoXXL: calls $3
*** TURN *** [Tc 2h Jc] [Ac]
BugerDV: bets $6
chinoXXL: raises $6 to $12
BugerDV: calls $6
*** RIVER *** [Tc 2h Jc Ac] [Jh]
BugerDV: checks
chinoXXL: checks
*** SHOW DOWN ***
BugerDV: shows [Jd Qc] (three of a kind, Jacks)
chinoXXL: mucks hand
BugerDV collected $53.50 from pot
*** SUMMARY ***
Total pot $54 | Rake $0.50
Board [Tc 2h Jc Ac Jh]
Seat 1: BugerDV (big blind) showed [Jd Qc] and won ($53.50) with three of a kind, Jacks
Seat 3: chinoXXL (button) (small blind) mucked


PokerStars Hand #176766558112:  Hold'em Limit ($3/$6 USD) - 2017/10/11 2:51:54 ET
Table 'Eri' 6-max Seat #1 is the button
Seat 1: BugerDV ($76 in chips)
Seat 3: chinoXXL ($114.02 in chips)
BugerDV: posts small blind $1
chinoXXL: posts big blind $3
*** HOLE CARDS ***
BugerDV: raises $3 to $6
chinoXXL: raises $3 to $9
BugerDV: calls $3
*** FLOP *** [6d Ac 7c]
chinoXXL: bets $3
BugerDV: calls $3
*** TURN *** [6d Ac 7c] [Qd]
chinoXXL: bets $6
BugerDV: folds
Uncalled bet ($6) returned to chinoXXL
chinoXXL collected $23.52 from pot
chinoXXL: doesn't show hand
*** SUMMARY ***
Total pot $24 | Rake $0.48
Board [6d Ac 7c Qd]
Seat 1: BugerDV (button) (small blind) folded on the Turn
Seat 3: chinoXXL (big blind) collected ($23.52)


PokerStars Hand #176766546541:  Hold'em Limit ($3/$6 USD) - 2017/10/11 2:51:05 ET
Table 'Eri' 6-max Seat #1 is the button
Seat 1: BugerDV ($73.50 in chips)
Seat 3: chinoXXL ($117.52 in chips)
BugerDV: posts small blind $1
chinoXXL: posts big blind $3
*** HOLE CARDS ***
BugerDV: raises $3 to $6
chinoXXL: calls $3
*** FLOP *** [7c 3h 8d]
chinoXXL: checks
BugerDV: bets $3
chinoXXL: raises $3 to $6
BugerDV: calls $3
*** TURN *** [7c 3h 8d] [Ac]
chinoXXL: bets $6
BugerDV: calls $6
*** RIVER *** [7c 3h 8d Ac] [Jd]
chinoXXL: bets $6
BugerDV: calls $6
*** SHOW DOWN ***
chinoXXL: shows [Ks 7s] (a pair of Sevens)
BugerDV: mucks hand
chinoXXL collected $47.50 from pot
*** SUMMARY ***
Total pot $48 | Rake $0.50
Board [7c 3h 8d Ac Jd]
Seat 1: BugerDV (button) (small blind) mucked
Seat 3: chinoXXL (big blind) showed [Ks 7s] and won ($47.50) with a pair of Sevens


PokerStars Hand #176766569015:  Hold'em Limit ($3/$6 USD) - 2017/10/11 2:52:41 ET
Table 'Eri' 6-max Seat #3 is the button
Seat 1: BugerDV ($42 in chips)
Seat 3: chinoXXL ($147.04 in chips)
chinoXXL: posts small blind $1
BugerDV: posts big blind $3
*** HOLE CARDS ***
chinoXXL: folds
Uncalled bet ($2) returned to BugerDV
BugerDV collected $2 from pot
BugerDV: doesn't show hand
*** SUMMARY ***
Total pot $2 | Rake $0
Seat 1: BugerDV (big blind) collected ($2)
Seat 3: chinoXXL (button) (small blind) folded before Flop


PokerStars Hand #176766567849:  Hold'em Limit ($3/$6 USD) - 2017/10/11 2:52:35 ET
Table 'Eri' 6-max Seat #1 is the button
Seat 1: BugerDV ($43 in chips)
Seat 3: chinoXXL ($146.04 in chips)
BugerDV: posts small blind $1
chinoXXL: posts big blind $3
*** HOLE CARDS ***
BugerDV: folds
Uncalled bet ($2) returned to chinoXXL
chinoXXL collected $2 from pot
chinoXXL: doesn't show hand
*** SUMMARY ***
Total pot $2 | Rake $0
Seat 1: BugerDV (button) (small blind) folded before Flop
Seat 3: chinoXXL (big blind) collected ($2)


PokerStars Hand #176766573457:  Hold'em Limit ($3/$6 USD) - 2017/10/11 2:52:59 ET
Table 'Eri' 6-max Seat #3 is the button
Seat 1: BugerDV ($51.64 in chips)
Seat 3: chinoXXL ($137.04 in chips)
chinoXXL: posts small blind $1
BugerDV: posts big blind $3
*** HOLE CARDS ***
chinoXXL: raises $3 to $6
BugerDV: folds
Uncalled bet ($3) returned to chinoXXL
chinoXXL collected $6 from pot
chinoXXL: doesn't show hand
*** SUMMARY ***
Total pot $6 | Rake $0
Seat 1: BugerDV (big blind) folded before Flop
Seat 3: chinoXXL (button) (small blind) collected ($6)


PokerStars Hand #176766570087:  Hold'em Limit ($3/$6 USD) - 2017/10/11 2:52:45 ET
Table 'Eri' 6-max Seat #1 is the button
Seat 1: BugerDV ($43 in chips)
Seat 3: chinoXXL ($146.04 in chips)
BugerDV: posts small blind $1
chinoXXL: posts big blind $3
*** HOLE CARDS ***
BugerDV: raises $3 to $6
chinoXXL: calls $3
*** FLOP *** [4h Ad 6h]
chinoXXL: checks
BugerDV: bets $3
chinoXXL: calls $3
*** TURN *** [4h Ad 6h] [9h]
chinoXXL: checks
BugerDV: bets $6
chinoXXL: folds
Uncalled bet ($6) returned to BugerDV
BugerDV collected $17.64 from pot
BugerDV: doesn't show hand
*** SUMMARY ***
Total pot $18 | Rake $0.36
Board [4h Ad 6h 9h]
Seat 1: BugerDV (button) (small blind) collected ($17.64)
Seat 3: chinoXXL (big blind) folded on the Turn


PokerStars Hand #176766574689:  Hold'em Limit ($3/$6 USD) - 2017/10/11 2:53:05 ET
Table 'Eri' 6-max Seat #1 is the button
Seat 1: BugerDV ($48.64 in chips)
Seat 3: chinoXXL ($140.04 in chips)
BugerDV: posts small blind $1
chinoXXL: posts big blind $3
*** HOLE CARDS ***
BugerDV: raises $3 to $6
chinoXXL: calls $3
*** FLOP *** [6h 5d 6d]
chinoXXL: checks
BugerDV: bets $3
chinoXXL: raises $3 to $6
BugerDV: calls $3
*** TURN *** [6h 5d 6d] [Td]
chinoXXL: bets $6
BugerDV: raises $6 to $12
chinoXXL: folds
Uncalled bet ($6) returned to BugerDV
BugerDV collected $35.50 from pot
BugerDV: doesn't show hand
*** SUMMARY ***
Total pot $36 | Rake $0.50
Board [6h 5d 6d Td]
Seat 1: BugerDV (button) (small blind) collected ($35.50)
Seat 3: chinoXXL (big blind) folded on the Turn


PokerStars Hand #176766562562:  Hold'em Limit ($3/$6 USD) - 2017/10/11 2:52:13 ET
Table 'Eri' 6-max Seat #3 is the button
Seat 1: BugerDV ($64 in chips)
Seat 3: chinoXXL ($125.54 in chips)
chinoXXL: posts small blind $1
BugerDV: posts big blind $3
*** HOLE CARDS ***
chinoXXL: calls $2
BugerDV: raises $3 to $6
chinoXXL: calls $3
*** FLOP *** [9h 5d 9c]
BugerDV: bets $3
chinoXXL: calls $3
*** TURN *** [9h 5d 9c] [8h]
BugerDV: checks
chinoXXL: bets $6
BugerDV: calls $6
*** RIVER *** [9h 5d 9c 8h] [2c]
BugerDV: checks
chinoXXL: bets $6
BugerDV: calls $6
*** SHOW DOWN ***
chinoXXL: shows [8c Jc] (two pair, Nines and Eights)
BugerDV: mucks hand
chinoXXL collected $41.50 from pot
*** SUMMARY ***
Total pot $42 | Rake $0.50
Board [9h 5d 9c 8h 2c]
Seat 1: BugerDV (big blind) mucked
Seat 3: chinoXXL (button) (small blind) showed [8c Jc] and won ($41.50) with two pair, Nines and Eights


PokerStars Hand #176766578151:  Hold'em Limit ($3/$6 USD) - 2017/10/11 2:53:19 ET
Table 'Eri' 6-max Seat #3 is the button
Seat 1: BugerDV ($66.14 in chips)
Seat 3: chinoXXL ($122.04 in chips)
chinoXXL: posts small blind $1
BugerDV: posts big blind $3
*** HOLE CARDS ***
chinoXXL: calls $2
BugerDV: raises $3 to $6
chinoXXL: raises $3 to $9
BugerDV: calls $3
*** FLOP *** [Kh Kd Qh]
BugerDV: checks
chinoXXL: bets $3
BugerDV: raises $3 to $6
chinoXXL: raises $3 to $9
BugerDV: calls $3
*** TURN *** [Kh Kd Qh] [Th]
BugerDV: bets $6
chinoXXL: raises $6 to $12
BugerDV: calls $6
*** RIVER *** [Kh Kd Qh Th] [3s]
BugerDV: checks
chinoXXL: checks
*** SHOW DOWN ***
BugerDV: shows [9d Qs] (two pair, Kings and Queens)
chinoXXL: mucks hand
BugerDV collected $59.50 from pot
*** SUMMARY ***
Total pot $60 | Rake $0.50
Board [Kh Kd Qh Th 3s]
Seat 1: BugerDV (big blind) showed [9d Qs] and won ($59.50) with two pair, Kings and Queens
Seat 3: chinoXXL (button) (small blind) mucked


PokerStars Hand #176766585077:  Hold'em Limit ($3/$6 USD) - 2017/10/11 2:53:49 ET
Table 'Eri' 6-max Seat #1 is the button
Seat 1: BugerDV ($95.64 in chips)
Seat 3: chinoXXL ($92.04 in chips)
BugerDV: posts small blind $1
chinoXXL: posts big blind $3
*** HOLE CARDS ***
BugerDV: raises $3 to $6
chinoXXL: calls $3
*** FLOP *** [8d Jd Kd]
chinoXXL: checks
BugerDV: bets $3
chinoXXL: raises $3 to $6
BugerDV: calls $3
*** TURN *** [8d Jd Kd] [5h]
chinoXXL: bets $6
BugerDV: calls $6
*** RIVER *** [8d Jd Kd 5h] [6h]
chinoXXL: bets $6
BugerDV: folds
Uncalled bet ($6) returned to chinoXXL
chinoXXL collected $35.50 from pot
chinoXXL: doesn't show hand
*** SUMMARY ***
Total pot $36 | Rake $0.50
Board [8d Jd Kd 5h 6h]
Seat 1: BugerDV (button) (small blind) folded on the River
Seat 3: chinoXXL (big blind) collected ($35.50)


PokerStars Hand #176766590610:  Hold'em Limit ($3/$6 USD) - 2017/10/11 2:54:13 ET
Table 'Eri' 6-max Seat #3 is the button
Seat 1: BugerDV ($77.64 in chips)
Seat 3: chinoXXL ($109.54 in chips)
chinoXXL: posts small blind $1
BugerDV: posts big blind $3
*** HOLE CARDS ***
chinoXXL: calls $2
BugerDV: checks
*** FLOP *** [Js 3c Qh]
BugerDV: checks
chinoXXL: checks
*** TURN *** [Js 3c Qh] [7h]
BugerDV: checks
chinoXXL: checks
*** RIVER *** [Js 3c Qh 7h] [Ac]
BugerDV: checks
chinoXXL: bets $6
BugerDV: folds
Uncalled bet ($6) returned to chinoXXL
chinoXXL collected $5.88 from pot
chinoXXL: doesn't show hand
*** SUMMARY ***
Total pot $6 | Rake $0.12
Board [Js 3c Qh 7h Ac]
Seat 1: BugerDV (big blind) folded on the River
Seat 3: chinoXXL (button) (small blind) collected ($5.88)


PokerStars Hand #176766601787:  Hold'em Limit ($3/$6 USD) - 2017/10/11 2:55:00 ET
Table 'Eri' 6-max Seat #1 is the button
Seat 1: BugerDV ($74.64 in chips)
Seat 3: chinoXXL ($112.42 in chips)
BugerDV: posts small blind $1
chinoXXL: posts big blind $3
*** HOLE CARDS ***
BugerDV: raises $3 to $6
chinoXXL: calls $3
*** FLOP *** [4d 9c 4c]
chinoXXL: checks
BugerDV: bets $3
chinoXXL: calls $3
*** TURN *** [4d 9c 4c] [Tc]
chinoXXL: checks
BugerDV: bets $6
chinoXXL: raises $6 to $12
BugerDV: raises $6 to $18
chinoXXL: raises $6 to $24
Betting is capped
BugerDV: calls $6
*** RIVER *** [4d 9c 4c Tc] [Ah]
chinoXXL: bets $6
BugerDV: raises $6 to $12
chinoXXL: raises $6 to $18
BugerDV: raises $6 to $24
Betting is capped
chinoXXL: calls $6
*** SHOW DOWN ***
BugerDV: shows [Ac Ad] (a full house, Aces full of Fours)
chinoXXL: mucks hand
BugerDV collected $113.50 from pot
*** SUMMARY ***
Total pot $114 | Rake $0.50
Board [4d 9c 4c Tc Ah]
Seat 1: BugerDV (button) (small blind) showed [Ac Ad] and won ($113.50) with a full house, Aces full of Fours
Seat 3: chinoXXL (big blind) mucked


PokerStars Hand #176766607660:  Hold'em Limit ($3/$6 USD) - 2017/10/11 2:55:26 ET
Table 'Eri' 6-max Seat #3 is the button
Seat 1: BugerDV ($131.14 in chips)
Seat 3: chinoXXL ($55.42 in chips)
chinoXXL: posts small blind $1
BugerDV: posts big blind $3
*** HOLE CARDS ***
chinoXXL: raises $3 to $6
BugerDV: raises $3 to $9
chinoXXL: raises $3 to $12
Betting is capped
BugerDV: calls $3
*** FLOP *** [7c 2c 8c]
BugerDV: bets $3
chinoXXL: calls $3
*** TURN *** [7c 2c 8c] [Tc]
BugerDV: bets $6
chinoXXL: raises $6 to $12
BugerDV: calls $6
*** RIVER *** [7c 2c 8c Tc] [7h]
BugerDV: checks
chinoXXL: bets $6
BugerDV: raises $6 to $12
chinoXXL: folds
Uncalled bet ($6) returned to BugerDV
BugerDV collected $65.50 from pot
BugerDV: doesn't show hand
*** SUMMARY ***
Total pot $66 | Rake $0.50
Board [7c 2c 8c Tc 7h]
Seat 1: BugerDV (big blind) collected ($65.50)
Seat 3: chinoXXL (button) (small blind) folded on the River


PokerStars Hand #176766632972:  Hold'em Limit ($3/$6 USD) - 2017/10/11 2:57:18 ET
Table 'Eri' 6-max Seat #3 is the button
Seat 1: BugerDV ($189.78 in chips)
Seat 3: chinoXXL ($319.55 in chips)
chinoXXL: posts small blind $1
BugerDV: posts big blind $3
*** HOLE CARDS ***
chinoXXL: raises $3 to $6
BugerDV: folds
Uncalled bet ($3) returned to chinoXXL
chinoXXL collected $6 from pot
chinoXXL: doesn't show hand
*** SUMMARY ***
Total pot $6 | Rake $0
Seat 1: BugerDV (big blind) folded before Flop
Seat 3: chinoXXL (button) (small blind) collected ($6)


PokerStars Hand #176766627826:  Hold'em Limit ($3/$6 USD) - 2017/10/11 2:56:54 ET
Table 'Eri' 6-max Seat #1 is the button
Seat 1: BugerDV ($181.14 in chips)
Seat 3: chinoXXL ($328.55 in chips)
BugerDV: posts small blind $1
chinoXXL: posts big blind $3
*** HOLE CARDS ***
BugerDV: raises $3 to $6
chinoXXL: calls $3
*** FLOP *** [8s Jc Tc]
chinoXXL: checks
BugerDV: bets $3
chinoXXL: calls $3
*** TURN *** [8s Jc Tc] [Ah]
chinoXXL: checks
BugerDV: bets $6
chinoXXL: folds
Uncalled bet ($6) returned to BugerDV
pokertriss joins the table at seat #2
BugerDV collected $17.64 from pot
BugerDV: doesn't show hand
*** SUMMARY ***
Total pot $18 | Rake $0.36
Board [8s Jc Tc Ah]
Seat 1: BugerDV (button) (small blind) collected ($17.64)
Seat 3: chinoXXL (big blind) folded on the Turn


PokerStars Hand #176766623555:  Hold'em Limit ($3/$6 USD) - 2017/10/11 2:56:34 ET
Table 'Eri' 6-max Seat #3 is the button
Seat 1: BugerDV ($184.14 in chips)
Seat 3: chinoXXL ($325.67 in chips)
chinoXXL: posts small blind $1
BugerDV: posts big blind $3
*** HOLE CARDS ***
chinoXXL: calls $2
BugerDV: checks
*** FLOP *** [Kh 3d 7c]
BugerDV: checks
chinoXXL: checks
*** TURN *** [Kh 3d 7c] [4h]
BugerDV: checks
chinoXXL: bets $6
BugerDV: folds
Uncalled bet ($6) returned to chinoXXL
chinoXXL collected $5.88 from pot
chinoXXL: doesn't show hand
*** SUMMARY ***
Total pot $6 | Rake $0.12
Board [Kh 3d 7c 4h]
Seat 1: BugerDV (big blind) folded on the Turn
Seat 3: chinoXXL (button) (small blind) collected ($5.88)


PokerStars Hand #176766616141:  Hold'em Limit ($3/$6 USD) - 2017/10/11 2:56:06 ET
Table 'Eri' 6-max Seat #1 is the button
Seat 1: BugerDV ($163.64 in chips)
Seat 3: chinoXXL ($346.67 in chips)
BugerDV: posts small blind $1
chinoXXL: posts big blind $3
*** HOLE CARDS ***
BugerDV: raises $3 to $6
chinoXXL: raises $3 to $9
BugerDV: calls $3
*** FLOP *** [6h 5s 8s]
chinoXXL: checks
BugerDV: checks
*** TURN *** [6h 5s 8s] [Qd]
chinoXXL: bets $6
BugerDV: raises $6 to $12
chinoXXL: calls $6
*** RIVER *** [6h 5s 8s Qd] [Jh]
chinoXXL: checks
BugerDV: bets $6
chinoXXL: folds
Uncalled bet ($6) returned to BugerDV
BugerDV collected $41.50 from pot
BugerDV: doesn't show hand
*** SUMMARY ***
Total pot $42 | Rake $0.50
Board [6h 5s 8s Qd Jh]
Seat 1: BugerDV (button) (small blind) collected ($41.50)
Seat 3: chinoXXL (big blind) folded on the River


