PokerStars Hand #144249134856:  Hold'em Limit ($3/$6 USD) - 2015/11/23 0:20:39 ET
Table 'Erida' 2-max Seat #1 is the button
Seat 1: Kosova1968 ($121 in chips)
Seat 2: NIGHTyxa ($72 in chips)
Kosova1968: posts small blind $1
NIGHTyxa: posts big blind $3
*** HOLE CARDS ***
Kosova1968: raises $3 to $6
NIGHTyxa: raises $3 to $9
Kosova1968: calls $3
*** FLOP *** [3c Tc 6s]
NIGHTyxa: bets $3
Kosova1968: raises $3 to $6
NIGHTyxa: calls $3
*** TURN *** [3c Tc 6s] [Ac]
NIGHTyxa: checks
Kosova1968: bets $6
NIGHTyxa: raises $6 to $12
Kosova1968: calls $6
*** RIVER *** [3c Tc 6s Ac] [4c]
NIGHTyxa: bets $6
Kosova1968: calls $6
*** SHOW DOWN ***
NIGHTyxa: shows [Qd Qc] (a flush, Ace high)
Kosova1968: shows [9h 9c] (a flush, Ace high - lower cards)
NIGHTyxa collected $65.50 from pot
*** SUMMARY ***
Total pot $66 | Rake $0.50
Board [3c Tc 6s Ac 4c]
Seat 1: Kosova1968 (button) (small blind) showed [9h 9c] and lost with a flush, Ace high
Seat 2: NIGHTyxa (big blind) showed [Qd Qc] and won ($65.50) with a flush, Ace high


PokerStars Hand #144249151163:  Hold'em Limit ($3/$6 USD) - 2015/11/23 0:21:49 ET
Table 'Erida' 2-max Seat #2 is the button
Seat 1: Kosova1968 ($82.52 in chips)
Seat 2: NIGHTyxa ($109 in chips)
NIGHTyxa: posts small blind $1
Kosova1968: posts big blind $3
*** HOLE CARDS ***
NIGHTyxa: raises $3 to $6
Kosova1968: raises $3 to $9
NIGHTyxa: calls $3
*** FLOP *** [8d 9d As]
Kosova1968: bets $3
NIGHTyxa: calls $3
*** TURN *** [8d 9d As] [Jc]
Kosova1968: bets $6
NIGHTyxa: calls $6
*** RIVER *** [8d 9d As Jc] [Qc]
Kosova1968: bets $6
NIGHTyxa: calls $6
*** SHOW DOWN ***
Kosova1968: shows [Ks Kc] (a pair of Kings)
NIGHTyxa: shows [Ad 3h] (a pair of Aces)
NIGHTyxa collected $47.50 from pot
*** SUMMARY ***
Total pot $48 | Rake $0.50
Board [8d 9d As Jc Qc]
Seat 1: Kosova1968 (big blind) showed [Ks Kc] and lost with a pair of Kings
Seat 2: NIGHTyxa (button) (small blind) showed [Ad 3h] and won ($47.50) with a pair of Aces


PokerStars Hand #144249149964:  Hold'em Limit ($3/$6 USD) - 2015/11/23 0:21:43 ET
Table 'Erida' 2-max Seat #1 is the button
Seat 1: Kosova1968 ($83.52 in chips)
Seat 2: NIGHTyxa ($108 in chips)
Kosova1968: posts small blind $1
NIGHTyxa: posts big blind $3
*** HOLE CARDS ***
Kosova1968: folds
Uncalled bet ($2) returned to NIGHTyxa
NIGHTyxa collected $2 from pot
NIGHTyxa: doesn't show hand
*** SUMMARY ***
Total pot $2 | Rake $0
Seat 1: Kosova1968 (button) (small blind) folded before Flop
Seat 2: NIGHTyxa (big blind) collected ($2)


PokerStars Hand #144249146691:  Hold'em Limit ($3/$6 USD) - 2015/11/23 0:21:29 ET
Table 'Erida' 2-max Seat #2 is the button
Seat 1: Kosova1968 ($72 in chips)
Seat 2: NIGHTyxa ($120 in chips)
NIGHTyxa: posts small blind $1
Kosova1968: posts big blind $3
*** HOLE CARDS ***
NIGHTyxa: raises $3 to $6
Kosova1968: raises $3 to $9
NIGHTyxa: calls $3
*** FLOP *** [3s 9d Qs]
Kosova1968: bets $3
NIGHTyxa: calls $3
*** TURN *** [3s 9d Qs] [5s]
Kosova1968: bets $6
NIGHTyxa: folds
Uncalled bet ($6) returned to Kosova1968
Kosova1968 collected $23.52 from pot
*** SUMMARY ***
Total pot $24 | Rake $0.48
Board [3s 9d Qs 5s]
Seat 1: Kosova1968 (big blind) collected ($23.52)
Seat 2: NIGHTyxa (button) (small blind) folded on the Turn


PokerStars Hand #144249145551:  Hold'em Limit ($3/$6 USD) - 2015/11/23 0:21:24 ET
Table 'Erida' 2-max Seat #1 is the button
Seat 1: Kosova1968 ($73 in chips)
Seat 2: NIGHTyxa ($119 in chips)
Kosova1968: posts small blind $1
NIGHTyxa: posts big blind $3
*** HOLE CARDS ***
Kosova1968: folds
Uncalled bet ($2) returned to NIGHTyxa
NIGHTyxa collected $2 from pot
NIGHTyxa: doesn't show hand
*** SUMMARY ***
Total pot $2 | Rake $0
Seat 1: Kosova1968 (button) (small blind) folded before Flop
Seat 2: NIGHTyxa (big blind) collected ($2)


PokerStars Hand #144249141268:  Hold'em Limit ($3/$6 USD) - 2015/11/23 0:21:06 ET
Table 'Erida' 2-max Seat #2 is the button
Seat 1: Kosova1968 ($88 in chips)
Seat 2: NIGHTyxa ($104.50 in chips)
NIGHTyxa: posts small blind $1
Kosova1968: posts big blind $3
*** HOLE CARDS ***
NIGHTyxa: raises $3 to $6
Kosova1968: calls $3
*** FLOP *** [Th 6d 7d]
Kosova1968: bets $3
NIGHTyxa: calls $3
*** TURN *** [Th 6d 7d] [5s]
Kosova1968: bets $6
NIGHTyxa: calls $6
*** RIVER *** [Th 6d 7d 5s] [3d]
Kosova1968: checks
NIGHTyxa: checks
*** SHOW DOWN ***
Kosova1968: shows [Kh 2s] (high card King)
NIGHTyxa: shows [9s As] (high card Ace)
NIGHTyxa collected $29.50 from pot
*** SUMMARY ***
Total pot $30 | Rake $0.50
Board [Th 6d 7d 5s 3d]
Seat 1: Kosova1968 (big blind) showed [Kh 2s] and lost with high card King
Seat 2: NIGHTyxa (button) (small blind) showed [9s As] and won ($29.50) with high card Ace


PokerStars Hand #144249159709:  Hold'em Limit ($3/$6 USD) - 2015/11/23 0:22:26 ET
Table 'Erida' 2-max Seat #2 is the button
Seat 1: Kosova1968 ($67.16 in chips)
Seat 2: NIGHTyxa ($123.50 in chips)
NIGHTyxa: posts small blind $1
Kosova1968: posts big blind $3
*** HOLE CARDS ***
NIGHTyxa: raises $3 to $6
Kosova1968: calls $3
*** FLOP *** [7s Jd 6d]
Kosova1968: checks
NIGHTyxa: bets $3
Kosova1968: raises $3 to $6
NIGHTyxa: calls $3
*** TURN *** [7s Jd 6d] [8s]
Kosova1968: bets $6
NIGHTyxa: raises $6 to $12
Kosova1968: calls $6
*** RIVER *** [7s Jd 6d 8s] [9c]
Kosova1968: checks
NIGHTyxa: bets $6
Kosova1968: calls $6
*** SHOW DOWN ***
NIGHTyxa: shows [Jc Qh] (a pair of Jacks)
Kosova1968: mucks hand
NIGHTyxa collected $59.50 from pot
*** SUMMARY ***
Total pot $60 | Rake $0.50
Board [7s Jd 6d 8s 9c]
Seat 1: Kosova1968 (big blind) mucked
Seat 2: NIGHTyxa (button) (small blind) showed [Jc Qh] and won ($59.50) with a pair of Jacks


PokerStars Hand #144249156014:  Hold'em Limit ($3/$6 USD) - 2015/11/23 0:22:09 ET
Table 'Erida' 2-max Seat #1 is the button
Seat 1: Kosova1968 ($58.52 in chips)
Seat 2: NIGHTyxa ($132.50 in chips)
Kosova1968: posts small blind $1
NIGHTyxa: posts big blind $3
*** HOLE CARDS ***
Kosova1968: raises $3 to $6
NIGHTyxa: calls $3
*** FLOP *** [8h 2d As]
NIGHTyxa: checks
Kosova1968: bets $3
NIGHTyxa: calls $3
*** TURN *** [8h 2d As] [Qc]
NIGHTyxa: checks
Kosova1968: bets $6
NIGHTyxa: folds
Uncalled bet ($6) returned to Kosova1968
Kosova1968 collected $17.64 from pot
*** SUMMARY ***
Total pot $18 | Rake $0.36
Board [8h 2d As Qc]
Seat 1: Kosova1968 (button) (small blind) collected ($17.64)
Seat 2: NIGHTyxa (big blind) folded on the Turn


PokerStars Hand #144249166024:  Hold'em Limit ($3/$6 USD) - 2015/11/23 0:22:52 ET
Table 'Erida' 2-max Seat #1 is the button
Seat 1: Kosova1968 ($37.16 in chips)
Seat 2: NIGHTyxa ($153 in chips)
Kosova1968: posts small blind $1
NIGHTyxa: posts big blind $3
*** HOLE CARDS ***
Kosova1968: raises $3 to $6
NIGHTyxa: raises $3 to $9
Kosova1968: calls $3
*** FLOP *** [6d Kc 4h]
NIGHTyxa: bets $3
Kosova1968: calls $3
*** TURN *** [6d Kc 4h] [Ac]
NIGHTyxa: bets $6
Kosova1968: calls $6
*** RIVER *** [6d Kc 4h Ac] [8c]
NIGHTyxa: bets $6
Kosova1968: calls $6
*** SHOW DOWN ***
NIGHTyxa: shows [As Qd] (a pair of Aces)
Kosova1968: mucks hand
NIGHTyxa collected $47.50 from pot
*** SUMMARY ***
Total pot $48 | Rake $0.50
Board [6d Kc 4h Ac 8c]
Seat 1: Kosova1968 (button) (small blind) mucked
Seat 2: NIGHTyxa (big blind) showed [As Qd] and won ($47.50) with a pair of Aces


PokerStars Hand #144249188657:  Hold'em Limit ($3/$6 USD) - 2015/11/23 0:24:30 ET
Table 'Erida' 2-max Seat #1 is the button
Seat 1: Kosova1968 ($99 in chips)
Seat 2: NIGHTyxa ($209.66 in chips)
Kosova1968: posts small blind $1
NIGHTyxa: posts big blind $3
*** HOLE CARDS ***
Kosova1968: raises $3 to $6
NIGHTyxa: calls $3
*** FLOP *** [9d Ts Qd]
NIGHTyxa: checks
Kosova1968: bets $3
NIGHTyxa: calls $3
*** TURN *** [9d Ts Qd] [Tc]
NIGHTyxa: checks
Kosova1968: bets $6
NIGHTyxa: raises $6 to $12
Kosova1968: calls $6
*** RIVER *** [9d Ts Qd Tc] [8h]
NIGHTyxa: bets $6
Kosova1968: calls $6
*** SHOW DOWN ***
NIGHTyxa: shows [Td 9s] (a full house, Tens full of Nines)
Kosova1968: mucks hand
NIGHTyxa collected $53.50 from pot
*** SUMMARY ***
Total pot $54 | Rake $0.50
Board [9d Ts Qd Tc 8h]
Seat 1: Kosova1968 (button) (small blind) mucked
Seat 2: NIGHTyxa (big blind) showed [Td 9s] and won ($53.50) with a full house, Tens full of Nines


PokerStars Hand #144249193994:  Hold'em Limit ($3/$6 USD) - 2015/11/23 0:24:54 ET
Table 'Erida' 2-max Seat #2 is the button
Seat 1: Kosova1968 ($72 in chips)
Seat 2: NIGHTyxa ($236.16 in chips)
NIGHTyxa: posts small blind $1
Kosova1968: posts big blind $3
*** HOLE CARDS ***
NIGHTyxa: folds
Uncalled bet ($2) returned to Kosova1968
Kosova1968 collected $2 from pot
*** SUMMARY ***
Total pot $2 | Rake $0
Seat 1: Kosova1968 (big blind) collected ($2)
Seat 2: NIGHTyxa (button) (small blind) folded before Flop


PokerStars Hand #144249195341:  Hold'em Limit ($3/$6 USD) - 2015/11/23 0:24:59 ET
Table 'Erida' 2-max Seat #1 is the button
Seat 1: Kosova1968 ($73 in chips)
Seat 2: NIGHTyxa ($235.16 in chips)
Kosova1968: posts small blind $1
NIGHTyxa: posts big blind $3
*** HOLE CARDS ***
Kosova1968: raises $3 to $6
NIGHTyxa: calls $3
*** FLOP *** [8h 4c 7s]
NIGHTyxa: checks
Kosova1968: bets $3
NIGHTyxa: calls $3
*** TURN *** [8h 4c 7s] [Ac]
NIGHTyxa: checks
Kosova1968: bets $6
NIGHTyxa: raises $6 to $12
Kosova1968: calls $6
*** RIVER *** [8h 4c 7s Ac] [2d]
NIGHTyxa: bets $6
Kosova1968: calls $6
*** SHOW DOWN ***
NIGHTyxa: shows [Ad Tc] (a pair of Aces)
Kosova1968: shows [9h 8c] (a pair of Eights)
NIGHTyxa collected $53.50 from pot
*** SUMMARY ***
Total pot $54 | Rake $0.50
Board [8h 4c 7s Ac 2d]
Seat 1: Kosova1968 (button) (small blind) showed [9h 8c] and lost with a pair of Eights
Seat 2: NIGHTyxa (big blind) showed [Ad Tc] and won ($53.50) with a pair of Aces


PokerStars Hand #144249204807:  Hold'em Limit ($3/$6 USD) - 2015/11/23 0:25:41 ET
Table 'Erida' 2-max Seat #1 is the button
Seat 1: Kosova1968 ($31 in chips)
Seat 2: NIGHTyxa ($276.16 in chips)
Kosova1968: posts small blind $1
NIGHTyxa: posts big blind $3
*** HOLE CARDS ***
Kosova1968: raises $3 to $6
NIGHTyxa: calls $3
*** FLOP *** [Ah 2h Ks]
NIGHTyxa: checks
Kosova1968: bets $3
NIGHTyxa: calls $3
*** TURN *** [Ah 2h Ks] [Th]
NIGHTyxa: checks
Kosova1968: bets $6
NIGHTyxa: folds
Uncalled bet ($6) returned to Kosova1968
Kosova1968 collected $17.64 from pot
*** SUMMARY ***
Total pot $18 | Rake $0.36
Board [Ah 2h Ks Th]
Seat 1: Kosova1968 (button) (small blind) collected ($17.64)
Seat 2: NIGHTyxa (big blind) folded on the Turn


PokerStars Hand #144249207623:  Hold'em Limit ($3/$6 USD) - 2015/11/23 0:25:53 ET
Table 'Erida' 2-max Seat #2 is the button
Seat 1: Kosova1968 ($39.64 in chips)
Seat 2: NIGHTyxa ($267.16 in chips)
NIGHTyxa: posts small blind $1
Kosova1968: posts big blind $3
*** HOLE CARDS ***
NIGHTyxa: raises $3 to $6
Kosova1968: raises $3 to $9
NIGHTyxa: calls $3
*** FLOP *** [4d 2d 7c]
Kosova1968: bets $3
NIGHTyxa: calls $3
*** TURN *** [4d 2d 7c] [Jh]
Kosova1968: bets $6
NIGHTyxa: folds
Uncalled bet ($6) returned to Kosova1968
Kosova1968 collected $23.52 from pot
*** SUMMARY ***
Total pot $24 | Rake $0.48
Board [4d 2d 7c Jh]
Seat 1: Kosova1968 (big blind) collected ($23.52)
Seat 2: NIGHTyxa (button) (small blind) folded on the Turn


PokerStars Hand #144249199671:  Hold'em Limit ($3/$6 USD) - 2015/11/23 0:25:18 ET
Table 'Erida' 2-max Seat #2 is the button
Seat 1: Kosova1968 ($46 in chips)
Seat 2: NIGHTyxa ($261.66 in chips)
NIGHTyxa: posts small blind $1
Kosova1968: posts big blind $3
*** HOLE CARDS ***
NIGHTyxa: raises $3 to $6
Kosova1968: calls $3
*** FLOP *** [As 3s Js]
Kosova1968: checks
NIGHTyxa: bets $3
Kosova1968: calls $3
*** TURN *** [As 3s Js] [9d]
Kosova1968: checks
NIGHTyxa: checks
*** RIVER *** [As 3s Js 9d] [5h]
Kosova1968: bets $6
NIGHTyxa: calls $6
*** SHOW DOWN ***
Kosova1968: shows [8c Tc] (high card Ace)
NIGHTyxa: shows [Qs Td] (high card Ace - Queen kicker)
NIGHTyxa collected $29.50 from pot
*** SUMMARY ***
Total pot $30 | Rake $0.50
Board [As 3s Js 9d 5h]
Seat 1: Kosova1968 (big blind) showed [8c Tc] and lost with high card Ace
Seat 2: NIGHTyxa (button) (small blind) showed [Qs Td] and won ($29.50) with high card Ace


PokerStars Hand #144249217559:  Hold'em Limit ($3/$6 USD) - 2015/11/23 0:26:36 ET
Table 'Erida' 2-max Seat #1 is the button
Seat 1: Kosova1968 ($31.16 in chips)
Seat 2: NIGHTyxa ($274.66 in chips)
Kosova1968: posts small blind $1
NIGHTyxa: posts big blind $3
*** HOLE CARDS ***
Kosova1968: raises $3 to $6
NIGHTyxa: calls $3
*** FLOP *** [Kh 3d 5c]
NIGHTyxa: checks
Kosova1968: bets $3
NIGHTyxa: calls $3
*** TURN *** [Kh 3d 5c] [2h]
NIGHTyxa: checks
Kosova1968: bets $6
NIGHTyxa: calls $6
*** RIVER *** [Kh 3d 5c 2h] [Jh]
NIGHTyxa: checks
Kosova1968: bets $6
NIGHTyxa: calls $6
*** SHOW DOWN ***
Kosova1968: shows [9h Kd] (a pair of Kings)
NIGHTyxa: mucks hand
Kosova1968 collected $41.50 from pot
*** SUMMARY ***
Total pot $42 | Rake $0.50
Board [Kh 3d 5c 2h Jh]
Seat 1: Kosova1968 (button) (small blind) showed [9h Kd] and won ($41.50) with a pair of Kings
Seat 2: NIGHTyxa (big blind) mucked


PokerStars Hand #144249222964:  Hold'em Limit ($3/$6 USD) - 2015/11/23 0:27:00 ET
Table 'Erida' 2-max Seat #2 is the button
Seat 1: Kosova1968 ($51.66 in chips)
Seat 2: NIGHTyxa ($253.66 in chips)
NIGHTyxa: posts small blind $1
Kosova1968: posts big blind $3
*** HOLE CARDS ***
NIGHTyxa: raises $3 to $6
Kosova1968: raises $3 to $9
NIGHTyxa: calls $3
*** FLOP *** [Ks Ac 6d]
Kosova1968: bets $3
NIGHTyxa: folds
Uncalled bet ($3) returned to Kosova1968
Kosova1968 collected $17.64 from pot
*** SUMMARY ***
Total pot $18 | Rake $0.36
Board [Ks Ac 6d]
Seat 1: Kosova1968 (big blind) collected ($17.64)
Seat 2: NIGHTyxa (button) (small blind) folded on the Flop


PokerStars Hand #144249227541:  Hold'em Limit ($3/$6 USD) - 2015/11/23 0:27:20 ET
Table 'Erida' 2-max Seat #2 is the button
Seat 1: Kosova1968 ($63.18 in chips)
Seat 2: NIGHTyxa ($241.66 in chips)
NIGHTyxa: posts small blind $1
Kosova1968: posts big blind $3
*** HOLE CARDS ***
NIGHTyxa: folds
Uncalled bet ($2) returned to Kosova1968
Kosova1968 collected $2 from pot
*** SUMMARY ***
Total pot $2 | Rake $0
Seat 1: Kosova1968 (big blind) collected ($2)
Seat 2: NIGHTyxa (button) (small blind) folded before Flop


PokerStars Hand #144249225397:  Hold'em Limit ($3/$6 USD) - 2015/11/23 0:27:11 ET
Table 'Erida' 2-max Seat #1 is the button
Seat 1: Kosova1968 ($60.30 in chips)
Seat 2: NIGHTyxa ($244.66 in chips)
Kosova1968: posts small blind $1
NIGHTyxa: posts big blind $3
*** HOLE CARDS ***
Kosova1968: calls $2
NIGHTyxa: checks
*** FLOP *** [Th 4d 8h]
NIGHTyxa: checks
Kosova1968: bets $3
NIGHTyxa: folds
Uncalled bet ($3) returned to Kosova1968
Kosova1968 collected $5.88 from pot
*** SUMMARY ***
Total pot $6 | Rake $0.12
Board [Th 4d 8h]
Seat 1: Kosova1968 (button) (small blind) collected ($5.88)
Seat 2: NIGHTyxa (big blind) folded on the Flop


PokerStars Hand #144249216467:  Hold'em Limit ($3/$6 USD) - 2015/11/23 0:26:31 ET
Table 'Erida' 2-max Seat #2 is the button
Seat 1: Kosova1968 ($30.16 in chips)
Seat 2: NIGHTyxa ($275.66 in chips)
NIGHTyxa: posts small blind $1
Kosova1968: posts big blind $3
*** HOLE CARDS ***
NIGHTyxa: folds
Uncalled bet ($2) returned to Kosova1968
Kosova1968 collected $2 from pot
*** SUMMARY ***
Total pot $2 | Rake $0
Seat 1: Kosova1968 (big blind) collected ($2)
Seat 2: NIGHTyxa (button) (small blind) folded before Flop


PokerStars Hand #144249210905:  Hold'em Limit ($3/$6 USD) - 2015/11/23 0:26:07 ET
Table 'Erida' 2-max Seat #1 is the button
Seat 1: Kosova1968 ($51.16 in chips)
Seat 2: NIGHTyxa ($255.16 in chips)
Kosova1968: posts small blind $1
NIGHTyxa: posts big blind $3
*** HOLE CARDS ***
Kosova1968: raises $3 to $6
NIGHTyxa: calls $3
*** FLOP *** [4d Qs 2d]
NIGHTyxa: checks
Kosova1968: bets $3
NIGHTyxa: calls $3
*** TURN *** [4d Qs 2d] [Ad]
NIGHTyxa: checks
Kosova1968: bets $6
NIGHTyxa: raises $6 to $12
Kosova1968: calls $6
*** RIVER *** [4d Qs 2d Ad] [Jd]
NIGHTyxa: bets $6
Kosova1968: folds
Uncalled bet ($6) returned to NIGHTyxa
NIGHTyxa collected $41.50 from pot
NIGHTyxa: doesn't show hand
*** SUMMARY ***
Total pot $42 | Rake $0.50
Board [4d Qs 2d Ad Jd]
Seat 1: Kosova1968 (button) (small blind) folded on the River
Seat 2: NIGHTyxa (big blind) collected ($41.50)


PokerStars Hand #144249233660:  Hold'em Limit ($3/$6 USD) - 2015/11/23 0:27:47 ET
Table 'Erida' 2-max Seat #2 is the button
Seat 1: Kosova1968 ($37.18 in chips)
Seat 2: NIGHTyxa ($267.16 in chips)
NIGHTyxa: posts small blind $1
Kosova1968: posts big blind $3
*** HOLE CARDS ***
NIGHTyxa: raises $3 to $6
Kosova1968: raises $3 to $9
NIGHTyxa: calls $3
*** FLOP *** [3d 4c Tc]
Kosova1968: bets $3
NIGHTyxa: calls $3
*** TURN *** [3d 4c Tc] [4s]
Kosova1968: bets $6
NIGHTyxa: calls $6
*** RIVER *** [3d 4c Tc 4s] [8c]
Kosova1968: bets $6
NIGHTyxa: folds
Uncalled bet ($6) returned to Kosova1968
Kosova1968 collected $35.50 from pot
*** SUMMARY ***
Total pot $36 | Rake $0.50
Board [3d 4c Tc 4s 8c]
Seat 1: Kosova1968 (big blind) collected ($35.50)
Seat 2: NIGHTyxa (button) (small blind) folded on the River


PokerStars Hand #144249236909:  Hold'em Limit ($3/$6 USD) - 2015/11/23 0:28:01 ET
Table 'Erida' 2-max Seat #1 is the button
Seat 1: Kosova1968 ($54.68 in chips)
Seat 2: NIGHTyxa ($249.16 in chips)
Kosova1968: posts small blind $1
NIGHTyxa: posts big blind $3
*** HOLE CARDS ***
Kosova1968: calls $2
NIGHTyxa: checks
*** FLOP *** [Jd 2d 6d]
NIGHTyxa: checks
Kosova1968: bets $3
NIGHTyxa: folds
Uncalled bet ($3) returned to Kosova1968
Kosova1968 collected $5.88 from pot
*** SUMMARY ***
Total pot $6 | Rake $0.12
Board [Jd 2d 6d]
Seat 1: Kosova1968 (button) (small blind) collected ($5.88)
Seat 2: NIGHTyxa (big blind) folded on the Flop


PokerStars Hand #144249228623:  Hold'em Limit ($3/$6 USD) - 2015/11/23 0:27:25 ET
Table 'Erida' 2-max Seat #1 is the button
Seat 1: Kosova1968 ($64.18 in chips)
Seat 2: NIGHTyxa ($240.66 in chips)
Kosova1968: posts small blind $1
NIGHTyxa: posts big blind $3
*** HOLE CARDS ***
Kosova1968: raises $3 to $6
NIGHTyxa: calls $3
*** FLOP *** [7h 6h 7s]
NIGHTyxa: checks
Kosova1968: bets $3
NIGHTyxa: calls $3
*** TURN *** [7h 6h 7s] [Jh]
NIGHTyxa: checks
Kosova1968: bets $6
NIGHTyxa: raises $6 to $12
Kosova1968: calls $6
*** RIVER *** [7h 6h 7s Jh] [Kc]
NIGHTyxa: bets $6
Kosova1968: calls $6
*** SHOW DOWN ***
NIGHTyxa: shows [Js 7d] (a full house, Sevens full of Jacks)
Kosova1968: mucks hand
NIGHTyxa collected $53.50 from pot
*** SUMMARY ***
Total pot $54 | Rake $0.50
Board [7h 6h 7s Jh Kc]
Seat 1: Kosova1968 (button) (small blind) mucked
Seat 2: NIGHTyxa (big blind) showed [Js 7d] and won ($53.50) with a full house, Sevens full of Jacks


PokerStars Hand #144249253475:  Hold'em Limit ($3/$6 USD) - 2015/11/23 0:29:12 ET
Table 'Erida' 2-max Seat #2 is the button
Seat 1: Kosova1968 ($90.34 in chips)
Seat 2: NIGHTyxa ($212.16 in chips)
NIGHTyxa: posts small blind $1
Kosova1968: posts big blind $3
*** HOLE CARDS ***
NIGHTyxa: folds
Uncalled bet ($2) returned to Kosova1968
Kosova1968 collected $2 from pot
*** SUMMARY ***
Total pot $2 | Rake $0
Seat 1: Kosova1968 (big blind) collected ($2)
Seat 2: NIGHTyxa (button) (small blind) folded before Flop


PokerStars Hand #144249250486:  Hold'em Limit ($3/$6 USD) - 2015/11/23 0:28:59 ET
Table 'Erida' 2-max Seat #1 is the button
Seat 1: Kosova1968 ($81.70 in chips)
Seat 2: NIGHTyxa ($221.16 in chips)
Kosova1968: posts small blind $1
NIGHTyxa: posts big blind $3
*** HOLE CARDS ***
Kosova1968: raises $3 to $6
NIGHTyxa: calls $3
*** FLOP *** [3c 3d 9c]
NIGHTyxa: checks
Kosova1968: bets $3
NIGHTyxa: calls $3
*** TURN *** [3c 3d 9c] [As]
NIGHTyxa: checks
Kosova1968: bets $6
NIGHTyxa: folds
Uncalled bet ($6) returned to Kosova1968
Kosova1968 collected $17.64 from pot
*** SUMMARY ***
Total pot $18 | Rake $0.36
Board [3c 3d 9c As]
Seat 1: Kosova1968 (button) (small blind) collected ($17.64)
Seat 2: NIGHTyxa (big blind) folded on the Turn


PokerStars Hand #144249239472:  Hold'em Limit ($3/$6 USD) - 2015/11/23 0:28:12 ET
Table 'Erida' 2-max Seat #2 is the button
Seat 1: Kosova1968 ($57.56 in chips)
Seat 2: NIGHTyxa ($246.16 in chips)
NIGHTyxa: posts small blind $1
Kosova1968: posts big blind $3
*** HOLE CARDS ***
NIGHTyxa: raises $3 to $6
Kosova1968: calls $3
*** FLOP *** [9c Qc 4d]
Kosova1968: bets $3
NIGHTyxa: calls $3
*** TURN *** [9c Qc 4d] [6c]
Kosova1968: checks
NIGHTyxa: bets $6
Kosova1968: calls $6
*** RIVER *** [9c Qc 4d 6c] [8d]
Kosova1968: checks
NIGHTyxa: checks
*** SHOW DOWN ***
Kosova1968: shows [Kc 2c] (a flush, King high)
NIGHTyxa: mucks hand
Kosova1968 collected $29.50 from pot
*** SUMMARY ***
Total pot $30 | Rake $0.50
Board [9c Qc 4d 6c 8d]
Seat 1: Kosova1968 (big blind) showed [Kc 2c] and won ($29.50) with a flush, King high
Seat 2: NIGHTyxa (button) (small blind) mucked


PokerStars Hand #144249254499:  Hold'em Limit ($3/$6 USD) - 2015/11/23 0:29:17 ET
Table 'Erida' 2-max Seat #1 is the button
Seat 1: Kosova1968 ($91.34 in chips)
Seat 2: NIGHTyxa ($211.16 in chips)
Kosova1968: posts small blind $1
NIGHTyxa: posts big blind $3
*** HOLE CARDS ***
Kosova1968: raises $3 to $6
NIGHTyxa: calls $3
*** FLOP *** [Ks 8c 3c]
NIGHTyxa: checks
Kosova1968: bets $3
NIGHTyxa: folds
Uncalled bet ($3) returned to Kosova1968
Kosova1968 collected $11.76 from pot
*** SUMMARY ***
Total pot $12 | Rake $0.24
Board [Ks 8c 3c]
Seat 1: Kosova1968 (button) (small blind) collected ($11.76)
Seat 2: NIGHTyxa (big blind) folded on the Flop


PokerStars Hand #144249244024:  Hold'em Limit ($3/$6 USD) - 2015/11/23 0:28:31 ET
Table 'Erida' 2-max Seat #1 is the button
Seat 1: Kosova1968 ($72.06 in chips)
Seat 2: NIGHTyxa ($231.16 in chips)
Kosova1968: posts small blind $1
NIGHTyxa: posts big blind $3
*** HOLE CARDS ***
Kosova1968: calls $2
NIGHTyxa: raises $3 to $6
Kosova1968: calls $3
*** FLOP *** [7d 4d Tc]
NIGHTyxa: bets $3
Kosova1968: calls $3
*** TURN *** [7d 4d Tc] [2d]
NIGHTyxa: checks
Kosova1968: checks
*** RIVER *** [7d 4d Tc 2d] [5d]
NIGHTyxa: checks
Kosova1968: bets $6
NIGHTyxa: folds
Uncalled bet ($6) returned to Kosova1968
Kosova1968 collected $17.64 from pot
*** SUMMARY ***
Total pot $18 | Rake $0.36
Board [7d 4d Tc 2d 5d]
Seat 1: Kosova1968 (button) (small blind) collected ($17.64)
Seat 2: NIGHTyxa (big blind) folded on the River


PokerStars Hand #144249249263:  Hold'em Limit ($3/$6 USD) - 2015/11/23 0:28:54 ET
Table 'Erida' 2-max Seat #2 is the button
Seat 1: Kosova1968 ($80.70 in chips)
Seat 2: NIGHTyxa ($222.16 in chips)
NIGHTyxa: posts small blind $1
Kosova1968: posts big blind $3
*** HOLE CARDS ***
NIGHTyxa: folds
Uncalled bet ($2) returned to Kosova1968
Kosova1968 collected $2 from pot
*** SUMMARY ***
Total pot $2 | Rake $0
Seat 1: Kosova1968 (big blind) collected ($2)
Seat 2: NIGHTyxa (button) (small blind) folded before Flop


PokerStars Hand #144249257876:  Hold'em Limit ($3/$6 USD) - 2015/11/23 0:29:31 ET
Table 'Erida' 2-max Seat #1 is the button
Seat 1: Kosova1968 ($98.10 in chips)
Seat 2: NIGHTyxa ($204.16 in chips)
Kosova1968: posts small blind $1
NIGHTyxa: posts big blind $3
*** HOLE CARDS ***
Kosova1968: raises $3 to $6
NIGHTyxa: calls $3
*** FLOP *** [Ah Qh Qs]
NIGHTyxa: checks
Kosova1968: bets $3
NIGHTyxa: folds
Uncalled bet ($3) returned to Kosova1968
Kosova1968 collected $11.76 from pot
*** SUMMARY ***
Total pot $12 | Rake $0.24
Board [Ah Qh Qs]
Seat 1: Kosova1968 (button) (small blind) collected ($11.76)
Seat 2: NIGHTyxa (big blind) folded on the Flop


PokerStars Hand #144249256720:  Hold'em Limit ($3/$6 USD) - 2015/11/23 0:29:26 ET
Table 'Erida' 2-max Seat #2 is the button
Seat 1: Kosova1968 ($97.10 in chips)
Seat 2: NIGHTyxa ($205.16 in chips)
NIGHTyxa: posts small blind $1
Kosova1968: posts big blind $3
*** HOLE CARDS ***
NIGHTyxa: folds
Uncalled bet ($2) returned to Kosova1968
Kosova1968 collected $2 from pot
*** SUMMARY ***
Total pot $2 | Rake $0
Seat 1: Kosova1968 (big blind) collected ($2)
Seat 2: NIGHTyxa (button) (small blind) folded before Flop


PokerStars Hand #144249265923:  Hold'em Limit ($3/$6 USD) - 2015/11/23 0:30:05 ET
Table 'Erida' 2-max Seat #1 is the button
Seat 1: Kosova1968 ($112.50 in chips)
Seat 2: NIGHTyxa ($189.16 in chips)
Kosova1968: posts small blind $1
NIGHTyxa: posts big blind $3
*** HOLE CARDS ***
Kosova1968: folds
Uncalled bet ($2) returned to NIGHTyxa
NIGHTyxa collected $2 from pot
NIGHTyxa: doesn't show hand
*** SUMMARY ***
Total pot $2 | Rake $0
Seat 1: Kosova1968 (button) (small blind) folded before Flop
Seat 2: NIGHTyxa (big blind) collected ($2)


PokerStars Hand #144249260265:  Hold'em Limit ($3/$6 USD) - 2015/11/23 0:29:41 ET
Table 'Erida' 2-max Seat #2 is the button
Seat 1: Kosova1968 ($103.86 in chips)
Seat 2: NIGHTyxa ($198.16 in chips)
NIGHTyxa: posts small blind $1
Kosova1968: posts big blind $3
*** HOLE CARDS ***
NIGHTyxa: raises $3 to $6
Kosova1968: calls $3
*** FLOP *** [Qc Td 2s]
Kosova1968: checks
NIGHTyxa: bets $3
Kosova1968: calls $3
*** TURN *** [Qc Td 2s] [8c]
Kosova1968: checks
NIGHTyxa: checks
*** RIVER *** [Qc Td 2s 8c] [6h]
Kosova1968: checks
NIGHTyxa: checks
*** SHOW DOWN ***
Kosova1968: shows [Jh 3c] (high card Queen)
NIGHTyxa: mucks hand
Kosova1968 collected $17.64 from pot
*** SUMMARY ***
Total pot $18 | Rake $0.36
Board [Qc Td 2s 8c 6h]
Seat 1: Kosova1968 (big blind) showed [Jh 3c] and won ($17.64) with high card Queen
Seat 2: NIGHTyxa (button) (small blind) mucked


PokerStars Hand #144249274084:  Hold'em Limit ($3/$6 USD) - 2015/11/23 0:30:38 ET
Table 'Erida' 2-max Seat #2 is the button
Seat 1: Kosova1968 ($92.50 in chips)
Seat 2: NIGHTyxa ($208.66 in chips)
NIGHTyxa: posts small blind $1
Kosova1968: posts big blind $3
*** HOLE CARDS ***
NIGHTyxa: raises $3 to $6
Kosova1968: calls $3
*** FLOP *** [2d 4s 7c]
Kosova1968: checks
NIGHTyxa: bets $3
Kosova1968: calls $3
*** TURN *** [2d 4s 7c] [Jc]
Kosova1968: checks
NIGHTyxa: bets $6
Kosova1968: folds
Uncalled bet ($6) returned to NIGHTyxa
NIGHTyxa collected $17.64 from pot
NIGHTyxa: doesn't show hand
*** SUMMARY ***
Total pot $18 | Rake $0.36
Board [2d 4s 7c Jc]
Seat 1: Kosova1968 (big blind) folded on the Turn
Seat 2: NIGHTyxa (button) (small blind) collected ($17.64)


PokerStars Hand #144249278150:  Hold'em Limit ($3/$6 USD) - 2015/11/23 0:30:55 ET
Table 'Erida' 2-max Seat #1 is the button
Seat 1: Kosova1968 ($83.50 in chips)
Seat 2: NIGHTyxa ($217.30 in chips)
Kosova1968: posts small blind $1
NIGHTyxa: posts big blind $3
*** HOLE CARDS ***
Kosova1968: raises $3 to $6
NIGHTyxa: calls $3
*** FLOP *** [5s 7s Jc]
NIGHTyxa: checks
Kosova1968: checks
*** TURN *** [5s 7s Jc] [Kd]
NIGHTyxa: checks
Kosova1968: checks
*** RIVER *** [5s 7s Jc Kd] [Jd]
NIGHTyxa: bets $6
Kosova1968: folds
Uncalled bet ($6) returned to NIGHTyxa
NIGHTyxa collected $11.76 from pot
NIGHTyxa: doesn't show hand
*** SUMMARY ***
Total pot $12 | Rake $0.24
Board [5s 7s Jc Kd Jd]
Seat 1: Kosova1968 (button) (small blind) folded on the River
Seat 2: NIGHTyxa (big blind) collected ($11.76)


PokerStars Hand #144249272814:  Hold'em Limit ($3/$6 USD) - 2015/11/23 0:30:34 ET
Table 'Erida' 2-max Seat #1 is the button
Seat 1: Kosova1968 ($93.50 in chips)
Seat 2: NIGHTyxa ($207.66 in chips)
Kosova1968: posts small blind $1
NIGHTyxa: posts big blind $3
*** HOLE CARDS ***
Kosova1968: folds
Uncalled bet ($2) returned to NIGHTyxa
NIGHTyxa collected $2 from pot
NIGHTyxa: doesn't show hand
*** SUMMARY ***
Total pot $2 | Rake $0
Seat 1: Kosova1968 (button) (small blind) folded before Flop
Seat 2: NIGHTyxa (big blind) collected ($2)


PokerStars Hand #144249267653:  Hold'em Limit ($3/$6 USD) - 2015/11/23 0:30:12 ET
Table 'Erida' 2-max Seat #2 is the button
Seat 1: Kosova1968 ($111.50 in chips)
Seat 2: NIGHTyxa ($190.16 in chips)
NIGHTyxa: posts small blind $1
Kosova1968: posts big blind $3
*** HOLE CARDS ***
NIGHTyxa: raises $3 to $6
Kosova1968: calls $3
*** FLOP *** [7h 8d Jh]
Kosova1968: checks
NIGHTyxa: bets $3
Kosova1968: raises $3 to $6
NIGHTyxa: calls $3
*** TURN *** [7h 8d Jh] [Qc]
Kosova1968: checks
NIGHTyxa: bets $6
Kosova1968: calls $6
*** RIVER *** [7h 8d Jh Qc] [2h]
Kosova1968: checks
NIGHTyxa: checks
*** SHOW DOWN ***
Kosova1968: shows [9h As] (high card Ace)
NIGHTyxa: shows [7s 3s] (a pair of Sevens)
NIGHTyxa collected $35.50 from pot
*** SUMMARY ***
Total pot $36 | Rake $0.50
Board [7h 8d Jh Qc 2h]
Seat 1: Kosova1968 (big blind) showed [9h As] and lost with high card Ace
Seat 2: NIGHTyxa (button) (small blind) showed [7s 3s] and won ($35.50) with a pair of Sevens


PokerStars Hand #144249293999:  Hold'em Limit ($3/$6 USD) - 2015/11/23 0:32:03 ET
Table 'Erida' 2-max Seat #1 is the button
Seat 1: Kosova1968 ($118.50 in chips)
Seat 2: NIGHTyxa ($180.82 in chips)
Kosova1968: posts small blind $1
NIGHTyxa: posts big blind $3
*** HOLE CARDS ***
Kosova1968: raises $3 to $6
NIGHTyxa: raises $3 to $9
Kosova1968: calls $3
*** FLOP *** [2h Qc 6s]
NIGHTyxa: bets $3
Kosova1968: calls $3
*** TURN *** [2h Qc 6s] [Jc]
NIGHTyxa: bets $6
Kosova1968: folds
Uncalled bet ($6) returned to NIGHTyxa
NIGHTyxa collected $23.52 from pot
NIGHTyxa: doesn't show hand
*** SUMMARY ***
Total pot $24 | Rake $0.48
Board [2h Qc 6s Jc]
Seat 1: Kosova1968 (button) (small blind) folded on the Turn
Seat 2: NIGHTyxa (big blind) collected ($23.52)


PokerStars Hand #144249286756:  Hold'em Limit ($3/$6 USD) - 2015/11/23 0:31:32 ET
Table 'Erida' 2-max Seat #1 is the button
Seat 1: Kosova1968 ($98 in chips)
Seat 2: NIGHTyxa ($202.06 in chips)
Kosova1968: posts small blind $1
NIGHTyxa: posts big blind $3
*** HOLE CARDS ***
Kosova1968: raises $3 to $6
NIGHTyxa: calls $3
*** FLOP *** [4c Jc 5h]
NIGHTyxa: checks
Kosova1968: bets $3
NIGHTyxa: raises $3 to $6
Kosova1968: raises $3 to $9
NIGHTyxa: calls $3
*** TURN *** [4c Jc 5h] [Tc]
NIGHTyxa: checks
Kosova1968: bets $6
NIGHTyxa: calls $6
*** RIVER *** [4c Jc 5h Tc] [4h]
NIGHTyxa: checks
Kosova1968: bets $6
NIGHTyxa: calls $6
*** SHOW DOWN ***
Kosova1968: shows [Ah Jd] (two pair, Jacks and Fours)
NIGHTyxa: mucks hand
Kosova1968 collected $53.50 from pot
*** SUMMARY ***
Total pot $54 | Rake $0.50
Board [4c Jc 5h Tc 4h]
Seat 1: Kosova1968 (button) (small blind) showed [Ah Jd] and won ($53.50) with two pair, Jacks and Fours
Seat 2: NIGHTyxa (big blind) mucked


PokerStars Hand #144249291559:  Hold'em Limit ($3/$6 USD) - 2015/11/23 0:31:52 ET
Table 'Erida' 2-max Seat #2 is the button
Seat 1: Kosova1968 ($124.50 in chips)
Seat 2: NIGHTyxa ($175.06 in chips)
NIGHTyxa: posts small blind $1
Kosova1968: posts big blind $3
*** HOLE CARDS ***
NIGHTyxa: raises $3 to $6
Kosova1968: calls $3
*** FLOP *** [Ks Ac Ah]
Kosova1968: checks
NIGHTyxa: bets $3
Kosova1968: folds
Uncalled bet ($3) returned to NIGHTyxa
NIGHTyxa collected $11.76 from pot
NIGHTyxa: doesn't show hand
*** SUMMARY ***
Total pot $12 | Rake $0.24
Board [Ks Ac Ah]
Seat 1: Kosova1968 (big blind) folded on the Flop
Seat 2: NIGHTyxa (button) (small blind) collected ($11.76)


PokerStars Hand #144249281969:  Hold'em Limit ($3/$6 USD) - 2015/11/23 0:31:11 ET
Table 'Erida' 2-max Seat #2 is the button
Seat 1: Kosova1968 ($77.50 in chips)
Seat 2: NIGHTyxa ($223.06 in chips)
NIGHTyxa: posts small blind $1
Kosova1968: posts big blind $3
*** HOLE CARDS ***
NIGHTyxa: raises $3 to $6
Kosova1968: calls $3
*** FLOP *** [5s 3c 4s]
Kosova1968: checks
NIGHTyxa: bets $3
Kosova1968: calls $3
*** TURN *** [5s 3c 4s] [2h]
Kosova1968: bets $6
NIGHTyxa: calls $6
*** RIVER *** [5s 3c 4s 2h] [8h]
Kosova1968: bets $6
NIGHTyxa: calls $6
*** SHOW DOWN ***
Kosova1968: shows [6d Jc] (a straight, Deuce to Six)
NIGHTyxa: mucks hand
Kosova1968 collected $41.50 from pot
*** SUMMARY ***
Total pot $42 | Rake $0.50
Board [5s 3c 4s 2h 8h]
Seat 1: Kosova1968 (big blind) showed [6d Jc] and won ($41.50) with a straight, Deuce to Six
Seat 2: NIGHTyxa (button) (small blind) mucked


PokerStars Hand #144249297357:  Hold'em Limit ($3/$6 USD) - 2015/11/23 0:32:17 ET
Table 'Erida' 2-max Seat #2 is the button
Seat 1: Kosova1968 ($106.50 in chips)
Seat 2: NIGHTyxa ($192.34 in chips)
NIGHTyxa: posts small blind $1
Kosova1968: posts big blind $3
*** HOLE CARDS ***
NIGHTyxa: folds
Uncalled bet ($2) returned to Kosova1968
Kosova1968 collected $2 from pot
*** SUMMARY ***
Total pot $2 | Rake $0
Seat 1: Kosova1968 (big blind) collected ($2)
Seat 2: NIGHTyxa (button) (small blind) folded before Flop


PokerStars Hand #144249300539:  Hold'em Limit ($3/$6 USD) - 2015/11/23 0:32:31 ET
Table 'Erida' 2-max Seat #2 is the button
Seat 1: Kosova1968 ($113.26 in chips)
Seat 2: NIGHTyxa ($185.34 in chips)
NIGHTyxa: posts small blind $1
Kosova1968: posts big blind $3
*** HOLE CARDS ***
NIGHTyxa: folds
Uncalled bet ($2) returned to Kosova1968
Kosova1968 collected $2 from pot
*** SUMMARY ***
Total pot $2 | Rake $0
Seat 1: Kosova1968 (big blind) collected ($2)
Seat 2: NIGHTyxa (button) (small blind) folded before Flop


PokerStars Hand #144249298429:  Hold'em Limit ($3/$6 USD) - 2015/11/23 0:32:22 ET
Table 'Erida' 2-max Seat #1 is the button
Seat 1: Kosova1968 ($107.50 in chips)
Seat 2: NIGHTyxa ($191.34 in chips)
Kosova1968: posts small blind $1
NIGHTyxa: posts big blind $3
*** HOLE CARDS ***
Kosova1968: raises $3 to $6
NIGHTyxa: calls $3
*** FLOP *** [Ac Jh 9c]
NIGHTyxa: checks
Kosova1968: bets $3
NIGHTyxa: folds
Uncalled bet ($3) returned to Kosova1968
Kosova1968 collected $11.76 from pot
*** SUMMARY ***
Total pot $12 | Rake $0.24
Board [Ac Jh 9c]
Seat 1: Kosova1968 (button) (small blind) collected ($11.76)
Seat 2: NIGHTyxa (big blind) folded on the Flop


PokerStars Hand #144249305452:  Hold'em Limit ($3/$6 USD) - 2015/11/23 0:32:51 ET
Table 'Erida' 2-max Seat #2 is the button
Seat 1: Kosova1968 ($111.26 in chips)
Seat 2: NIGHTyxa ($187.22 in chips)
NIGHTyxa: posts small blind $1
Kosova1968: posts big blind $3
*** HOLE CARDS ***
NIGHTyxa: raises $3 to $6
Kosova1968: calls $3
*** FLOP *** [5c Qs As]
Kosova1968: checks
NIGHTyxa: bets $3
Kosova1968: calls $3
*** TURN *** [5c Qs As] [Ad]
Kosova1968: checks
NIGHTyxa: checks
*** RIVER *** [5c Qs As Ad] [3h]
Kosova1968: checks
NIGHTyxa: bets $6
Kosova1968: folds
Uncalled bet ($6) returned to NIGHTyxa
NIGHTyxa collected $17.64 from pot
NIGHTyxa: doesn't show hand
*** SUMMARY ***
Total pot $18 | Rake $0.36
Board [5c Qs As Ad 3h]
Seat 1: Kosova1968 (big blind) folded on the River
Seat 2: NIGHTyxa (button) (small blind) collected ($17.64)


PokerStars Hand #144249301768:  Hold'em Limit ($3/$6 USD) - 2015/11/23 0:32:36 ET
Table 'Erida' 2-max Seat #1 is the button
Seat 1: Kosova1968 ($114.26 in chips)
Seat 2: NIGHTyxa ($184.34 in chips)
Kosova1968: posts small blind $1
NIGHTyxa: posts big blind $3
*** HOLE CARDS ***
Kosova1968: calls $2
NIGHTyxa: checks
*** FLOP *** [Ts 3d Ah]
NIGHTyxa: checks
Kosova1968: checks
*** TURN *** [Ts 3d Ah] [8d]
NIGHTyxa: bets $6
Kosova1968: folds
Uncalled bet ($6) returned to NIGHTyxa
NIGHTyxa collected $5.88 from pot
NIGHTyxa: doesn't show hand
*** SUMMARY ***
Total pot $6 | Rake $0.12
Board [Ts 3d Ah 8d]
Seat 1: Kosova1968 (button) (small blind) folded on the Turn
Seat 2: NIGHTyxa (big blind) collected ($5.88)


PokerStars Hand #144249311196:  Hold'em Limit ($3/$6 USD) - 2015/11/23 0:33:16 ET
Table 'Erida' 2-max Seat #1 is the button
Seat 1: Kosova1968 ($102.26 in chips)
Seat 2: NIGHTyxa ($195.86 in chips)
Kosova1968: posts small blind $1
NIGHTyxa: posts big blind $3
*** HOLE CARDS ***
Kosova1968: folds
Uncalled bet ($2) returned to NIGHTyxa
NIGHTyxa collected $2 from pot
NIGHTyxa: doesn't show hand
*** SUMMARY ***
Total pot $2 | Rake $0
Seat 1: Kosova1968 (button) (small blind) folded before Flop
Seat 2: NIGHTyxa (big blind) collected ($2)


PokerStars Hand #144249323294:  Hold'em Limit ($3/$6 USD) - 2015/11/23 0:34:06 ET
Table 'Erida' 2-max Seat #2 is the button
Seat 1: Kosova1968 ($86.26 in chips)
Seat 2: NIGHTyxa ($211.26 in chips)
NIGHTyxa: posts small blind $1
Kosova1968: posts big blind $3
*** HOLE CARDS ***
NIGHTyxa: raises $3 to $6
Kosova1968: calls $3
*** FLOP *** [8s 4h 2s]
Kosova1968: bets $3
NIGHTyxa: calls $3
*** TURN *** [8s 4h 2s] [Qh]
Kosova1968: bets $6
NIGHTyxa: folds
Uncalled bet ($6) returned to Kosova1968
Kosova1968 collected $17.64 from pot
*** SUMMARY ***
Total pot $18 | Rake $0.36
Board [8s 4h 2s Qh]
Seat 1: Kosova1968 (big blind) collected ($17.64)
Seat 2: NIGHTyxa (button) (small blind) folded on the Turn


PokerStars Hand #144249317443:  Hold'em Limit ($3/$6 USD) - 2015/11/23 0:33:42 ET
Table 'Erida' 2-max Seat #1 is the button
Seat 1: Kosova1968 ($89.26 in chips)
Seat 2: NIGHTyxa ($208.38 in chips)
Kosova1968: posts small blind $1
NIGHTyxa: posts big blind $3
*** HOLE CARDS ***
Kosova1968: calls $2
NIGHTyxa: checks
*** FLOP *** [7h 4h 3c]
NIGHTyxa: checks
Kosova1968: checks
*** TURN *** [7h 4h 3c] [5h]
NIGHTyxa: checks
Kosova1968: checks
*** RIVER *** [7h 4h 3c 5h] [9d]
NIGHTyxa: checks
Kosova1968: checks
*** SHOW DOWN ***
NIGHTyxa: shows [Qc 7d] (a pair of Sevens)
Kosova1968: mucks hand
NIGHTyxa collected $5.88 from pot
*** SUMMARY ***
Total pot $6 | Rake $0.12
Board [7h 4h 3c 5h 9d]
Seat 1: Kosova1968 (button) (small blind) mucked
Seat 2: NIGHTyxa (big blind) showed [Qc 7d] and won ($5.88) with a pair of Sevens


PokerStars Hand #144249312601:  Hold'em Limit ($3/$6 USD) - 2015/11/23 0:33:22 ET
Table 'Erida' 2-max Seat #2 is the button
Seat 1: Kosova1968 ($101.26 in chips)
Seat 2: NIGHTyxa ($196.86 in chips)
NIGHTyxa: posts small blind $1
Kosova1968: posts big blind $3
*** HOLE CARDS ***
NIGHTyxa: raises $3 to $6
Kosova1968: calls $3
*** FLOP *** [8c Kh Kc]
Kosova1968: bets $3
NIGHTyxa: raises $3 to $6
Kosova1968: calls $3
*** TURN *** [8c Kh Kc] [5s]
Kosova1968: checks
NIGHTyxa: bets $6
Kosova1968: folds
Uncalled bet ($6) returned to NIGHTyxa
NIGHTyxa collected $23.52 from pot
NIGHTyxa: doesn't show hand
*** SUMMARY ***
Total pot $24 | Rake $0.48
Board [8c Kh Kc 5s]
Seat 1: Kosova1968 (big blind) folded on the Turn
Seat 2: NIGHTyxa (button) (small blind) collected ($23.52)


PokerStars Hand #144249328205:  Hold'em Limit ($3/$6 USD) - 2015/11/23 0:34:27 ET
Table 'Erida' 2-max Seat #1 is the button
Seat 1: Kosova1968 ($94.90 in chips)
Seat 2: NIGHTyxa ($202.26 in chips)
Kosova1968: posts small blind $1
NIGHTyxa: posts big blind $3
*** HOLE CARDS ***
Kosova1968: raises $3 to $6
NIGHTyxa: folds
Uncalled bet ($3) returned to Kosova1968
Kosova1968 collected $6 from pot
*** SUMMARY ***
Total pot $6 | Rake $0
Seat 1: Kosova1968 (button) (small blind) collected ($6)
Seat 2: NIGHTyxa (big blind) folded before Flop


PokerStars Hand #144249339027:  Hold'em Limit ($3/$6 USD) - 2015/11/23 0:35:13 ET
Table 'Erida' 2-max Seat #2 is the button
Seat 1: Kosova1968 ($80.90 in chips)
Seat 2: NIGHTyxa ($215.78 in chips)
NIGHTyxa: posts small blind $1
Kosova1968: posts big blind $3
*** HOLE CARDS ***
NIGHTyxa: raises $3 to $6
Kosova1968: raises $3 to $9
NIGHTyxa: calls $3
*** FLOP *** [Ad Jh 9d]
Kosova1968: bets $3
NIGHTyxa: calls $3
*** TURN *** [Ad Jh 9d] [4s]
Kosova1968: bets $6
NIGHTyxa: folds
Uncalled bet ($6) returned to Kosova1968
Kosova1968 collected $23.52 from pot
*** SUMMARY ***
Total pot $24 | Rake $0.48
Board [Ad Jh 9d 4s]
Seat 1: Kosova1968 (big blind) collected ($23.52)
Seat 2: NIGHTyxa (button) (small blind) folded on the Turn


PokerStars Hand #144249336304:  Hold'em Limit ($3/$6 USD) - 2015/11/23 0:35:01 ET
Table 'Erida' 2-max Seat #2 is the button
Seat 1: Kosova1968 ($84.90 in chips)
Seat 2: NIGHTyxa ($211.78 in chips)
NIGHTyxa: posts small blind $1
Kosova1968: posts big blind $3
*** HOLE CARDS ***
NIGHTyxa: raises $3 to $6
Kosova1968: folds
Uncalled bet ($3) returned to NIGHTyxa
NIGHTyxa collected $6 from pot
NIGHTyxa: doesn't show hand
*** SUMMARY ***
Total pot $6 | Rake $0
Seat 1: Kosova1968 (big blind) folded before Flop
Seat 2: NIGHTyxa (button) (small blind) collected ($6)


PokerStars Hand #144249335156:  Hold'em Limit ($3/$6 USD) - 2015/11/23 0:34:56 ET
Table 'Erida' 2-max Seat #1 is the button
Seat 1: Kosova1968 ($85.90 in chips)
Seat 2: NIGHTyxa ($210.78 in chips)
Kosova1968: posts small blind $1
NIGHTyxa: posts big blind $3
*** HOLE CARDS ***
Kosova1968: folds
Uncalled bet ($2) returned to NIGHTyxa
NIGHTyxa collected $2 from pot
NIGHTyxa: doesn't show hand
*** SUMMARY ***
Total pot $2 | Rake $0
Seat 1: Kosova1968 (button) (small blind) folded before Flop
Seat 2: NIGHTyxa (big blind) collected ($2)


PokerStars Hand #144249337782:  Hold'em Limit ($3/$6 USD) - 2015/11/23 0:35:07 ET
Table 'Erida' 2-max Seat #1 is the button
Seat 1: Kosova1968 ($81.90 in chips)
Seat 2: NIGHTyxa ($214.78 in chips)
Kosova1968: posts small blind $1
NIGHTyxa: posts big blind $3
*** HOLE CARDS ***
Kosova1968: folds
Uncalled bet ($2) returned to NIGHTyxa
NIGHTyxa collected $2 from pot
NIGHTyxa: doesn't show hand
*** SUMMARY ***
Total pot $2 | Rake $0
Seat 1: Kosova1968 (button) (small blind) folded before Flop
Seat 2: NIGHTyxa (big blind) collected ($2)


PokerStars Hand #144249330164:  Hold'em Limit ($3/$6 USD) - 2015/11/23 0:34:35 ET
Table 'Erida' 2-max Seat #2 is the button
Seat 1: Kosova1968 ($97.90 in chips)
Seat 2: NIGHTyxa ($199.26 in chips)
NIGHTyxa: posts small blind $1
Kosova1968: posts big blind $3
*** HOLE CARDS ***
NIGHTyxa: raises $3 to $6
Kosova1968: calls $3
*** FLOP *** [5s 8h Td]
Kosova1968: bets $3
NIGHTyxa: raises $3 to $6
Kosova1968: calls $3
*** TURN *** [5s 8h Td] [6s]
Kosova1968: checks
NIGHTyxa: bets $6
Kosova1968: folds
Uncalled bet ($6) returned to NIGHTyxa
NIGHTyxa collected $23.52 from pot
NIGHTyxa: doesn't show hand
*** SUMMARY ***
Total pot $24 | Rake $0.48
Board [5s 8h Td 6s]
Seat 1: Kosova1968 (big blind) folded on the Turn
Seat 2: NIGHTyxa (button) (small blind) collected ($23.52)


PokerStars Hand #144249347418:  Hold'em Limit ($3/$6 USD) - 2015/11/23 0:35:49 ET
Table 'Erida' 2-max Seat #2 is the button
Seat 1: Kosova1968 ($77.42 in chips)
Seat 2: NIGHTyxa ($218.28 in chips)
NIGHTyxa: posts small blind $1
Kosova1968: posts big blind $3
*** HOLE CARDS ***
NIGHTyxa: folds
Uncalled bet ($2) returned to Kosova1968
Kosova1968 collected $2 from pot
*** SUMMARY ***
Total pot $2 | Rake $0
Seat 1: Kosova1968 (big blind) collected ($2)
Seat 2: NIGHTyxa (button) (small blind) folded before Flop


PokerStars Hand #144249348831:  Hold'em Limit ($3/$6 USD) - 2015/11/23 0:35:56 ET
Table 'Erida' 2-max Seat #1 is the button
Seat 1: Kosova1968 ($78.42 in chips)
Seat 2: NIGHTyxa ($217.28 in chips)
Kosova1968: posts small blind $1
NIGHTyxa: posts big blind $3
*** HOLE CARDS ***
Kosova1968: folds
Uncalled bet ($2) returned to NIGHTyxa
NIGHTyxa collected $2 from pot
NIGHTyxa: doesn't show hand
*** SUMMARY ***
Total pot $2 | Rake $0
Seat 1: Kosova1968 (button) (small blind) folded before Flop
Seat 2: NIGHTyxa (big blind) collected ($2)


PokerStars Hand #144249342465:  Hold'em Limit ($3/$6 USD) - 2015/11/23 0:35:28 ET
Table 'Erida' 2-max Seat #1 is the button
Seat 1: Kosova1968 ($92.42 in chips)
Seat 2: NIGHTyxa ($203.78 in chips)
Kosova1968: posts small blind $1
NIGHTyxa: posts big blind $3
*** HOLE CARDS ***
Kosova1968: raises $3 to $6
NIGHTyxa: calls $3
*** FLOP *** [2d 2h 8c]
NIGHTyxa: checks
Kosova1968: bets $3
NIGHTyxa: calls $3
*** TURN *** [2d 2h 8c] [Kd]
NIGHTyxa: checks
Kosova1968: bets $6
NIGHTyxa: calls $6
*** RIVER *** [2d 2h 8c Kd] [5h]
NIGHTyxa: checks
Kosova1968: checks
*** SHOW DOWN ***
NIGHTyxa: shows [4d Jd] (a pair of Deuces)
Kosova1968: shows [Ts 9h] (a pair of Deuces - lower kicker)
NIGHTyxa collected $29.50 from pot
*** SUMMARY ***
Total pot $30 | Rake $0.50
Board [2d 2h 8c Kd 5h]
Seat 1: Kosova1968 (button) (small blind) showed [Ts 9h] and lost with a pair of Deuces
Seat 2: NIGHTyxa (big blind) showed [4d Jd] and won ($29.50) with a pair of Deuces


PokerStars Hand #144249350035:  Hold'em Limit ($3/$6 USD) - 2015/11/23 0:36:01 ET
Table 'Erida' 2-max Seat #2 is the button
Seat 1: Kosova1968 ($77.42 in chips)
Seat 2: NIGHTyxa ($218.28 in chips)
NIGHTyxa: posts small blind $1
Kosova1968: posts big blind $3
*** HOLE CARDS ***
NIGHTyxa: raises $3 to $6
Kosova1968: calls $3
*** FLOP *** [7h 5c 8d]
Kosova1968: checks
NIGHTyxa: bets $3
Kosova1968: calls $3
*** TURN *** [7h 5c 8d] [6h]
Kosova1968: checks
NIGHTyxa: checks
*** RIVER *** [7h 5c 8d 6h] [6s]
Kosova1968: bets $6
NIGHTyxa: calls $6
*** SHOW DOWN ***
Kosova1968: shows [9d Qs] (a straight, Five to Nine)
NIGHTyxa: mucks hand
Kosova1968 collected $29.50 from pot
*** SUMMARY ***
Total pot $30 | Rake $0.50
Board [7h 5c 8d 6h 6s]
Seat 1: Kosova1968 (big blind) showed [9d Qs] and won ($29.50) with a straight, Five to Nine
Seat 2: NIGHTyxa (button) (small blind) mucked


PokerStars Hand #144249359885:  Hold'em Limit ($3/$6 USD) - 2015/11/23 0:36:43 ET
Table 'Erida' 2-max Seat #2 is the button
Seat 1: Kosova1968 ($94.92 in chips)
Seat 2: NIGHTyxa ($200.28 in chips)
NIGHTyxa: posts small blind $1
Kosova1968: posts big blind $3
*** HOLE CARDS ***
NIGHTyxa: raises $3 to $6
Kosova1968: calls $3
*** FLOP *** [Td 3h Jh]
Kosova1968: checks
NIGHTyxa: bets $3
Kosova1968: calls $3
*** TURN *** [Td 3h Jh] [3s]
Kosova1968: checks
NIGHTyxa: bets $6
Kosova1968: calls $6
*** RIVER *** [Td 3h Jh 3s] [Tc]
Kosova1968: checks
NIGHTyxa: checks
*** SHOW DOWN ***
Kosova1968: shows [9h 7s] (two pair, Tens and Threes)
NIGHTyxa: shows [8c Kh] (two pair, Tens and Threes - King kicker)
NIGHTyxa collected $29.50 from pot
*** SUMMARY ***
Total pot $30 | Rake $0.50
Board [Td 3h Jh 3s Tc]
Seat 1: Kosova1968 (big blind) showed [9h 7s] and lost with two pair, Tens and Threes
Seat 2: NIGHTyxa (button) (small blind) showed [8c Kh] and won ($29.50) with two pair, Tens and Threes


PokerStars Hand #144249364958:  Hold'em Limit ($3/$6 USD) - 2015/11/23 0:37:05 ET
Table 'Erida' 2-max Seat #1 is the button
Seat 1: Kosova1968 ($79.92 in chips)
Seat 2: NIGHTyxa ($214.78 in chips)
Kosova1968: posts small blind $1
NIGHTyxa: posts big blind $3
*** HOLE CARDS ***
Kosova1968: raises $3 to $6
NIGHTyxa: calls $3
*** FLOP *** [Kh Ts 8s]
NIGHTyxa: checks
Kosova1968: checks
*** TURN *** [Kh Ts 8s] [Qd]
NIGHTyxa: checks
Kosova1968: checks
*** RIVER *** [Kh Ts 8s Qd] [Kd]
NIGHTyxa: checks
Kosova1968: bets $6
NIGHTyxa: folds
Uncalled bet ($6) returned to Kosova1968
Kosova1968 collected $11.76 from pot
*** SUMMARY ***
Total pot $12 | Rake $0.24
Board [Kh Ts 8s Qd Kd]
Seat 1: Kosova1968 (button) (small blind) collected ($11.76)
Seat 2: NIGHTyxa (big blind) folded on the River


PokerStars Hand #144249358471:  Hold'em Limit ($3/$6 USD) - 2015/11/23 0:36:37 ET
Table 'Erida' 2-max Seat #1 is the button
Seat 1: Kosova1968 ($91.92 in chips)
Seat 2: NIGHTyxa ($203.28 in chips)
Kosova1968: posts small blind $1
NIGHTyxa: posts big blind $3
*** HOLE CARDS ***
Kosova1968: raises $3 to $6
NIGHTyxa: folds
Uncalled bet ($3) returned to Kosova1968
Kosova1968 collected $6 from pot
*** SUMMARY ***
Total pot $6 | Rake $0
Seat 1: Kosova1968 (button) (small blind) collected ($6)
Seat 2: NIGHTyxa (big blind) folded before Flop


PokerStars Hand #144249357259:  Hold'em Limit ($3/$6 USD) - 2015/11/23 0:36:32 ET
Table 'Erida' 2-max Seat #2 is the button
Seat 1: Kosova1968 ($90.92 in chips)
Seat 2: NIGHTyxa ($204.28 in chips)
NIGHTyxa: posts small blind $1
Kosova1968: posts big blind $3
*** HOLE CARDS ***
NIGHTyxa: folds
Uncalled bet ($2) returned to Kosova1968
Kosova1968 collected $2 from pot
*** SUMMARY ***
Total pot $2 | Rake $0
Seat 1: Kosova1968 (big blind) collected ($2)
Seat 2: NIGHTyxa (button) (small blind) folded before Flop


PokerStars Hand #144249355894:  Hold'em Limit ($3/$6 USD) - 2015/11/23 0:36:26 ET
Table 'Erida' 2-max Seat #1 is the button
Seat 1: Kosova1968 ($91.92 in chips)
Seat 2: NIGHTyxa ($203.28 in chips)
Kosova1968: posts small blind $1
NIGHTyxa: posts big blind $3
*** HOLE CARDS ***
Kosova1968: folds
Uncalled bet ($2) returned to NIGHTyxa
NIGHTyxa collected $2 from pot
NIGHTyxa: doesn't show hand
*** SUMMARY ***
Total pot $2 | Rake $0
Seat 1: Kosova1968 (button) (small blind) folded before Flop
Seat 2: NIGHTyxa (big blind) collected ($2)


PokerStars Hand #144249375520:  Hold'em Limit ($3/$6 USD) - 2015/11/23 0:37:51 ET
Table 'Erida' 2-max Seat #1 is the button
Seat 1: Kosova1968 ($64.68 in chips)
Seat 2: NIGHTyxa ($229.28 in chips)
Kosova1968: posts small blind $1
NIGHTyxa: posts big blind $3
*** HOLE CARDS ***
Kosova1968: folds
Uncalled bet ($2) returned to NIGHTyxa
NIGHTyxa collected $2 from pot
NIGHTyxa: doesn't show hand
*** SUMMARY ***
Total pot $2 | Rake $0
Seat 1: Kosova1968 (button) (small blind) folded before Flop
Seat 2: NIGHTyxa (big blind) collected ($2)


PokerStars Hand #144249369286:  Hold'em Limit ($3/$6 USD) - 2015/11/23 0:37:23 ET
Table 'Erida' 2-max Seat #2 is the button
Seat 1: Kosova1968 ($85.68 in chips)
Seat 2: NIGHTyxa ($208.78 in chips)
NIGHTyxa: posts small blind $1
Kosova1968: posts big blind $3
*** HOLE CARDS ***
NIGHTyxa: raises $3 to $6
Kosova1968: calls $3
*** FLOP *** [6s 3h 2d]
Kosova1968: checks
NIGHTyxa: bets $3
Kosova1968: calls $3
*** TURN *** [6s 3h 2d] [Jh]
Kosova1968: checks
NIGHTyxa: bets $6
Kosova1968: calls $6
*** RIVER *** [6s 3h 2d Jh] [As]
Kosova1968: checks
NIGHTyxa: bets $6
Kosova1968: calls $6
*** SHOW DOWN ***
NIGHTyxa: shows [Js 3d] (two pair, Jacks and Threes)
Kosova1968: mucks hand
NIGHTyxa collected $41.50 from pot
*** SUMMARY ***
Total pot $42 | Rake $0.50
Board [6s 3h 2d Jh As]
Seat 1: Kosova1968 (big blind) mucked
Seat 2: NIGHTyxa (button) (small blind) showed [Js 3d] and won ($41.50) with two pair, Jacks and Threes


PokerStars Hand #144249376592:  Hold'em Limit ($3/$6 USD) - 2015/11/23 0:37:55 ET
Table 'Erida' 2-max Seat #2 is the button
Seat 1: Kosova1968 ($63.68 in chips)
Seat 2: NIGHTyxa ($230.28 in chips)
NIGHTyxa: posts small blind $1
Kosova1968: posts big blind $3
*** HOLE CARDS ***
NIGHTyxa: raises $3 to $6
Kosova1968: calls $3
*** FLOP *** [Kh Qc 4h]
Kosova1968: checks
NIGHTyxa: bets $3
Kosova1968: raises $3 to $6
NIGHTyxa: folds
Uncalled bet ($3) returned to Kosova1968
Kosova1968 collected $17.64 from pot
*** SUMMARY ***
Total pot $18 | Rake $0.36
Board [Kh Qc 4h]
Seat 1: Kosova1968 (big blind) collected ($17.64)
Seat 2: NIGHTyxa (button) (small blind) folded on the Flop


PokerStars Hand #144249392967:  Hold'em Limit ($3/$6 USD) - 2015/11/23 0:39:06 ET
Table 'Erida' 2-max Seat #1 is the button
Seat 1: Kosova1968 ($75.84 in chips)
Seat 2: NIGHTyxa ($216.80 in chips)
Kosova1968: posts small blind $1
NIGHTyxa: posts big blind $3
*** HOLE CARDS ***
Kosova1968: raises $3 to $6
NIGHTyxa: calls $3
*** FLOP *** [Ac Jh 8s]
NIGHTyxa: checks
Kosova1968: bets $3
NIGHTyxa: calls $3
*** TURN *** [Ac Jh 8s] [Kh]
NIGHTyxa: checks
Kosova1968: checks
*** RIVER *** [Ac Jh 8s Kh] [7c]
NIGHTyxa: bets $6
Kosova1968: calls $6
*** SHOW DOWN ***
NIGHTyxa: shows [6d Ks] (a pair of Kings)
Kosova1968: shows [7d 5h] (a pair of Sevens)
NIGHTyxa collected $29.50 from pot
*** SUMMARY ***
Total pot $30 | Rake $0.50
Board [Ac Jh 8s Kh 7c]
Seat 1: Kosova1968 (button) (small blind) showed [7d 5h] and lost with a pair of Sevens
Seat 2: NIGHTyxa (big blind) showed [6d Ks] and won ($29.50) with a pair of Kings


PokerStars Hand #144249379983:  Hold'em Limit ($3/$6 USD) - 2015/11/23 0:38:10 ET
Table 'Erida' 2-max Seat #1 is the button
Seat 1: Kosova1968 ($72.32 in chips)
Seat 2: NIGHTyxa ($221.28 in chips)
Kosova1968: posts small blind $1
NIGHTyxa: posts big blind $3
*** HOLE CARDS ***
Kosova1968: raises $3 to $6
NIGHTyxa: calls $3
*** FLOP *** [8c 9c Ks]
NIGHTyxa: checks
Kosova1968: checks
*** TURN *** [8c 9c Ks] [5s]
NIGHTyxa: checks
Kosova1968: bets $6
NIGHTyxa: calls $6
*** RIVER *** [8c 9c Ks 5s] [5c]
NIGHTyxa: checks
Kosova1968: checks
*** SHOW DOWN ***
NIGHTyxa: shows [4c As] (a pair of Fives)
Kosova1968: shows [Qs Jd] (a pair of Fives - lower kicker)
NIGHTyxa collected $23.52 from pot
*** SUMMARY ***
Total pot $24 | Rake $0.48
Board [8c 9c Ks 5s 5c]
Seat 1: Kosova1968 (button) (small blind) showed [Qs Jd] and lost with a pair of Fives
Seat 2: NIGHTyxa (big blind) showed [4c As] and won ($23.52) with a pair of Fives


PokerStars Hand #144249388469:  Hold'em Limit ($3/$6 USD) - 2015/11/23 0:38:47 ET
Table 'Erida' 2-max Seat #2 is the button
Seat 1: Kosova1968 ($64.32 in chips)
Seat 2: NIGHTyxa ($228.80 in chips)
NIGHTyxa: posts small blind $1
Kosova1968: posts big blind $3
*** HOLE CARDS ***
NIGHTyxa: raises $3 to $6
Kosova1968: raises $3 to $9
NIGHTyxa: calls $3
*** FLOP *** [7d 5h 2d]
Kosova1968: bets $3
NIGHTyxa: calls $3
*** TURN *** [7d 5h 2d] [9c]
Kosova1968: bets $6
NIGHTyxa: folds
Uncalled bet ($6) returned to Kosova1968
Kosova1968 collected $23.52 from pot
*** SUMMARY ***
Total pot $24 | Rake $0.48
Board [7d 5h 2d 9c]
Seat 1: Kosova1968 (big blind) collected ($23.52)
Seat 2: NIGHTyxa (button) (small blind) folded on the Turn


PokerStars Hand #144249387089:  Hold'em Limit ($3/$6 USD) - 2015/11/23 0:38:41 ET
Table 'Erida' 2-max Seat #1 is the button
Seat 1: Kosova1968 ($61.32 in chips)
Seat 2: NIGHTyxa ($231.80 in chips)
Kosova1968: posts small blind $1
NIGHTyxa: posts big blind $3
*** HOLE CARDS ***
Kosova1968: raises $3 to $6
NIGHTyxa: folds
Uncalled bet ($3) returned to Kosova1968
Kosova1968 collected $6 from pot
*** SUMMARY ***
Total pot $6 | Rake $0
Seat 1: Kosova1968 (button) (small blind) collected ($6)
Seat 2: NIGHTyxa (big blind) folded before Flop


PokerStars Hand #144249385067:  Hold'em Limit ($3/$6 USD) - 2015/11/23 0:38:32 ET
Table 'Erida' 2-max Seat #2 is the button
Seat 1: Kosova1968 ($60.32 in chips)
Seat 2: NIGHTyxa ($232.80 in chips)
NIGHTyxa: posts small blind $1
Kosova1968: posts big blind $3
*** HOLE CARDS ***
NIGHTyxa: folds
Uncalled bet ($2) returned to Kosova1968
Kosova1968 collected $2 from pot
*** SUMMARY ***
Total pot $2 | Rake $0
Seat 1: Kosova1968 (big blind) collected ($2)
Seat 2: NIGHTyxa (button) (small blind) folded before Flop


PokerStars Hand #144249405057:  Hold'em Limit ($3/$6 USD) - 2015/11/23 0:40:00 ET
Table 'Erida' 2-max Seat #1 is the button
Seat 1: Kosova1968 ($83.34 in chips)
Seat 2: NIGHTyxa ($208.30 in chips)
Kosova1968: posts small blind $1
NIGHTyxa: posts big blind $3
*** HOLE CARDS ***
Kosova1968: raises $3 to $6
NIGHTyxa: calls $3
*** FLOP *** [3c 6c Kc]
NIGHTyxa: checks
Kosova1968: bets $3
NIGHTyxa: calls $3
*** TURN *** [3c 6c Kc] [Qh]
NIGHTyxa: checks
Kosova1968: bets $6
NIGHTyxa: raises $6 to $12
Kosova1968: folds
Uncalled bet ($6) returned to NIGHTyxa
NIGHTyxa collected $29.50 from pot
NIGHTyxa: doesn't show hand
*** SUMMARY ***
Total pot $30 | Rake $0.50
Board [3c 6c Kc Qh]
Seat 1: Kosova1968 (button) (small blind) folded on the Turn
Seat 2: NIGHTyxa (big blind) collected ($29.50)


PokerStars Hand #144249403778:  Hold'em Limit ($3/$6 USD) - 2015/11/23 0:39:54 ET
Table 'Erida' 2-max Seat #2 is the button
Seat 1: Kosova1968 ($82.34 in chips)
Seat 2: NIGHTyxa ($209.30 in chips)
NIGHTyxa: posts small blind $1
Kosova1968: posts big blind $3
*** HOLE CARDS ***
NIGHTyxa: folds
Uncalled bet ($2) returned to Kosova1968
Kosova1968 collected $2 from pot
*** SUMMARY ***
Total pot $2 | Rake $0
Seat 1: Kosova1968 (big blind) collected ($2)
Seat 2: NIGHTyxa (button) (small blind) folded before Flop


PokerStars Hand #144249398718:  Hold'em Limit ($3/$6 USD) - 2015/11/23 0:39:32 ET
Table 'Erida' 2-max Seat #1 is the button
Seat 1: Kosova1968 ($61.84 in chips)
Seat 2: NIGHTyxa ($230.30 in chips)
Kosova1968: posts small blind $1
NIGHTyxa: posts big blind $3
*** HOLE CARDS ***
Kosova1968: raises $3 to $6
NIGHTyxa: calls $3
*** FLOP *** [2h Jh 5d]
NIGHTyxa: checks
Kosova1968: bets $3
NIGHTyxa: calls $3
*** TURN *** [2h Jh 5d] [2s]
NIGHTyxa: checks
Kosova1968: bets $6
NIGHTyxa: calls $6
*** RIVER *** [2h Jh 5d 2s] [8s]
NIGHTyxa: checks
Kosova1968: bets $6
NIGHTyxa: calls $6
*** SHOW DOWN ***
Kosova1968: shows [2c 3d] (three of a kind, Deuces)
NIGHTyxa: mucks hand
Kosova1968 collected $41.50 from pot
*** SUMMARY ***
Total pot $42 | Rake $0.50
Board [2h Jh 5d 2s 8s]
Seat 1: Kosova1968 (button) (small blind) showed [2c 3d] and won ($41.50) with three of a kind, Deuces
Seat 2: NIGHTyxa (big blind) mucked


PokerStars Hand #144249397247:  Hold'em Limit ($3/$6 USD) - 2015/11/23 0:39:25 ET
Table 'Erida' 2-max Seat #2 is the button
Seat 1: Kosova1968 ($60.84 in chips)
Seat 2: NIGHTyxa ($231.30 in chips)
NIGHTyxa: posts small blind $1
Kosova1968: posts big blind $3
*** HOLE CARDS ***
NIGHTyxa: folds
Uncalled bet ($2) returned to Kosova1968
Kosova1968 collected $2 from pot
*** SUMMARY ***
Total pot $2 | Rake $0
Seat 1: Kosova1968 (big blind) collected ($2)
Seat 2: NIGHTyxa (button) (small blind) folded before Flop


PokerStars Hand #144249415937:  Hold'em Limit ($3/$6 USD) - 2015/11/23 0:40:47 ET
Table 'Erida' 2-max Seat #1 is the button
Seat 1: Kosova1968 ($47.34 in chips)
Seat 2: NIGHTyxa ($243.30 in chips)
Kosova1968: posts small blind $1
NIGHTyxa: posts big blind $3
*** HOLE CARDS ***
Kosova1968: raises $3 to $6
NIGHTyxa: calls $3
*** FLOP *** [3c 2h 5d]
NIGHTyxa: checks
Kosova1968: bets $3
NIGHTyxa: calls $3
*** TURN *** [3c 2h 5d] [8h]
NIGHTyxa: checks
Kosova1968: bets $6
NIGHTyxa: calls $6
*** RIVER *** [3c 2h 5d 8h] [Qh]
NIGHTyxa: checks
Kosova1968: bets $6
NIGHTyxa: raises $6 to $12
Kosova1968: raises $6 to $18
NIGHTyxa: calls $6
*** SHOW DOWN ***
Kosova1968: shows [Ah 4c] (a straight, Ace to Five)
NIGHTyxa: mucks hand
Kosova1968 collected $65.50 from pot
*** SUMMARY ***
Total pot $66 | Rake $0.50
Board [3c 2h 5d 8h Qh]
Seat 1: Kosova1968 (button) (small blind) showed [Ah 4c] and won ($65.50) with a straight, Ace to Five
Seat 2: NIGHTyxa (big blind) mucked


PokerStars Hand #144249409794:  Hold'em Limit ($3/$6 USD) - 2015/11/23 0:40:20 ET
Table 'Erida' 2-max Seat #2 is the button
Seat 1: Kosova1968 ($68.34 in chips)
Seat 2: NIGHTyxa ($222.80 in chips)
NIGHTyxa: posts small blind $1
Kosova1968: posts big blind $3
*** HOLE CARDS ***
NIGHTyxa: raises $3 to $6
Kosova1968: calls $3
*** FLOP *** [8h 9c Jc]
Kosova1968: checks
NIGHTyxa: bets $3
Kosova1968: calls $3
*** TURN *** [8h 9c Jc] [6h]
Kosova1968: checks
NIGHTyxa: bets $6
Kosova1968: calls $6
*** RIVER *** [8h 9c Jc 6h] [6d]
Kosova1968: checks
NIGHTyxa: bets $6
Kosova1968: calls $6
*** SHOW DOWN ***
NIGHTyxa: shows [Qc 9d] (two pair, Nines and Sixes)
Kosova1968: shows [Qs 8c] (two pair, Eights and Sixes)
NIGHTyxa collected $41.50 from pot
*** SUMMARY ***
Total pot $42 | Rake $0.50
Board [8h 9c Jc 6h 6d]
Seat 1: Kosova1968 (big blind) showed [Qs 8c] and lost with two pair, Eights and Sixes
Seat 2: NIGHTyxa (button) (small blind) showed [Qc 9d] and won ($41.50) with two pair, Nines and Sixes


PokerStars Hand #144249432495:  Hold'em Limit ($3/$6 USD) - 2015/11/23 0:42:00 ET
Table 'Erida' 2-max Seat #2 is the button
Seat 1: Kosova1968 ($37.84 in chips)
Seat 2: NIGHTyxa ($251.30 in chips)
NIGHTyxa: posts small blind $1
Kosova1968: posts big blind $3
*** HOLE CARDS ***
NIGHTyxa: folds
Uncalled bet ($2) returned to Kosova1968
Kosova1968 collected $2 from pot
*** SUMMARY ***
Total pot $2 | Rake $0
Seat 1: Kosova1968 (big blind) collected ($2)
Seat 2: NIGHTyxa (button) (small blind) folded before Flop


PokerStars Hand #144249426455:  Hold'em Limit ($3/$6 USD) - 2015/11/23 0:41:34 ET
Table 'Erida' 2-max Seat #1 is the button
Seat 1: Kosova1968 ($64.84 in chips)
Seat 2: NIGHTyxa ($224.80 in chips)
Kosova1968: posts small blind $1
NIGHTyxa: posts big blind $3
*** HOLE CARDS ***
Kosova1968: calls $2
NIGHTyxa: checks
*** FLOP *** [3h 6h 8h]
NIGHTyxa: bets $3
Kosova1968: raises $3 to $6
NIGHTyxa: calls $3
*** TURN *** [3h 6h 8h] [Qs]
NIGHTyxa: checks
Kosova1968: bets $6
NIGHTyxa: calls $6
*** RIVER *** [3h 6h 8h Qs] [5d]
NIGHTyxa: checks
Kosova1968: bets $6
NIGHTyxa: raises $6 to $12
Kosova1968: calls $6
*** SHOW DOWN ***
NIGHTyxa: shows [8s 5s] (two pair, Eights and Fives)
Kosova1968: shows [Js 8d] (a pair of Eights)
NIGHTyxa collected $53.50 from pot
*** SUMMARY ***
Total pot $54 | Rake $0.50
Board [3h 6h 8h Qs 5d]
Seat 1: Kosova1968 (button) (small blind) showed [Js 8d] and lost with a pair of Eights
Seat 2: NIGHTyxa (big blind) showed [8s 5s] and won ($53.50) with two pair, Eights and Fives


PokerStars Hand #144249421906:  Hold'em Limit ($3/$6 USD) - 2015/11/23 0:41:14 ET
Table 'Erida' 2-max Seat #2 is the button
Seat 1: Kosova1968 ($79.84 in chips)
Seat 2: NIGHTyxa ($210.30 in chips)
NIGHTyxa: posts small blind $1
Kosova1968: posts big blind $3
*** HOLE CARDS ***
NIGHTyxa: raises $3 to $6
Kosova1968: calls $3
*** FLOP *** [2s 5h 2d]
Kosova1968: checks
NIGHTyxa: bets $3
Kosova1968: calls $3
*** TURN *** [2s 5h 2d] [7c]
Kosova1968: checks
NIGHTyxa: bets $6
Kosova1968: calls $6
*** RIVER *** [2s 5h 2d 7c] [Kd]
Kosova1968: checks
NIGHTyxa: checks
*** SHOW DOWN ***
Kosova1968: shows [6s 9h] (a pair of Deuces)
NIGHTyxa: shows [9d Ad] (a pair of Deuces - Ace kicker)
NIGHTyxa collected $29.50 from pot
*** SUMMARY ***
Total pot $30 | Rake $0.50
Board [2s 5h 2d 7c Kd]
Seat 1: Kosova1968 (big blind) showed [6s 9h] and lost with a pair of Deuces
Seat 2: NIGHTyxa (button) (small blind) showed [9d Ad] and won ($29.50) with a pair of Deuces


PokerStars Hand #144249434138:  Hold'em Limit ($3/$6 USD) - 2015/11/23 0:42:06 ET
Table 'Erida' 2-max Seat #1 is the button
Seat 1: Kosova1968 ($38.84 in chips)
Seat 2: NIGHTyxa ($250.30 in chips)
Kosova1968: posts small blind $1
NIGHTyxa: posts big blind $3
*** HOLE CARDS ***
Kosova1968: raises $3 to $6
NIGHTyxa: calls $3
*** FLOP *** [2d Ac 6d]
NIGHTyxa: checks
Kosova1968: bets $3
NIGHTyxa: calls $3
*** TURN *** [2d Ac 6d] [Td]
NIGHTyxa: checks
Kosova1968: checks
*** RIVER *** [2d Ac 6d Td] [Ts]
NIGHTyxa: bets $6
Kosova1968: calls $6
*** SHOW DOWN ***
NIGHTyxa: shows [7d 6s] (two pair, Tens and Sixes)
Kosova1968: mucks hand
NIGHTyxa collected $29.50 from pot
*** SUMMARY ***
Total pot $30 | Rake $0.50
Board [2d Ac 6d Td Ts]
Seat 1: Kosova1968 (button) (small blind) mucked
Seat 2: NIGHTyxa (big blind) showed [7d 6s] and won ($29.50) with two pair, Tens and Sixes


PokerStars Hand #144249439067:  Hold'em Limit ($3/$6 USD) - 2015/11/23 0:42:28 ET
Table 'Erida' 2-max Seat #2 is the button
Seat 1: Kosova1968 ($23.84 in chips)
Seat 2: NIGHTyxa ($264.80 in chips)
NIGHTyxa: posts small blind $1
Kosova1968: posts big blind $3
*** HOLE CARDS ***
NIGHTyxa: raises $3 to $6
Kosova1968: folds
Uncalled bet ($3) returned to NIGHTyxa
NIGHTyxa collected $6 from pot
NIGHTyxa: doesn't show hand
*** SUMMARY ***
Total pot $6 | Rake $0
Seat 1: Kosova1968 (big blind) folded before Flop
Seat 2: NIGHTyxa (button) (small blind) collected ($6)


