PokerStars Hand #160272447511:  Hold'em Limit ($3/$6 USD) - 2016/10/22 6:52:18 ET
Table 'Eridanus' 6-max Seat #3 is the button
Seat 3: wingskid666 ($138.50 in chips)
Seat 5: Ag3r0n ($72 in chips)
wingskid666: posts small blind $1
Ag3r0n: posts big blind $3
*** HOLE CARDS ***
wingskid666: raises $3 to $6
Ag3r0n: folds
Uncalled bet ($3) returned to wingskid666
wingskid666 collected $6 from pot
wingskid666: doesn't show hand
*** SUMMARY ***
Total pot $6 | Rake $0
Seat 3: wingskid666 (button) (small blind) collected ($6)
Seat 5: Ag3r0n (big blind) folded before Flop


PokerStars Hand #160272445411:  Hold'em Limit ($3/$6 USD) - 2016/10/22 6:52:13 ET
Table 'Eridanus' 6-max Seat #5 is the button
Seat 3: wingskid666 ($137.50 in chips)
Seat 5: Ag3r0n ($72 in chips)
Ag3r0n: posts small blind $1
wingskid666: posts big blind $3
*** HOLE CARDS ***
Ag3r0n: folds
Uncalled bet ($2) returned to wingskid666
wingskid666 collected $2 from pot
wingskid666: doesn't show hand
*** SUMMARY ***
Total pot $2 | Rake $0
Seat 3: wingskid666 (big blind) collected ($2)
Seat 5: Ag3r0n (button) (small blind) folded before Flop


PokerStars Hand #160272434423:  Hold'em Limit ($3/$6 USD) - 2016/10/22 6:51:49 ET
Table 'Eridanus' 6-max Seat #3 is the button
Seat 3: wingskid666 ($120 in chips)
Seat 5: Ag3r0n ($72 in chips)
FHstyles: is sitting out
FHstyles leaves the table
wingskid666: posts small blind $1
Ag3r0n: posts big blind $3
*** HOLE CARDS ***
wingskid666: raises $3 to $6
Ag3r0n: raises $3 to $9
wingskid666: calls $3
*** FLOP *** [4c 6h Td]
Ag3r0n: bets $3
wingskid666: calls $3
*** TURN *** [4c 6h Td] [8d]
Ag3r0n: checks
wingskid666: checks
*** RIVER *** [4c 6h Td 8d] [Jd]
Ag3r0n: checks
wingskid666: bets $6
Ag3r0n: calls $6
*** SHOW DOWN ***
wingskid666: shows [5h Jh] (a pair of Jacks)
Ag3r0n: mucks hand
wingskid666 collected $35.50 from pot
*** SUMMARY ***
Total pot $36 | Rake $0.50
Board [4c 6h Td 8d Jd]
Seat 3: wingskid666 (button) (small blind) showed [5h Jh] and won ($35.50) with a pair of Jacks
Seat 5: Ag3r0n (big blind) mucked


PokerStars Hand #160272474884:  Hold'em Limit ($3/$6 USD) - 2016/10/22 6:53:19 ET
Table 'Eridanus' 6-max Seat #5 is the button
Seat 3: wingskid666 ($170.64 in chips)
Seat 5: Ag3r0n ($77.64 in chips)
Ag3r0n: posts small blind $1
wingskid666: posts big blind $3
*** HOLE CARDS ***
Ag3r0n: folds
Uncalled bet ($2) returned to wingskid666
wingskid666 collected $2 from pot
wingskid666: doesn't show hand
*** SUMMARY ***
Total pot $2 | Rake $0
Seat 3: wingskid666 (big blind) collected ($2)
Seat 5: Ag3r0n (button) (small blind) folded before Flop


PokerStars Hand #160272472379:  Hold'em Limit ($3/$6 USD) - 2016/10/22 6:53:14 ET
Table 'Eridanus' 6-max Seat #3 is the button
Seat 3: wingskid666 ($167.64 in chips)
Seat 5: Ag3r0n ($80.64 in chips)
wingskid666: posts small blind $1
Ag3r0n: posts big blind $3
*** HOLE CARDS ***
wingskid666: raises $3 to $6
Ag3r0n: folds
Uncalled bet ($3) returned to wingskid666
wingskid666 collected $6 from pot
wingskid666: doesn't show hand
*** SUMMARY ***
Total pot $6 | Rake $0
Seat 3: wingskid666 (button) (small blind) collected ($6)
Seat 5: Ag3r0n (big blind) folded before Flop


PokerStars Hand #160272464978:  Hold'em Limit ($3/$6 USD) - 2016/10/22 6:52:57 ET
Table 'Eridanus' 6-max Seat #5 is the button
Seat 3: wingskid666 ($176.64 in chips)
Seat 5: Ag3r0n ($72 in chips)
Ag3r0n: posts small blind $1
wingskid666: posts big blind $3
*** HOLE CARDS ***
Ag3r0n: raises $3 to $6
wingskid666: calls $3
*** FLOP *** [7s As 3s]
wingskid666: checks
Ag3r0n: bets $3
wingskid666: calls $3
*** TURN *** [7s As 3s] [5h]
wingskid666: checks
Ag3r0n: checks
*** RIVER *** [7s As 3s 5h] [Ts]
wingskid666: checks
Ag3r0n: bets $6
wingskid666: folds
Uncalled bet ($6) returned to Ag3r0n
Ag3r0n collected $17.64 from pot
*** SUMMARY ***
Total pot $18 | Rake $0.36
Board [7s As 3s 5h Ts]
Seat 3: wingskid666 (big blind) folded on the River
Seat 5: Ag3r0n (button) (small blind) collected ($17.64)


PokerStars Hand #160272453980:  Hold'em Limit ($3/$6 USD) - 2016/10/22 6:52:33 ET
Table 'Eridanus' 6-max Seat #3 is the button
Seat 3: wingskid666 ($150.14 in chips)
Seat 5: Ag3r0n ($72 in chips)
wingskid666: posts small blind $1
Ag3r0n: posts big blind $3
*** HOLE CARDS ***
wingskid666: raises $3 to $6
Ag3r0n: calls $3
*** FLOP *** [Tc 5s Kh]
Ag3r0n: checks
wingskid666: bets $3
Ag3r0n: raises $3 to $6
wingskid666: raises $3 to $9
Ag3r0n: calls $3
*** TURN *** [Tc 5s Kh] [Kc]
Ag3r0n: checks
wingskid666: bets $6
Ag3r0n: calls $6
*** RIVER *** [Tc 5s Kh Kc] [9h]
Ag3r0n: checks
wingskid666: bets $6
Ag3r0n: calls $6
*** SHOW DOWN ***
wingskid666: shows [Th Ks] (a full house, Kings full of Tens)
Ag3r0n: mucks hand
wingskid666 collected $53.50 from pot
*** SUMMARY ***
Total pot $54 | Rake $0.50
Board [Tc 5s Kh Kc 9h]
Seat 3: wingskid666 (button) (small blind) showed [Th Ks] and won ($53.50) with a full house, Kings full of Tens
Seat 5: Ag3r0n (big blind) mucked


PokerStars Hand #160272449771:  Hold'em Limit ($3/$6 USD) - 2016/10/22 6:52:23 ET
Table 'Eridanus' 6-max Seat #5 is the button
Seat 3: wingskid666 ($141.50 in chips)
Seat 5: Ag3r0n ($72 in chips)
Ag3r0n: posts small blind $1
wingskid666: posts big blind $3
*** HOLE CARDS ***
Ag3r0n: raises $3 to $6
wingskid666: raises $3 to $9
Ag3r0n: calls $3
*** FLOP *** [5s As 8s]
wingskid666: bets $3
Ag3r0n: folds
Uncalled bet ($3) returned to wingskid666
wingskid666 collected $17.64 from pot
wingskid666: doesn't show hand
*** SUMMARY ***
Total pot $18 | Rake $0.36
Board [5s As 8s]
Seat 3: wingskid666 (big blind) collected ($17.64)
Seat 5: Ag3r0n (button) (small blind) folded on the Flop


PokerStars Hand #160272501991:  Hold'em Limit ($3/$6 USD) - 2016/10/22 6:54:20 ET
Table 'Eridanus' 6-max Seat #5 is the button
Seat 3: wingskid666 ($158.64 in chips)
Seat 5: Ag3r0n ($91.28 in chips)
Ag3r0n: posts small blind $1
wingskid666: posts big blind $3
*** HOLE CARDS ***
Ag3r0n: folds
Uncalled bet ($2) returned to wingskid666
wingskid666 collected $2 from pot
wingskid666: doesn't show hand
*** SUMMARY ***
Total pot $2 | Rake $0
Seat 3: wingskid666 (big blind) collected ($2)
Seat 5: Ag3r0n (button) (small blind) folded before Flop


PokerStars Hand #160272495495:  Hold'em Limit ($3/$6 USD) - 2016/10/22 6:54:06 ET
Table 'Eridanus' 6-max Seat #3 is the button
Seat 3: wingskid666 ($164.64 in chips)
Seat 5: Ag3r0n ($85.52 in chips)
wingskid666: posts small blind $1
Ag3r0n: posts big blind $3
*** HOLE CARDS ***
wingskid666: raises $3 to $6
Ag3r0n: calls $3
*** FLOP *** [3c Qs 2h]
Ag3r0n: checks
wingskid666: checks
*** TURN *** [3c Qs 2h] [2d]
Ag3r0n: checks
wingskid666: checks
*** RIVER *** [3c Qs 2h 2d] [7d]
Ag3r0n: bets $6
wingskid666: folds
Uncalled bet ($6) returned to Ag3r0n
Ag3r0n collected $11.76 from pot
*** SUMMARY ***
Total pot $12 | Rake $0.24
Board [3c Qs 2h 2d 7d]
Seat 3: wingskid666 (button) (small blind) folded on the River
Seat 5: Ag3r0n (big blind) collected ($11.76)


PokerStars Hand #160272493351:  Hold'em Limit ($3/$6 USD) - 2016/10/22 6:54:01 ET
Table 'Eridanus' 6-max Seat #5 is the button
Seat 3: wingskid666 ($163.64 in chips)
Seat 5: Ag3r0n ($86.52 in chips)
Ag3r0n: posts small blind $1
wingskid666: posts big blind $3
*** HOLE CARDS ***
Ag3r0n: folds
Uncalled bet ($2) returned to wingskid666
wingskid666 collected $2 from pot
wingskid666: doesn't show hand
*** SUMMARY ***
Total pot $2 | Rake $0
Seat 3: wingskid666 (big blind) collected ($2)
Seat 5: Ag3r0n (button) (small blind) folded before Flop


PokerStars Hand #160272487847:  Hold'em Limit ($3/$6 USD) - 2016/10/22 6:53:49 ET
Table 'Eridanus' 6-max Seat #3 is the button
Seat 3: wingskid666 ($175.64 in chips)
Seat 5: Ag3r0n ($75 in chips)
wingskid666: posts small blind $1
Ag3r0n: posts big blind $3
*** HOLE CARDS ***
wingskid666: raises $3 to $6
Ag3r0n: raises $3 to $9
wingskid666: calls $3
*** FLOP *** [8d 7h 7c]
Ag3r0n: bets $3
wingskid666: calls $3
*** TURN *** [8d 7h 7c] [Js]
Ag3r0n: bets $6
wingskid666: folds
Uncalled bet ($6) returned to Ag3r0n
Ag3r0n collected $23.52 from pot
*** SUMMARY ***
Total pot $24 | Rake $0.48
Board [8d 7h 7c Js]
Seat 3: wingskid666 (button) (small blind) folded on the Turn
Seat 5: Ag3r0n (big blind) collected ($23.52)


PokerStars Hand #160272484791:  Hold'em Limit ($3/$6 USD) - 2016/10/22 6:53:42 ET
Table 'Eridanus' 6-max Seat #5 is the button
Seat 3: wingskid666 ($178.64 in chips)
Seat 5: Ag3r0n ($72 in chips)
Ag3r0n: posts small blind $1
wingskid666: posts big blind $3
*** HOLE CARDS ***
Ag3r0n: raises $3 to $6
wingskid666: folds
Uncalled bet ($3) returned to Ag3r0n
Ag3r0n collected $6 from pot
*** SUMMARY ***
Total pot $6 | Rake $0
Seat 3: wingskid666 (big blind) folded before Flop
Seat 5: Ag3r0n (button) (small blind) collected ($6)


PokerStars Hand #160272482328:  Hold'em Limit ($3/$6 USD) - 2016/10/22 6:53:36 ET
Table 'Eridanus' 6-max Seat #3 is the button
Seat 3: wingskid666 ($175.64 in chips)
Seat 5: Ag3r0n ($72.64 in chips)
wingskid666: posts small blind $1
Ag3r0n: posts big blind $3
*** HOLE CARDS ***
wingskid666: raises $3 to $6
Ag3r0n: folds
Uncalled bet ($3) returned to wingskid666
wingskid666 collected $6 from pot
wingskid666: doesn't show hand
*** SUMMARY ***
Total pot $6 | Rake $0
Seat 3: wingskid666 (button) (small blind) collected ($6)
Seat 5: Ag3r0n (big blind) folded before Flop


PokerStars Hand #160272480322:  Hold'em Limit ($3/$6 USD) - 2016/10/22 6:53:32 ET
Table 'Eridanus' 6-max Seat #5 is the button
Seat 3: wingskid666 ($174.64 in chips)
Seat 5: Ag3r0n ($73.64 in chips)
Ag3r0n: posts small blind $1
wingskid666: posts big blind $3
*** HOLE CARDS ***
Ag3r0n: folds
Uncalled bet ($2) returned to wingskid666
wingskid666 collected $2 from pot
wingskid666: doesn't show hand
*** SUMMARY ***
Total pot $2 | Rake $0
Seat 3: wingskid666 (big blind) collected ($2)
Seat 5: Ag3r0n (button) (small blind) folded before Flop


PokerStars Hand #160272477969:  Hold'em Limit ($3/$6 USD) - 2016/10/22 6:53:26 ET
Table 'Eridanus' 6-max Seat #3 is the button
Seat 3: wingskid666 ($171.64 in chips)
Seat 5: Ag3r0n ($76.64 in chips)
wingskid666: posts small blind $1
Ag3r0n: posts big blind $3
*** HOLE CARDS ***
wingskid666: raises $3 to $6
Ag3r0n: folds
Uncalled bet ($3) returned to wingskid666
wingskid666 collected $6 from pot
wingskid666: doesn't show hand
*** SUMMARY ***
Total pot $6 | Rake $0
Seat 3: wingskid666 (button) (small blind) collected ($6)
Seat 5: Ag3r0n (big blind) folded before Flop


PokerStars Hand #160272528942:  Hold'em Limit ($3/$6 USD) - 2016/10/22 6:55:24 ET
Table 'Eridanus' 6-max Seat #5 is the button
Seat 3: wingskid666 ($168.14 in chips)
Seat 5: Ag3r0n ($83.50 in chips)
Ag3r0n: posts small blind $1
wingskid666: posts big blind $3
*** HOLE CARDS ***
Ag3r0n: folds
Uncalled bet ($2) returned to wingskid666
wingskid666 collected $2 from pot
wingskid666: doesn't show hand
*** SUMMARY ***
Total pot $2 | Rake $0
Seat 3: wingskid666 (big blind) collected ($2)
Seat 5: Ag3r0n (button) (small blind) folded before Flop


PokerStars Hand #160272526077:  Hold'em Limit ($3/$6 USD) - 2016/10/22 6:55:16 ET
Table 'Eridanus' 6-max Seat #3 is the button
Seat 3: wingskid666 ($165.14 in chips)
Seat 5: Ag3r0n ($86.50 in chips)
wingskid666: posts small blind $1
Ag3r0n: posts big blind $3
*** HOLE CARDS ***
wingskid666: raises $3 to $6
Ag3r0n: folds
Uncalled bet ($3) returned to wingskid666
wingskid666 collected $6 from pot
wingskid666: doesn't show hand
*** SUMMARY ***
Total pot $6 | Rake $0
Seat 3: wingskid666 (button) (small blind) collected ($6)
Seat 5: Ag3r0n (big blind) folded before Flop


PokerStars Hand #160272518971:  Hold'em Limit ($3/$6 USD) - 2016/10/22 6:54:59 ET
Table 'Eridanus' 6-max Seat #5 is the button
Seat 3: wingskid666 ($180.14 in chips)
Seat 5: Ag3r0n ($72 in chips)
Ag3r0n: posts small blind $1
wingskid666: posts big blind $3
*** HOLE CARDS ***
Ag3r0n: raises $3 to $6
wingskid666: calls $3
*** FLOP *** [Qh 4d 5c]
wingskid666: checks
Ag3r0n: bets $3
wingskid666: calls $3
*** TURN *** [Qh 4d 5c] [3d]
wingskid666: checks
Ag3r0n: bets $6
wingskid666: calls $6
*** RIVER *** [Qh 4d 5c 3d] [7c]
wingskid666: checks
Ag3r0n: checks
*** SHOW DOWN ***
wingskid666: shows [Kd 3h] (a pair of Threes)
Ag3r0n: shows [Ac 5s] (a pair of Fives)
Ag3r0n collected $29.50 from pot
*** SUMMARY ***
Total pot $30 | Rake $0.50
Board [Qh 4d 5c 3d 7c]
Seat 3: wingskid666 (big blind) showed [Kd 3h] and lost with a pair of Threes
Seat 5: Ag3r0n (button) (small blind) showed [Ac 5s] and won ($29.50) with a pair of Fives


PokerStars Hand #160272510445:  Hold'em Limit ($3/$6 USD) - 2016/10/22 6:54:39 ET
Table 'Eridanus' 6-max Seat #3 is the button
Seat 3: wingskid666 ($159.64 in chips)
Seat 5: Ag3r0n ($90.28 in chips)
wingskid666: posts small blind $1
Ag3r0n: posts big blind $3
*** HOLE CARDS ***
wingskid666: raises $3 to $6
Ag3r0n: raises $3 to $9
wingskid666: calls $3
*** FLOP *** [7d 9c 4s]
Ag3r0n: bets $3
wingskid666: raises $3 to $6
Ag3r0n: calls $3
*** TURN *** [7d 9c 4s] [6d]
Ag3r0n: checks
wingskid666: bets $6
Ag3r0n: calls $6
*** RIVER *** [7d 9c 4s 6d] [4h]
Ag3r0n: checks
wingskid666: bets $6
Ag3r0n: folds
Uncalled bet ($6) returned to wingskid666
wingskid666 collected $41.50 from pot
wingskid666: doesn't show hand
*** SUMMARY ***
Total pot $42 | Rake $0.50
Board [7d 9c 4s 6d 4h]
Seat 3: wingskid666 (button) (small blind) collected ($41.50)
Seat 5: Ag3r0n (big blind) folded on the River


PokerStars Hand #160272507928:  Hold'em Limit ($3/$6 USD) - 2016/10/22 6:54:34 ET
Table 'Eridanus' 6-max Seat #5 is the button
Seat 3: wingskid666 ($158.64 in chips)
Seat 5: Ag3r0n ($91.28 in chips)
Ag3r0n: posts small blind $1
wingskid666: posts big blind $3
*** HOLE CARDS ***
Ag3r0n: folds
Uncalled bet ($2) returned to wingskid666
wingskid666 collected $2 from pot
wingskid666: doesn't show hand
*** SUMMARY ***
Total pot $2 | Rake $0
Seat 3: wingskid666 (big blind) collected ($2)
Seat 5: Ag3r0n (button) (small blind) folded before Flop


PokerStars Hand #160272504141:  Hold'em Limit ($3/$6 USD) - 2016/10/22 6:54:25 ET
Table 'Eridanus' 6-max Seat #3 is the button
Seat 3: wingskid666 ($159.64 in chips)
Seat 5: Ag3r0n ($90.28 in chips)
wingskid666: posts small blind $1
Ag3r0n: posts big blind $3
*** HOLE CARDS ***
wingskid666: folds
Uncalled bet ($2) returned to Ag3r0n
Ag3r0n collected $2 from pot
*** SUMMARY ***
Total pot $2 | Rake $0
Seat 3: wingskid666 (button) (small blind) folded before Flop
Seat 5: Ag3r0n (big blind) collected ($2)


PokerStars Hand #160272538489:  Hold'em Limit ($3/$6 USD) - 2016/10/22 6:55:48 ET
Table 'Eridanus' 6-max Seat #5 is the button
Seat 3: wingskid666 ($142.14 in chips)
Seat 5: Ag3r0n ($109 in chips)
Ag3r0n: posts small blind $1
wingskid666: posts big blind $3
*** HOLE CARDS ***
Ag3r0n: raises $3 to $6
wingskid666: calls $3
*** FLOP *** [2d 8s 3d]
wingskid666: checks
Ag3r0n: bets $3
wingskid666: folds
Uncalled bet ($3) returned to Ag3r0n
Ag3r0n collected $11.76 from pot
*** SUMMARY ***
Total pot $12 | Rake $0.24
Board [2d 8s 3d]
Seat 3: wingskid666 (big blind) folded on the Flop
Seat 5: Ag3r0n (button) (small blind) collected ($11.76)


PokerStars Hand #160272530859:  Hold'em Limit ($3/$6 USD) - 2016/10/22 6:55:28 ET
Table 'Eridanus' 6-max Seat #3 is the button
Seat 3: wingskid666 ($169.14 in chips)
Seat 5: Ag3r0n ($82.50 in chips)
wingskid666: posts small blind $1
Ag3r0n: posts big blind $3
*** HOLE CARDS ***
wingskid666: raises $3 to $6
Ag3r0n: raises $3 to $9
wingskid666: raises $3 to $12
Betting is capped
Ag3r0n: calls $3
*** FLOP *** [Qc Qd 6d]
Ag3r0n: checks
wingskid666: bets $3
Ag3r0n: calls $3
*** TURN *** [Qc Qd 6d] [3c]
Ag3r0n: checks
wingskid666: bets $6
Ag3r0n: calls $6
*** RIVER *** [Qc Qd 6d 3c] [7d]
Ag3r0n: checks
wingskid666: bets $6
Ag3r0n: calls $6
*** SHOW DOWN ***
wingskid666: shows [5c 5d] (two pair, Queens and Fives)
Ag3r0n: shows [Ad 6c] (two pair, Queens and Sixes)
Ag3r0n collected $53.50 from pot
*** SUMMARY ***
Total pot $54 | Rake $0.50
Board [Qc Qd 6d 3c 7d]
Seat 3: wingskid666 (button) (small blind) showed [5c 5d] and lost with two pair, Queens and Fives
Seat 5: Ag3r0n (big blind) showed [Ad 6c] and won ($53.50) with two pair, Queens and Sixes


