PokerStars Hand #166655890591:  Hold'em Limit ($3/$6 USD) - 2017/02/23 12:09:25 ET
Table 'Erida' 6-max Seat #5 is the button
Seat 3: avgust91985 ($98.12 in chips)
Seat 5: TinaTurner72 ($117 in chips)
TinaTurner72: posts small blind $1
avgust91985: posts big blind $3
*** HOLE CARDS ***
TinaTurner72: raises $3 to $6
avgust91985: calls $3
*** FLOP *** [7d 4h Ts]
avgust91985: checks
TinaTurner72: bets $3
avgust91985: calls $3
*** TURN *** [7d 4h Ts] [9h]
avgust91985: checks
TinaTurner72: checks
*** RIVER *** [7d 4h Ts 9h] [3d]
B_loJkl joins the table at seat #4
avgust91985: checks
TinaTurner72: bets $6
avgust91985: folds
Uncalled bet ($6) returned to TinaTurner72
TinaTurner72 collected $17.64 from pot
TinaTurner72: doesn't show hand
*** SUMMARY ***
Total pot $18 | Rake $0.36
Board [7d 4h Ts 9h 3d]
Seat 3: avgust91985 (big blind) folded on the River
Seat 5: TinaTurner72 (button) (small blind) collected ($17.64)


PokerStars Hand #166656238936:  Hold'em Limit ($3/$6 USD) - 2017/02/23 12:17:03 ET
Table 'Erida' 6-max Seat #5 is the button
Seat 3: avgust91985 ($17.80 in chips)
Seat 5: TinaTurner72 ($91.53 in chips)
TinaTurner72: posts small blind $1
avgust91985: posts big blind $3
*** HOLE CARDS ***
TinaTurner72: raises $3 to $6
avgust91985: folds
Uncalled bet ($3) returned to TinaTurner72
TinaTurner72 collected $6 from pot
TinaTurner72: doesn't show hand
*** SUMMARY ***
Total pot $6 | Rake $0
Seat 3: avgust91985 (big blind) folded before Flop
Seat 5: TinaTurner72 (button) (small blind) collected ($6)


PokerStars Hand #166656225306:  Hold'em Limit ($3/$6 USD) - 2017/02/23 12:16:46 ET
Table 'Erida' 6-max Seat #3 is the button
Seat 3: avgust91985 ($20.80 in chips)
Seat 5: TinaTurner72 ($88.65 in chips)
avgust91985: posts small blind $1
B_loJkl: is sitting out
TinaTurner72: posts big blind $3
*** HOLE CARDS ***
avgust91985: calls $2
TinaTurner72: checks
*** FLOP *** [Qc Qd 4s]
TinaTurner72: bets $3
avgust91985: folds
Uncalled bet ($3) returned to TinaTurner72
TinaTurner72 collected $5.88 from pot
TinaTurner72: doesn't show hand
*** SUMMARY ***
Total pot $6 | Rake $0.12
Board [Qc Qd 4s]
Seat 3: avgust91985 (button) (small blind) folded on the Flop
Seat 5: TinaTurner72 (big blind) collected ($5.88)


