PokerStars Hand #175317972316:  Hold'em Limit ($3/$6 USD) - 2017/09/07 6:07:53 ET
Table 'Eridanus II' 6-max Seat #3 is the button
Seat 1: igorkabmw ($58.55 in chips)
Seat 3: Ale4o ($185.93 in chips)
Ale4o: posts small blind $1
igorkabmw: posts big blind $3
*** HOLE CARDS ***
Ale4o: raises $3 to $6
igorkabmw: folds
Uncalled bet ($3) returned to Ale4o
Ale4o collected $6 from pot
Ale4o: doesn't show hand
*** SUMMARY ***
Total pot $6 | Rake $0
Seat 1: igorkabmw (big blind) folded before Flop
Seat 3: Ale4o (button) (small blind) collected ($6)


PokerStars Hand #175317954983:  Hold'em Limit ($3/$6 USD) - 2017/09/07 6:07:05 ET
Table 'Eridanus II' 6-max Seat #3 is the button
Seat 1: igorkabmw ($37.41 in chips)
Seat 3: Ale4o ($208.05 in chips)
Ale4o: posts small blind $1
t9pkin: is sitting out
igorkabmw: posts big blind $3
*** HOLE CARDS ***
Ale4o: raises $3 to $6
t9pkin leaves the table
igorkabmw: raises $3 to $9
Ale4o: calls $3
*** FLOP *** [2d Ah Tc]
igorkabmw: bets $3
Ale4o: folds
Uncalled bet ($3) returned to igorkabmw
igorkabmw collected $17.64 from pot
*** SUMMARY ***
Total pot $18 | Rake $0.36
Board [2d Ah Tc]
Seat 1: igorkabmw (big blind) collected ($17.64)
Seat 3: Ale4o (button) (small blind) folded on the Flop


PokerStars Hand #175317966091:  Hold'em Limit ($3/$6 USD) - 2017/09/07 6:07:36 ET
Table 'Eridanus II' 6-max Seat #3 is the button
Seat 1: igorkabmw ($43.05 in chips)
Seat 3: Ale4o ($201.93 in chips)
Ale4o: posts small blind $1
igorkabmw: posts big blind $3
*** HOLE CARDS ***
Ale4o: folds
Uncalled bet ($2) returned to igorkabmw
igorkabmw collected $2 from pot
*** SUMMARY ***
Total pot $2 | Rake $0
Seat 1: igorkabmw (big blind) collected ($2)
Seat 3: Ale4o (button) (small blind) folded before Flop


PokerStars Hand #175317960794:  Hold'em Limit ($3/$6 USD) - 2017/09/07 6:07:21 ET
Table 'Eridanus II' 6-max Seat #1 is the button
Seat 1: igorkabmw ($46.05 in chips)
Seat 3: Ale4o ($199.05 in chips)
igorkabmw: posts small blind $1
Ale4o: posts big blind $3
*** HOLE CARDS ***
igorkabmw: calls $2
Ale4o: checks
*** FLOP *** [Jd Kh 2s]
Ale4o: bets $3
igorkabmw: folds
Uncalled bet ($3) returned to Ale4o
Ale4o collected $5.88 from pot
Ale4o: doesn't show hand
*** SUMMARY ***
Total pot $6 | Rake $0.12
Board [Jd Kh 2s]
Seat 1: igorkabmw (button) (small blind) folded on the Flop
Seat 3: Ale4o (big blind) collected ($5.88)


PokerStars Hand #175317967613:  Hold'em Limit ($3/$6 USD) - 2017/09/07 6:07:40 ET
Table 'Eridanus II' 6-max Seat #1 is the button
Seat 1: igorkabmw ($44.05 in chips)
Seat 3: Ale4o ($200.93 in chips)
igorkabmw: posts small blind $1
Ale4o: posts big blind $3
*** HOLE CARDS ***
igorkabmw: raises $3 to $6
Ale4o: calls $3
*** FLOP *** [6c Ah 9d]
Ale4o: checks
igorkabmw: bets $3
Ale4o: calls $3
*** TURN *** [6c Ah 9d] [3c]
Ale4o: checks
igorkabmw: bets $6
Ale4o: calls $6
*** RIVER *** [6c Ah 9d 3c] [Ks]
Ale4o: checks
igorkabmw: checks
*** SHOW DOWN ***
Ale4o: shows [8c Qc] (high card Ace)
igorkabmw: shows [9s Ts] (a pair of Nines)
igorkabmw collected $29.50 from pot
*** SUMMARY ***
Total pot $30 | Rake $0.50
Board [6c Ah 9d 3c Ks]
Seat 1: igorkabmw (button) (small blind) showed [9s Ts] and won ($29.50) with a pair of Nines
Seat 3: Ale4o (big blind) showed [8c Qc] and lost with high card Ace


PokerStars Hand #175317974030:  Hold'em Limit ($3/$6 USD) - 2017/09/07 6:07:57 ET
Table 'Eridanus II' 6-max Seat #1 is the button
Seat 1: igorkabmw ($55.55 in chips)
Seat 3: Ale4o ($188.93 in chips)
igorkabmw: posts small blind $1
Ale4o: posts big blind $3
*** HOLE CARDS ***
igorkabmw: calls $2
Ale4o: checks
*** FLOP *** [4s 9d 5s]
Ale4o: bets $3
igorkabmw: calls $3
*** TURN *** [4s 9d 5s] [4h]
Ale4o: bets $6
igorkabmw: calls $6
*** RIVER *** [4s 9d 5s 4h] [As]
Ale4o: bets $6
igorkabmw: calls $6
*** SHOW DOWN ***
Ale4o: shows [4c Td] (three of a kind, Fours)
igorkabmw: mucks hand
Ale4o collected $35.50 from pot
*** SUMMARY ***
Total pot $36 | Rake $0.50
Board [4s 9d 5s 4h As]
Seat 1: igorkabmw (button) (small blind) mucked
Seat 3: Ale4o (big blind) showed [4c Td] and won ($35.50) with three of a kind, Fours


PokerStars Hand #175317980007:  Hold'em Limit ($3/$6 USD) - 2017/09/07 6:08:13 ET
Table 'Eridanus II' 6-max Seat #3 is the button
Seat 1: igorkabmw ($37.55 in chips)
Seat 3: Ale4o ($206.43 in chips)
Ale4o: posts small blind $1
igorkabmw: posts big blind $3
*** HOLE CARDS ***
Ale4o: raises $3 to $6
igorkabmw: raises $3 to $9
Ale4o: calls $3
*** FLOP *** [9s 3s Ad]
igorkabmw: bets $3
Ale4o: calls $3
*** TURN *** [9s 3s Ad] [5h]
igorkabmw: bets $6
Ale4o: calls $6
*** RIVER *** [9s 3s Ad 5h] [Td]
igorkabmw: bets $6
Ale4o: calls $6
*** SHOW DOWN ***
igorkabmw: shows [Th Jc] (a pair of Tens)
Ale4o: mucks hand
igorkabmw collected $47.50 from pot
*** SUMMARY ***
Total pot $48 | Rake $0.50
Board [9s 3s Ad 5h Td]
Seat 1: igorkabmw (big blind) showed [Th Jc] and won ($47.50) with a pair of Tens
Seat 3: Ale4o (button) (small blind) mucked


PokerStars Hand #175317987594:  Hold'em Limit ($3/$6 USD) - 2017/09/07 6:08:34 ET
Table 'Eridanus II' 6-max Seat #3 is the button
Seat 1: igorkabmw ($60.05 in chips)
Seat 3: Ale4o ($183.43 in chips)
Ale4o: posts small blind $1
igorkabmw: posts big blind $3
*** HOLE CARDS ***
Ale4o: raises $3 to $6
igorkabmw: calls $3
*** FLOP *** [6c Js 8c]
igorkabmw: checks
Agrotait joins the table at seat #2
Ale4o: bets $3
igorkabmw: calls $3
*** TURN *** [6c Js 8c] [9c]
igorkabmw: checks
Ale4o: checks
*** RIVER *** [6c Js 8c 9c] [8s]
igorkabmw: checks
Ale4o: checks
*** SHOW DOWN ***
igorkabmw: shows [5c 7c] (a straight flush, Five to Nine)
Ale4o: mucks hand
igorkabmw collected $17.64 from pot
*** SUMMARY ***
Total pot $18 | Rake $0.36
Board [6c Js 8c 9c 8s]
Seat 1: igorkabmw (big blind) showed [5c 7c] and won ($17.64) with a straight flush, Five to Nine
Seat 3: Ale4o (button) (small blind) mucked


PokerStars Hand #175317985248:  Hold'em Limit ($3/$6 USD) - 2017/09/07 6:08:28 ET
Table 'Eridanus II' 6-max Seat #1 is the button
Seat 1: igorkabmw ($61.05 in chips)
Seat 3: Ale4o ($182.43 in chips)
igorkabmw: posts small blind $1
Ale4o: posts big blind $3
*** HOLE CARDS ***
igorkabmw: folds
Uncalled bet ($2) returned to Ale4o
Ale4o collected $2 from pot
Ale4o: doesn't show hand
*** SUMMARY ***
Total pot $2 | Rake $0
Seat 1: igorkabmw (button) (small blind) folded before Flop
Seat 3: Ale4o (big blind) collected ($2)


