PokerStars Hand #175622827629:  Hold'em Limit ($3/$6 USD) - 2017/09/14 5:22:17 ET
Table 'Eridanus' 6-max Seat #6 is the button
Seat 5: xcgxcg2005 ($79.16 in chips)
Seat 6: aleksei19945 ($151.08 in chips)
aleksei19945: posts small blind $1
Psynto: is sitting out
krossguard: is sitting out
xcgxcg2005: posts big blind $3
*** HOLE CARDS ***
aleksei19945: folds
Uncalled bet ($2) returned to xcgxcg2005
Psynto leaves the table
xcgxcg2005 collected $2 from pot
xcgxcg2005: doesn't show hand
*** SUMMARY ***
Total pot $2 | Rake $0
Seat 5: xcgxcg2005 (big blind) collected ($2)
Seat 6: aleksei19945 (button) (small blind) folded before Flop


PokerStars Hand #175622829898:  Hold'em Limit ($3/$6 USD) - 2017/09/14 5:22:24 ET
Table 'Eridanus' 6-max Seat #5 is the button
Seat 5: xcgxcg2005 ($80.16 in chips)
Seat 6: aleksei19945 ($150.08 in chips)
xcgxcg2005: posts small blind $1
aleksei19945: posts big blind $3
*** HOLE CARDS ***
xcgxcg2005: raises $3 to $6
aleksei19945: raises $3 to $9
xcgxcg2005: calls $3
*** FLOP *** [2c Ac Jh]
aleksei19945: bets $3
xcgxcg2005: raises $3 to $6
krossguard leaves the table
aleksei19945: raises $3 to $9
xcgxcg2005: folds
Uncalled bet ($3) returned to aleksei19945
aleksei19945 collected $29.50 from pot
aleksei19945: doesn't show hand
*** SUMMARY ***
Total pot $30 | Rake $0.50
Board [2c Ac Jh]
Seat 5: xcgxcg2005 (button) (small blind) folded on the Flop
Seat 6: aleksei19945 (big blind) collected ($29.50)


PokerStars Hand #175622842451:  Hold'em Limit ($3/$6 USD) - 2017/09/14 5:23:01 ET
Table 'Eridanus' 6-max Seat #5 is the button
Seat 5: xcgxcg2005 ($88.66 in chips)
Seat 6: aleksei19945 ($140.58 in chips)
xcgxcg2005: posts small blind $1
aleksei19945: posts big blind $3
*** HOLE CARDS ***
xcgxcg2005: folds
Uncalled bet ($2) returned to aleksei19945
aleksei19945 collected $2 from pot
aleksei19945: doesn't show hand
*** SUMMARY ***
Total pot $2 | Rake $0
Seat 5: xcgxcg2005 (button) (small blind) folded before Flop
Seat 6: aleksei19945 (big blind) collected ($2)


PokerStars Hand #175622834693:  Hold'em Limit ($3/$6 USD) - 2017/09/14 5:22:38 ET
Table 'Eridanus' 6-max Seat #6 is the button
Seat 5: xcgxcg2005 ($65.16 in chips)
Seat 6: aleksei19945 ($164.58 in chips)
aleksei19945: posts small blind $1
xcgxcg2005: posts big blind $3
*** HOLE CARDS ***
stuart1973 joins the table at seat #3
aleksei19945: raises $3 to $6
xcgxcg2005: calls $3
*** FLOP *** [7h 7d Qh]
xcgxcg2005: checks
Psynto joins the table at seat #4
aleksei19945: bets $3
xcgxcg2005: raises $3 to $6
aleksei19945: calls $3
*** TURN *** [7h 7d Qh] [Ts]
xcgxcg2005: checks
aleksei19945: bets $6
xcgxcg2005: calls $6
*** RIVER *** [7h 7d Qh Ts] [8s]
xcgxcg2005: checks
aleksei19945: bets $6
xcgxcg2005: calls $6
*** SHOW DOWN ***
aleksei19945: shows [Kc 9c] (a pair of Sevens)
xcgxcg2005: shows [2s Ac] (a pair of Sevens - Ace kicker)
xcgxcg2005 collected $47.50 from pot
*** SUMMARY ***
Total pot $48 | Rake $0.50
Board [7h 7d Qh Ts 8s]
Seat 5: xcgxcg2005 (big blind) showed [2s Ac] and won ($47.50) with a pair of Sevens
Seat 6: aleksei19945 (button) (small blind) showed [Kc 9c] and lost with a pair of Sevens


