PokerStars Hand #149435525879:  Hold'em Limit ($3/$6 USD) - 2016/02/26 6:52:23 ET
Table 'Erigone II' 6-max Seat #3 is the button
Seat 3: alingi77 ($39.50 in chips)
Seat 4: TbIP-TbIP 88 ($92.50 in chips)
alingi77: posts small blind $1
TbIP-TbIP 88: posts big blind $3
*** HOLE CARDS ***
alingi77: raises $3 to $6
TbIP-TbIP 88: calls $3
*** FLOP *** [Td Ks 9d]
TbIP-TbIP 88: checks
alingi77: bets $3
TbIP-TbIP 88: calls $3
*** TURN *** [Td Ks 9d] [8s]
TbIP-TbIP 88: checks
alingi77: bets $6
TbIP-TbIP 88: folds
Uncalled bet ($6) returned to alingi77
alingi77 collected $17.64 from pot
alingi77: doesn't show hand
*** SUMMARY ***
Total pot $18 | Rake $0.36
Board [Td Ks 9d 8s]
Seat 3: alingi77 (button) (small blind) collected ($17.64)
Seat 4: TbIP-TbIP 88 (big blind) folded on the Turn


PokerStars Hand #149435640662:  Hold'em Limit ($3/$6 USD) - 2016/02/26 6:56:03 ET
Table 'Erigone II' 6-max Seat #3 is the button
Seat 3: alingi77 ($5.06 in chips)
Seat 5: B_loJkl ($210.32 in chips)
alingi77: posts small blind $1
TbIP-TbIP 88: is sitting out
B_loJkl: posts big blind $3
*** HOLE CARDS ***
alingi77: raises $2.06 to $5.06 and is all-in
B_loJkl: calls $2.06
*** FLOP *** [Th 6h 8h]
*** TURN *** [Th 6h 8h] [Qs]
*** RIVER *** [Th 6h 8h Qs] [3s]
*** SHOW DOWN ***
B_loJkl: shows [6s 9h] (a pair of Sixes)
alingi77: shows [Js 6c] (a pair of Sixes - Queen+Jack kicker)
alingi77 collected $9.92 from pot
*** SUMMARY ***
Total pot $10.12 | Rake $0.20
Board [Th 6h 8h Qs 3s]
Seat 3: alingi77 (button) (small blind) showed [Js 6c] and won ($9.92) with a pair of Sixes
Seat 5: B_loJkl (big blind) showed [6s 9h] and lost with a pair of Sixes


PokerStars Hand #149435680493:  Hold'em Limit ($3/$6 USD) - 2016/02/26 6:57:27 ET
Table 'Erigone II' 6-max Seat #5 is the button
Seat 3: alingi77 ($16.44 in chips)
Seat 5: B_loJkl ($197.98 in chips)
B_loJkl: posts small blind $1
alingi77: posts big blind $3
*** HOLE CARDS ***
B_loJkl: folds
Uncalled bet ($2) returned to alingi77
alingi77 collected $2 from pot
alingi77: doesn't show hand
*** SUMMARY ***
Total pot $2 | Rake $0
Seat 3: alingi77 (big blind) collected ($2)
Seat 5: B_loJkl (button) (small blind) folded before Flop


PokerStars Hand #149435684426:  Hold'em Limit ($3/$6 USD) - 2016/02/26 6:57:35 ET
Table 'Erigone II' 6-max Seat #3 is the button
Seat 3: alingi77 ($17.44 in chips)
Seat 5: B_loJkl ($196.98 in chips)
alingi77: posts small blind $1
B_loJkl: posts big blind $3
*** HOLE CARDS ***
alingi77: raises $3 to $6
B_loJkl: calls $3
*** FLOP *** [4d Ah Ts]
B_loJkl: checks
alingi77: bets $3
B_loJkl: calls $3
*** TURN *** [4d Ah Ts] [4s]
B_loJkl: checks
alingi77: checks
*** RIVER *** [4d Ah Ts 4s] [Qh]
B_loJkl: checks
alingi77: bets $6
B_loJkl: calls $6
*** SHOW DOWN ***
alingi77: shows [5d Qd] (two pair, Queens and Fours)
B_loJkl: mucks hand
alingi77 collected $29.50 from pot
*** SUMMARY ***
Total pot $30 | Rake $0.50
Board [4d Ah Ts 4s Qh]
Seat 3: alingi77 (button) (small blind) showed [5d Qd] and won ($29.50) with two pair, Queens and Fours
Seat 5: B_loJkl (big blind) mucked


PokerStars Hand #149435693091:  Hold'em Limit ($3/$6 USD) - 2016/02/26 6:57:53 ET
Table 'Erigone II' 6-max Seat #5 is the button
Seat 3: alingi77 ($31.94 in chips)
Seat 5: B_loJkl ($181.98 in chips)
B_loJkl: posts small blind $1
alingi77: posts big blind $3
*** HOLE CARDS ***
B_loJkl: raises $3 to $6
alingi77: calls $3
*** FLOP *** [9c 5h 6s]
alingi77: checks
B_loJkl: bets $3
alingi77: folds
Uncalled bet ($3) returned to B_loJkl
B_loJkl collected $11.76 from pot
B_loJkl: doesn't show hand
*** SUMMARY ***
Total pot $12 | Rake $0.24
Board [9c 5h 6s]
Seat 3: alingi77 (big blind) folded on the Flop
Seat 5: B_loJkl (button) (small blind) collected ($11.76)


PokerStars Hand #149435697650:  Hold'em Limit ($3/$6 USD) - 2016/02/26 6:58:03 ET
Table 'Erigone II' 6-max Seat #3 is the button
Seat 3: alingi77 ($25.94 in chips)
Seat 5: B_loJkl ($187.74 in chips)
alingi77: posts small blind $1
B_loJkl: posts big blind $3
*** HOLE CARDS ***
alingi77: raises $3 to $6
B_loJkl: raises $3 to $9
alingi77: raises $3 to $12
Betting is capped
B_loJkl: calls $3
*** FLOP *** [7c Jh 2c]
B_loJkl: checks
alingi77: checks
*** TURN *** [7c Jh 2c] [Jd]
B_loJkl: bets $6
alingi77: calls $6
*** RIVER *** [7c Jh 2c Jd] [6c]
B_loJkl: bets $6
alingi77: calls $6
*** SHOW DOWN ***
B_loJkl: shows [9c Ah] (a pair of Jacks)
alingi77: mucks hand
B_loJkl collected $47.50 from pot
*** SUMMARY ***
Total pot $48 | Rake $0.50
Board [7c Jh 2c Jd 6c]
Seat 3: alingi77 (button) (small blind) mucked
Seat 5: B_loJkl (big blind) showed [9c Ah] and won ($47.50) with a pair of Jacks


PokerStars Hand #149435646957:  Hold'em Limit ($3/$6 USD) - 2016/02/26 6:56:16 ET
Table 'Erigone II' 6-max Seat #5 is the button
Seat 3: alingi77 ($9.92 in chips)
Seat 5: B_loJkl ($205.26 in chips)
B_loJkl: posts small blind $1
alingi77: posts big blind $3
*** HOLE CARDS ***
B_loJkl: raises $3 to $6
alingi77: raises $3 to $9
B_loJkl: raises $3 to $12
Betting is capped
alingi77: calls $0.92 and is all-in
Uncalled bet ($2.08) returned to B_loJkl
*** FLOP *** [Jh 2h 6s]
*** TURN *** [Jh 2h 6s] [3c]
*** RIVER *** [Jh 2h 6s 3c] [2d]
*** SHOW DOWN ***
alingi77: shows [Jc 8c] (two pair, Jacks and Deuces)
B_loJkl: shows [Jd 5c] (two pair, Jacks and Deuces - lower kicker)
alingi77 collected $19.44 from pot
*** SUMMARY ***
Total pot $19.84 | Rake $0.40
Board [Jh 2h 6s 3c 2d]
Seat 3: alingi77 (big blind) showed [Jc 8c] and won ($19.44) with two pair, Jacks and Deuces
Seat 5: B_loJkl (button) (small blind) showed [Jd 5c] and lost with two pair, Jacks and Deuces


PokerStars Hand #149435668424:  Hold'em Limit ($3/$6 USD) - 2016/02/26 6:57:01 ET
Table 'Erigone II' 6-max Seat #3 is the button
Seat 3: alingi77 ($19.44 in chips)
Seat 5: B_loJkl ($195.34 in chips)
alingi77: posts small blind $1
B_loJkl: posts big blind $3
*** HOLE CARDS ***
alingi77: raises $3 to $6
B_loJkl: folds
Uncalled bet ($3) returned to alingi77
alingi77 collected $6 from pot
alingi77: doesn't show hand
*** SUMMARY ***
Total pot $6 | Rake $0
Seat 3: alingi77 (button) (small blind) collected ($6)
Seat 5: B_loJkl (big blind) folded before Flop


PokerStars Hand #149435476791:  Hold'em Limit ($3/$6 USD) - 2016/02/26 6:50:52 ET
Table 'Erigone II' 6-max Seat #3 is the button
Seat 3: alingi77 ($60 in chips)
Seat 4: TbIP-TbIP 88 ($72 in chips)
alingi77: posts small blind $1
TbIP-TbIP 88: posts big blind $3
*** HOLE CARDS ***
alingi77: raises $3 to $6
TbIP-TbIP 88: calls $3
*** FLOP *** [2d Ac 6s]
TbIP-TbIP 88: checks
alingi77: bets $3
TbIP-TbIP 88: calls $3
*** TURN *** [2d Ac 6s] [3d]
TbIP-TbIP 88: checks
alingi77: bets $6
TbIP-TbIP 88: calls $6
*** RIVER *** [2d Ac 6s 3d] [9c]
TbIP-TbIP 88: checks
alingi77: bets $6
TbIP-TbIP 88: calls $6
*** SHOW DOWN ***
alingi77: shows [Qc Tc] (high card Ace)
TbIP-TbIP 88: shows [7s 6c] (a pair of Sixes)
TbIP-TbIP 88 collected $41.50 from pot
*** SUMMARY ***
Total pot $42 | Rake $0.50
Board [2d Ac 6s 3d 9c]
Seat 3: alingi77 (button) (small blind) showed [Qc Tc] and lost with high card Ace
Seat 4: TbIP-TbIP 88 (big blind) showed [7s 6c] and won ($41.50) with a pair of Sixes


PokerStars Hand #149435497614:  Hold'em Limit ($3/$6 USD) - 2016/02/26 6:51:30 ET
Table 'Erigone II' 6-max Seat #4 is the button
Seat 3: alingi77 ($39 in chips)
Seat 4: TbIP-TbIP 88 ($92.50 in chips)
TbIP-TbIP 88: posts small blind $1
alingi77: posts big blind $3
*** HOLE CARDS ***
TbIP-TbIP 88: folds
Uncalled bet ($2) returned to alingi77
alingi77 collected $2 from pot
alingi77: doesn't show hand
*** SUMMARY ***
Total pot $2 | Rake $0
Seat 3: alingi77 (big blind) collected ($2)
Seat 4: TbIP-TbIP 88 (button) (small blind) folded before Flop


