PokerStars Hand #152519796185:  Hold'em Limit ($3/$6 USD) - 2016/04/27 10:56:42 ET
Table 'Erigone II' 10-max Seat #5 is the button
Seat 5: balletgirls ($30 in chips)
Seat 6: Agrotait ($72 in chips)
balletgirls: posts small blind $1
kolaz03 leaves the table
Agrotait: posts big blind $3
*** HOLE CARDS ***
balletgirls: calls $2
GoliafUa joins the table at seat #7
Agrotait: checks
*** FLOP *** [8c 5s 7h]
Agrotait: bets $3
balletgirls: calls $3
*** TURN *** [8c 5s 7h] [Ts]
Agrotait: checks
balletgirls: checks
*** RIVER *** [8c 5s 7h Ts] [9s]
Agrotait: checks
balletgirls: bets $6
Agrotait: calls $6
*** SHOW DOWN ***
balletgirls: shows [2d 8s] (a pair of Eights)
Agrotait: mucks hand
balletgirls collected $23.52 from pot
*** SUMMARY ***
Total pot $24 | Rake $0.48
Board [8c 5s 7h Ts 9s]
Seat 5: balletgirls (button) (small blind) showed [2d 8s] and won ($23.52) with a pair of Eights
Seat 6: Agrotait (big blind) mucked


PokerStars Hand #152519876317:  Hold'em Limit ($3/$6 USD) - 2016/04/27 10:59:08 ET
Table 'Erigone II' 10-max Seat #6 is the button
Seat 5: balletgirls ($56.02 in chips)
Seat 6: Agrotait ($77.76 in chips)
Agrotait: posts small blind $1
balletgirls: posts big blind $3
*** HOLE CARDS ***
Agrotait: raises $3 to $6
balletgirls: calls $3
*** FLOP *** [2h 7s As]
balletgirls: bets $3
Agrotait: calls $3
*** TURN *** [2h 7s As] [8d]
balletgirls: bets $6
Agrotait: calls $6
*** RIVER *** [2h 7s As 8d] [Qc]
balletgirls: bets $6
Agrotait: calls $6
*** SHOW DOWN ***
balletgirls: shows [4h Ah] (a pair of Aces)
Agrotait: shows [3s Ad] (a pair of Aces)
balletgirls collected $20.75 from pot
Agrotait collected $20.75 from pot
*** SUMMARY ***
Total pot $42 | Rake $0.50
Board [2h 7s As 8d Qc]
Seat 5: balletgirls (big blind) showed [4h Ah] and won ($20.75) with a pair of Aces
Seat 6: Agrotait (button) (small blind) showed [3s Ad] and won ($20.75) with a pair of Aces


PokerStars Hand #152519862114:  Hold'em Limit ($3/$6 USD) - 2016/04/27 10:58:42 ET
Table 'Erigone II' 10-max Seat #5 is the button
Seat 5: balletgirls ($62.02 in chips)
Seat 6: Agrotait ($72 in chips)
balletgirls: posts small blind $1
Agrotait: posts big blind $3
*** HOLE CARDS ***
balletgirls: calls $2
Agrotait: checks
*** FLOP *** [Td 6h 3c]
Agrotait: bets $3
balletgirls: calls $3
*** TURN *** [Td 6h 3c] [2s]
Agrotait: bets $6
balletgirls: folds
Uncalled bet ($6) returned to Agrotait
Agrotait collected $11.76 from pot
Agrotait: doesn't show hand
*** SUMMARY ***
Total pot $12 | Rake $0.24
Board [Td 6h 3c 2s]
Seat 5: balletgirls (button) (small blind) folded on the Turn
Seat 6: Agrotait (big blind) collected ($11.76)


PokerStars Hand #152519825462:  Hold'em Limit ($3/$6 USD) - 2016/04/27 10:57:36 ET
Table 'Erigone II' 10-max Seat #6 is the button
Seat 5: balletgirls ($41.52 in chips)
Seat 6: Agrotait ($60 in chips)
Agrotait: posts small blind $1
balletgirls: posts big blind $3
*** HOLE CARDS ***
Agrotait: raises $3 to $6
balletgirls: calls $3
*** FLOP *** [Kc 6d Kh]
balletgirls: checks
Agrotait: bets $3
balletgirls: calls $3
*** TURN *** [Kc 6d Kh] [Qh]
balletgirls: checks
Agrotait: bets $6
balletgirls: calls $6
*** RIVER *** [Kc 6d Kh Qh] [5c]
balletgirls: checks
Agrotait: bets $6
balletgirls: calls $6
*** SHOW DOWN ***
Agrotait: shows [3h 9h] (a pair of Kings)
balletgirls: shows [Jh 6h] (two pair, Kings and Sixes)
balletgirls collected $41.50 from pot
*** SUMMARY ***
Total pot $42 | Rake $0.50
Board [Kc 6d Kh Qh 5c]
Seat 5: balletgirls (big blind) showed [Jh 6h] and won ($41.50) with two pair, Kings and Sixes
Seat 6: Agrotait (button) (small blind) showed [3h 9h] and lost with a pair of Kings


PokerStars Hand #152519889337:  Hold'em Limit ($3/$6 USD) - 2016/04/27 10:59:32 ET
Table 'Erigone II' 10-max Seat #5 is the button
Seat 5: balletgirls ($55.77 in chips)
Seat 6: Agrotait ($77.51 in chips)
balletgirls: posts small blind $1
Agrotait: posts big blind $3
*** HOLE CARDS ***
balletgirls: calls $2
Agrotait: raises $3 to $6
balletgirls: calls $3
*** FLOP *** [2c 5c 9s]
Agrotait: bets $3
balletgirls: calls $3
*** TURN *** [2c 5c 9s] [Ad]
Agrotait: bets $6
balletgirls: calls $6
*** RIVER *** [2c 5c 9s Ad] [4s]
Agrotait: bets $6
balletgirls: calls $6
*** SHOW DOWN ***
Agrotait: shows [Ac 5h] (two pair, Aces and Fives)
balletgirls: mucks hand
Agrotait collected $41.50 from pot
*** SUMMARY ***
Total pot $42 | Rake $0.50
Board [2c 5c 9s Ad 4s]
Seat 5: balletgirls (button) (small blind) mucked
Seat 6: Agrotait (big blind) showed [Ac 5h] and won ($41.50) with two pair, Aces and Fives


PokerStars Hand #152519931589:  Hold'em Limit ($3/$6 USD) - 2016/04/27 11:00:47 ET
Table 'Erigone II' 10-max Seat #5 is the button
Seat 5: balletgirls ($40.53 in chips)
Seat 6: Agrotait ($92.01 in chips)
balletgirls: posts small blind $1
Agrotait: posts big blind $3
*** HOLE CARDS ***
balletgirls: calls $2
Agrotait: checks
*** FLOP *** [Th 4h 8h]
Agrotait: checks
balletgirls: checks
*** TURN *** [Th 4h 8h] [2s]
Agrotait: checks
balletgirls: checks
*** RIVER *** [Th 4h 8h 2s] [7s]
Agrotait: bets $6
balletgirls: folds
Uncalled bet ($6) returned to Agrotait
Agrotait collected $5.88 from pot
Agrotait: doesn't show hand
*** SUMMARY ***
Total pot $6 | Rake $0.12
Board [Th 4h 8h 2s 7s]
Seat 5: balletgirls (button) (small blind) folded on the River
Seat 6: Agrotait (big blind) collected ($5.88)


PokerStars Hand #152519903686:  Hold'em Limit ($3/$6 USD) - 2016/04/27 10:59:58 ET
Table 'Erigone II' 10-max Seat #6 is the button
Seat 5: balletgirls ($34.77 in chips)
Seat 6: Agrotait ($98.01 in chips)
Agrotait: posts small blind $1
balletgirls: posts big blind $3
*** HOLE CARDS ***
Agrotait: raises $3 to $6
balletgirls: calls $3
*** FLOP *** [4s 9s 9h]
balletgirls: checks
Agrotait: checks
*** TURN *** [4s 9s 9h] [9d]
balletgirls: checks
Agrotait: checks
*** RIVER *** [4s 9s 9h 9d] [5c]
balletgirls: checks
Agrotait: checks
*** SHOW DOWN ***
balletgirls: shows [Ks Jc] (three of a kind, Nines)
Agrotait: mucks hand
balletgirls collected $11.76 from pot
*** SUMMARY ***
Total pot $12 | Rake $0.24
Board [4s 9s 9h 9d 5c]
Seat 5: balletgirls (big blind) showed [Ks Jc] and won ($11.76) with three of a kind, Nines
Seat 6: Agrotait (button) (small blind) mucked


