PokerStars Hand #155685440421:  Hold'em Limit ($3/$6 USD) - 2016/07/07 15:41:43 ET
Table 'Erigone' 6-max Seat #3 is the button
Seat 3: yoko20 ($113.15 in chips)
Seat 4: AzureCaper ($92.83 in chips)
yoko20: posts small blind $1
AzureCaper: posts big blind $3
*** HOLE CARDS ***
yoko20: folds
Uncalled bet ($2) returned to AzureCaper
yoko20 leaves the table
AzureCaper collected $2 from pot
AzureCaper: doesn't show hand
*** SUMMARY ***
Total pot $2 | Rake $0
Seat 3: yoko20 (button) (small blind) folded before Flop
Seat 4: AzureCaper (big blind) collected ($2)


PokerStars Hand #155685427838:  Hold'em Limit ($3/$6 USD) - 2016/07/07 15:41:22 ET
Table 'Erigone' 6-max Seat #4 is the button
Seat 3: yoko20 ($104.51 in chips)
Seat 4: AzureCaper ($101.83 in chips)
AzureCaper: posts small blind $1
yoko20: posts big blind $3
*** HOLE CARDS ***
AzureCaper: raises $3 to $6
yoko20: calls $3
*** FLOP *** [Td Qc 2h]
yoko20: checks
AzureCaper: bets $3
yoko20: calls $3
*** TURN *** [Td Qc 2h] [9s]
yoko20: checks
AzureCaper: checks
*** RIVER *** [Td Qc 2h 9s] [8d]
yoko20: bets $6
AzureCaper: folds
Uncalled bet ($6) returned to yoko20
yoko20 collected $17.64 from pot
yoko20: doesn't show hand
*** SUMMARY ***
Total pot $18 | Rake $0.36
Board [Td Qc 2h 9s 8d]
Seat 3: yoko20 (big blind) collected ($17.64)
Seat 4: AzureCaper (button) (small blind) folded on the River


PokerStars Hand #155685540268:  Hold'em Limit ($3/$6 USD) - 2016/07/07 15:44:37 ET
Table 'Erigone' 6-max Seat #4 is the button
Seat 1: volf 233 ($34 in chips)
Seat 4: AzureCaper ($89.83 in chips)
AzureCaper: posts small blind $1
volf 233: posts big blind $3
*** HOLE CARDS ***
AzureCaper: raises $3 to $6
volf 233: calls $3
*** FLOP *** [Th Ac 6d]
volf 233: checks
AzureCaper: bets $3
volf 233: raises $3 to $6
AzureCaper: raises $3 to $9
volf 233: calls $3
*** TURN *** [Th Ac 6d] [3h]
volf 233: checks
AzureCaper: bets $6
volf 233: calls $6
*** RIVER *** [Th Ac 6d 3h] [7d]
volf 233: checks
AzureCaper: bets $6
volf 233: raises $6 to $12
AzureCaper: folds
Uncalled bet ($6) returned to volf 233
volf 233 collected $53.50 from pot
volf 233: doesn't show hand
*** SUMMARY ***
Total pot $54 | Rake $0.50
Board [Th Ac 6d 3h 7d]
Seat 1: volf 233 (big blind) collected ($53.50)
Seat 4: AzureCaper (button) (small blind) folded on the River


PokerStars Hand #155685531954:  Hold'em Limit ($3/$6 USD) - 2016/07/07 15:44:23 ET
Table 'Erigone' 6-max Seat #1 is the button
Seat 1: volf 233 ($31 in chips)
Seat 4: AzureCaper ($92.83 in chips)
volf 233: posts small blind $1
AzureCaper: posts big blind $3
*** HOLE CARDS ***
volf 233: folds
Uncalled bet ($2) returned to AzureCaper
AzureCaper collected $2 from pot
AzureCaper: doesn't show hand
*** SUMMARY ***
Total pot $2 | Rake $0
Seat 1: volf 233 (button) (small blind) folded before Flop
Seat 4: AzureCaper (big blind) collected ($2)


PokerStars Hand #155685528173:  Hold'em Limit ($3/$6 USD) - 2016/07/07 15:44:16 ET
Table 'Erigone' 6-max Seat #4 is the button
Seat 1: volf 233 ($30 in chips)
Seat 4: AzureCaper ($93.83 in chips)
AzureCaper: posts small blind $1
volf 233: posts big blind $3
*** HOLE CARDS ***
AzureCaper: folds
Uncalled bet ($2) returned to volf 233
volf 233 collected $2 from pot
volf 233: doesn't show hand
*** SUMMARY ***
Total pot $2 | Rake $0
Seat 1: volf 233 (big blind) collected ($2)
Seat 4: AzureCaper (button) (small blind) folded before Flop


PokerStars Hand #155685537343:  Hold'em Limit ($3/$6 USD) - 2016/07/07 15:44:32 ET
Table 'Erigone' 6-max Seat #1 is the button
Seat 1: volf 233 ($31 in chips)
Seat 4: AzureCaper ($92.83 in chips)
volf 233: posts small blind $1
AzureCaper: posts big blind $3
*** HOLE CARDS ***
volf 233: raises $3 to $6
AzureCaper: folds
Uncalled bet ($3) returned to volf 233
volf 233 collected $6 from pot
volf 233: doesn't show hand
*** SUMMARY ***
Total pot $6 | Rake $0
Seat 1: volf 233 (button) (small blind) collected ($6)
Seat 4: AzureCaper (big blind) folded before Flop


PokerStars Hand #155685534664:  Hold'em Limit ($3/$6 USD) - 2016/07/07 15:44:27 ET
Table 'Erigone' 6-max Seat #4 is the button
Seat 1: volf 233 ($30 in chips)
Seat 4: AzureCaper ($93.83 in chips)
AzureCaper: posts small blind $1
volf 233: posts big blind $3
*** HOLE CARDS ***
AzureCaper: folds
Uncalled bet ($2) returned to volf 233
volf 233 collected $2 from pot
volf 233: doesn't show hand
*** SUMMARY ***
Total pot $2 | Rake $0
Seat 1: volf 233 (big blind) collected ($2)
Seat 4: AzureCaper (button) (small blind) folded before Flop


PokerStars Hand #155685571020:  Hold'em Limit ($3/$6 USD) - 2016/07/07 15:45:30 ET
Table 'Erigone' 6-max Seat #1 is the button
Seat 1: volf 233 ($101.88 in chips)
Seat 4: AzureCaper ($72 in chips)
volf 233: posts small blind $1
AzureCaper: posts big blind $3
*** HOLE CARDS ***
volf 233: calls $2
AzureCaper: raises $3 to $6
volf 233: calls $3
*** FLOP *** [Qs 7s As]
Pokali joins the table at seat #5
AzureCaper: checks
volf 233: checks
*** TURN *** [Qs 7s As] [3c]
AzureCaper: checks
volf 233: bets $6
AzureCaper: folds
Uncalled bet ($6) returned to volf 233
volf 233 collected $11.76 from pot
volf 233: doesn't show hand
*** SUMMARY ***
Total pot $12 | Rake $0.24
Board [Qs 7s As 3c]
Seat 1: volf 233 (button) (small blind) collected ($11.76)
Seat 4: AzureCaper (big blind) folded on the Turn


PokerStars Hand #155685552474:  Hold'em Limit ($3/$6 USD) - 2016/07/07 15:44:58 ET
Table 'Erigone' 6-max Seat #1 is the button
Seat 1: volf 233 ($60.50 in chips)
Seat 4: AzureCaper ($72 in chips)
volf 233: posts small blind $1
AzureCaper: posts big blind $3
*** HOLE CARDS ***
volf 233: calls $2
AzureCaper: checks
*** FLOP *** [8c Kh 7s]
AzureCaper: checks
volf 233: bets $3
AzureCaper: folds
Uncalled bet ($3) returned to volf 233
volf 233 collected $5.88 from pot
volf 233: doesn't show hand
*** SUMMARY ***
Total pot $6 | Rake $0.12
Board [8c Kh 7s]
Seat 1: volf 233 (button) (small blind) collected ($5.88)
Seat 4: AzureCaper (big blind) folded on the Flop


PokerStars Hand #155685561557:  Hold'em Limit ($3/$6 USD) - 2016/07/07 15:45:14 ET
Table 'Erigone' 6-max Seat #4 is the button
Seat 1: volf 233 ($63.38 in chips)
Seat 4: AzureCaper ($72 in chips)
AzureCaper: posts small blind $1
volf 233: posts big blind $3
*** HOLE CARDS ***
AzureCaper: raises $3 to $6
volf 233: calls $3
*** FLOP *** [2s 3h 9c]
volf 233: checks
AzureCaper: bets $3
volf 233: calls $3
*** TURN *** [2s 3h 9c] [As]
volf 233: checks
AzureCaper: bets $6
volf 233: raises $6 to $12
AzureCaper: raises $6 to $18
volf 233: calls $6
*** RIVER *** [2s 3h 9c As] [2h]
volf 233: checks
AzureCaper: bets $6
volf 233: raises $6 to $12
AzureCaper: calls $6
*** SHOW DOWN ***
volf 233: shows [Qs 2c] (three of a kind, Deuces)
AzureCaper: mucks hand
volf 233 collected $77.50 from pot
*** SUMMARY ***
Total pot $78 | Rake $0.50
Board [2s 3h 9c As 2h]
Seat 1: volf 233 (big blind) showed [Qs 2c] and won ($77.50) with three of a kind, Deuces
Seat 4: AzureCaper (button) (small blind) mucked


PokerStars Hand #155685629559:  Hold'em Limit ($3/$6 USD) - 2016/07/07 15:47:16 ET
Table 'Erigone' 6-max Seat #4 is the button
Seat 3: alpha2777 ($140.50 in chips)
Seat 4: AzureCaper ($72 in chips)
AzureCaper: posts small blind $1
alpha2777: posts big blind $3
*** HOLE CARDS ***
AzureCaper: folds
Uncalled bet ($2) returned to alpha2777
alpha2777 collected $2 from pot
alpha2777: doesn't show hand
*** SUMMARY ***
Total pot $2 | Rake $0
Seat 3: alpha2777 (big blind) collected ($2)
Seat 4: AzureCaper (button) (small blind) folded before Flop


PokerStars Hand #155685626113:  Hold'em Limit ($3/$6 USD) - 2016/07/07 15:47:09 ET
Table 'Erigone' 6-max Seat #3 is the button
Seat 3: alpha2777 ($137.50 in chips)
Seat 4: AzureCaper ($72 in chips)
alpha2777: posts small blind $1
AzureCaper: posts big blind $3
*** HOLE CARDS ***
alpha2777: raises $3 to $6
AzureCaper: folds
Uncalled bet ($3) returned to alpha2777
alpha2777 collected $6 from pot
alpha2777: doesn't show hand
*** SUMMARY ***
Total pot $6 | Rake $0
Seat 3: alpha2777 (button) (small blind) collected ($6)
Seat 4: AzureCaper (big blind) folded before Flop


PokerStars Hand #155685617618:  Hold'em Limit ($3/$6 USD) - 2016/07/07 15:46:53 ET
Table 'Erigone' 6-max Seat #4 is the button
Seat 3: alpha2777 ($120 in chips)
Seat 4: AzureCaper ($72 in chips)
AzureCaper: posts small blind $1
Pokali: is sitting out
alpha2777: posts big blind $3
*** HOLE CARDS ***
AzureCaper: raises $3 to $6
Pokali leaves the table
alpha2777: calls $3
*** FLOP *** [2h 4s 4c]
alpha2777: bets $3
AzureCaper: raises $3 to $6
alpha2777: calls $3
*** TURN *** [2h 4s 4c] [Jh]
alpha2777: checks
AzureCaper: bets $6
alpha2777: calls $6
*** RIVER *** [2h 4s 4c Jh] [7s]
alpha2777: checks
AzureCaper: checks
*** SHOW DOWN ***
alpha2777: shows [2s 6d] (two pair, Fours and Deuces)
AzureCaper: mucks hand
alpha2777 collected $35.50 from pot
*** SUMMARY ***
Total pot $36 | Rake $0.50
Board [2h 4s 4c Jh 7s]
Seat 3: alpha2777 (big blind) showed [2s 6d] and won ($35.50) with two pair, Fours and Deuces
Seat 4: AzureCaper (button) (small blind) mucked


PokerStars Hand #155685632740:  Hold'em Limit ($3/$6 USD) - 2016/07/07 15:47:21 ET
Table 'Erigone' 6-max Seat #3 is the button
Seat 3: alpha2777 ($141.50 in chips)
Seat 4: AzureCaper ($72 in chips)
alpha2777: posts small blind $1
AzureCaper: posts big blind $3
*** HOLE CARDS ***
alpha2777: raises $3 to $6
AzureCaper: calls $3
*** FLOP *** [3h 7d Td]
AzureCaper: checks
alpha2777: bets $3
AzureCaper: calls $3
*** TURN *** [3h 7d Td] [6d]
AzureCaper: checks
alpha2777: bets $6
AzureCaper: calls $6
*** RIVER *** [3h 7d Td 6d] [2h]
AzureCaper: checks
alpha2777: bets $6
AzureCaper: calls $6
*** SHOW DOWN ***
alpha2777: shows [8s 6h] (a pair of Sixes)
AzureCaper: shows [Ad 6c] (a pair of Sixes - Ace kicker)
AzureCaper collected $41.50 from pot
*** SUMMARY ***
Total pot $42 | Rake $0.50
Board [3h 7d Td 6d 2h]
Seat 3: alpha2777 (button) (small blind) showed [8s 6h] and lost with a pair of Sixes
Seat 4: AzureCaper (big blind) showed [Ad 6c] and won ($41.50) with a pair of Sixes


PokerStars Hand #155685805714:  Hold'em Limit ($3/$6 USD) - 2016/07/07 15:52:22 ET
Table 'Erigone' 6-max Seat #5 is the button
Seat 4: AzureCaper ($105 in chips)
Seat 5: Titanic001 ($97 in chips)
Titanic001: posts small blind $1
AzureCaper: posts big blind $3
*** HOLE CARDS ***
Titanic001: raises $3 to $6
AzureCaper: calls $3
*** FLOP *** [Ts 9d 6d]
AzureCaper: checks
Titanic001: bets $3
AzureCaper: calls $3
*** TURN *** [Ts 9d 6d] [3d]
AzureCaper: checks
Titanic001: checks
*** RIVER *** [Ts 9d 6d 3d] [3h]
AzureCaper: checks
Titanic001: checks
*** SHOW DOWN ***
AzureCaper: shows [8s Qd] (a pair of Threes)
Titanic001: shows [Ah 7h] (a pair of Threes - Ace kicker)
Titanic001 collected $17.64 from pot
*** SUMMARY ***
Total pot $18 | Rake $0.36
Board [Ts 9d 6d 3d 3h]
Seat 4: AzureCaper (big blind) showed [8s Qd] and lost with a pair of Threes
Seat 5: Titanic001 (button) (small blind) showed [Ah 7h] and won ($17.64) with a pair of Threes


PokerStars Hand #155685802884:  Hold'em Limit ($3/$6 USD) - 2016/07/07 15:52:17 ET
Table 'Erigone' 6-max Seat #4 is the button
Seat 4: AzureCaper ($106 in chips)
Seat 5: Titanic001 ($96 in chips)
AzureCaper: posts small blind $1
Titanic001: posts big blind $3
*** HOLE CARDS ***
AzureCaper: folds
Uncalled bet ($2) returned to Titanic001
Titanic001 collected $2 from pot
*** SUMMARY ***
Total pot $2 | Rake $0
Seat 4: AzureCaper (button) (small blind) folded before Flop
Seat 5: Titanic001 (big blind) collected ($2)


PokerStars Hand #155685792216:  Hold'em Limit ($3/$6 USD) - 2016/07/07 15:51:59 ET
Table 'Erigone' 6-max Seat #5 is the button
Seat 4: AzureCaper ($91.50 in chips)
Seat 5: Titanic001 ($111 in chips)
Titanic001: posts small blind $1
AzureCaper: posts big blind $3
*** HOLE CARDS ***
Titanic001: raises $3 to $6
AzureCaper: calls $3
*** FLOP *** [7c Qc Tc]
AzureCaper: checks
Titanic001: bets $3
AzureCaper: calls $3
*** TURN *** [7c Qc Tc] [8s]
AzureCaper: checks
Titanic001: checks
*** RIVER *** [7c Qc Tc 8s] [Jd]
AzureCaper: checks
Titanic001: bets $6
AzureCaper: calls $6
*** SHOW DOWN ***
Titanic001: shows [2s 4s] (high card Queen)
AzureCaper: shows [Jh Kd] (a pair of Jacks)
AzureCaper collected $29.50 from pot
*** SUMMARY ***
Total pot $30 | Rake $0.50
Board [7c Qc Tc 8s Jd]
Seat 4: AzureCaper (big blind) showed [Jh Kd] and won ($29.50) with a pair of Jacks
Seat 5: Titanic001 (button) (small blind) showed [2s 4s] and lost with high card Queen


PokerStars Hand #155685777875:  Hold'em Limit ($3/$6 USD) - 2016/07/07 15:51:35 ET
Table 'Erigone' 6-max Seat #4 is the button
Seat 4: AzureCaper ($92.50 in chips)
Seat 5: Titanic001 ($110 in chips)
AzureCaper: posts small blind $1
Titanic001: posts big blind $3
*** HOLE CARDS ***
AzureCaper: folds
Uncalled bet ($2) returned to Titanic001
Titanic001 collected $2 from pot
*** SUMMARY ***
Total pot $2 | Rake $0
Seat 4: AzureCaper (button) (small blind) folded before Flop
Seat 5: Titanic001 (big blind) collected ($2)


PokerStars Hand #155685829959:  Hold'em Limit ($3/$6 USD) - 2016/07/07 15:53:02 ET
Table 'Erigone' 6-max Seat #4 is the button
Seat 4: AzureCaper ($105.64 in chips)
Seat 5: Titanic001 ($95.64 in chips)
AzureCaper: posts small blind $1
Titanic001: posts big blind $3
*** HOLE CARDS ***
AzureCaper: raises $3 to $6
Titanic001: folds
Uncalled bet ($3) returned to AzureCaper
AzureCaper collected $6 from pot
AzureCaper: doesn't show hand
*** SUMMARY ***
Total pot $6 | Rake $0
Seat 4: AzureCaper (button) (small blind) collected ($6)
Seat 5: Titanic001 (big blind) folded before Flop


PokerStars Hand #155685826875:  Hold'em Limit ($3/$6 USD) - 2016/07/07 15:52:57 ET
Table 'Erigone' 6-max Seat #5 is the button
Seat 4: AzureCaper ($104.64 in chips)
Seat 5: Titanic001 ($96.64 in chips)
Titanic001: posts small blind $1
AzureCaper: posts big blind $3
*** HOLE CARDS ***
Titanic001: folds
Uncalled bet ($2) returned to AzureCaper
AzureCaper collected $2 from pot
AzureCaper: doesn't show hand
*** SUMMARY ***
Total pot $2 | Rake $0
Seat 4: AzureCaper (big blind) collected ($2)
Seat 5: Titanic001 (button) (small blind) folded before Flop


PokerStars Hand #155685814349:  Hold'em Limit ($3/$6 USD) - 2016/07/07 15:52:37 ET
Table 'Erigone' 6-max Seat #4 is the button
Seat 4: AzureCaper ($96 in chips)
Seat 5: Titanic001 ($105.64 in chips)
AzureCaper: posts small blind $1
Titanic001: posts big blind $3
*** HOLE CARDS ***
AzureCaper: raises $3 to $6
Titanic001: calls $3
*** FLOP *** [6d 8s Ad]
Titanic001: checks
AzureCaper: bets $3
Titanic001: calls $3
*** TURN *** [6d 8s Ad] [Td]
Titanic001: checks
AzureCaper: checks
*** RIVER *** [6d 8s Ad Td] [Ks]
Titanic001: checks
AzureCaper: bets $6
Titanic001: folds
Uncalled bet ($6) returned to AzureCaper
AzureCaper collected $17.64 from pot
AzureCaper: doesn't show hand
*** SUMMARY ***
Total pot $18 | Rake $0.36
Board [6d 8s Ad Td Ks]
Seat 4: AzureCaper (button) (small blind) collected ($17.64)
Seat 5: Titanic001 (big blind) folded on the River


PokerStars Hand #155685844575:  Hold'em Limit ($3/$6 USD) - 2016/07/07 15:53:27 ET
Table 'Erigone' 6-max Seat #4 is the button
Seat 4: AzureCaper ($114.40 in chips)
Seat 5: Titanic001 ($86.64 in chips)
AzureCaper: posts small blind $1
Titanic001: posts big blind $3
*** HOLE CARDS ***
AzureCaper: folds
Uncalled bet ($2) returned to Titanic001
Titanic001 collected $2 from pot
*** SUMMARY ***
Total pot $2 | Rake $0
Seat 4: AzureCaper (button) (small blind) folded before Flop
Seat 5: Titanic001 (big blind) collected ($2)


PokerStars Hand #155685833217:  Hold'em Limit ($3/$6 USD) - 2016/07/07 15:53:08 ET
Table 'Erigone' 6-max Seat #5 is the button
Seat 4: AzureCaper ($108.64 in chips)
Seat 5: Titanic001 ($92.64 in chips)
Titanic001: posts small blind $1
AzureCaper: posts big blind $3
*** HOLE CARDS ***
Titanic001: raises $3 to $6
AzureCaper: calls $3
*** FLOP *** [7c 7h Tc]
AzureCaper: checks
Titanic001: checks
*** TURN *** [7c 7h Tc] [As]
AzureCaper: checks
Titanic001: checks
*** RIVER *** [7c 7h Tc As] [4d]
AzureCaper: checks
Titanic001: checks
*** SHOW DOWN ***
AzureCaper: shows [6d Ad] (two pair, Aces and Sevens)
Titanic001: mucks hand
AzureCaper collected $11.76 from pot
*** SUMMARY ***
Total pot $12 | Rake $0.24
Board [7c 7h Tc As 4d]
Seat 4: AzureCaper (big blind) showed [6d Ad] and won ($11.76) with two pair, Aces and Sevens
Seat 5: Titanic001 (button) (small blind) mucked


PokerStars Hand #155685872959:  Hold'em Limit ($3/$6 USD) - 2016/07/07 15:54:15 ET
Table 'Erigone' 6-max Seat #5 is the button
Seat 4: AzureCaper ($94.40 in chips)
Seat 5: Titanic001 ($106.14 in chips)
Titanic001: posts small blind $1
AzureCaper: posts big blind $3
*** HOLE CARDS ***
Titanic001: folds
Uncalled bet ($2) returned to AzureCaper
AzureCaper collected $2 from pot
AzureCaper: doesn't show hand
*** SUMMARY ***
Total pot $2 | Rake $0
Seat 4: AzureCaper (big blind) collected ($2)
Seat 5: Titanic001 (button) (small blind) folded before Flop


PokerStars Hand #155685869871:  Hold'em Limit ($3/$6 USD) - 2016/07/07 15:54:10 ET
Table 'Erigone' 6-max Seat #4 is the button
Seat 4: AzureCaper ($91.40 in chips)
Seat 5: Titanic001 ($109.14 in chips)
AzureCaper: posts small blind $1
Titanic001: posts big blind $3
*** HOLE CARDS ***
AzureCaper: raises $3 to $6
Titanic001: folds
Uncalled bet ($3) returned to AzureCaper
AzureCaper collected $6 from pot
AzureCaper: doesn't show hand
*** SUMMARY ***
Total pot $6 | Rake $0
Seat 4: AzureCaper (button) (small blind) collected ($6)
Seat 5: Titanic001 (big blind) folded before Flop


PokerStars Hand #155685855993:  Hold'em Limit ($3/$6 USD) - 2016/07/07 15:53:46 ET
Table 'Erigone' 6-max Seat #4 is the button
Seat 4: AzureCaper ($95.40 in chips)
Seat 5: Titanic001 ($105.14 in chips)
AzureCaper: posts small blind $1
Titanic001: posts big blind $3
*** HOLE CARDS ***
AzureCaper: raises $3 to $6
Titanic001: folds
Uncalled bet ($3) returned to AzureCaper
AzureCaper collected $6 from pot
AzureCaper: doesn't show hand
*** SUMMARY ***
Total pot $6 | Rake $0
Seat 4: AzureCaper (button) (small blind) collected ($6)
Seat 5: Titanic001 (big blind) folded before Flop


PokerStars Hand #155685847956:  Hold'em Limit ($3/$6 USD) - 2016/07/07 15:53:32 ET
Table 'Erigone' 6-max Seat #5 is the button
Seat 4: AzureCaper ($113.40 in chips)
Seat 5: Titanic001 ($87.64 in chips)
Titanic001: posts small blind $1
AzureCaper: posts big blind $3
*** HOLE CARDS ***
Titanic001: raises $3 to $6
AzureCaper: raises $3 to $9
Titanic001: calls $3
*** FLOP *** [7h 2d 5c]
AzureCaper: bets $3
Titanic001: calls $3
*** TURN *** [7h 2d 5c] [Td]
AzureCaper: bets $6
Titanic001: calls $6
*** RIVER *** [7h 2d 5c Td] [Ts]
AzureCaper: checks
Titanic001: checks
*** SHOW DOWN ***
AzureCaper: shows [Ah 9c] (a pair of Tens)
Titanic001: shows [2s As] (two pair, Tens and Deuces)
Titanic001 collected $35.50 from pot
*** SUMMARY ***
Total pot $36 | Rake $0.50
Board [7h 2d 5c Td Ts]
Seat 4: AzureCaper (big blind) showed [Ah 9c] and lost with a pair of Tens
Seat 5: Titanic001 (button) (small blind) showed [2s As] and won ($35.50) with two pair, Tens and Deuces


PokerStars Hand #155685862622:  Hold'em Limit ($3/$6 USD) - 2016/07/07 15:53:58 ET
Table 'Erigone' 6-max Seat #4 is the button
Seat 4: AzureCaper ($95.40 in chips)
Seat 5: Titanic001 ($105.14 in chips)
AzureCaper: posts small blind $1
Titanic001: posts big blind $3
*** HOLE CARDS ***
AzureCaper: folds
Uncalled bet ($2) returned to Titanic001
Titanic001 collected $2 from pot
*** SUMMARY ***
Total pot $2 | Rake $0
Seat 4: AzureCaper (button) (small blind) folded before Flop
Seat 5: Titanic001 (big blind) collected ($2)


PokerStars Hand #155685859066:  Hold'em Limit ($3/$6 USD) - 2016/07/07 15:53:52 ET
Table 'Erigone' 6-max Seat #5 is the button
Seat 4: AzureCaper ($98.40 in chips)
Seat 5: Titanic001 ($102.14 in chips)
Titanic001: posts small blind $1
AzureCaper: posts big blind $3
*** HOLE CARDS ***
Titanic001: raises $3 to $6
AzureCaper: folds
Uncalled bet ($3) returned to Titanic001
Titanic001 collected $6 from pot
*** SUMMARY ***
Total pot $6 | Rake $0
Seat 4: AzureCaper (big blind) folded before Flop
Seat 5: Titanic001 (button) (small blind) collected ($6)


PokerStars Hand #155685865597:  Hold'em Limit ($3/$6 USD) - 2016/07/07 15:54:03 ET
Table 'Erigone' 6-max Seat #5 is the button
Seat 4: AzureCaper ($94.40 in chips)
Seat 5: Titanic001 ($106.14 in chips)
Titanic001: posts small blind $1
AzureCaper: posts big blind $3
*** HOLE CARDS ***
Titanic001: raises $3 to $6
AzureCaper: folds
Uncalled bet ($3) returned to Titanic001
Titanic001 collected $6 from pot
*** SUMMARY ***
Total pot $6 | Rake $0
Seat 4: AzureCaper (big blind) folded before Flop
Seat 5: Titanic001 (button) (small blind) collected ($6)


PokerStars Hand #155688243885:  Hold'em Limit ($3/$6 USD) - 2016/07/07 16:59:57 ET
Table 'Erigone' 6-max Seat #5 is the button
Seat 1: Dies1210 ($161.20 in chips)
Seat 5: Chessnok ($113.01 in chips)
Titanic001 will be allowed to play after the button
Chessnok: posts small blind $1
Dies1210: posts big blind $3
*** HOLE CARDS ***
Chessnok: raises $3 to $6
Dies1210: calls $3
*** FLOP *** [7d 2s Qh]
Dies1210: checks
Chessnok: bets $3
Dies1210: calls $3
*** TURN *** [7d 2s Qh] [Qc]
Dies1210: checks
Chessnok: bets $6
Dies1210: folds
Uncalled bet ($6) returned to Chessnok
Chessnok collected $17.64 from pot
Chessnok: doesn't show hand
*** SUMMARY ***
Total pot $18 | Rake $0.36
Board [7d 2s Qh Qc]
Seat 1: Dies1210 (big blind) folded on the Turn
Seat 5: Chessnok (button) (small blind) collected ($17.64)


PokerStars Hand #155691507974:  Hold'em Limit ($3/$6 USD) - 2016/07/07 18:20:55 ET
Table 'Erigone' 6-max Seat #3 is the button
Seat 1: DonRumato ($90.23 in chips)
Seat 3: jama gama ($376.43 in chips)
jama gama: posts small blind $1
Pokali: is sitting out
DonRumato: posts big blind $3
*** HOLE CARDS ***
Pokali leaves the table
jama gama: folds
Uncalled bet ($2) returned to DonRumato
DonRumato collected $2 from pot
*** SUMMARY ***
Total pot $2 | Rake $0
Seat 1: DonRumato (big blind) collected ($2)
Seat 3: jama gama (button) (small blind) folded before Flop


PokerStars Hand #155691513318:  Hold'em Limit ($3/$6 USD) - 2016/07/07 18:21:03 ET
Table 'Erigone' 6-max Seat #1 is the button
Seat 1: DonRumato ($91.23 in chips)
Seat 3: jama gama ($375.43 in chips)
DonRumato: posts small blind $1
jama gama: posts big blind $3
*** HOLE CARDS ***
DonRumato: raises $3 to $6
jama gama: folds
Uncalled bet ($3) returned to DonRumato
DonRumato collected $6 from pot
*** SUMMARY ***
Total pot $6 | Rake $0
Seat 1: DonRumato (button) (small blind) collected ($6)
Seat 3: jama gama (big blind) folded before Flop


