PokerStars Hand #145969980619:  Hold'em Limit ($3/$6 USD) - 2015/12/26 17:30:43 ET
Table 'Erinome II' 2-max Seat #2 is the button
Seat 1: Allegro75 ($72 in chips)
Seat 2: boumbastic ($120 in chips)
boumbastic: posts small blind $1
Allegro75: posts big blind $3
*** HOLE CARDS ***
boumbastic: raises $3 to $6
Allegro75: raises $3 to $9
boumbastic: calls $3
*** FLOP *** [2s 7s Kc]
Allegro75: bets $3
boumbastic: calls $3
*** TURN *** [2s 7s Kc] [Th]
Allegro75: checks
boumbastic: checks
*** RIVER *** [2s 7s Kc Th] [Jh]
Allegro75: bets $6
boumbastic: folds
Uncalled bet ($6) returned to Allegro75
Allegro75 collected $23.52 from pot
Allegro75: doesn't show hand
*** SUMMARY ***
Total pot $24 | Rake $0.48
Board [2s 7s Kc Th Jh]
Seat 1: Allegro75 (big blind) collected ($23.52)
Seat 2: boumbastic (button) (small blind) folded on the River


PokerStars Hand #145970017564:  Hold'em Limit ($3/$6 USD) - 2015/12/26 17:31:22 ET
Table 'Erinome II' 2-max Seat #1 is the button
Seat 1: Allegro75 ($83.52 in chips)
Seat 2: boumbastic ($108 in chips)
Allegro75: posts small blind $1
boumbastic: posts big blind $3
*** HOLE CARDS ***
Allegro75: raises $3 to $6
boumbastic: calls $3
*** FLOP *** [9c Js Jh]
boumbastic: checks
Allegro75: bets $3
boumbastic: folds
Uncalled bet ($3) returned to Allegro75
Allegro75 collected $11.76 from pot
Allegro75: doesn't show hand
*** SUMMARY ***
Total pot $12 | Rake $0.24
Board [9c Js Jh]
Seat 1: Allegro75 (button) (small blind) collected ($11.76)
Seat 2: boumbastic (big blind) folded on the Flop


