PokerStars Hand #147797369130:  Hold'em Limit ($3/$6 USD) - 2016/01/27 20:12:41 ET
Table 'Erinome III' 2-max Seat #2 is the button
Seat 1: shalomrum ($129.95 in chips)
Seat 2: ChrisTuff ($120 in chips)
ChrisTuff: posts small blind $1
shalomrum: posts big blind $3
*** HOLE CARDS ***
ChrisTuff: folds
Uncalled bet ($2) returned to shalomrum
shalomrum collected $2 from pot
shalomrum: doesn't show hand
*** SUMMARY ***
Total pot $2 | Rake $0
Seat 1: shalomrum (big blind) collected ($2)
Seat 2: ChrisTuff (button) (small blind) folded before Flop


PokerStars Hand #147797358614:  Hold'em Limit ($3/$6 USD) - 2016/01/27 20:12:22 ET
Table 'Erinome III' 2-max Seat #1 is the button
Seat 1: shalomrum ($115.45 in chips)
Seat 2: ChrisTuff ($129.76 in chips)
shalomrum: posts small blind $1
ChrisTuff: posts big blind $3
*** HOLE CARDS ***
shalomrum: raises $3 to $6
ChrisTuff: calls $3
*** FLOP *** [Jd 2h 9s]
ChrisTuff: checks
shalomrum: bets $3
ChrisTuff: calls $3
*** TURN *** [Jd 2h 9s] [Kh]
ChrisTuff: checks
shalomrum: bets $6
ChrisTuff: calls $6
*** RIVER *** [Jd 2h 9s Kh] [7d]
ChrisTuff: checks
shalomrum: checks
*** SHOW DOWN ***
ChrisTuff: shows [Qh 5c] (high card King)
shalomrum: shows [Jh 8c] (a pair of Jacks)
shalomrum collected $29.50 from pot
*** SUMMARY ***
Total pot $30 | Rake $0.50
Board [Jd 2h 9s Kh 7d]
Seat 1: shalomrum (button) (small blind) showed [Jh 8c] and won ($29.50) with a pair of Jacks
Seat 2: ChrisTuff (big blind) showed [Qh 5c] and lost with high card King


PokerStars Hand #147797402879:  Hold'em Limit ($3/$6 USD) - 2016/01/27 20:13:42 ET
Table 'Erinome III' 2-max Seat #1 is the button
Seat 1: shalomrum ($116.71 in chips)
Seat 2: ChrisTuff ($140.50 in chips)
shalomrum: posts small blind $1
ChrisTuff: posts big blind $3
*** HOLE CARDS ***
shalomrum: raises $3 to $6
ChrisTuff: folds
Uncalled bet ($3) returned to shalomrum
shalomrum collected $6 from pot
shalomrum: doesn't show hand
*** SUMMARY ***
Total pot $6 | Rake $0
Seat 1: shalomrum (button) (small blind) collected ($6)
Seat 2: ChrisTuff (big blind) folded before Flop


PokerStars Hand #147797398849:  Hold'em Limit ($3/$6 USD) - 2016/01/27 20:13:35 ET
Table 'Erinome III' 2-max Seat #2 is the button
Seat 1: shalomrum ($119.71 in chips)
Seat 2: ChrisTuff ($137.50 in chips)
ChrisTuff: posts small blind $1
shalomrum: posts big blind $3
*** HOLE CARDS ***
ChrisTuff: raises $3 to $6
shalomrum: folds
Uncalled bet ($3) returned to ChrisTuff
ChrisTuff collected $6 from pot
ChrisTuff: doesn't show hand
*** SUMMARY ***
Total pot $6 | Rake $0
Seat 1: shalomrum (big blind) folded before Flop
Seat 2: ChrisTuff (button) (small blind) collected ($6)


PokerStars Hand #147797385875:  Hold'em Limit ($3/$6 USD) - 2016/01/27 20:13:12 ET
Table 'Erinome III' 2-max Seat #1 is the button
Seat 1: shalomrum ($137.71 in chips)
Seat 2: ChrisTuff ($120 in chips)
shalomrum: posts small blind $1
ChrisTuff: posts big blind $3
*** HOLE CARDS ***
shalomrum: raises $3 to $6
ChrisTuff: raises $3 to $9
shalomrum: calls $3
*** FLOP *** [2s 3s 8h]
ChrisTuff: bets $3
shalomrum: calls $3
*** TURN *** [2s 3s 8h] [2d]
ChrisTuff: bets $6
shalomrum: calls $6
*** RIVER *** [2s 3s 8h 2d] [5h]
ChrisTuff: checks
shalomrum: checks
*** SHOW DOWN ***
ChrisTuff: shows [Qd Kc] (a pair of Deuces)
shalomrum: mucks hand
ChrisTuff collected $35.50 from pot
*** SUMMARY ***
Total pot $36 | Rake $0.50
Board [2s 3s 8h 2d 5h]
Seat 1: shalomrum (button) (small blind) mucked
Seat 2: ChrisTuff (big blind) showed [Qd Kc] and won ($35.50) with a pair of Deuces


PokerStars Hand #147797383331:  Hold'em Limit ($3/$6 USD) - 2016/01/27 20:13:07 ET
Table 'Erinome III' 2-max Seat #2 is the button
Seat 1: shalomrum ($136.71 in chips)
Seat 2: ChrisTuff ($120 in chips)
ChrisTuff: posts small blind $1
shalomrum: posts big blind $3
*** HOLE CARDS ***
ChrisTuff: folds
Uncalled bet ($2) returned to shalomrum
shalomrum collected $2 from pot
shalomrum: doesn't show hand
*** SUMMARY ***
Total pot $2 | Rake $0
Seat 1: shalomrum (big blind) collected ($2)
Seat 2: ChrisTuff (button) (small blind) folded before Flop


PokerStars Hand #147797372602:  Hold'em Limit ($3/$6 USD) - 2016/01/27 20:12:47 ET
Table 'Erinome III' 2-max Seat #1 is the button
Seat 1: shalomrum ($130.95 in chips)
Seat 2: ChrisTuff ($120 in chips)
shalomrum: posts small blind $1
ChrisTuff: posts big blind $3
*** HOLE CARDS ***
shalomrum: raises $3 to $6
ChrisTuff: calls $3
*** FLOP *** [Jc Th 3h]
ChrisTuff: checks
shalomrum: bets $3
ChrisTuff: folds
Uncalled bet ($3) returned to shalomrum
shalomrum collected $11.76 from pot
shalomrum: doesn't show hand
*** SUMMARY ***
Total pot $12 | Rake $0.24
Board [Jc Th 3h]
Seat 1: shalomrum (button) (small blind) collected ($11.76)
Seat 2: ChrisTuff (big blind) folded on the Flop


PokerStars Hand #147797440960:  Hold'em Limit ($3/$6 USD) - 2016/01/27 20:14:51 ET
Table 'Erinome III' 2-max Seat #2 is the button
Seat 1: shalomrum ($120.98 in chips)
Seat 2: ChrisTuff ($134.89 in chips)
ChrisTuff: posts small blind $1
shalomrum: posts big blind $3
*** HOLE CARDS ***
ChrisTuff: raises $3 to $6
shalomrum: calls $3
*** FLOP *** [7h 2c As]
shalomrum: checks
ChrisTuff: bets $3
shalomrum: folds
Uncalled bet ($3) returned to ChrisTuff
ChrisTuff collected $11.76 from pot
ChrisTuff: doesn't show hand
*** SUMMARY ***
Total pot $12 | Rake $0.24
Board [7h 2c As]
Seat 1: shalomrum (big blind) folded on the Flop
Seat 2: ChrisTuff (button) (small blind) collected ($11.76)


PokerStars Hand #147797438456:  Hold'em Limit ($3/$6 USD) - 2016/01/27 20:14:47 ET
Table 'Erinome III' 2-max Seat #1 is the button
Seat 1: shalomrum ($121.98 in chips)
Seat 2: ChrisTuff ($133.89 in chips)
shalomrum: posts small blind $1
ChrisTuff: posts big blind $3
*** HOLE CARDS ***
shalomrum: folds
Uncalled bet ($2) returned to ChrisTuff
ChrisTuff collected $2 from pot
ChrisTuff: doesn't show hand
*** SUMMARY ***
Total pot $2 | Rake $0
Seat 1: shalomrum (button) (small blind) folded before Flop
Seat 2: ChrisTuff (big blind) collected ($2)


PokerStars Hand #147797432613:  Hold'em Limit ($3/$6 USD) - 2016/01/27 20:14:36 ET
Table 'Erinome III' 2-max Seat #2 is the button
Seat 1: shalomrum ($110.46 in chips)
Seat 2: ChrisTuff ($145.89 in chips)
ChrisTuff: posts small blind $1
shalomrum: posts big blind $3
*** HOLE CARDS ***
ChrisTuff: raises $3 to $6
shalomrum: raises $3 to $9
ChrisTuff: calls $3
*** FLOP *** [Qs 7d 6c]
shalomrum: bets $3
ChrisTuff: calls $3
*** TURN *** [Qs 7d 6c] [Ah]
shalomrum: bets $6
ChrisTuff: folds
Uncalled bet ($6) returned to shalomrum
shalomrum collected $23.52 from pot
shalomrum: doesn't show hand
*** SUMMARY ***
Total pot $24 | Rake $0.48
Board [Qs 7d 6c Ah]
Seat 1: shalomrum (big blind) collected ($23.52)
Seat 2: ChrisTuff (button) (small blind) folded on the Turn


PokerStars Hand #147797418460:  Hold'em Limit ($3/$6 USD) - 2016/01/27 20:14:11 ET
Table 'Erinome III' 2-max Seat #1 is the button
Seat 1: shalomrum ($110.71 in chips)
Seat 2: ChrisTuff ($146.14 in chips)
shalomrum: posts small blind $1
ChrisTuff: posts big blind $3
*** HOLE CARDS ***
shalomrum: raises $3 to $6
ChrisTuff: raises $3 to $9
shalomrum: calls $3
*** FLOP *** [Js Ah 9c]
ChrisTuff: bets $3
shalomrum: calls $3
*** TURN *** [Js Ah 9c] [7d]
ChrisTuff: bets $6
shalomrum: raises $6 to $12
ChrisTuff: raises $6 to $18
shalomrum: raises $6 to $24
Betting is capped
ChrisTuff: calls $6
*** RIVER *** [Js Ah 9c 7d] [Td]
ChrisTuff: checks
shalomrum: bets $6
ChrisTuff: calls $6
*** SHOW DOWN ***
shalomrum: shows [Ac 9h] (two pair, Aces and Nines)
ChrisTuff: shows [As 9s] (two pair, Aces and Nines)
ChrisTuff collected $41.75 from pot
shalomrum collected $41.75 from pot
*** SUMMARY ***
Total pot $84 | Rake $0.50
Board [Js Ah 9c 7d Td]
Seat 1: shalomrum (button) (small blind) showed [Ac 9h] and won ($41.75) with two pair, Aces and Nines
Seat 2: ChrisTuff (big blind) showed [As 9s] and won ($41.75) with two pair, Aces and Nines


PokerStars Hand #147797408746:  Hold'em Limit ($3/$6 USD) - 2016/01/27 20:13:53 ET
Table 'Erinome III' 2-max Seat #2 is the button
Seat 1: shalomrum ($119.71 in chips)
Seat 2: ChrisTuff ($137.50 in chips)
ChrisTuff: posts small blind $1
shalomrum: posts big blind $3
*** HOLE CARDS ***
ChrisTuff: raises $3 to $6
shalomrum: calls $3
*** FLOP *** [3h 9d Th]
shalomrum: checks
ChrisTuff: bets $3
shalomrum: calls $3
*** TURN *** [3h 9d Th] [4d]
shalomrum: checks
ChrisTuff: checks
*** RIVER *** [3h 9d Th 4d] [5d]
shalomrum: checks
ChrisTuff: checks
*** SHOW DOWN ***
shalomrum: shows [2s Kh] (high card King)
ChrisTuff: shows [Kd As] (high card Ace)
ChrisTuff collected $17.64 from pot
*** SUMMARY ***
Total pot $18 | Rake $0.36
Board [3h 9d Th 4d 5d]
Seat 1: shalomrum (big blind) showed [2s Kh] and lost with high card King
Seat 2: ChrisTuff (button) (small blind) showed [Kd As] and won ($17.64) with high card Ace


PokerStars Hand #147797477850:  Hold'em Limit ($3/$6 USD) - 2016/01/27 20:15:58 ET
Table 'Erinome III' 2-max Seat #2 is the button
Seat 1: shalomrum ($123.48 in chips)
Seat 2: ChrisTuff ($131.17 in chips)
ChrisTuff: posts small blind $1
shalomrum: posts big blind $3
*** HOLE CARDS ***
ChrisTuff: folds
Uncalled bet ($2) returned to shalomrum
shalomrum collected $2 from pot
shalomrum: doesn't show hand
*** SUMMARY ***
Total pot $2 | Rake $0
Seat 1: shalomrum (big blind) collected ($2)
Seat 2: ChrisTuff (button) (small blind) folded before Flop


PokerStars Hand #147797472598:  Hold'em Limit ($3/$6 USD) - 2016/01/27 20:15:48 ET
Table 'Erinome III' 2-max Seat #1 is the button
Seat 1: shalomrum ($120.48 in chips)
Seat 2: ChrisTuff ($134.17 in chips)
shalomrum: posts small blind $1
ChrisTuff: posts big blind $3
*** HOLE CARDS ***
shalomrum: raises $3 to $6
ChrisTuff: folds
Uncalled bet ($3) returned to shalomrum
shalomrum collected $6 from pot
shalomrum: doesn't show hand
*** SUMMARY ***
Total pot $6 | Rake $0
Seat 1: shalomrum (button) (small blind) collected ($6)
Seat 2: ChrisTuff (big blind) folded before Flop


PokerStars Hand #147797463661:  Hold'em Limit ($3/$6 USD) - 2016/01/27 20:15:32 ET
Table 'Erinome III' 2-max Seat #2 is the button
Seat 1: shalomrum ($105.98 in chips)
Seat 2: ChrisTuff ($149.17 in chips)
ChrisTuff: posts small blind $1
shalomrum: posts big blind $3
*** HOLE CARDS ***
ChrisTuff: raises $3 to $6
shalomrum: calls $3
*** FLOP *** [6h Th 4s]
shalomrum: checks
ChrisTuff: bets $3
shalomrum: calls $3
*** TURN *** [6h Th 4s] [9s]
shalomrum: checks
ChrisTuff: bets $6
shalomrum: calls $6
*** RIVER *** [6h Th 4s 9s] [Jd]
shalomrum: checks
ChrisTuff: checks
*** SHOW DOWN ***
shalomrum: shows [Qc 9h] (a pair of Nines)
ChrisTuff: mucks hand
shalomrum collected $29.50 from pot
*** SUMMARY ***
Total pot $30 | Rake $0.50
Board [6h Th 4s 9s Jd]
Seat 1: shalomrum (big blind) showed [Qc 9h] and won ($29.50) with a pair of Nines
Seat 2: ChrisTuff (button) (small blind) mucked


PokerStars Hand #147797460517:  Hold'em Limit ($3/$6 USD) - 2016/01/27 20:15:26 ET
Table 'Erinome III' 2-max Seat #1 is the button
Seat 1: shalomrum ($102.98 in chips)
Seat 2: ChrisTuff ($152.17 in chips)
shalomrum: posts small blind $1
ChrisTuff: posts big blind $3
*** HOLE CARDS ***
shalomrum: raises $3 to $6
ChrisTuff: folds
Uncalled bet ($3) returned to shalomrum
shalomrum collected $6 from pot
shalomrum: doesn't show hand
*** SUMMARY ***
Total pot $6 | Rake $0
Seat 1: shalomrum (button) (small blind) collected ($6)
Seat 2: ChrisTuff (big blind) folded before Flop


PokerStars Hand #147797454714:  Hold'em Limit ($3/$6 USD) - 2016/01/27 20:15:16 ET
Table 'Erinome III' 2-max Seat #2 is the button
Seat 1: shalomrum ($108.98 in chips)
Seat 2: ChrisTuff ($146.41 in chips)
ChrisTuff: posts small blind $1
shalomrum: posts big blind $3
*** HOLE CARDS ***
ChrisTuff: raises $3 to $6
shalomrum: calls $3
*** FLOP *** [4d 6c As]
shalomrum: checks
ChrisTuff: bets $3
shalomrum: folds
Uncalled bet ($3) returned to ChrisTuff
ChrisTuff collected $11.76 from pot
ChrisTuff: doesn't show hand
*** SUMMARY ***
Total pot $12 | Rake $0.24
Board [4d 6c As]
Seat 1: shalomrum (big blind) folded on the Flop
Seat 2: ChrisTuff (button) (small blind) collected ($11.76)


PokerStars Hand #147797446720:  Hold'em Limit ($3/$6 USD) - 2016/01/27 20:15:01 ET
Table 'Erinome III' 2-max Seat #1 is the button
Seat 1: shalomrum ($114.98 in chips)
Seat 2: ChrisTuff ($140.65 in chips)
shalomrum: posts small blind $1
ChrisTuff: posts big blind $3
*** HOLE CARDS ***
shalomrum: raises $3 to $6
ChrisTuff: calls $3
*** FLOP *** [4c Td Js]
ChrisTuff: checks
shalomrum: checks
*** TURN *** [4c Td Js] [Ah]
ChrisTuff: bets $6
shalomrum: folds
Uncalled bet ($6) returned to ChrisTuff
ChrisTuff collected $11.76 from pot
ChrisTuff: doesn't show hand
*** SUMMARY ***
Total pot $12 | Rake $0.24
Board [4c Td Js Ah]
Seat 1: shalomrum (button) (small blind) folded on the Turn
Seat 2: ChrisTuff (big blind) collected ($11.76)


PokerStars Hand #147797501578:  Hold'em Limit ($3/$6 USD) - 2016/01/27 20:16:42 ET
Table 'Erinome III' 2-max Seat #2 is the button
Seat 1: shalomrum ($143.74 in chips)
Seat 2: ChrisTuff ($120 in chips)
ChrisTuff: posts small blind $1
shalomrum: posts big blind $3
*** HOLE CARDS ***
ChrisTuff: raises $3 to $6
shalomrum: calls $3
*** FLOP *** [Js Th 9h]
shalomrum: checks
ChrisTuff: bets $3
shalomrum: raises $3 to $6
ChrisTuff: calls $3
*** TURN *** [Js Th 9h] [As]
shalomrum: checks
ChrisTuff: bets $6
shalomrum: calls $6
*** RIVER *** [Js Th 9h As] [Ad]
shalomrum: checks
ChrisTuff: bets $6
shalomrum: calls $6
*** SHOW DOWN ***
ChrisTuff: shows [Jc Kh] (two pair, Aces and Jacks)
shalomrum: mucks hand
ChrisTuff collected $47.50 from pot
*** SUMMARY ***
Total pot $48 | Rake $0.50
Board [Js Th 9h As Ad]
Seat 1: shalomrum (big blind) mucked
Seat 2: ChrisTuff (button) (small blind) showed [Jc Kh] and won ($47.50) with two pair, Aces and Jacks


PokerStars Hand #147797491206:  Hold'em Limit ($3/$6 USD) - 2016/01/27 20:16:22 ET
Table 'Erinome III' 2-max Seat #1 is the button
Seat 1: shalomrum ($137.98 in chips)
Seat 2: ChrisTuff ($120 in chips)
shalomrum: posts small blind $1
ChrisTuff: posts big blind $3
*** HOLE CARDS ***
shalomrum: raises $3 to $6
ChrisTuff: calls $3
*** FLOP *** [Th 5c 9c]
ChrisTuff: checks
shalomrum: bets $3
ChrisTuff: folds
Uncalled bet ($3) returned to shalomrum
shalomrum collected $11.76 from pot
shalomrum: doesn't show hand
*** SUMMARY ***
Total pot $12 | Rake $0.24
Board [Th 5c 9c]
Seat 1: shalomrum (button) (small blind) collected ($11.76)
Seat 2: ChrisTuff (big blind) folded on the Flop


PokerStars Hand #147797483017:  Hold'em Limit ($3/$6 USD) - 2016/01/27 20:16:08 ET
Table 'Erinome III' 2-max Seat #2 is the button
Seat 1: shalomrum ($123.48 in chips)
Seat 2: ChrisTuff ($131.17 in chips)
ChrisTuff: posts small blind $1
shalomrum: posts big blind $3
*** HOLE CARDS ***
ChrisTuff: raises $3 to $6
shalomrum: calls $3
*** FLOP *** [6c Jc 4d]
shalomrum: checks
ChrisTuff: bets $3
shalomrum: calls $3
*** TURN *** [6c Jc 4d] [9d]
shalomrum: checks
ChrisTuff: checks
*** RIVER *** [6c Jc 4d 9d] [3h]
shalomrum: bets $6
ChrisTuff: calls $6
*** SHOW DOWN ***
shalomrum: shows [Js Kd] (a pair of Jacks)
ChrisTuff: mucks hand
shalomrum collected $29.50 from pot
*** SUMMARY ***
Total pot $30 | Rake $0.50
Board [6c Jc 4d 9d 3h]
Seat 1: shalomrum (big blind) showed [Js Kd] and won ($29.50) with a pair of Jacks
Seat 2: ChrisTuff (button) (small blind) mucked


PokerStars Hand #147797480243:  Hold'em Limit ($3/$6 USD) - 2016/01/27 20:16:02 ET
Table 'Erinome III' 2-max Seat #1 is the button
Seat 1: shalomrum ($124.48 in chips)
Seat 2: ChrisTuff ($130.17 in chips)
shalomrum: posts small blind $1
ChrisTuff: posts big blind $3
*** HOLE CARDS ***
shalomrum: folds
Uncalled bet ($2) returned to ChrisTuff
ChrisTuff collected $2 from pot
ChrisTuff: doesn't show hand
*** SUMMARY ***
Total pot $2 | Rake $0
Seat 1: shalomrum (button) (small blind) folded before Flop
Seat 2: ChrisTuff (big blind) collected ($2)


PokerStars Hand #147797532280:  Hold'em Limit ($3/$6 USD) - 2016/01/27 20:17:38 ET
Table 'Erinome III' 2-max Seat #1 is the button
Seat 1: shalomrum ($187.74 in chips)
Seat 2: ChrisTuff ($120 in chips)
shalomrum: posts small blind $1
ChrisTuff: posts big blind $3
*** HOLE CARDS ***
shalomrum: raises $3 to $6
ChrisTuff: calls $3
*** FLOP *** [3h 5s Tc]
ChrisTuff: checks
shalomrum: bets $3
ChrisTuff: calls $3
*** TURN *** [3h 5s Tc] [9s]
ChrisTuff: checks
shalomrum: bets $6
ChrisTuff: calls $6
*** RIVER *** [3h 5s Tc 9s] [8h]
ChrisTuff: checks
shalomrum: bets $6
ChrisTuff: calls $6
*** SHOW DOWN ***
shalomrum: shows [Js Jh] (a pair of Jacks)
ChrisTuff: mucks hand
shalomrum collected $41.50 from pot
*** SUMMARY ***
Total pot $42 | Rake $0.50
Board [3h 5s Tc 9s 8h]
Seat 1: shalomrum (button) (small blind) showed [Js Jh] and won ($41.50) with a pair of Jacks
Seat 2: ChrisTuff (big blind) mucked


PokerStars Hand #147797521600:  Hold'em Limit ($3/$6 USD) - 2016/01/27 20:17:18 ET
Table 'Erinome III' 2-max Seat #2 is the button
Seat 1: shalomrum ($149.24 in chips)
Seat 2: ChrisTuff ($120 in chips)
ChrisTuff: posts small blind $1
shalomrum: posts big blind $3
*** HOLE CARDS ***
ChrisTuff: raises $3 to $6
shalomrum: calls $3
*** FLOP *** [5h Qc Ah]
shalomrum: checks
ChrisTuff: bets $3
shalomrum: calls $3
*** TURN *** [5h Qc Ah] [4d]
shalomrum: checks
ChrisTuff: bets $6
shalomrum: raises $6 to $12
ChrisTuff: raises $6 to $18
shalomrum: raises $6 to $24
Betting is capped
ChrisTuff: calls $6
*** RIVER *** [5h Qc Ah 4d] [8c]
shalomrum: bets $6
ChrisTuff: calls $6
*** SHOW DOWN ***
shalomrum: shows [3s 2s] (a straight, Ace to Five)
ChrisTuff: mucks hand
shalomrum collected $77.50 from pot
*** SUMMARY ***
Total pot $78 | Rake $0.50
Board [5h Qc Ah 4d 8c]
Seat 1: shalomrum (big blind) showed [3s 2s] and won ($77.50) with a straight, Ace to Five
Seat 2: ChrisTuff (button) (small blind) mucked


PokerStars Hand #147797512998:  Hold'em Limit ($3/$6 USD) - 2016/01/27 20:17:02 ET
Table 'Erinome III' 2-max Seat #1 is the button
Seat 1: shalomrum ($119.74 in chips)
Seat 2: ChrisTuff ($143.50 in chips)
shalomrum: posts small blind $1
ChrisTuff: posts big blind $3
*** HOLE CARDS ***
shalomrum: raises $3 to $6
ChrisTuff: raises $3 to $9
shalomrum: calls $3
*** FLOP *** [7s 6h 8c]
ChrisTuff: bets $3
shalomrum: calls $3
*** TURN *** [7s 6h 8c] [2d]
ChrisTuff: bets $6
shalomrum: raises $6 to $12
ChrisTuff: calls $6
*** RIVER *** [7s 6h 8c 2d] [9s]
ChrisTuff: checks
shalomrum: bets $6
ChrisTuff: calls $6
*** SHOW DOWN ***
shalomrum: shows [8h 7h] (two pair, Eights and Sevens)
ChrisTuff: mucks hand
shalomrum collected $59.50 from pot
*** SUMMARY ***
Total pot $60 | Rake $0.50
Board [7s 6h 8c 2d 9s]
Seat 1: shalomrum (button) (small blind) showed [8h 7h] and won ($59.50) with two pair, Eights and Sevens
Seat 2: ChrisTuff (big blind) mucked


PokerStars Hand #147797569828:  Hold'em Limit ($3/$6 USD) - 2016/01/27 20:18:46 ET
Table 'Erinome III' 2-max Seat #1 is the button
Seat 1: shalomrum ($249.24 in chips)
Seat 2: ChrisTuff ($120 in chips)
shalomrum: posts small blind $1
ChrisTuff: posts big blind $3
*** HOLE CARDS ***
shalomrum: raises $3 to $6
ChrisTuff: calls $3
*** FLOP *** [Js 5c 5h]
ChrisTuff: checks
shalomrum: bets $3
ChrisTuff: raises $3 to $6
shalomrum: folds
Uncalled bet ($3) returned to ChrisTuff
ChrisTuff collected $17.64 from pot
ChrisTuff: doesn't show hand
*** SUMMARY ***
Total pot $18 | Rake $0.36
Board [Js 5c 5h]
Seat 1: shalomrum (button) (small blind) folded on the Flop
Seat 2: ChrisTuff (big blind) collected ($17.64)


PokerStars Hand #147797559614:  Hold'em Limit ($3/$6 USD) - 2016/01/27 20:18:28 ET
Table 'Erinome III' 2-max Seat #2 is the button
Seat 1: shalomrum ($234.74 in chips)
Seat 2: ChrisTuff ($120 in chips)
ChrisTuff: posts small blind $1
shalomrum: posts big blind $3
*** HOLE CARDS ***
ChrisTuff: raises $3 to $6
shalomrum: calls $3
*** FLOP *** [5c 3d Kh]
shalomrum: checks
ChrisTuff: bets $3
shalomrum: calls $3
*** TURN *** [5c 3d Kh] [2h]
shalomrum: checks
ChrisTuff: bets $6
shalomrum: calls $6
*** RIVER *** [5c 3d Kh 2h] [4h]
shalomrum: checks
ChrisTuff: checks
*** SHOW DOWN ***
shalomrum: shows [2c Jc] (a pair of Deuces)
ChrisTuff: mucks hand
shalomrum collected $29.50 from pot
*** SUMMARY ***
Total pot $30 | Rake $0.50
Board [5c 3d Kh 2h 4h]
Seat 1: shalomrum (big blind) showed [2c Jc] and won ($29.50) with a pair of Deuces
Seat 2: ChrisTuff (button) (small blind) mucked


PokerStars Hand #147797553882:  Hold'em Limit ($3/$6 USD) - 2016/01/27 20:18:17 ET
Table 'Erinome III' 2-max Seat #1 is the button
Seat 1: shalomrum ($231.74 in chips)
Seat 2: ChrisTuff ($120 in chips)
shalomrum: posts small blind $1
ChrisTuff: posts big blind $3
*** HOLE CARDS ***
shalomrum: raises $3 to $6
ChrisTuff: folds
Uncalled bet ($3) returned to shalomrum
shalomrum collected $6 from pot
shalomrum: doesn't show hand
*** SUMMARY ***
Total pot $6 | Rake $0
Seat 1: shalomrum (button) (small blind) collected ($6)
Seat 2: ChrisTuff (big blind) folded before Flop


PokerStars Hand #147797542985:  Hold'em Limit ($3/$6 USD) - 2016/01/27 20:17:57 ET
Table 'Erinome III' 2-max Seat #2 is the button
Seat 1: shalomrum ($208.24 in chips)
Seat 2: ChrisTuff ($120 in chips)
ChrisTuff: posts small blind $1
shalomrum: posts big blind $3
*** HOLE CARDS ***
ChrisTuff: raises $3 to $6
shalomrum: calls $3
*** FLOP *** [3s 5h 6h]
shalomrum: checks
ChrisTuff: bets $3
shalomrum: raises $3 to $6
ChrisTuff: calls $3
*** TURN *** [3s 5h 6h] [4d]
shalomrum: bets $6
ChrisTuff: calls $6
*** RIVER *** [3s 5h 6h 4d] [8c]
shalomrum: bets $6
ChrisTuff: calls $6
*** SHOW DOWN ***
shalomrum: shows [5s 7h] (a straight, Four to Eight)
ChrisTuff: mucks hand
shalomrum collected $47.50 from pot
*** SUMMARY ***
Total pot $48 | Rake $0.50
Board [3s 5h 6h 4d 8c]
Seat 1: shalomrum (big blind) showed [5s 7h] and won ($47.50) with a straight, Four to Eight
Seat 2: ChrisTuff (button) (small blind) mucked


PokerStars Hand #147797603696:  Hold'em Limit ($3/$6 USD) - 2016/01/27 20:19:49 ET
Table 'Erinome III' 2-max Seat #2 is the button
Seat 1: shalomrum ($210 in chips)
Seat 2: ChrisTuff ($157.64 in chips)
ChrisTuff: posts small blind $1
shalomrum: posts big blind $3
*** HOLE CARDS ***
ChrisTuff: raises $3 to $6
shalomrum: calls $3
*** FLOP *** [5s 6s 8d]
shalomrum: checks
ChrisTuff: bets $3
shalomrum: calls $3
*** TURN *** [5s 6s 8d] [Ad]
shalomrum: checks
ChrisTuff: checks
*** RIVER *** [5s 6s 8d Ad] [4d]
shalomrum: bets $6
ChrisTuff: calls $6
*** SHOW DOWN ***
shalomrum: shows [9h 3h] (high card Ace)
ChrisTuff: shows [6h Qh] (a pair of Sixes)
ChrisTuff collected $29.50 from pot
*** SUMMARY ***
Total pot $30 | Rake $0.50
Board [5s 6s 8d Ad 4d]
Seat 1: shalomrum (big blind) showed [9h 3h] and lost with high card Ace
Seat 2: ChrisTuff (button) (small blind) showed [6h Qh] and won ($29.50) with a pair of Sixes


PokerStars Hand #147797598815:  Hold'em Limit ($3/$6 USD) - 2016/01/27 20:19:40 ET
Table 'Erinome III' 2-max Seat #1 is the button
Seat 1: shalomrum ($204.24 in chips)
Seat 2: ChrisTuff ($163.64 in chips)
shalomrum: posts small blind $1
ChrisTuff: posts big blind $3
*** HOLE CARDS ***
shalomrum: raises $3 to $6
ChrisTuff: calls $3
*** FLOP *** [Qd Kd 3c]
ChrisTuff: checks
shalomrum: bets $3
ChrisTuff: folds
Uncalled bet ($3) returned to shalomrum
shalomrum collected $11.76 from pot
shalomrum: doesn't show hand
*** SUMMARY ***
Total pot $12 | Rake $0.24
Board [Qd Kd 3c]
Seat 1: shalomrum (button) (small blind) collected ($11.76)
Seat 2: ChrisTuff (big blind) folded on the Flop


PokerStars Hand #147797590198:  Hold'em Limit ($3/$6 USD) - 2016/01/27 20:19:24 ET
Table 'Erinome III' 2-max Seat #2 is the button
Seat 1: shalomrum ($222.24 in chips)
Seat 2: ChrisTuff ($146.14 in chips)
ChrisTuff: posts small blind $1
shalomrum: posts big blind $3
*** HOLE CARDS ***
ChrisTuff: raises $3 to $6
shalomrum: raises $3 to $9
ChrisTuff: calls $3
*** FLOP *** [4d 7s 5s]
shalomrum: bets $3
ChrisTuff: calls $3
*** TURN *** [4d 7s 5s] [9s]
shalomrum: bets $6
ChrisTuff: calls $6
*** RIVER *** [4d 7s 5s 9s] [As]
shalomrum: checks
ChrisTuff: bets $6
shalomrum: folds
Uncalled bet ($6) returned to ChrisTuff
ChrisTuff collected $35.50 from pot
ChrisTuff: doesn't show hand
*** SUMMARY ***
Total pot $36 | Rake $0.50
Board [4d 7s 5s 9s As]
Seat 1: shalomrum (big blind) folded on the River
Seat 2: ChrisTuff (button) (small blind) collected ($35.50)


PokerStars Hand #147797583041:  Hold'em Limit ($3/$6 USD) - 2016/01/27 20:19:11 ET
Table 'Erinome III' 2-max Seat #1 is the button
Seat 1: shalomrum ($237.24 in chips)
Seat 2: ChrisTuff ($131.64 in chips)
shalomrum: posts small blind $1
ChrisTuff: posts big blind $3
*** HOLE CARDS ***
shalomrum: raises $3 to $6
ChrisTuff: calls $3
*** FLOP *** [6h Ks Qh]
ChrisTuff: checks
shalomrum: bets $3
ChrisTuff: calls $3
*** TURN *** [6h Ks Qh] [5s]
ChrisTuff: checks
shalomrum: checks
*** RIVER *** [6h Ks Qh 5s] [Kc]
ChrisTuff: bets $6
shalomrum: calls $6
*** SHOW DOWN ***
ChrisTuff: shows [4d Qc] (two pair, Kings and Queens)
shalomrum: mucks hand
ChrisTuff collected $29.50 from pot
*** SUMMARY ***
Total pot $30 | Rake $0.50
Board [6h Ks Qh 5s Kc]
Seat 1: shalomrum (button) (small blind) mucked
Seat 2: ChrisTuff (big blind) showed [4d Qc] and won ($29.50) with two pair, Kings and Queens


PokerStars Hand #147797579783:  Hold'em Limit ($3/$6 USD) - 2016/01/27 20:19:05 ET
Table 'Erinome III' 2-max Seat #2 is the button
Seat 1: shalomrum ($240.24 in chips)
Seat 2: ChrisTuff ($128.64 in chips)
ChrisTuff: posts small blind $1
shalomrum: posts big blind $3
*** HOLE CARDS ***
ChrisTuff: raises $3 to $6
shalomrum: folds
Uncalled bet ($3) returned to ChrisTuff
ChrisTuff collected $6 from pot
ChrisTuff: doesn't show hand
*** SUMMARY ***
Total pot $6 | Rake $0
Seat 1: shalomrum (big blind) folded before Flop
Seat 2: ChrisTuff (button) (small blind) collected ($6)


PokerStars Hand #147797636342:  Hold'em Limit ($3/$6 USD) - 2016/01/27 20:20:50 ET
Table 'Erinome III' 2-max Seat #2 is the button
Seat 1: shalomrum ($229 in chips)
Seat 2: ChrisTuff ($137.14 in chips)
ChrisTuff: posts small blind $1
shalomrum: posts big blind $3
*** HOLE CARDS ***
ChrisTuff: folds
Uncalled bet ($2) returned to shalomrum
shalomrum collected $2 from pot
shalomrum: doesn't show hand
*** SUMMARY ***
Total pot $2 | Rake $0
Seat 1: shalomrum (big blind) collected ($2)
Seat 2: ChrisTuff (button) (small blind) folded before Flop


PokerStars Hand #147797633298:  Hold'em Limit ($3/$6 USD) - 2016/01/27 20:20:44 ET
Table 'Erinome III' 2-max Seat #1 is the button
Seat 1: shalomrum ($226 in chips)
Seat 2: ChrisTuff ($140.14 in chips)
shalomrum: posts small blind $1
ChrisTuff: posts big blind $3
*** HOLE CARDS ***
shalomrum: raises $3 to $6
ChrisTuff: folds
Uncalled bet ($3) returned to shalomrum
shalomrum collected $6 from pot
shalomrum: doesn't show hand
*** SUMMARY ***
Total pot $6 | Rake $0
Seat 1: shalomrum (button) (small blind) collected ($6)
Seat 2: ChrisTuff (big blind) folded before Flop


PokerStars Hand #147797630704:  Hold'em Limit ($3/$6 USD) - 2016/01/27 20:20:39 ET
Table 'Erinome III' 2-max Seat #2 is the button
Seat 1: shalomrum ($225 in chips)
Seat 2: ChrisTuff ($141.14 in chips)
ChrisTuff: posts small blind $1
shalomrum: posts big blind $3
*** HOLE CARDS ***
ChrisTuff: folds
Uncalled bet ($2) returned to shalomrum
shalomrum collected $2 from pot
shalomrum: doesn't show hand
*** SUMMARY ***
Total pot $2 | Rake $0
Seat 1: shalomrum (big blind) collected ($2)
Seat 2: ChrisTuff (button) (small blind) folded before Flop


PokerStars Hand #147797622134:  Hold'em Limit ($3/$6 USD) - 2016/01/27 20:20:23 ET
Table 'Erinome III' 2-max Seat #1 is the button
Seat 1: shalomrum ($210.50 in chips)
Seat 2: ChrisTuff ($156.14 in chips)
shalomrum: posts small blind $1
ChrisTuff: posts big blind $3
*** HOLE CARDS ***
shalomrum: raises $3 to $6
ChrisTuff: raises $3 to $9
shalomrum: raises $3 to $12
Betting is capped
ChrisTuff: calls $3
*** FLOP *** [4c Ah 2c]
ChrisTuff: checks
shalomrum: bets $3
ChrisTuff: calls $3
*** TURN *** [4c Ah 2c] [6d]
ChrisTuff: checks
shalomrum: checks
*** RIVER *** [4c Ah 2c 6d] [Qh]
ChrisTuff: checks
shalomrum: checks
*** SHOW DOWN ***
ChrisTuff: shows [3h 3d] (a pair of Threes)
shalomrum: shows [9s 9h] (a pair of Nines)
shalomrum collected $29.50 from pot
*** SUMMARY ***
Total pot $30 | Rake $0.50
Board [4c Ah 2c 6d Qh]
Seat 1: shalomrum (button) (small blind) showed [9s 9h] and won ($29.50) with a pair of Nines
Seat 2: ChrisTuff (big blind) showed [3h 3d] and lost with a pair of Threes


PokerStars Hand #147797619680:  Hold'em Limit ($3/$6 USD) - 2016/01/27 20:20:19 ET
Table 'Erinome III' 2-max Seat #2 is the button
Seat 1: shalomrum ($209.50 in chips)
Seat 2: ChrisTuff ($157.14 in chips)
ChrisTuff: posts small blind $1
shalomrum: posts big blind $3
*** HOLE CARDS ***
ChrisTuff: folds
Uncalled bet ($2) returned to shalomrum
shalomrum collected $2 from pot
shalomrum: doesn't show hand
*** SUMMARY ***
Total pot $2 | Rake $0
Seat 1: shalomrum (big blind) collected ($2)
Seat 2: ChrisTuff (button) (small blind) folded before Flop


PokerStars Hand #147797612756:  Hold'em Limit ($3/$6 USD) - 2016/01/27 20:20:06 ET
Table 'Erinome III' 2-max Seat #1 is the button
Seat 1: shalomrum ($195 in chips)
Seat 2: ChrisTuff ($172.14 in chips)
shalomrum: posts small blind $1
ChrisTuff: posts big blind $3
*** HOLE CARDS ***
shalomrum: raises $3 to $6
ChrisTuff: calls $3
*** FLOP *** [Th 2s 5d]
ChrisTuff: checks
shalomrum: bets $3
ChrisTuff: calls $3
*** TURN *** [Th 2s 5d] [9s]
ChrisTuff: checks
shalomrum: checks
*** RIVER *** [Th 2s 5d 9s] [6c]
ChrisTuff: bets $6
shalomrum: calls $6
*** SHOW DOWN ***
ChrisTuff: shows [3h Jh] (high card Jack)
shalomrum: shows [4d 5c] (a pair of Fives)
shalomrum collected $29.50 from pot
*** SUMMARY ***
Total pot $30 | Rake $0.50
Board [Th 2s 5d 9s 6c]
Seat 1: shalomrum (button) (small blind) showed [4d 5c] and won ($29.50) with a pair of Fives
Seat 2: ChrisTuff (big blind) showed [3h Jh] and lost with high card Jack


PokerStars Hand #147797674138:  Hold'em Limit ($3/$6 USD) - 2016/01/27 20:22:01 ET
Table 'Erinome III' 2-max Seat #1 is the button
Seat 1: shalomrum ($208.50 in chips)
Seat 2: ChrisTuff ($155.80 in chips)
shalomrum: posts small blind $1
ChrisTuff: posts big blind $3
*** HOLE CARDS ***
shalomrum: folds
Uncalled bet ($2) returned to ChrisTuff
ChrisTuff collected $2 from pot
ChrisTuff: doesn't show hand
*** SUMMARY ***
Total pot $2 | Rake $0
Seat 1: shalomrum (button) (small blind) folded before Flop
Seat 2: ChrisTuff (big blind) collected ($2)


PokerStars Hand #147797671600:  Hold'em Limit ($3/$6 USD) - 2016/01/27 20:21:56 ET
Table 'Erinome III' 2-max Seat #2 is the button
Seat 1: shalomrum ($207.50 in chips)
Seat 2: ChrisTuff ($156.80 in chips)
ChrisTuff: posts small blind $1
shalomrum: posts big blind $3
*** HOLE CARDS ***
ChrisTuff: folds
Uncalled bet ($2) returned to shalomrum
shalomrum collected $2 from pot
shalomrum: doesn't show hand
*** SUMMARY ***
Total pot $2 | Rake $0
Seat 1: shalomrum (big blind) collected ($2)
Seat 2: ChrisTuff (button) (small blind) folded before Flop


PokerStars Hand #147797669149:  Hold'em Limit ($3/$6 USD) - 2016/01/27 20:21:51 ET
Table 'Erinome III' 2-max Seat #1 is the button
Seat 1: shalomrum ($208.50 in chips)
Seat 2: ChrisTuff ($155.80 in chips)
shalomrum: posts small blind $1
ChrisTuff: posts big blind $3
*** HOLE CARDS ***
shalomrum: folds
Uncalled bet ($2) returned to ChrisTuff
ChrisTuff collected $2 from pot
ChrisTuff: doesn't show hand
*** SUMMARY ***
Total pot $2 | Rake $0
Seat 1: shalomrum (button) (small blind) folded before Flop
Seat 2: ChrisTuff (big blind) collected ($2)


PokerStars Hand #147797662466:  Hold'em Limit ($3/$6 USD) - 2016/01/27 20:21:39 ET
Table 'Erinome III' 2-max Seat #2 is the button
Seat 1: shalomrum ($191 in chips)
Seat 2: ChrisTuff ($173.80 in chips)
ChrisTuff: posts small blind $1
shalomrum: posts big blind $3
*** HOLE CARDS ***
ChrisTuff: raises $3 to $6
shalomrum: raises $3 to $9
ChrisTuff: calls $3
*** FLOP *** [Js Ts 6c]
shalomrum: bets $3
ChrisTuff: calls $3
*** TURN *** [Js Ts 6c] [Ks]
shalomrum: bets $6
ChrisTuff: calls $6
*** RIVER *** [Js Ts 6c Ks] [Kh]
shalomrum: bets $6
ChrisTuff: folds
Uncalled bet ($6) returned to shalomrum
shalomrum collected $35.50 from pot
shalomrum: doesn't show hand
*** SUMMARY ***
Total pot $36 | Rake $0.50
Board [Js Ts 6c Ks Kh]
Seat 1: shalomrum (big blind) collected ($35.50)
Seat 2: ChrisTuff (button) (small blind) folded on the River


PokerStars Hand #147797654748:  Hold'em Limit ($3/$6 USD) - 2016/01/27 20:21:24 ET
Table 'Erinome III' 2-max Seat #1 is the button
Seat 1: shalomrum ($203 in chips)
Seat 2: ChrisTuff ($162.28 in chips)
shalomrum: posts small blind $1
ChrisTuff: posts big blind $3
*** HOLE CARDS ***
shalomrum: raises $3 to $6
ChrisTuff: raises $3 to $9
shalomrum: calls $3
*** FLOP *** [Js 8h As]
ChrisTuff: bets $3
shalomrum: calls $3
*** TURN *** [Js 8h As] [Kh]
ChrisTuff: checks
shalomrum: checks
*** RIVER *** [Js 8h As Kh] [7d]
ChrisTuff: checks
shalomrum: checks
*** SHOW DOWN ***
ChrisTuff: shows [5h 5c] (a pair of Fives)
shalomrum: mucks hand
ChrisTuff collected $23.52 from pot
*** SUMMARY ***
Total pot $24 | Rake $0.48
Board [Js 8h As Kh 7d]
Seat 1: shalomrum (button) (small blind) mucked
Seat 2: ChrisTuff (big blind) showed [5h 5c] and won ($23.52) with a pair of Fives


PokerStars Hand #147797646378:  Hold'em Limit ($3/$6 USD) - 2016/01/27 20:21:09 ET
Table 'Erinome III' 2-max Seat #2 is the button
Seat 1: shalomrum ($212 in chips)
Seat 2: ChrisTuff ($153.64 in chips)
ChrisTuff: posts small blind $1
shalomrum: posts big blind $3
*** HOLE CARDS ***
ChrisTuff: raises $3 to $6
shalomrum: calls $3
*** FLOP *** [Jc Qc 8d]
shalomrum: checks
ChrisTuff: bets $3
shalomrum: calls $3
*** TURN *** [Jc Qc 8d] [8h]
shalomrum: checks
ChrisTuff: checks
*** RIVER *** [Jc Qc 8d 8h] [Tc]
shalomrum: checks
ChrisTuff: bets $6
shalomrum: folds
Uncalled bet ($6) returned to ChrisTuff
ChrisTuff collected $17.64 from pot
ChrisTuff: doesn't show hand
*** SUMMARY ***
Total pot $18 | Rake $0.36
Board [Jc Qc 8d 8h Tc]
Seat 1: shalomrum (big blind) folded on the River
Seat 2: ChrisTuff (button) (small blind) collected ($17.64)


PokerStars Hand #147797638716:  Hold'em Limit ($3/$6 USD) - 2016/01/27 20:20:54 ET
Table 'Erinome III' 2-max Seat #1 is the button
Seat 1: shalomrum ($230 in chips)
Seat 2: ChrisTuff ($136.14 in chips)
shalomrum: posts small blind $1
ChrisTuff: posts big blind $3
*** HOLE CARDS ***
shalomrum: raises $3 to $6
ChrisTuff: calls $3
*** FLOP *** [9h Qh 8c]
ChrisTuff: checks
shalomrum: bets $3
ChrisTuff: raises $3 to $6
shalomrum: calls $3
*** TURN *** [9h Qh 8c] [Qc]
ChrisTuff: bets $6
shalomrum: calls $6
*** RIVER *** [9h Qh 8c Qc] [Ks]
ChrisTuff: bets $6
shalomrum: folds
Uncalled bet ($6) returned to ChrisTuff
ChrisTuff collected $35.50 from pot
ChrisTuff: doesn't show hand
*** SUMMARY ***
Total pot $36 | Rake $0.50
Board [9h Qh 8c Qc Ks]
Seat 1: shalomrum (button) (small blind) folded on the River
Seat 2: ChrisTuff (big blind) collected ($35.50)


PokerStars Hand #147797679402:  Hold'em Limit ($3/$6 USD) - 2016/01/27 20:22:10 ET
Table 'Erinome III' 2-max Seat #1 is the button
Seat 1: shalomrum ($208.50 in chips)
Seat 2: ChrisTuff ($155.80 in chips)
shalomrum: posts small blind $1
ChrisTuff: posts big blind $3
*** HOLE CARDS ***
shalomrum: raises $3 to $6
ChrisTuff: calls $3
*** FLOP *** [Td 5s 6h]
ChrisTuff: checks
shalomrum: bets $3
ChrisTuff: calls $3
*** TURN *** [Td 5s 6h] [Qc]
ChrisTuff: bets $6
shalomrum: calls $6
*** RIVER *** [Td 5s 6h Qc] [6c]
ChrisTuff: bets $6
shalomrum: folds
Uncalled bet ($6) returned to ChrisTuff
ChrisTuff collected $29.50 from pot
ChrisTuff: doesn't show hand
*** SUMMARY ***
Total pot $30 | Rake $0.50
Board [Td 5s 6h Qc 6c]
Seat 1: shalomrum (button) (small blind) folded on the River
Seat 2: ChrisTuff (big blind) collected ($29.50)


PokerStars Hand #147797688884:  Hold'em Limit ($3/$6 USD) - 2016/01/27 20:22:28 ET
Table 'Erinome III' 2-max Seat #2 is the button
Seat 1: shalomrum ($193.50 in chips)
Seat 2: ChrisTuff ($170.30 in chips)
ChrisTuff: posts small blind $1
shalomrum: posts big blind $3
*** HOLE CARDS ***
ChrisTuff: raises $3 to $6
shalomrum: calls $3
*** FLOP *** [Jc 3c 8h]
shalomrum: checks
ChrisTuff: bets $3
shalomrum: calls $3
*** TURN *** [Jc 3c 8h] [9c]
shalomrum: checks
ChrisTuff: bets $6
shalomrum: calls $6
*** RIVER *** [Jc 3c 8h 9c] [3s]
shalomrum: checks
ChrisTuff: bets $6
shalomrum: calls $6
*** SHOW DOWN ***
ChrisTuff: shows [9d Qd] (two pair, Nines and Threes)
shalomrum: shows [Ah 9s] (two pair, Nines and Threes - Ace kicker)
shalomrum collected $41.50 from pot
*** SUMMARY ***
Total pot $42 | Rake $0.50
Board [Jc 3c 8h 9c 3s]
Seat 1: shalomrum (big blind) showed [Ah 9s] and won ($41.50) with two pair, Nines and Threes
Seat 2: ChrisTuff (button) (small blind) showed [9d Qd] and lost with two pair, Nines and Threes


PokerStars Hand #147797696438:  Hold'em Limit ($3/$6 USD) - 2016/01/27 20:22:42 ET
Table 'Erinome III' 2-max Seat #1 is the button
Seat 1: shalomrum ($214 in chips)
Seat 2: ChrisTuff ($149.30 in chips)
shalomrum: posts small blind $1
ChrisTuff: posts big blind $3
*** HOLE CARDS ***
shalomrum: raises $3 to $6
ChrisTuff: calls $3
*** FLOP *** [Kh Qh 8c]
ChrisTuff: checks
shalomrum: bets $3
ChrisTuff: raises $3 to $6
shalomrum: calls $3
*** TURN *** [Kh Qh 8c] [9d]
ChrisTuff: checks
shalomrum: bets $6
ChrisTuff: calls $6
*** RIVER *** [Kh Qh 8c 9d] [Qc]
ChrisTuff: checks
shalomrum: bets $6
ChrisTuff: calls $6
*** SHOW DOWN ***
shalomrum: shows [Kd Th] (two pair, Kings and Queens)
ChrisTuff: mucks hand
shalomrum collected $47.50 from pot
*** SUMMARY ***
Total pot $48 | Rake $0.50
Board [Kh Qh 8c 9d Qc]
Seat 1: shalomrum (button) (small blind) showed [Kd Th] and won ($47.50) with two pair, Kings and Queens
Seat 2: ChrisTuff (big blind) mucked


PokerStars Hand #147797676963:  Hold'em Limit ($3/$6 USD) - 2016/01/27 20:22:06 ET
Table 'Erinome III' 2-max Seat #2 is the button
Seat 1: shalomrum ($207.50 in chips)
Seat 2: ChrisTuff ($156.80 in chips)
ChrisTuff: posts small blind $1
shalomrum: posts big blind $3
*** HOLE CARDS ***
ChrisTuff: folds
Uncalled bet ($2) returned to shalomrum
shalomrum collected $2 from pot
shalomrum: doesn't show hand
*** SUMMARY ***
Total pot $2 | Rake $0
Seat 1: shalomrum (big blind) collected ($2)
Seat 2: ChrisTuff (button) (small blind) folded before Flop


PokerStars Hand #147797713923:  Hold'em Limit ($3/$6 USD) - 2016/01/27 20:23:15 ET
Table 'Erinome III' 2-max Seat #1 is the button
Seat 1: shalomrum ($234.50 in chips)
Seat 2: ChrisTuff ($128.30 in chips)
shalomrum: posts small blind $1
ChrisTuff: posts big blind $3
*** HOLE CARDS ***
shalomrum: raises $3 to $6
ChrisTuff: calls $3
*** FLOP *** [Ah 6c Td]
ChrisTuff: checks
shalomrum: bets $3
ChrisTuff: raises $3 to $6
shalomrum: calls $3
*** TURN *** [Ah 6c Td] [8h]
ChrisTuff: bets $6
shalomrum: calls $6
*** RIVER *** [Ah 6c Td 8h] [6d]
ChrisTuff: checks
shalomrum: checks
*** SHOW DOWN ***
ChrisTuff: shows [8c 9s] (two pair, Eights and Sixes)
shalomrum: mucks hand
ChrisTuff collected $35.50 from pot
*** SUMMARY ***
Total pot $36 | Rake $0.50
Board [Ah 6c Td 8h 6d]
Seat 1: shalomrum (button) (small blind) mucked
Seat 2: ChrisTuff (big blind) showed [8c 9s] and won ($35.50) with two pair, Eights and Sixes


PokerStars Hand #147797731610:  Hold'em Limit ($3/$6 USD) - 2016/01/27 20:23:48 ET
Table 'Erinome III' 2-max Seat #1 is the button
Seat 1: shalomrum ($240 in chips)
Seat 2: ChrisTuff ($121.80 in chips)
shalomrum: posts small blind $1
ChrisTuff: posts big blind $3
*** HOLE CARDS ***
shalomrum: folds
Uncalled bet ($2) returned to ChrisTuff
ChrisTuff collected $2 from pot
ChrisTuff: doesn't show hand
*** SUMMARY ***
Total pot $2 | Rake $0
Seat 1: shalomrum (button) (small blind) folded before Flop
Seat 2: ChrisTuff (big blind) collected ($2)


PokerStars Hand #147797722709:  Hold'em Limit ($3/$6 USD) - 2016/01/27 20:23:32 ET
Table 'Erinome III' 2-max Seat #2 is the button
Seat 1: shalomrum ($216.50 in chips)
Seat 2: ChrisTuff ($145.80 in chips)
ChrisTuff: posts small blind $1
shalomrum: posts big blind $3
*** HOLE CARDS ***
ChrisTuff: raises $3 to $6
shalomrum: raises $3 to $9
ChrisTuff: calls $3
*** FLOP *** [5c Js 4s]
shalomrum: bets $3
ChrisTuff: calls $3
*** TURN *** [5c Js 4s] [2d]
shalomrum: checks
ChrisTuff: bets $6
shalomrum: calls $6
*** RIVER *** [5c Js 4s 2d] [Qd]
shalomrum: bets $6
ChrisTuff: calls $6
*** SHOW DOWN ***
shalomrum: shows [Kh Qh] (a pair of Queens)
ChrisTuff: mucks hand
shalomrum collected $47.50 from pot
*** SUMMARY ***
Total pot $48 | Rake $0.50
Board [5c Js 4s 2d Qd]
Seat 1: shalomrum (big blind) showed [Kh Qh] and won ($47.50) with a pair of Queens
Seat 2: ChrisTuff (button) (small blind) mucked


PokerStars Hand #147797707578:  Hold'em Limit ($3/$6 USD) - 2016/01/27 20:23:03 ET
Table 'Erinome III' 2-max Seat #2 is the button
Seat 1: shalomrum ($237.50 in chips)
Seat 2: ChrisTuff ($125.30 in chips)
ChrisTuff: posts small blind $1
shalomrum: posts big blind $3
*** HOLE CARDS ***
ChrisTuff: raises $3 to $6
shalomrum: folds
Uncalled bet ($3) returned to ChrisTuff
ChrisTuff collected $6 from pot
ChrisTuff: doesn't show hand
*** SUMMARY ***
Total pot $6 | Rake $0
Seat 1: shalomrum (big blind) folded before Flop
Seat 2: ChrisTuff (button) (small blind) collected ($6)


PokerStars Hand #147797746350:  Hold'em Limit ($3/$6 USD) - 2016/01/27 20:24:16 ET
Table 'Erinome III' 2-max Seat #1 is the button
Seat 1: shalomrum ($247.64 in chips)
Seat 2: ChrisTuff ($120 in chips)
shalomrum: posts small blind $1
ChrisTuff: posts big blind $3
*** HOLE CARDS ***
shalomrum: raises $3 to $6
ChrisTuff: calls $3
*** FLOP *** [As 4h 5h]
ChrisTuff: checks
shalomrum: checks
*** TURN *** [As 4h 5h] [4s]
ChrisTuff: checks
shalomrum: bets $6
ChrisTuff: calls $6
*** RIVER *** [As 4h 5h 4s] [6c]
ChrisTuff: checks
shalomrum: bets $6
ChrisTuff: folds
Uncalled bet ($6) returned to shalomrum
shalomrum collected $23.52 from pot
shalomrum: doesn't show hand
*** SUMMARY ***
Total pot $24 | Rake $0.48
Board [As 4h 5h 4s 6c]
Seat 1: shalomrum (button) (small blind) collected ($23.52)
Seat 2: ChrisTuff (big blind) folded on the River


PokerStars Hand #147797757843:  Hold'em Limit ($3/$6 USD) - 2016/01/27 20:24:38 ET
Table 'Erinome III' 2-max Seat #2 is the button
Seat 1: shalomrum ($259.16 in chips)
Seat 2: ChrisTuff ($120 in chips)
ChrisTuff: posts small blind $1
shalomrum: posts big blind $3
*** HOLE CARDS ***
ChrisTuff: folds
Uncalled bet ($2) returned to shalomrum
shalomrum collected $2 from pot
shalomrum: doesn't show hand
*** SUMMARY ***
Total pot $2 | Rake $0
Seat 1: shalomrum (big blind) collected ($2)
Seat 2: ChrisTuff (button) (small blind) folded before Flop


PokerStars Hand #147797760283:  Hold'em Limit ($3/$6 USD) - 2016/01/27 20:24:42 ET
Table 'Erinome III' 2-max Seat #1 is the button
Seat 1: shalomrum ($260.16 in chips)
Seat 2: ChrisTuff ($120 in chips)
shalomrum: posts small blind $1
ChrisTuff: posts big blind $3
*** HOLE CARDS ***
shalomrum: raises $3 to $6
ChrisTuff: calls $3
*** FLOP *** [9d Ah 6s]
ChrisTuff: checks
shalomrum: bets $3
ChrisTuff: raises $3 to $6
shalomrum: calls $3
*** TURN *** [9d Ah 6s] [Kd]
ChrisTuff: bets $6
shalomrum: raises $6 to $12
ChrisTuff: calls $6
*** RIVER *** [9d Ah 6s Kd] [Ac]
ChrisTuff: bets $6
shalomrum: calls $6
*** SHOW DOWN ***
ChrisTuff: shows [2d As] (three of a kind, Aces)
shalomrum: shows [8h Ad] (three of a kind, Aces)
ChrisTuff collected $29.75 from pot
shalomrum collected $29.75 from pot
*** SUMMARY ***
Total pot $60 | Rake $0.50
Board [9d Ah 6s Kd Ac]
Seat 1: shalomrum (button) (small blind) showed [8h Ad] and won ($29.75) with three of a kind, Aces
Seat 2: ChrisTuff (big blind) showed [2d As] and won ($29.75) with three of a kind, Aces


PokerStars Hand #147797736458:  Hold'em Limit ($3/$6 USD) - 2016/01/27 20:23:57 ET
Table 'Erinome III' 2-max Seat #2 is the button
Seat 1: shalomrum ($239 in chips)
Seat 2: ChrisTuff ($122.80 in chips)
ChrisTuff: posts small blind $1
shalomrum: posts big blind $3
*** HOLE CARDS ***
ChrisTuff: raises $3 to $6
shalomrum: calls $3
*** FLOP *** [3c 3s 5d]
shalomrum: checks
ChrisTuff: bets $3
shalomrum: calls $3
*** TURN *** [3c 3s 5d] [4d]
shalomrum: checks
ChrisTuff: checks
*** RIVER *** [3c 3s 5d 4d] [Ah]
shalomrum: checks
ChrisTuff: checks
*** SHOW DOWN ***
shalomrum: shows [7d Kh] (a pair of Threes)
ChrisTuff: mucks hand
shalomrum collected $17.64 from pot
*** SUMMARY ***
Total pot $18 | Rake $0.36
Board [3c 3s 5d 4d Ah]
Seat 1: shalomrum (big blind) showed [7d Kh] and won ($17.64) with a pair of Threes
Seat 2: ChrisTuff (button) (small blind) mucked


PokerStars Hand #147797780734:  Hold'em Limit ($3/$6 USD) - 2016/01/27 20:25:20 ET
Table 'Erinome III' 2-max Seat #1 is the button
Seat 1: shalomrum ($250.91 in chips)
Seat 2: ChrisTuff ($128.64 in chips)
shalomrum: posts small blind $1
ChrisTuff: posts big blind $3
*** HOLE CARDS ***
shalomrum: folds
Uncalled bet ($2) returned to ChrisTuff
ChrisTuff collected $2 from pot
ChrisTuff: doesn't show hand
*** SUMMARY ***
Total pot $2 | Rake $0
Seat 1: shalomrum (button) (small blind) folded before Flop
Seat 2: ChrisTuff (big blind) collected ($2)


PokerStars Hand #147797770577:  Hold'em Limit ($3/$6 USD) - 2016/01/27 20:25:01 ET
Table 'Erinome III' 2-max Seat #2 is the button
Seat 1: shalomrum ($259.91 in chips)
Seat 2: ChrisTuff ($120 in chips)
ChrisTuff: posts small blind $1
shalomrum: posts big blind $3
*** HOLE CARDS ***
ChrisTuff: raises $3 to $6
shalomrum: calls $3
*** FLOP *** [9c 8d 4h]
shalomrum: checks
ChrisTuff: bets $3
shalomrum: calls $3
*** TURN *** [9c 8d 4h] [Jc]
shalomrum: checks
ChrisTuff: checks
*** RIVER *** [9c 8d 4h Jc] [5h]
shalomrum: checks
ChrisTuff: bets $6
shalomrum: folds
Uncalled bet ($6) returned to ChrisTuff
ChrisTuff collected $17.64 from pot
ChrisTuff: doesn't show hand
*** SUMMARY ***
Total pot $18 | Rake $0.36
Board [9c 8d 4h Jc 5h]
Seat 1: shalomrum (big blind) folded on the River
Seat 2: ChrisTuff (button) (small blind) collected ($17.64)


PokerStars Hand #147797782888:  Hold'em Limit ($3/$6 USD) - 2016/01/27 20:25:25 ET
Table 'Erinome III' 2-max Seat #2 is the button
Seat 1: shalomrum ($249.91 in chips)
Seat 2: ChrisTuff ($129.64 in chips)
ChrisTuff: posts small blind $1
shalomrum: posts big blind $3
*** HOLE CARDS ***
ChrisTuff: raises $3 to $6
shalomrum: raises $3 to $9
ChrisTuff: calls $3
*** FLOP *** [Qh Ah 8s]
shalomrum: bets $3
ChrisTuff: calls $3
*** TURN *** [Qh Ah 8s] [6s]
shalomrum: bets $6
ChrisTuff: folds
Uncalled bet ($6) returned to shalomrum
shalomrum collected $23.52 from pot
shalomrum: doesn't show hand
*** SUMMARY ***
Total pot $24 | Rake $0.48
Board [Qh Ah 8s 6s]
Seat 1: shalomrum (big blind) collected ($23.52)
Seat 2: ChrisTuff (button) (small blind) folded on the Turn


PokerStars Hand #147797788679:  Hold'em Limit ($3/$6 USD) - 2016/01/27 20:25:35 ET
Table 'Erinome III' 2-max Seat #1 is the button
Seat 1: shalomrum ($261.43 in chips)
Seat 2: ChrisTuff ($120 in chips)
shalomrum: posts small blind $1
ChrisTuff: posts big blind $3
*** HOLE CARDS ***
shalomrum: raises $3 to $6
ChrisTuff: folds
Uncalled bet ($3) returned to shalomrum
shalomrum collected $6 from pot
shalomrum: doesn't show hand
*** SUMMARY ***
Total pot $6 | Rake $0
Seat 1: shalomrum (button) (small blind) collected ($6)
Seat 2: ChrisTuff (big blind) folded before Flop


PokerStars Hand #147797791474:  Hold'em Limit ($3/$6 USD) - 2016/01/27 20:25:41 ET
Table 'Erinome III' 2-max Seat #2 is the button
Seat 1: shalomrum ($264.43 in chips)
Seat 2: ChrisTuff ($120 in chips)
ChrisTuff: posts small blind $1
shalomrum: posts big blind $3
*** HOLE CARDS ***
ChrisTuff: raises $3 to $6
shalomrum: raises $3 to $9
ChrisTuff: calls $3
*** FLOP *** [6c 2c Ac]
shalomrum: bets $3
ChrisTuff: calls $3
*** TURN *** [6c 2c Ac] [3c]
shalomrum: bets $6
ChrisTuff: calls $6
*** RIVER *** [6c 2c Ac 3c] [8d]
shalomrum: checks
ChrisTuff: bets $6
shalomrum: folds
Uncalled bet ($6) returned to ChrisTuff
ChrisTuff collected $35.50 from pot
ChrisTuff: doesn't show hand
*** SUMMARY ***
Total pot $36 | Rake $0.50
Board [6c 2c Ac 3c 8d]
Seat 1: shalomrum (big blind) folded on the River
Seat 2: ChrisTuff (button) (small blind) collected ($35.50)


PokerStars Hand #147797808865:  Hold'em Limit ($3/$6 USD) - 2016/01/27 20:26:13 ET
Table 'Erinome III' 2-max Seat #2 is the button
Seat 1: shalomrum ($237.43 in chips)
Seat 2: ChrisTuff ($146.14 in chips)
ChrisTuff: posts small blind $1
shalomrum: posts big blind $3
*** HOLE CARDS ***
ChrisTuff: raises $3 to $6
shalomrum: calls $3
*** FLOP *** [Js 4d 9h]
shalomrum: checks
ChrisTuff: bets $3
shalomrum: calls $3
*** TURN *** [Js 4d 9h] [Qd]
shalomrum: checks
ChrisTuff: bets $6
shalomrum: folds
Uncalled bet ($6) returned to ChrisTuff
ChrisTuff collected $17.64 from pot
ChrisTuff: doesn't show hand
*** SUMMARY ***
Total pot $18 | Rake $0.36
Board [Js 4d 9h Qd]
Seat 1: shalomrum (big blind) folded on the Turn
Seat 2: ChrisTuff (button) (small blind) collected ($17.64)


PokerStars Hand #147797816487:  Hold'em Limit ($3/$6 USD) - 2016/01/27 20:26:28 ET
Table 'Erinome III' 2-max Seat #1 is the button
Seat 1: shalomrum ($228.43 in chips)
Seat 2: ChrisTuff ($154.78 in chips)
shalomrum: posts small blind $1
ChrisTuff: posts big blind $3
*** HOLE CARDS ***
shalomrum: folds
Uncalled bet ($2) returned to ChrisTuff
ChrisTuff collected $2 from pot
ChrisTuff: doesn't show hand
*** SUMMARY ***
Total pot $2 | Rake $0
Seat 1: shalomrum (button) (small blind) folded before Flop
Seat 2: ChrisTuff (big blind) collected ($2)


PokerStars Hand #147797822013:  Hold'em Limit ($3/$6 USD) - 2016/01/27 20:26:39 ET
Table 'Erinome III' 2-max Seat #1 is the button
Seat 1: shalomrum ($224.43 in chips)
Seat 2: ChrisTuff ($158.78 in chips)
shalomrum: posts small blind $1
ChrisTuff: posts big blind $3
*** HOLE CARDS ***
shalomrum: folds
Uncalled bet ($2) returned to ChrisTuff
ChrisTuff collected $2 from pot
ChrisTuff: doesn't show hand
*** SUMMARY ***
Total pot $2 | Rake $0
Seat 1: shalomrum (button) (small blind) folded before Flop
Seat 2: ChrisTuff (big blind) collected ($2)


PokerStars Hand #147797818787:  Hold'em Limit ($3/$6 USD) - 2016/01/27 20:26:32 ET
Table 'Erinome III' 2-max Seat #2 is the button
Seat 1: shalomrum ($227.43 in chips)
Seat 2: ChrisTuff ($155.78 in chips)
ChrisTuff: posts small blind $1
shalomrum: posts big blind $3
*** HOLE CARDS ***
ChrisTuff: raises $3 to $6
shalomrum: folds
Uncalled bet ($3) returned to ChrisTuff
ChrisTuff collected $6 from pot
ChrisTuff: doesn't show hand
*** SUMMARY ***
Total pot $6 | Rake $0
Seat 1: shalomrum (big blind) folded before Flop
Seat 2: ChrisTuff (button) (small blind) collected ($6)


PokerStars Hand #147797824343:  Hold'em Limit ($3/$6 USD) - 2016/01/27 20:26:43 ET
Table 'Erinome III' 2-max Seat #2 is the button
Seat 1: shalomrum ($223.43 in chips)
Seat 2: ChrisTuff ($159.78 in chips)
ChrisTuff: posts small blind $1
shalomrum: posts big blind $3
*** HOLE CARDS ***
ChrisTuff: raises $3 to $6
shalomrum: calls $3
*** FLOP *** [7c Ad Jh]
shalomrum: checks
ChrisTuff: bets $3
shalomrum: calls $3
*** TURN *** [7c Ad Jh] [4c]
shalomrum: checks
ChrisTuff: checks
*** RIVER *** [7c Ad Jh 4c] [Kh]
shalomrum: bets $6
ChrisTuff: folds
Uncalled bet ($6) returned to shalomrum
shalomrum collected $17.64 from pot
shalomrum: doesn't show hand
*** SUMMARY ***
Total pot $18 | Rake $0.36
Board [7c Ad Jh 4c Kh]
Seat 1: shalomrum (big blind) collected ($17.64)
Seat 2: ChrisTuff (button) (small blind) folded on the River


PokerStars Hand #147797801333:  Hold'em Limit ($3/$6 USD) - 2016/01/27 20:25:59 ET
Table 'Erinome III' 2-max Seat #1 is the button
Seat 1: shalomrum ($246.43 in chips)
Seat 2: ChrisTuff ($137.50 in chips)
shalomrum: posts small blind $1
ChrisTuff: posts big blind $3
*** HOLE CARDS ***
shalomrum: raises $3 to $6
ChrisTuff: calls $3
*** FLOP *** [3d 3c Qc]
ChrisTuff: checks
shalomrum: bets $3
ChrisTuff: calls $3
*** TURN *** [3d 3c Qc] [6h]
ChrisTuff: checks
shalomrum: checks
*** RIVER *** [3d 3c Qc 6h] [6c]
ChrisTuff: checks
shalomrum: checks
*** SHOW DOWN ***
ChrisTuff: shows [Kd 4c] (two pair, Sixes and Threes)
shalomrum: mucks hand
ChrisTuff collected $17.64 from pot
*** SUMMARY ***
Total pot $18 | Rake $0.36
Board [3d 3c Qc 6h 6c]
Seat 1: shalomrum (button) (small blind) mucked
Seat 2: ChrisTuff (big blind) showed [Kd 4c] and won ($17.64) with two pair, Sixes and Threes


PokerStars Hand #147797839627:  Hold'em Limit ($3/$6 USD) - 2016/01/27 20:27:12 ET
Table 'Erinome III' 2-max Seat #2 is the button
Seat 1: shalomrum ($208.07 in chips)
Seat 2: ChrisTuff ($174.28 in chips)
ChrisTuff: posts small blind $1
shalomrum: posts big blind $3
*** HOLE CARDS ***
ChrisTuff: raises $3 to $6
shalomrum: raises $3 to $9
ChrisTuff: calls $3
*** FLOP *** [6d 4c 8c]
shalomrum: bets $3
ChrisTuff: raises $3 to $6
shalomrum: calls $3
*** TURN *** [6d 4c 8c] [Kh]
shalomrum: checks
ChrisTuff: checks
*** RIVER *** [6d 4c 8c Kh] [9d]
shalomrum: checks
ChrisTuff: bets $6
shalomrum: calls $6
*** SHOW DOWN ***
ChrisTuff: shows [8h Th] (a pair of Eights)
shalomrum: mucks hand
ChrisTuff collected $41.50 from pot
*** SUMMARY ***
Total pot $42 | Rake $0.50
Board [6d 4c 8c Kh 9d]
Seat 1: shalomrum (big blind) mucked
Seat 2: ChrisTuff (button) (small blind) showed [8h Th] and won ($41.50) with a pair of Eights


PokerStars Hand #147797853925:  Hold'em Limit ($3/$6 USD) - 2016/01/27 20:27:39 ET
Table 'Erinome III' 2-max Seat #2 is the button
Seat 1: shalomrum ($192.83 in chips)
Seat 2: ChrisTuff ($188.78 in chips)
ChrisTuff: posts small blind $1
shalomrum: posts big blind $3
*** HOLE CARDS ***
ChrisTuff: raises $3 to $6
shalomrum: folds
Uncalled bet ($3) returned to ChrisTuff
ChrisTuff collected $6 from pot
ChrisTuff: doesn't show hand
*** SUMMARY ***
Total pot $6 | Rake $0
Seat 1: shalomrum (big blind) folded before Flop
Seat 2: ChrisTuff (button) (small blind) collected ($6)


PokerStars Hand #147797849113:  Hold'em Limit ($3/$6 USD) - 2016/01/27 20:27:30 ET
Table 'Erinome III' 2-max Seat #1 is the button
Seat 1: shalomrum ($187.07 in chips)
Seat 2: ChrisTuff ($194.78 in chips)
shalomrum: posts small blind $1
ChrisTuff: posts big blind $3
*** HOLE CARDS ***
shalomrum: raises $3 to $6
ChrisTuff: calls $3
*** FLOP *** [Ks 9h 9d]
ChrisTuff: checks
shalomrum: bets $3
ChrisTuff: folds
Uncalled bet ($3) returned to shalomrum
shalomrum collected $11.76 from pot
shalomrum: doesn't show hand
*** SUMMARY ***
Total pot $12 | Rake $0.24
Board [Ks 9h 9d]
Seat 1: shalomrum (button) (small blind) collected ($11.76)
Seat 2: ChrisTuff (big blind) folded on the Flop


PokerStars Hand #147797857691:  Hold'em Limit ($3/$6 USD) - 2016/01/27 20:27:46 ET
Table 'Erinome III' 2-max Seat #1 is the button
Seat 1: shalomrum ($189.83 in chips)
Seat 2: ChrisTuff ($191.78 in chips)
shalomrum: posts small blind $1
ChrisTuff: posts big blind $3
*** HOLE CARDS ***
shalomrum: folds
Uncalled bet ($2) returned to ChrisTuff
ChrisTuff collected $2 from pot
ChrisTuff: doesn't show hand
*** SUMMARY ***
Total pot $2 | Rake $0
Seat 1: shalomrum (button) (small blind) folded before Flop
Seat 2: ChrisTuff (big blind) collected ($2)


PokerStars Hand #147797859997:  Hold'em Limit ($3/$6 USD) - 2016/01/27 20:27:50 ET
Table 'Erinome III' 2-max Seat #2 is the button
Seat 1: shalomrum ($188.83 in chips)
Seat 2: ChrisTuff ($192.78 in chips)
ChrisTuff: posts small blind $1
shalomrum: posts big blind $3
*** HOLE CARDS ***
ChrisTuff: raises $3 to $6
shalomrum: calls $3
*** FLOP *** [Qc Ad 2h]
shalomrum: checks
ChrisTuff: bets $3
shalomrum: raises $3 to $6
ChrisTuff: calls $3
*** TURN *** [Qc Ad 2h] [8h]
shalomrum: checks
ChrisTuff: bets $6
shalomrum: calls $6
*** RIVER *** [Qc Ad 2h 8h] [2c]
shalomrum: checks
ChrisTuff: bets $6
shalomrum: raises $6 to $12
ChrisTuff: calls $6
*** SHOW DOWN ***
shalomrum: shows [Ks 2s] (three of a kind, Deuces)
ChrisTuff: mucks hand
shalomrum collected $59.50 from pot
*** SUMMARY ***
Total pot $60 | Rake $0.50
Board [Qc Ad 2h 8h 2c]
Seat 1: shalomrum (big blind) showed [Ks 2s] and won ($59.50) with three of a kind, Deuces
Seat 2: ChrisTuff (button) (small blind) mucked


PokerStars Hand #147797832045:  Hold'em Limit ($3/$6 USD) - 2016/01/27 20:26:58 ET
Table 'Erinome III' 2-max Seat #1 is the button
Seat 1: shalomrum ($232.07 in chips)
Seat 2: ChrisTuff ($150.78 in chips)
shalomrum: posts small blind $1
ChrisTuff: posts big blind $3
*** HOLE CARDS ***
shalomrum: raises $3 to $6
ChrisTuff: raises $3 to $9
shalomrum: calls $3
*** FLOP *** [Kc 6s Ts]
ChrisTuff: bets $3
shalomrum: calls $3
*** TURN *** [Kc 6s Ts] [7s]
ChrisTuff: bets $6
shalomrum: calls $6
*** RIVER *** [Kc 6s Ts 7s] [4s]
ChrisTuff: bets $6
shalomrum: calls $6
*** SHOW DOWN ***
ChrisTuff: shows [Jd Ks] (a flush, King high)
shalomrum: mucks hand
ChrisTuff collected $47.50 from pot
*** SUMMARY ***
Total pot $48 | Rake $0.50
Board [Kc 6s Ts 7s 4s]
Seat 1: shalomrum (button) (small blind) mucked
Seat 2: ChrisTuff (big blind) showed [Jd Ks] and won ($47.50) with a flush, King high


PokerStars Hand #147797874682:  Hold'em Limit ($3/$6 USD) - 2016/01/27 20:28:18 ET
Table 'Erinome III' 2-max Seat #2 is the button
Seat 1: shalomrum ($217.33 in chips)
Seat 2: ChrisTuff ($163.78 in chips)
ChrisTuff: posts small blind $1
shalomrum: posts big blind $3
*** HOLE CARDS ***
ChrisTuff: raises $3 to $6
shalomrum: calls $3
*** FLOP *** [4s 8s Jd]
shalomrum: checks
ChrisTuff: bets $3
shalomrum: raises $3 to $6
ChrisTuff: calls $3
*** TURN *** [4s 8s Jd] [3c]
shalomrum: bets $6
ChrisTuff: folds
Uncalled bet ($6) returned to shalomrum
shalomrum collected $23.52 from pot
shalomrum: doesn't show hand
*** SUMMARY ***
Total pot $24 | Rake $0.48
Board [4s 8s Jd 3c]
Seat 1: shalomrum (big blind) collected ($23.52)
Seat 2: ChrisTuff (button) (small blind) folded on the Turn


PokerStars Hand #147797880474:  Hold'em Limit ($3/$6 USD) - 2016/01/27 20:28:29 ET
Table 'Erinome III' 2-max Seat #1 is the button
Seat 1: shalomrum ($228.85 in chips)
Seat 2: ChrisTuff ($151.78 in chips)
shalomrum: posts small blind $1
ChrisTuff: posts big blind $3
*** HOLE CARDS ***
shalomrum: raises $3 to $6
ChrisTuff: raises $3 to $9
shalomrum: calls $3
*** FLOP *** [4d 8d 9c]
ChrisTuff: bets $3
shalomrum: calls $3
*** TURN *** [4d 8d 9c] [Jh]
ChrisTuff: bets $6
shalomrum: folds
Uncalled bet ($6) returned to ChrisTuff
ChrisTuff collected $23.52 from pot
ChrisTuff: doesn't show hand
*** SUMMARY ***
Total pot $24 | Rake $0.48
Board [4d 8d 9c Jh]
Seat 1: shalomrum (button) (small blind) folded on the Turn
Seat 2: ChrisTuff (big blind) collected ($23.52)


PokerStars Hand #147797896982:  Hold'em Limit ($3/$6 USD) - 2016/01/27 20:29:00 ET
Table 'Erinome III' 2-max Seat #1 is the button
Seat 1: shalomrum ($225.49 in chips)
Seat 2: ChrisTuff ($154.30 in chips)
shalomrum: posts small blind $1
ChrisTuff: posts big blind $3
*** HOLE CARDS ***
shalomrum: raises $3 to $6
ChrisTuff: folds
Uncalled bet ($3) returned to shalomrum
shalomrum collected $6 from pot
shalomrum: doesn't show hand
*** SUMMARY ***
Total pot $6 | Rake $0
Seat 1: shalomrum (button) (small blind) collected ($6)
Seat 2: ChrisTuff (big blind) folded before Flop


PokerStars Hand #147797886350:  Hold'em Limit ($3/$6 USD) - 2016/01/27 20:28:40 ET
Table 'Erinome III' 2-max Seat #2 is the button
Seat 1: shalomrum ($216.85 in chips)
Seat 2: ChrisTuff ($163.30 in chips)
ChrisTuff: posts small blind $1
shalomrum: posts big blind $3
*** HOLE CARDS ***
ChrisTuff: raises $3 to $6
shalomrum: calls $3
*** FLOP *** [5d Js Kc]
shalomrum: checks
ChrisTuff: bets $3
shalomrum: calls $3
*** TURN *** [5d Js Kc] [Qs]
shalomrum: checks
ChrisTuff: checks
*** RIVER *** [5d Js Kc Qs] [Ks]
shalomrum: bets $6
ChrisTuff: folds
Uncalled bet ($6) returned to shalomrum
shalomrum collected $17.64 from pot
shalomrum: doesn't show hand
*** SUMMARY ***
Total pot $18 | Rake $0.36
Board [5d Js Kc Qs Ks]
Seat 1: shalomrum (big blind) collected ($17.64)
Seat 2: ChrisTuff (button) (small blind) folded on the River


PokerStars Hand #147797869200:  Hold'em Limit ($3/$6 USD) - 2016/01/27 20:28:08 ET
Table 'Erinome III' 2-max Seat #1 is the button
Seat 1: shalomrum ($218.33 in chips)
Seat 2: ChrisTuff ($162.78 in chips)
shalomrum: posts small blind $1
ChrisTuff: posts big blind $3
*** HOLE CARDS ***
shalomrum: folds
Uncalled bet ($2) returned to ChrisTuff
ChrisTuff collected $2 from pot
ChrisTuff: doesn't show hand
*** SUMMARY ***
Total pot $2 | Rake $0
Seat 1: shalomrum (button) (small blind) folded before Flop
Seat 2: ChrisTuff (big blind) collected ($2)


PokerStars Hand #147797899812:  Hold'em Limit ($3/$6 USD) - 2016/01/27 20:29:05 ET
Table 'Erinome III' 2-max Seat #2 is the button
Seat 1: shalomrum ($228.49 in chips)
Seat 2: ChrisTuff ($151.30 in chips)
ChrisTuff: posts small blind $1
shalomrum: posts big blind $3
*** HOLE CARDS ***
ChrisTuff: raises $3 to $6
shalomrum: calls $3
*** FLOP *** [4h 3s 6h]
shalomrum: checks
ChrisTuff: bets $3
shalomrum: calls $3
*** TURN *** [4h 3s 6h] [2s]
shalomrum: checks
ChrisTuff: bets $6
shalomrum: calls $6
*** RIVER *** [4h 3s 6h 2s] [9h]
shalomrum: checks
ChrisTuff: bets $6
shalomrum: calls $6
*** SHOW DOWN ***
ChrisTuff: shows [Jh 8h] (a flush, Jack high)
shalomrum: mucks hand
ChrisTuff collected $41.50 from pot
*** SUMMARY ***
Total pot $42 | Rake $0.50
Board [4h 3s 6h 2s 9h]
Seat 1: shalomrum (big blind) mucked
Seat 2: ChrisTuff (button) (small blind) showed [Jh 8h] and won ($41.50) with a flush, Jack high


PokerStars Hand #147797911966:  Hold'em Limit ($3/$6 USD) - 2016/01/27 20:29:28 ET
Table 'Erinome III' 2-max Seat #2 is the button
Seat 1: shalomrum ($210.49 in chips)
Seat 2: ChrisTuff ($168.80 in chips)
ChrisTuff: posts small blind $1
shalomrum: posts big blind $3
*** HOLE CARDS ***
ChrisTuff: raises $3 to $6
shalomrum: folds
Uncalled bet ($3) returned to ChrisTuff
ChrisTuff collected $6 from pot
ChrisTuff: doesn't show hand
*** SUMMARY ***
Total pot $6 | Rake $0
Seat 1: shalomrum (big blind) folded before Flop
Seat 2: ChrisTuff (button) (small blind) collected ($6)


PokerStars Hand #147797909281:  Hold'em Limit ($3/$6 USD) - 2016/01/27 20:29:23 ET
Table 'Erinome III' 2-max Seat #1 is the button
Seat 1: shalomrum ($207.49 in chips)
Seat 2: ChrisTuff ($171.80 in chips)
shalomrum: posts small blind $1
ChrisTuff: posts big blind $3
*** HOLE CARDS ***
shalomrum: raises $3 to $6
ChrisTuff: folds
Uncalled bet ($3) returned to shalomrum
shalomrum collected $6 from pot
shalomrum: doesn't show hand
*** SUMMARY ***
Total pot $6 | Rake $0
Seat 1: shalomrum (button) (small blind) collected ($6)
Seat 2: ChrisTuff (big blind) folded before Flop


PokerStars Hand #147797924114:  Hold'em Limit ($3/$6 USD) - 2016/01/27 20:29:51 ET
Table 'Erinome III' 2-max Seat #2 is the button
Seat 1: shalomrum ($183.49 in chips)
Seat 2: ChrisTuff ($195.30 in chips)
ChrisTuff: posts small blind $1
shalomrum: posts big blind $3
*** HOLE CARDS ***
ChrisTuff: raises $3 to $6
shalomrum: folds
Uncalled bet ($3) returned to ChrisTuff
ChrisTuff collected $6 from pot
ChrisTuff: doesn't show hand
*** SUMMARY ***
Total pot $6 | Rake $0
Seat 1: shalomrum (big blind) folded before Flop
Seat 2: ChrisTuff (button) (small blind) collected ($6)


PokerStars Hand #147797915382:  Hold'em Limit ($3/$6 USD) - 2016/01/27 20:29:35 ET
Table 'Erinome III' 2-max Seat #1 is the button
Seat 1: shalomrum ($207.49 in chips)
Seat 2: ChrisTuff ($171.80 in chips)
shalomrum: posts small blind $1
ChrisTuff: posts big blind $3
*** HOLE CARDS ***
shalomrum: raises $3 to $6
ChrisTuff: calls $3
*** FLOP *** [2c 6s 8c]
ChrisTuff: checks
shalomrum: bets $3
ChrisTuff: raises $3 to $6
shalomrum: calls $3
*** TURN *** [2c 6s 8c] [5s]
ChrisTuff: bets $6
shalomrum: calls $6
*** RIVER *** [2c 6s 8c 5s] [Ts]
ChrisTuff: bets $6
shalomrum: calls $6
*** SHOW DOWN ***
ChrisTuff: shows [8h Jh] (a pair of Eights)
shalomrum: mucks hand
ChrisTuff collected $47.50 from pot
*** SUMMARY ***
Total pot $48 | Rake $0.50
Board [2c 6s 8c 5s Ts]
Seat 1: shalomrum (button) (small blind) mucked
Seat 2: ChrisTuff (big blind) showed [8h Jh] and won ($47.50) with a pair of Eights


PokerStars Hand #147797927168:  Hold'em Limit ($3/$6 USD) - 2016/01/27 20:29:57 ET
Table 'Erinome III' 2-max Seat #1 is the button
Seat 1: shalomrum ($180.49 in chips)
Seat 2: ChrisTuff ($198.30 in chips)
shalomrum: posts small blind $1
ChrisTuff: posts big blind $3
*** HOLE CARDS ***
shalomrum: raises $3 to $6
ChrisTuff: folds
Uncalled bet ($3) returned to shalomrum
shalomrum collected $6 from pot
shalomrum: doesn't show hand
*** SUMMARY ***
Total pot $6 | Rake $0
Seat 1: shalomrum (button) (small blind) collected ($6)
Seat 2: ChrisTuff (big blind) folded before Flop


PokerStars Hand #147797937442:  Hold'em Limit ($3/$6 USD) - 2016/01/27 20:30:17 ET
Table 'Erinome III' 2-max Seat #1 is the button
Seat 1: shalomrum ($206.99 in chips)
Seat 2: ChrisTuff ($171.30 in chips)
shalomrum: posts small blind $1
ChrisTuff: posts big blind $3
*** HOLE CARDS ***
shalomrum: raises $3 to $6
ChrisTuff: folds
Uncalled bet ($3) returned to shalomrum
shalomrum collected $6 from pot
shalomrum: doesn't show hand
*** SUMMARY ***
Total pot $6 | Rake $0
Seat 1: shalomrum (button) (small blind) collected ($6)
Seat 2: ChrisTuff (big blind) folded before Flop


PokerStars Hand #147797943345:  Hold'em Limit ($3/$6 USD) - 2016/01/27 20:30:28 ET
Table 'Erinome III' 2-max Seat #2 is the button
Seat 1: shalomrum ($209.99 in chips)
Seat 2: ChrisTuff ($168.30 in chips)
ChrisTuff: posts small blind $1
shalomrum: posts big blind $3
*** HOLE CARDS ***
ChrisTuff: raises $3 to $6
shalomrum: calls $3
*** FLOP *** [4s 5d 4h]
shalomrum: checks
ChrisTuff: bets $3
shalomrum: calls $3
*** TURN *** [4s 5d 4h] [4c]
shalomrum: checks
ChrisTuff: bets $6
shalomrum: folds
Uncalled bet ($6) returned to ChrisTuff
ChrisTuff collected $17.64 from pot
ChrisTuff: doesn't show hand
*** SUMMARY ***
Total pot $18 | Rake $0.36
Board [4s 5d 4h 4c]
Seat 1: shalomrum (big blind) folded on the Turn
Seat 2: ChrisTuff (button) (small blind) collected ($17.64)


PokerStars Hand #147797950380:  Hold'em Limit ($3/$6 USD) - 2016/01/27 20:30:42 ET
Table 'Erinome III' 2-max Seat #1 is the button
Seat 1: shalomrum ($200.99 in chips)
Seat 2: ChrisTuff ($176.94 in chips)
shalomrum: posts small blind $1
ChrisTuff: posts big blind $3
*** HOLE CARDS ***
shalomrum: raises $3 to $6
ChrisTuff: raises $3 to $9
shalomrum: calls $3
*** FLOP *** [7s 5d 5h]
ChrisTuff: bets $3
shalomrum: calls $3
*** TURN *** [7s 5d 5h] [5c]
ChrisTuff: bets $6
shalomrum: folds
Uncalled bet ($6) returned to ChrisTuff
ChrisTuff collected $23.52 from pot
ChrisTuff: doesn't show hand
*** SUMMARY ***
Total pot $24 | Rake $0.48
Board [7s 5d 5h 5c]
Seat 1: shalomrum (button) (small blind) folded on the Turn
Seat 2: ChrisTuff (big blind) collected ($23.52)


PokerStars Hand #147797930062:  Hold'em Limit ($3/$6 USD) - 2016/01/27 20:30:03 ET
Table 'Erinome III' 2-max Seat #2 is the button
Seat 1: shalomrum ($183.49 in chips)
Seat 2: ChrisTuff ($195.30 in chips)
ChrisTuff: posts small blind $1
shalomrum: posts big blind $3
*** HOLE CARDS ***
ChrisTuff: raises $3 to $6
shalomrum: calls $3
*** FLOP *** [3d 4c 9d]
shalomrum: checks
ChrisTuff: bets $3
shalomrum: raises $3 to $6
ChrisTuff: calls $3
*** TURN *** [3d 4c 9d] [Tc]
shalomrum: bets $6
ChrisTuff: calls $6
*** RIVER *** [3d 4c 9d Tc] [6c]
shalomrum: bets $6
ChrisTuff: calls $6
*** SHOW DOWN ***
shalomrum: shows [Ts 3s] (two pair, Tens and Threes)
ChrisTuff: mucks hand
shalomrum collected $47.50 from pot
*** SUMMARY ***
Total pot $48 | Rake $0.50
Board [3d 4c 9d Tc 6c]
Seat 1: shalomrum (big blind) showed [Ts 3s] and won ($47.50) with two pair, Tens and Threes
Seat 2: ChrisTuff (button) (small blind) mucked


PokerStars Hand #147797966176:  Hold'em Limit ($3/$6 USD) - 2016/01/27 20:31:12 ET
Table 'Erinome III' 2-max Seat #1 is the button
Seat 1: shalomrum ($167.99 in chips)
Seat 2: ChrisTuff ($208.96 in chips)
shalomrum: posts small blind $1
ChrisTuff: posts big blind $3
*** HOLE CARDS ***
shalomrum: raises $3 to $6
ChrisTuff: calls $3
*** FLOP *** [4h 5c 6s]
ChrisTuff: checks
shalomrum: bets $3
ChrisTuff: raises $3 to $6
shalomrum: calls $3
*** TURN *** [4h 5c 6s] [Ac]
ChrisTuff: checks
shalomrum: checks
*** RIVER *** [4h 5c 6s Ac] [9h]
ChrisTuff: checks
shalomrum: checks
*** SHOW DOWN ***
ChrisTuff: shows [5d Jc] (a pair of Fives)
shalomrum: mucks hand
ChrisTuff collected $23.52 from pot
*** SUMMARY ***
Total pot $24 | Rake $0.48
Board [4h 5c 6s Ac 9h]
Seat 1: shalomrum (button) (small blind) mucked
Seat 2: ChrisTuff (big blind) showed [5d Jc] and won ($23.52) with a pair of Fives


PokerStars Hand #147797981720:  Hold'em Limit ($3/$6 USD) - 2016/01/27 20:31:41 ET
Table 'Erinome III' 2-max Seat #1 is the button
Seat 1: shalomrum ($122.99 in chips)
Seat 2: ChrisTuff ($252.98 in chips)
shalomrum: posts small blind $1
ChrisTuff: posts big blind $3
*** HOLE CARDS ***
shalomrum: folds
Uncalled bet ($2) returned to ChrisTuff
ChrisTuff collected $2 from pot
ChrisTuff: doesn't show hand
*** SUMMARY ***
Total pot $2 | Rake $0
Seat 1: shalomrum (button) (small blind) folded before Flop
Seat 2: ChrisTuff (big blind) collected ($2)


PokerStars Hand #147797973495:  Hold'em Limit ($3/$6 USD) - 2016/01/27 20:31:26 ET
Table 'Erinome III' 2-max Seat #2 is the button
Seat 1: shalomrum ($155.99 in chips)
Seat 2: ChrisTuff ($220.48 in chips)
ChrisTuff: posts small blind $1
shalomrum: posts big blind $3
*** HOLE CARDS ***
ChrisTuff: raises $3 to $6
shalomrum: calls $3
*** FLOP *** [4s 6h 6c]
shalomrum: checks
ChrisTuff: bets $3
shalomrum: calls $3
*** TURN *** [4s 6h 6c] [8c]
shalomrum: checks
ChrisTuff: bets $6
shalomrum: raises $6 to $12
ChrisTuff: raises $6 to $18
shalomrum: calls $6
*** RIVER *** [4s 6h 6c 8c] [Td]
shalomrum: checks
ChrisTuff: bets $6
shalomrum: calls $6
*** SHOW DOWN ***
ChrisTuff: shows [7d 6d] (three of a kind, Sixes)
shalomrum: mucks hand
ChrisTuff collected $65.50 from pot
*** SUMMARY ***
Total pot $66 | Rake $0.50
Board [4s 6h 6c 8c Td]
Seat 1: shalomrum (big blind) mucked
Seat 2: ChrisTuff (button) (small blind) showed [7d 6d] and won ($65.50) with three of a kind, Sixes


PokerStars Hand #147797984159:  Hold'em Limit ($3/$6 USD) - 2016/01/27 20:31:46 ET
Table 'Erinome III' 2-max Seat #2 is the button
Seat 1: shalomrum ($121.99 in chips)
Seat 2: ChrisTuff ($253.98 in chips)
ChrisTuff: posts small blind $1
shalomrum: posts big blind $3
*** HOLE CARDS ***
ChrisTuff: folds
Uncalled bet ($2) returned to shalomrum
shalomrum collected $2 from pot
shalomrum: doesn't show hand
*** SUMMARY ***
Total pot $2 | Rake $0
Seat 1: shalomrum (big blind) collected ($2)
Seat 2: ChrisTuff (button) (small blind) folded before Flop


PokerStars Hand #147797986892:  Hold'em Limit ($3/$6 USD) - 2016/01/27 20:31:51 ET
Table 'Erinome III' 2-max Seat #1 is the button
Seat 1: shalomrum ($122.99 in chips)
Seat 2: ChrisTuff ($252.98 in chips)
shalomrum: posts small blind $1
ChrisTuff: posts big blind $3
*** HOLE CARDS ***
shalomrum: raises $3 to $6
ChrisTuff: folds
Uncalled bet ($3) returned to shalomrum
shalomrum collected $6 from pot
shalomrum: doesn't show hand
*** SUMMARY ***
Total pot $6 | Rake $0
Seat 1: shalomrum (button) (small blind) collected ($6)
Seat 2: ChrisTuff (big blind) folded before Flop


PokerStars Hand #147797956374:  Hold'em Limit ($3/$6 USD) - 2016/01/27 20:30:53 ET
Table 'Erinome III' 2-max Seat #2 is the button
Seat 1: shalomrum ($188.99 in chips)
Seat 2: ChrisTuff ($188.46 in chips)
ChrisTuff: posts small blind $1
shalomrum: posts big blind $3
*** HOLE CARDS ***
ChrisTuff: raises $3 to $6
shalomrum: calls $3
*** FLOP *** [Kh 3h Ks]
shalomrum: checks
ChrisTuff: bets $3
shalomrum: calls $3
*** TURN *** [Kh 3h Ks] [2c]
shalomrum: checks
ChrisTuff: checks
*** RIVER *** [Kh 3h Ks 2c] [8h]
shalomrum: checks
ChrisTuff: bets $6
shalomrum: raises $6 to $12
ChrisTuff: calls $6
*** SHOW DOWN ***
shalomrum: shows [Jh 7c] (a pair of Kings)
ChrisTuff: shows [Td Ac] (a pair of Kings - Ace kicker)
ChrisTuff collected $41.50 from pot
*** SUMMARY ***
Total pot $42 | Rake $0.50
Board [Kh 3h Ks 2c 8h]
Seat 1: shalomrum (big blind) showed [Jh 7c] and lost with a pair of Kings
Seat 2: ChrisTuff (button) (small blind) showed [Td Ac] and won ($41.50) with a pair of Kings


PokerStars Hand #147797997890:  Hold'em Limit ($3/$6 USD) - 2016/01/27 20:32:12 ET
Table 'Erinome III' 2-max Seat #1 is the button
Seat 1: shalomrum ($126.99 in chips)
Seat 2: ChrisTuff ($248.98 in chips)
shalomrum: posts small blind $1
ChrisTuff: posts big blind $3
*** HOLE CARDS ***
shalomrum: raises $3 to $6
ChrisTuff: calls $3
*** FLOP *** [6h 5d 7c]
ChrisTuff: checks
shalomrum: bets $3
ChrisTuff: raises $3 to $6
shalomrum: calls $3
*** TURN *** [6h 5d 7c] [Tc]
ChrisTuff: bets $6
shalomrum: calls $6
*** RIVER *** [6h 5d 7c Tc] [Kd]
ChrisTuff: checks
shalomrum: checks
*** SHOW DOWN ***
ChrisTuff: shows [5h 4d] (a pair of Fives)
shalomrum: shows [6c Qs] (a pair of Sixes)
shalomrum collected $35.50 from pot
*** SUMMARY ***
Total pot $36 | Rake $0.50
Board [6h 5d 7c Tc Kd]
Seat 1: shalomrum (button) (small blind) showed [6c Qs] and won ($35.50) with a pair of Sixes
Seat 2: ChrisTuff (big blind) showed [5h 4d] and lost with a pair of Fives


PokerStars Hand #147798005463:  Hold'em Limit ($3/$6 USD) - 2016/01/27 20:32:27 ET
Table 'Erinome III' 2-max Seat #2 is the button
Seat 1: shalomrum ($144.49 in chips)
Seat 2: ChrisTuff ($230.98 in chips)
ChrisTuff: posts small blind $1
shalomrum: posts big blind $3
*** HOLE CARDS ***
ChrisTuff: raises $3 to $6
shalomrum: calls $3
*** FLOP *** [8s Jd 2c]
shalomrum: checks
ChrisTuff: bets $3
shalomrum: calls $3
*** TURN *** [8s Jd 2c] [3s]
shalomrum: checks
ChrisTuff: checks
*** RIVER *** [8s Jd 2c 3s] [Ks]
shalomrum: checks
ChrisTuff: checks
*** SHOW DOWN ***
shalomrum: shows [Qs 6d] (high card King)
ChrisTuff: shows [Qc 6c] (high card King)
shalomrum collected $8.82 from pot
ChrisTuff collected $8.82 from pot
*** SUMMARY ***
Total pot $18 | Rake $0.36
Board [8s Jd 2c 3s Ks]
Seat 1: shalomrum (big blind) showed [Qs 6d] and won ($8.82) with high card King
Seat 2: ChrisTuff (button) (small blind) showed [Qc 6c] and won ($8.82) with high card King


PokerStars Hand #147798018500:  Hold'em Limit ($3/$6 USD) - 2016/01/27 20:32:52 ET
Table 'Erinome III' 2-max Seat #2 is the button
Seat 1: shalomrum ($147.31 in chips)
Seat 2: ChrisTuff ($227.80 in chips)
ChrisTuff: posts small blind $1
shalomrum: posts big blind $3
*** HOLE CARDS ***
ChrisTuff: folds
Uncalled bet ($2) returned to shalomrum
shalomrum collected $2 from pot
shalomrum: doesn't show hand
*** SUMMARY ***
Total pot $2 | Rake $0
Seat 1: shalomrum (big blind) collected ($2)
Seat 2: ChrisTuff (button) (small blind) folded before Flop


PokerStars Hand #147798015801:  Hold'em Limit ($3/$6 USD) - 2016/01/27 20:32:47 ET
Table 'Erinome III' 2-max Seat #1 is the button
Seat 1: shalomrum ($144.31 in chips)
Seat 2: ChrisTuff ($230.80 in chips)
shalomrum: posts small blind $1
ChrisTuff: posts big blind $3
*** HOLE CARDS ***
shalomrum: raises $3 to $6
ChrisTuff: folds
Uncalled bet ($3) returned to shalomrum
shalomrum collected $6 from pot
shalomrum: doesn't show hand
*** SUMMARY ***
Total pot $6 | Rake $0
Seat 1: shalomrum (button) (small blind) collected ($6)
Seat 2: ChrisTuff (big blind) folded before Flop


PokerStars Hand #147798020828:  Hold'em Limit ($3/$6 USD) - 2016/01/27 20:32:56 ET
Table 'Erinome III' 2-max Seat #1 is the button
Seat 1: shalomrum ($148.31 in chips)
Seat 2: ChrisTuff ($226.80 in chips)
shalomrum: posts small blind $1
ChrisTuff: posts big blind $3
*** HOLE CARDS ***
shalomrum: raises $3 to $6
ChrisTuff: calls $3
*** FLOP *** [Kh Qc Ts]
ChrisTuff: checks
shalomrum: bets $3
ChrisTuff: raises $3 to $6
shalomrum: folds
Uncalled bet ($3) returned to ChrisTuff
ChrisTuff collected $17.64 from pot
ChrisTuff: doesn't show hand
*** SUMMARY ***
Total pot $18 | Rake $0.36
Board [Kh Qc Ts]
Seat 1: shalomrum (button) (small blind) folded on the Flop
Seat 2: ChrisTuff (big blind) collected ($17.64)


PokerStars Hand #147797995493:  Hold'em Limit ($3/$6 USD) - 2016/01/27 20:32:08 ET
Table 'Erinome III' 2-max Seat #2 is the button
Seat 1: shalomrum ($125.99 in chips)
Seat 2: ChrisTuff ($249.98 in chips)
ChrisTuff: posts small blind $1
shalomrum: posts big blind $3
*** HOLE CARDS ***
ChrisTuff: folds
Uncalled bet ($2) returned to shalomrum
shalomrum collected $2 from pot
shalomrum: doesn't show hand
*** SUMMARY ***
Total pot $2 | Rake $0
Seat 1: shalomrum (big blind) collected ($2)
Seat 2: ChrisTuff (button) (small blind) folded before Flop


PokerStars Hand #147798026049:  Hold'em Limit ($3/$6 USD) - 2016/01/27 20:33:06 ET
Table 'Erinome III' 2-max Seat #2 is the button
Seat 1: shalomrum ($139.31 in chips)
Seat 2: ChrisTuff ($235.44 in chips)
ChrisTuff: posts small blind $1
shalomrum: posts big blind $3
*** HOLE CARDS ***
ChrisTuff: raises $3 to $6
shalomrum: calls $3
*** FLOP *** [4c 8c 6c]
shalomrum: checks
ChrisTuff: bets $3
shalomrum: folds
Uncalled bet ($3) returned to ChrisTuff
ChrisTuff collected $11.76 from pot
ChrisTuff: doesn't show hand
*** SUMMARY ***
Total pot $12 | Rake $0.24
Board [4c 8c 6c]
Seat 1: shalomrum (big blind) folded on the Flop
Seat 2: ChrisTuff (button) (small blind) collected ($11.76)


PokerStars Hand #147798030679:  Hold'em Limit ($3/$6 USD) - 2016/01/27 20:33:15 ET
Table 'Erinome III' 2-max Seat #1 is the button
Seat 1: shalomrum ($133.31 in chips)
Seat 2: ChrisTuff ($241.20 in chips)
shalomrum: posts small blind $1
ChrisTuff: posts big blind $3
*** HOLE CARDS ***
shalomrum: raises $3 to $6
ChrisTuff: folds
Uncalled bet ($3) returned to shalomrum
shalomrum collected $6 from pot
shalomrum: doesn't show hand
*** SUMMARY ***
Total pot $6 | Rake $0
Seat 1: shalomrum (button) (small blind) collected ($6)
Seat 2: ChrisTuff (big blind) folded before Flop


PokerStars Hand #147798033518:  Hold'em Limit ($3/$6 USD) - 2016/01/27 20:33:21 ET
Table 'Erinome III' 2-max Seat #2 is the button
Seat 1: shalomrum ($136.31 in chips)
Seat 2: ChrisTuff ($238.20 in chips)
ChrisTuff: posts small blind $1
shalomrum: posts big blind $3
*** HOLE CARDS ***
ChrisTuff: raises $3 to $6
shalomrum: raises $3 to $9
ChrisTuff: calls $3
*** FLOP *** [2s 7c 6h]
shalomrum: bets $3
ChrisTuff: calls $3
*** TURN *** [2s 7c 6h] [7d]
shalomrum: bets $6
ChrisTuff: calls $6
*** RIVER *** [2s 7c 6h 7d] [9s]
shalomrum: checks
ChrisTuff: checks
*** SHOW DOWN ***
shalomrum: shows [Ac Ks] (a pair of Sevens)
ChrisTuff: mucks hand
shalomrum collected $35.50 from pot
*** SUMMARY ***
Total pot $36 | Rake $0.50
Board [2s 7c 6h 7d 9s]
Seat 1: shalomrum (big blind) showed [Ac Ks] and won ($35.50) with a pair of Sevens
Seat 2: ChrisTuff (button) (small blind) mucked


PokerStars Hand #147798040769:  Hold'em Limit ($3/$6 USD) - 2016/01/27 20:33:35 ET
Table 'Erinome III' 2-max Seat #1 is the button
Seat 1: shalomrum ($153.81 in chips)
Seat 2: ChrisTuff ($220.20 in chips)
shalomrum: posts small blind $1
ChrisTuff: posts big blind $3
*** HOLE CARDS ***
shalomrum: raises $3 to $6
ChrisTuff: raises $3 to $9
shalomrum: calls $3
*** FLOP *** [8s Ac 9s]
ChrisTuff: bets $3
shalomrum: folds
Uncalled bet ($3) returned to ChrisTuff
ChrisTuff collected $17.64 from pot
ChrisTuff: doesn't show hand
*** SUMMARY ***
Total pot $18 | Rake $0.36
Board [8s Ac 9s]
Seat 1: shalomrum (button) (small blind) folded on the Flop
Seat 2: ChrisTuff (big blind) collected ($17.64)


PokerStars Hand #147798047444:  Hold'em Limit ($3/$6 USD) - 2016/01/27 20:33:48 ET
Table 'Erinome III' 2-max Seat #2 is the button
Seat 1: shalomrum ($144.81 in chips)
Seat 2: ChrisTuff ($228.84 in chips)
ChrisTuff: posts small blind $1
shalomrum: posts big blind $3
*** HOLE CARDS ***
ChrisTuff: raises $3 to $6
shalomrum: calls $3
*** FLOP *** [7d Th 3c]
shalomrum: checks
ChrisTuff: bets $3
shalomrum: folds
Uncalled bet ($3) returned to ChrisTuff
ChrisTuff collected $11.76 from pot
ChrisTuff: doesn't show hand
*** SUMMARY ***
Total pot $12 | Rake $0.24
Board [7d Th 3c]
Seat 1: shalomrum (big blind) folded on the Flop
Seat 2: ChrisTuff (button) (small blind) collected ($11.76)


PokerStars Hand #147798052223:  Hold'em Limit ($3/$6 USD) - 2016/01/27 20:33:57 ET
Table 'Erinome III' 2-max Seat #1 is the button
Seat 1: shalomrum ($138.81 in chips)
Seat 2: ChrisTuff ($234.60 in chips)
shalomrum: posts small blind $1
ChrisTuff: posts big blind $3
*** HOLE CARDS ***
shalomrum: raises $3 to $6
ChrisTuff: calls $3
*** FLOP *** [7h Kh Ac]
ChrisTuff: checks
shalomrum: checks
*** TURN *** [7h Kh Ac] [8s]
ChrisTuff: bets $6
shalomrum: folds
Uncalled bet ($6) returned to ChrisTuff
ChrisTuff collected $11.76 from pot
ChrisTuff: doesn't show hand
*** SUMMARY ***
Total pot $12 | Rake $0.24
Board [7h Kh Ac 8s]
Seat 1: shalomrum (button) (small blind) folded on the Turn
Seat 2: ChrisTuff (big blind) collected ($11.76)


PokerStars Hand #147798059725:  Hold'em Limit ($3/$6 USD) - 2016/01/27 20:34:12 ET
Table 'Erinome III' 2-max Seat #1 is the button
Seat 1: shalomrum ($133.81 in chips)
Seat 2: ChrisTuff ($239.36 in chips)
shalomrum: posts small blind $1
ChrisTuff: posts big blind $3
*** HOLE CARDS ***
shalomrum: folds
Uncalled bet ($2) returned to ChrisTuff
ChrisTuff collected $2 from pot
ChrisTuff: doesn't show hand
*** SUMMARY ***
Total pot $2 | Rake $0
Seat 1: shalomrum (button) (small blind) folded before Flop
Seat 2: ChrisTuff (big blind) collected ($2)


PokerStars Hand #147798057433:  Hold'em Limit ($3/$6 USD) - 2016/01/27 20:34:07 ET
Table 'Erinome III' 2-max Seat #2 is the button
Seat 1: shalomrum ($132.81 in chips)
Seat 2: ChrisTuff ($240.36 in chips)
ChrisTuff: posts small blind $1
shalomrum: posts big blind $3
*** HOLE CARDS ***
ChrisTuff: folds
Uncalled bet ($2) returned to shalomrum
shalomrum collected $2 from pot
shalomrum: doesn't show hand
*** SUMMARY ***
Total pot $2 | Rake $0
Seat 1: shalomrum (big blind) collected ($2)
Seat 2: ChrisTuff (button) (small blind) folded before Flop


PokerStars Hand #147798061972:  Hold'em Limit ($3/$6 USD) - 2016/01/27 20:34:16 ET
Table 'Erinome III' 2-max Seat #2 is the button
Seat 1: shalomrum ($132.81 in chips)
Seat 2: ChrisTuff ($240.36 in chips)
ChrisTuff: posts small blind $1
shalomrum: posts big blind $3
*** HOLE CARDS ***
ChrisTuff: raises $3 to $6
shalomrum: calls $3
*** FLOP *** [8d 8c 6d]
shalomrum: checks
ChrisTuff: bets $3
shalomrum: calls $3
*** TURN *** [8d 8c 6d] [Jc]
shalomrum: checks
ChrisTuff: checks
*** RIVER *** [8d 8c 6d Jc] [4d]
shalomrum: bets $6
ChrisTuff: calls $6
*** SHOW DOWN ***
shalomrum: shows [8s Ks] (three of a kind, Eights)
ChrisTuff: mucks hand
shalomrum collected $29.50 from pot
*** SUMMARY ***
Total pot $30 | Rake $0.50
Board [8d 8c 6d Jc 4d]
Seat 1: shalomrum (big blind) showed [8s Ks] and won ($29.50) with three of a kind, Eights
Seat 2: ChrisTuff (button) (small blind) mucked


PokerStars Hand #147798067955:  Hold'em Limit ($3/$6 USD) - 2016/01/27 20:34:28 ET
Table 'Erinome III' 2-max Seat #1 is the button
Seat 1: shalomrum ($147.31 in chips)
Seat 2: ChrisTuff ($225.36 in chips)
shalomrum: posts small blind $1
ChrisTuff: posts big blind $3
*** HOLE CARDS ***
shalomrum: raises $3 to $6
ChrisTuff: calls $3
*** FLOP *** [2d 6d Kh]
ChrisTuff: checks
shalomrum: bets $3
ChrisTuff: raises $3 to $6
shalomrum: calls $3
*** TURN *** [2d 6d Kh] [8d]
ChrisTuff: bets $6
shalomrum: folds
Uncalled bet ($6) returned to ChrisTuff
ChrisTuff collected $23.52 from pot
ChrisTuff: doesn't show hand
*** SUMMARY ***
Total pot $24 | Rake $0.48
Board [2d 6d Kh 8d]
Seat 1: shalomrum (button) (small blind) folded on the Turn
Seat 2: ChrisTuff (big blind) collected ($23.52)


PokerStars Hand #147798076562:  Hold'em Limit ($3/$6 USD) - 2016/01/27 20:34:44 ET
Table 'Erinome III' 2-max Seat #2 is the button
Seat 1: shalomrum ($135.31 in chips)
Seat 2: ChrisTuff ($236.88 in chips)
ChrisTuff: posts small blind $1
shalomrum: posts big blind $3
*** HOLE CARDS ***
ChrisTuff: raises $3 to $6
shalomrum: folds
Uncalled bet ($3) returned to ChrisTuff
ChrisTuff collected $6 from pot
ChrisTuff: doesn't show hand
*** SUMMARY ***
Total pot $6 | Rake $0
Seat 1: shalomrum (big blind) folded before Flop
Seat 2: ChrisTuff (button) (small blind) collected ($6)


PokerStars Hand #147798079240:  Hold'em Limit ($3/$6 USD) - 2016/01/27 20:34:50 ET
Table 'Erinome III' 2-max Seat #1 is the button
Seat 1: shalomrum ($132.31 in chips)
Seat 2: ChrisTuff ($239.88 in chips)
shalomrum: posts small blind $1
ChrisTuff: posts big blind $3
*** HOLE CARDS ***
shalomrum: raises $3 to $6
ChrisTuff: raises $3 to $9
shalomrum: calls $3
*** FLOP *** [2s Td 7c]
ChrisTuff: bets $3
shalomrum: calls $3
*** TURN *** [2s Td 7c] [8d]
ChrisTuff: bets $6
shalomrum: calls $6
*** RIVER *** [2s Td 7c 8d] [4c]
ChrisTuff: bets $6
shalomrum: calls $6
*** SHOW DOWN ***
ChrisTuff: shows [9s 9h] (a pair of Nines)
shalomrum: mucks hand
ChrisTuff collected $47.50 from pot
*** SUMMARY ***
Total pot $48 | Rake $0.50
Board [2s Td 7c 8d 4c]
Seat 1: shalomrum (button) (small blind) mucked
Seat 2: ChrisTuff (big blind) showed [9s 9h] and won ($47.50) with a pair of Nines


PokerStars Hand #147798085808:  Hold'em Limit ($3/$6 USD) - 2016/01/27 20:35:02 ET
Table 'Erinome III' 2-max Seat #2 is the button
Seat 1: shalomrum ($108.31 in chips)
Seat 2: ChrisTuff ($263.38 in chips)
ChrisTuff: posts small blind $1
shalomrum: posts big blind $3
*** HOLE CARDS ***
ChrisTuff: raises $3 to $6
shalomrum: calls $3
*** FLOP *** [9h Td Qd]
shalomrum: checks
ChrisTuff: bets $3
shalomrum: calls $3
*** TURN *** [9h Td Qd] [2d]
shalomrum: checks
ChrisTuff: checks
*** RIVER *** [9h Td Qd 2d] [2s]
shalomrum: bets $6
ChrisTuff: calls $6
*** SHOW DOWN ***
shalomrum: shows [Ad 2h] (three of a kind, Deuces)
ChrisTuff: mucks hand
shalomrum collected $29.50 from pot
*** SUMMARY ***
Total pot $30 | Rake $0.50
Board [9h Td Qd 2d 2s]
Seat 1: shalomrum (big blind) showed [Ad 2h] and won ($29.50) with three of a kind, Deuces
Seat 2: ChrisTuff (button) (small blind) mucked


PokerStars Hand #147798094172:  Hold'em Limit ($3/$6 USD) - 2016/01/27 20:35:19 ET
Table 'Erinome III' 2-max Seat #1 is the button
Seat 1: shalomrum ($122.81 in chips)
Seat 2: ChrisTuff ($248.38 in chips)
shalomrum: posts small blind $1
ChrisTuff: posts big blind $3
*** HOLE CARDS ***
shalomrum: raises $3 to $6
ChrisTuff: calls $3
*** FLOP *** [Ts 3c Qd]
ChrisTuff: checks
shalomrum: bets $3
ChrisTuff: folds
Uncalled bet ($3) returned to shalomrum
shalomrum collected $11.76 from pot
shalomrum: doesn't show hand
*** SUMMARY ***
Total pot $12 | Rake $0.24
Board [Ts 3c Qd]
Seat 1: shalomrum (button) (small blind) collected ($11.76)
Seat 2: ChrisTuff (big blind) folded on the Flop


PokerStars Hand #147798100762:  Hold'em Limit ($3/$6 USD) - 2016/01/27 20:35:31 ET
Table 'Erinome III' 2-max Seat #2 is the button
Seat 1: shalomrum ($128.57 in chips)
Seat 2: ChrisTuff ($242.38 in chips)
ChrisTuff: posts small blind $1
shalomrum: posts big blind $3
*** HOLE CARDS ***
ChrisTuff: raises $3 to $6
shalomrum: calls $3
*** FLOP *** [7d 4s Js]
shalomrum: checks
ChrisTuff: bets $3
shalomrum: calls $3
*** TURN *** [7d 4s Js] [3c]
shalomrum: checks
ChrisTuff: checks
*** RIVER *** [7d 4s Js 3c] [4c]
shalomrum: checks
ChrisTuff: bets $6
shalomrum: calls $6
*** SHOW DOWN ***
ChrisTuff: shows [8s 6h] (a pair of Fours)
shalomrum: shows [Qs 3d] (two pair, Fours and Threes)
shalomrum collected $29.50 from pot
*** SUMMARY ***
Total pot $30 | Rake $0.50
Board [7d 4s Js 3c 4c]
Seat 1: shalomrum (big blind) showed [Qs 3d] and won ($29.50) with two pair, Fours and Threes
Seat 2: ChrisTuff (button) (small blind) showed [8s 6h] and lost with a pair of Fours


PokerStars Hand #147798108042:  Hold'em Limit ($3/$6 USD) - 2016/01/27 20:35:46 ET
Table 'Erinome III' 2-max Seat #1 is the button
Seat 1: shalomrum ($143.07 in chips)
Seat 2: ChrisTuff ($227.38 in chips)
shalomrum: posts small blind $1
ChrisTuff: posts big blind $3
*** HOLE CARDS ***
shalomrum: raises $3 to $6
ChrisTuff: raises $3 to $9
shalomrum: calls $3
*** FLOP *** [3c Qc 3d]
ChrisTuff: bets $3
shalomrum: calls $3
*** TURN *** [3c Qc 3d] [6h]
ChrisTuff: bets $6
shalomrum: calls $6
*** RIVER *** [3c Qc 3d 6h] [3s]
ChrisTuff: bets $6
shalomrum: folds
Uncalled bet ($6) returned to ChrisTuff
ChrisTuff collected $35.50 from pot
ChrisTuff: doesn't show hand
*** SUMMARY ***
Total pot $36 | Rake $0.50
Board [3c Qc 3d 6h 3s]
Seat 1: shalomrum (button) (small blind) folded on the River
Seat 2: ChrisTuff (big blind) collected ($35.50)


PokerStars Hand #147798123349:  Hold'em Limit ($3/$6 USD) - 2016/01/27 20:36:15 ET
Table 'Erinome III' 2-max Seat #1 is the button
Seat 1: shalomrum ($110.07 in chips)
Seat 2: ChrisTuff ($259.38 in chips)
shalomrum: posts small blind $1
ChrisTuff: posts big blind $3
*** HOLE CARDS ***
shalomrum: raises $3 to $6
ChrisTuff: calls $3
*** FLOP *** [9d 3d 8s]
ChrisTuff: checks
shalomrum: bets $3
ChrisTuff: calls $3
*** TURN *** [9d 3d 8s] [Qd]
ChrisTuff: checks
shalomrum: bets $6
ChrisTuff: calls $6
*** RIVER *** [9d 3d 8s Qd] [5s]
ChrisTuff: checks
shalomrum: bets $6
ChrisTuff: folds
Uncalled bet ($6) returned to shalomrum
shalomrum collected $29.50 from pot
shalomrum: doesn't show hand
*** SUMMARY ***
Total pot $30 | Rake $0.50
Board [9d 3d 8s Qd 5s]
Seat 1: shalomrum (button) (small blind) collected ($29.50)
Seat 2: ChrisTuff (big blind) folded on the River


PokerStars Hand #147798132850:  Hold'em Limit ($3/$6 USD) - 2016/01/27 20:36:34 ET
Table 'Erinome III' 2-max Seat #2 is the button
Seat 1: shalomrum ($124.57 in chips)
Seat 2: ChrisTuff ($244.38 in chips)
ChrisTuff: posts small blind $1
shalomrum: posts big blind $3
*** HOLE CARDS ***
ChrisTuff: raises $3 to $6
shalomrum: calls $3
*** FLOP *** [Qh Th 5h]
shalomrum: checks
ChrisTuff: bets $3
shalomrum: raises $3 to $6
ChrisTuff: folds
Uncalled bet ($3) returned to shalomrum
shalomrum collected $17.64 from pot
shalomrum: doesn't show hand
*** SUMMARY ***
Total pot $18 | Rake $0.36
Board [Qh Th 5h]
Seat 1: shalomrum (big blind) collected ($17.64)
Seat 2: ChrisTuff (button) (small blind) folded on the Flop


PokerStars Hand #147798138624:  Hold'em Limit ($3/$6 USD) - 2016/01/27 20:36:45 ET
Table 'Erinome III' 2-max Seat #1 is the button
Seat 1: shalomrum ($133.21 in chips)
Seat 2: ChrisTuff ($235.38 in chips)
shalomrum: posts small blind $1
ChrisTuff: posts big blind $3
*** HOLE CARDS ***
shalomrum: raises $3 to $6
ChrisTuff: calls $3
*** FLOP *** [4d Ac 9h]
ChrisTuff: checks
shalomrum: bets $3
ChrisTuff: calls $3
*** TURN *** [4d Ac 9h] [2c]
ChrisTuff: checks
shalomrum: checks
*** RIVER *** [4d Ac 9h 2c] [Kh]
ChrisTuff: bets $6
shalomrum: raises $6 to $12
ChrisTuff: calls $6
*** SHOW DOWN ***
shalomrum: shows [Kc 2h] (two pair, Kings and Deuces)
ChrisTuff: mucks hand
shalomrum collected $41.50 from pot
*** SUMMARY ***
Total pot $42 | Rake $0.50
Board [4d Ac 9h 2c Kh]
Seat 1: shalomrum (button) (small blind) showed [Kc 2h] and won ($41.50) with two pair, Kings and Deuces
Seat 2: ChrisTuff (big blind) mucked


PokerStars Hand #147798115292:  Hold'em Limit ($3/$6 USD) - 2016/01/27 20:36:00 ET
Table 'Erinome III' 2-max Seat #2 is the button
Seat 1: shalomrum ($125.07 in chips)
Seat 2: ChrisTuff ($244.88 in chips)
ChrisTuff: posts small blind $1
shalomrum: posts big blind $3
*** HOLE CARDS ***
ChrisTuff: raises $3 to $6
shalomrum: calls $3
*** FLOP *** [Ad 2d 8c]
shalomrum: checks
ChrisTuff: bets $3
shalomrum: calls $3
*** TURN *** [Ad 2d 8c] [Ah]
shalomrum: checks
ChrisTuff: checks
*** RIVER *** [Ad 2d 8c Ah] [8h]
shalomrum: checks
ChrisTuff: bets $6
shalomrum: calls $6
*** SHOW DOWN ***
ChrisTuff: shows [Ks 4c] (two pair, Aces and Eights)
shalomrum: mucks hand
ChrisTuff collected $29.50 from pot
*** SUMMARY ***
Total pot $30 | Rake $0.50
Board [Ad 2d 8c Ah 8h]
Seat 1: shalomrum (big blind) mucked
Seat 2: ChrisTuff (button) (small blind) showed [Ks 4c] and won ($29.50) with two pair, Aces and Eights


PokerStars Hand #147798171217:  Hold'em Limit ($3/$6 USD) - 2016/01/27 20:37:49 ET
Table 'Erinome III' 2-max Seat #1 is the button
Seat 1: shalomrum ($90.71 in chips)
Seat 2: ChrisTuff ($275.88 in chips)
shalomrum: posts small blind $1
ChrisTuff: posts big blind $3
*** HOLE CARDS ***
shalomrum: folds
Uncalled bet ($2) returned to ChrisTuff
ChrisTuff collected $2 from pot
ChrisTuff: doesn't show hand
*** SUMMARY ***
Total pot $2 | Rake $0
Seat 1: shalomrum (button) (small blind) folded before Flop
Seat 2: ChrisTuff (big blind) collected ($2)


PokerStars Hand #147798164742:  Hold'em Limit ($3/$6 USD) - 2016/01/27 20:37:36 ET
Table 'Erinome III' 2-max Seat #2 is the button
Seat 1: shalomrum ($114.71 in chips)
Seat 2: ChrisTuff ($252.38 in chips)
ChrisTuff: posts small blind $1
shalomrum: posts big blind $3
*** HOLE CARDS ***
ChrisTuff: raises $3 to $6
shalomrum: raises $3 to $9
ChrisTuff: calls $3
*** FLOP *** [6h Kc Ks]
shalomrum: bets $3
ChrisTuff: calls $3
*** TURN *** [6h Kc Ks] [9d]
shalomrum: bets $6
ChrisTuff: calls $6
*** RIVER *** [6h Kc Ks 9d] [5d]
shalomrum: checks
ChrisTuff: bets $6
shalomrum: calls $6
*** SHOW DOWN ***
ChrisTuff: shows [7s 9h] (two pair, Kings and Nines)
shalomrum: mucks hand
ChrisTuff collected $47.50 from pot
*** SUMMARY ***
Total pot $48 | Rake $0.50
Board [6h Kc Ks 9d 5d]
Seat 1: shalomrum (big blind) mucked
Seat 2: ChrisTuff (button) (small blind) showed [7s 9h] and won ($47.50) with two pair, Kings and Nines


PokerStars Hand #147798157788:  Hold'em Limit ($3/$6 USD) - 2016/01/27 20:37:23 ET
Table 'Erinome III' 2-max Seat #1 is the button
Seat 1: shalomrum ($138.71 in chips)
Seat 2: ChrisTuff ($228.88 in chips)
shalomrum: posts small blind $1
ChrisTuff: posts big blind $3
*** HOLE CARDS ***
shalomrum: raises $3 to $6
ChrisTuff: calls $3
*** FLOP *** [5d 2h Kh]
ChrisTuff: checks
shalomrum: bets $3
ChrisTuff: raises $3 to $6
shalomrum: calls $3
*** TURN *** [5d 2h Kh] [7h]
ChrisTuff: bets $6
shalomrum: calls $6
*** RIVER *** [5d 2h Kh 7h] [Qd]
ChrisTuff: bets $6
shalomrum: calls $6
*** SHOW DOWN ***
ChrisTuff: shows [Kc 7d] (two pair, Kings and Sevens)
shalomrum: mucks hand
ChrisTuff collected $47.50 from pot
*** SUMMARY ***
Total pot $48 | Rake $0.50
Board [5d 2h Kh 7h Qd]
Seat 1: shalomrum (button) (small blind) mucked
Seat 2: ChrisTuff (big blind) showed [Kc 7d] and won ($47.50) with two pair, Kings and Sevens


PokerStars Hand #147798146892:  Hold'em Limit ($3/$6 USD) - 2016/01/27 20:37:01 ET
Table 'Erinome III' 2-max Seat #2 is the button
Seat 1: shalomrum ($153.71 in chips)
Seat 2: ChrisTuff ($214.38 in chips)
ChrisTuff: posts small blind $1
shalomrum: posts big blind $3
*** HOLE CARDS ***
ChrisTuff: raises $3 to $6
shalomrum: calls $3
*** FLOP *** [Qh Tc Qc]
shalomrum: checks
ChrisTuff: bets $3
shalomrum: calls $3
*** TURN *** [Qh Tc Qc] [8s]
shalomrum: checks
ChrisTuff: bets $6
shalomrum: calls $6
*** RIVER *** [Qh Tc Qc 8s] [Qs]
shalomrum: checks
ChrisTuff: bets $6
shalomrum: folds
Uncalled bet ($6) returned to ChrisTuff
ChrisTuff collected $29.50 from pot
ChrisTuff: doesn't show hand
*** SUMMARY ***
Total pot $30 | Rake $0.50
Board [Qh Tc Qc 8s Qs]
Seat 1: shalomrum (big blind) folded on the River
Seat 2: ChrisTuff (button) (small blind) collected ($29.50)


PokerStars Hand #147798173471:  Hold'em Limit ($3/$6 USD) - 2016/01/27 20:37:53 ET
Table 'Erinome III' 2-max Seat #2 is the button
Seat 1: shalomrum ($89.71 in chips)
Seat 2: ChrisTuff ($276.88 in chips)
ChrisTuff: posts small blind $1
shalomrum: posts big blind $3
*** HOLE CARDS ***
ChrisTuff: raises $3 to $6
shalomrum: raises $3 to $9
ChrisTuff: raises $3 to $12
Betting is capped
shalomrum: calls $3
*** FLOP *** [Tc 6c 4h]
shalomrum: checks
ChrisTuff: bets $3
shalomrum: calls $3
*** TURN *** [Tc 6c 4h] [9d]
shalomrum: checks
ChrisTuff: bets $6
shalomrum: raises $6 to $12
ChrisTuff: raises $6 to $18
shalomrum: calls $6
*** RIVER *** [Tc 6c 4h 9d] [2s]
shalomrum: checks
ChrisTuff: bets $6
shalomrum: calls $6
*** SHOW DOWN ***
ChrisTuff: shows [Th Td] (three of a kind, Tens)
shalomrum: mucks hand
ChrisTuff collected $77.50 from pot
*** SUMMARY ***
Total pot $78 | Rake $0.50
Board [Tc 6c 4h 9d 2s]
Seat 1: shalomrum (big blind) mucked
Seat 2: ChrisTuff (button) (small blind) showed [Th Td] and won ($77.50) with three of a kind, Tens


