PokerStars Hand #164162733280:  Hold'em Limit ($3/$6 USD) - 2017/01/06 21:51:22 ET
Table 'Erinome' 6-max Seat #4 is the button
Seat 4: Lackys07 ($114.23 in chips)
Seat 5: sienvan ($233.81 in chips)
Lackys07: posts small blind $1
sienvan: posts big blind $3
*** HOLE CARDS ***
Lackys07: folds
Uncalled bet ($2) returned to sienvan
sienvan collected $2 from pot
sienvan: doesn't show hand
*** SUMMARY ***
Total pot $2 | Rake $0
Seat 4: Lackys07 (button) (small blind) folded before Flop
Seat 5: sienvan (big blind) collected ($2)


PokerStars Hand #164162730429:  Hold'em Limit ($3/$6 USD) - 2017/01/06 21:51:16 ET
Table 'Erinome' 6-max Seat #5 is the button
Seat 4: Lackys07 ($113.23 in chips)
Seat 5: sienvan ($234.81 in chips)
sienvan: posts small blind $1
beng_51: is sitting out
Lackys07: posts big blind $3
*** HOLE CARDS ***
sienvan: folds
Uncalled bet ($2) returned to Lackys07
Lackys07 collected $2 from pot
Lackys07: doesn't show hand
*** SUMMARY ***
Total pot $2 | Rake $0
Seat 4: Lackys07 (big blind) collected ($2)
Seat 5: sienvan (button) (small blind) folded before Flop


PokerStars Hand #164162735590:  Hold'em Limit ($3/$6 USD) - 2017/01/06 21:51:27 ET
Table 'Erinome' 6-max Seat #5 is the button
Seat 4: Lackys07 ($113.23 in chips)
Seat 5: sienvan ($234.81 in chips)
sienvan: posts small blind $1
ede56 was removed from the table for failing to post
Lackys07: posts big blind $3
*** HOLE CARDS ***
sienvan: folds
Uncalled bet ($2) returned to Lackys07
Lackys07 collected $2 from pot
Lackys07: doesn't show hand
*** SUMMARY ***
Total pot $2 | Rake $0
Seat 4: Lackys07 (big blind) collected ($2)
Seat 5: sienvan (button) (small blind) folded before Flop


PokerStars Hand #164162744114:  Hold'em Limit ($3/$6 USD) - 2017/01/06 21:51:45 ET
Table 'Erinome' 6-max Seat #5 is the button
Seat 4: Lackys07 ($108.23 in chips)
Seat 5: sienvan ($239.57 in chips)
sienvan: posts small blind $1
Lackys07: posts big blind $3
*** HOLE CARDS ***
sienvan: calls $2
Lackys07: checks
*** FLOP *** [5s 2c 3c]
beng_51 leaves the table
Lackys07: bets $3
sienvan: calls $3
*** TURN *** [5s 2c 3c] [4d]
Lackys07: checks
sienvan: bets $6
Lackys07: folds
Uncalled bet ($6) returned to sienvan
sienvan collected $11.76 from pot
sienvan: doesn't show hand
*** SUMMARY ***
Total pot $12 | Rake $0.24
Board [5s 2c 3c 4d]
Seat 4: Lackys07 (big blind) folded on the Turn
Seat 5: sienvan (button) (small blind) collected ($11.76)


PokerStars Hand #164162737798:  Hold'em Limit ($3/$6 USD) - 2017/01/06 21:51:32 ET
Table 'Erinome' 6-max Seat #4 is the button
Seat 4: Lackys07 ($114.23 in chips)
Seat 5: sienvan ($233.81 in chips)
Lackys07: posts small blind $1
sienvan: posts big blind $3
*** HOLE CARDS ***
Lackys07: raises $3 to $6
sienvan: calls $3
*** FLOP *** [2d 5s 9c]
sienvan: checks
Lackys07: checks
*** TURN *** [2d 5s 9c] [8h]
sienvan: bets $6
Lackys07: folds
Uncalled bet ($6) returned to sienvan
sienvan collected $11.76 from pot
sienvan: doesn't show hand
*** SUMMARY ***
Total pot $12 | Rake $0.24
Board [2d 5s 9c 8h]
Seat 4: Lackys07 (button) (small blind) folded on the Turn
Seat 5: sienvan (big blind) collected ($11.76)


PokerStars Hand #164162761099:  Hold'em Limit ($3/$6 USD) - 2017/01/06 21:52:21 ET
Table 'Erinome' 6-max Seat #4 is the button
Seat 4: Lackys07 ($102.23 in chips)
Seat 5: sienvan ($245.33 in chips)
Lackys07: posts small blind $1
sienvan: posts big blind $3
*** HOLE CARDS ***
Lackys07: raises $3 to $6
sienvan: calls $3
*** FLOP *** [Kh 4s 8h]
sienvan: bets $3
Lackys07: raises $3 to $6
sienvan: calls $3
*** TURN *** [Kh 4s 8h] [9d]
sienvan: checks
Lackys07: bets $6
sienvan: calls $6
*** RIVER *** [Kh 4s 8h 9d] [7c]
sienvan: checks
Lackys07: checks
*** SHOW DOWN ***
sienvan: shows [4c Ac] (a pair of Fours)
Lackys07: shows [Js Ks] (a pair of Kings)
Lackys07 collected $35.50 from pot
*** SUMMARY ***
Total pot $36 | Rake $0.50
Board [Kh 4s 8h 9d 7c]
Seat 4: Lackys07 (button) (small blind) showed [Js Ks] and won ($35.50) with a pair of Kings
Seat 5: sienvan (big blind) showed [4c Ac] and lost with a pair of Fours


