PokerStars Hand #160246694997:  Hold'em Limit ($3/$6 USD) - 2016/10/21 15:27:31 ET
Table 'Eriphyla II' 10-max Seat #6 is the button
Seat 5: too2ez ($119 in chips)
Seat 6: assitoni ($73 in chips)
assitoni: posts small blind $1
too2ez: posts big blind $3
*** HOLE CARDS ***
assitoni: raises $3 to $6
too2ez: calls $3
*** FLOP *** [9h 8c 5d]
too2ez: checks
assitoni: bets $3
too2ez is disconnected
too2ez has timed out while disconnected
too2ez: folds
Uncalled bet ($3) returned to assitoni
assitoni collected $11.76 from pot
assitoni: doesn't show hand
*** SUMMARY ***
Total pot $12 | Rake $0.24
Board [9h 8c 5d]
Seat 5: too2ez (big blind) folded on the Flop
Seat 6: assitoni (button) (small blind) collected ($11.76)


PokerStars Hand #160246739974:  Hold'em Limit ($3/$6 USD) - 2016/10/21 15:28:24 ET
Table 'Eriphyla II' 10-max Seat #5 is the button
Seat 5: too2ez ($113 in chips)
Seat 6: assitoni ($78.76 in chips)
too2ez: posts small blind $1
assitoni: posts big blind $3
*** HOLE CARDS ***
too2ez: raises $3 to $6
assitoni: calls $3
*** FLOP *** [3d Ts 7c]
assitoni: checks
too2ez: bets $3
assitoni: raises $3 to $6
too2ez: calls $3
*** TURN *** [3d Ts 7c] [Jh]
assitoni: bets $6
too2ez: calls $6
*** RIVER *** [3d Ts 7c Jh] [7d]
assitoni: bets $6
too2ez: folds
Uncalled bet ($6) returned to assitoni
assitoni collected $35.50 from pot
assitoni: doesn't show hand
*** SUMMARY ***
Total pot $36 | Rake $0.50
Board [3d Ts 7c Jh 7d]
Seat 5: too2ez (button) (small blind) folded on the River
Seat 6: assitoni (big blind) collected ($35.50)


PokerStars Hand #160246782782:  Hold'em Limit ($3/$6 USD) - 2016/10/21 15:29:15 ET
Table 'Eriphyla II' 10-max Seat #5 is the button
Seat 5: too2ez ($92 in chips)
Seat 6: assitoni ($99.26 in chips)
too2ez: posts small blind $1
assitoni: posts big blind $3
*** HOLE CARDS ***
too2ez: raises $3 to $6
assitoni: raises $3 to $9
too2ez: calls $3
*** FLOP *** [4h 6s 6h]
assitoni: bets $3
too2ez: calls $3
*** TURN *** [4h 6s 6h] [Ac]
assitoni: bets $6
too2ez: raises $6 to $12
assitoni: folds
Uncalled bet ($6) returned to too2ez
too2ez collected $35.50 from pot
too2ez: doesn't show hand
*** SUMMARY ***
Total pot $36 | Rake $0.50
Board [4h 6s 6h Ac]
Seat 5: too2ez (button) (small blind) collected ($35.50)
Seat 6: assitoni (big blind) folded on the Turn


PokerStars Hand #160246821380:  Hold'em Limit ($3/$6 USD) - 2016/10/21 15:30:01 ET
Table 'Eriphyla II' 10-max Seat #5 is the button
Seat 5: too2ez ($88.50 in chips)
Seat 6: assitoni ($101.76 in chips)
too2ez: posts small blind $1
assitoni: posts big blind $3
*** HOLE CARDS ***
too2ez: raises $3 to $6
assitoni: folds
Uncalled bet ($3) returned to too2ez
too2ez collected $6 from pot
too2ez: doesn't show hand
*** SUMMARY ***
Total pot $6 | Rake $0
Seat 5: too2ez (button) (small blind) collected ($6)
Seat 6: assitoni (big blind) folded before Flop


PokerStars Hand #160246803472:  Hold'em Limit ($3/$6 USD) - 2016/10/21 15:29:40 ET
Table 'Eriphyla II' 10-max Seat #6 is the button
Seat 5: too2ez ($109.50 in chips)
Seat 6: assitoni ($81.26 in chips)
assitoni: posts small blind $1
too2ez: posts big blind $3
*** HOLE CARDS ***
assitoni: raises $3 to $6
too2ez: calls $3
*** FLOP *** [Ks Kc 9c]
too2ez: checks
assitoni: bets $3
too2ez: raises $3 to $6
assitoni: raises $3 to $9
too2ez: calls $3
*** TURN *** [Ks Kc 9c] [5d]
too2ez: checks
assitoni: checks
*** RIVER *** [Ks Kc 9c 5d] [5c]
too2ez: bets $6
assitoni: calls $6
*** SHOW DOWN ***
too2ez: shows [2h Jh] (two pair, Kings and Fives)
assitoni: shows [7c Ah] (two pair, Kings and Fives - Ace kicker)
assitoni collected $41.50 from pot
*** SUMMARY ***
Total pot $42 | Rake $0.50
Board [Ks Kc 9c 5d 5c]
Seat 5: too2ez (big blind) showed [2h Jh] and lost with two pair, Kings and Fives
Seat 6: assitoni (button) (small blind) showed [7c Ah] and won ($41.50) with two pair, Kings and Fives


PokerStars Hand #160246777836:  Hold'em Limit ($3/$6 USD) - 2016/10/21 15:29:09 ET
Table 'Eriphyla II' 10-max Seat #6 is the button
Seat 5: too2ez ($95 in chips)
Seat 6: assitoni ($96.26 in chips)
assitoni: posts small blind $1
too2ez: posts big blind $3
*** HOLE CARDS ***
assitoni: raises $3 to $6
too2ez: folds
Uncalled bet ($3) returned to assitoni
assitoni collected $6 from pot
assitoni: doesn't show hand
*** SUMMARY ***
Total pot $6 | Rake $0
Seat 5: too2ez (big blind) folded before Flop
Seat 6: assitoni (button) (small blind) collected ($6)


PokerStars Hand #160246845795:  Hold'em Limit ($3/$6 USD) - 2016/10/21 15:30:30 ET
Table 'Eriphyla II' 10-max Seat #5 is the button
Seat 5: too2ez ($100.14 in chips)
Seat 6: assitoni ($89.76 in chips)
too2ez: posts small blind $1
assitoni: posts big blind $3
*** HOLE CARDS ***
too2ez: raises $3 to $6
assitoni: folds
Uncalled bet ($3) returned to too2ez
too2ez collected $6 from pot
too2ez: doesn't show hand
*** SUMMARY ***
Total pot $6 | Rake $0
Seat 5: too2ez (button) (small blind) collected ($6)
Seat 6: assitoni (big blind) folded before Flop


PokerStars Hand #160246827608:  Hold'em Limit ($3/$6 USD) - 2016/10/21 15:30:08 ET
Table 'Eriphyla II' 10-max Seat #6 is the button
Seat 5: too2ez ($91.50 in chips)
Seat 6: assitoni ($98.76 in chips)
assitoni: posts small blind $1
too2ez: posts big blind $3
*** HOLE CARDS ***
assitoni: raises $3 to $6
too2ez: calls $3
*** FLOP *** [7h 5d 3h]
too2ez: checks
assitoni: bets $3
too2ez: calls $3
*** TURN *** [7h 5d 3h] [3s]
too2ez: checks
assitoni: checks
*** RIVER *** [7h 5d 3h 3s] [5c]
too2ez: checks
assitoni: checks
*** SHOW DOWN ***
too2ez: shows [Jd 2h] (two pair, Fives and Threes)
assitoni: mucks hand
too2ez collected $17.64 from pot
*** SUMMARY ***
Total pot $18 | Rake $0.36
Board [7h 5d 3h 3s 5c]
Seat 5: too2ez (big blind) showed [Jd 2h] and won ($17.64) with two pair, Fives and Threes
Seat 6: assitoni (button) (small blind) mucked


PokerStars Hand #160246852841:  Hold'em Limit ($3/$6 USD) - 2016/10/21 15:30:38 ET
Table 'Eriphyla II' 10-max Seat #6 is the button
Seat 5: too2ez ($103.14 in chips)
Seat 6: assitoni ($86.76 in chips)
assitoni: posts small blind $1
too2ez: posts big blind $3
*** HOLE CARDS ***
assitoni: raises $3 to $6
too2ez: calls $3
*** FLOP *** [Qc Jh Jc]
too2ez: checks
assitoni: bets $3
too2ez: calls $3
*** TURN *** [Qc Jh Jc] [4s]
too2ez: checks
assitoni: checks
*** RIVER *** [Qc Jh Jc 4s] [9s]
too2ez: checks
assitoni: checks
*** SHOW DOWN ***
too2ez: shows [6c Kh] (a pair of Jacks)
assitoni: mucks hand
too2ez collected $17.64 from pot
*** SUMMARY ***
Total pot $18 | Rake $0.36
Board [Qc Jh Jc 4s 9s]
Seat 5: too2ez (big blind) showed [6c Kh] and won ($17.64) with a pair of Jacks
Seat 6: assitoni (button) (small blind) mucked


PokerStars Hand #160246907057:  Hold'em Limit ($3/$6 USD) - 2016/10/21 15:31:42 ET
Table 'Eriphyla II' 10-max Seat #6 is the button
Seat 5: too2ez ($117.30 in chips)
Seat 6: assitoni ($73 in chips)
assitoni: posts small blind $1
too2ez: posts big blind $3
*** HOLE CARDS ***
assitoni: folds
Uncalled bet ($2) returned to too2ez
too2ez collected $2 from pot
too2ez: doesn't show hand
*** SUMMARY ***
Total pot $2 | Rake $0
Seat 5: too2ez (big blind) collected ($2)
Seat 6: assitoni (button) (small blind) folded before Flop


PokerStars Hand #160246886855:  Hold'em Limit ($3/$6 USD) - 2016/10/21 15:31:18 ET
Table 'Eriphyla II' 10-max Seat #6 is the button
Seat 5: too2ez ($106.78 in chips)
Seat 6: assitoni ($82.76 in chips)
assitoni: posts small blind $1
too2ez: posts big blind $3
*** HOLE CARDS ***
assitoni: raises $3 to $6
too2ez: calls $3
*** FLOP *** [9h Td 6d]
too2ez: checks
assitoni: bets $3
too2ez: raises $3 to $6
assitoni: calls $3
*** TURN *** [9h Td 6d] [8s]
too2ez: bets $6
assitoni: folds
Uncalled bet ($6) returned to too2ez
too2ez collected $23.52 from pot
too2ez: doesn't show hand
*** SUMMARY ***
Total pot $24 | Rake $0.48
Board [9h Td 6d 8s]
Seat 5: too2ez (big blind) collected ($23.52)
Seat 6: assitoni (button) (small blind) folded on the Turn


PokerStars Hand #160246882929:  Hold'em Limit ($3/$6 USD) - 2016/10/21 15:31:14 ET
Table 'Eriphyla II' 10-max Seat #5 is the button
Seat 5: too2ez ($107.78 in chips)
Seat 6: assitoni ($81.76 in chips)
too2ez: posts small blind $1
assitoni: posts big blind $3
*** HOLE CARDS ***
too2ez: folds
Uncalled bet ($2) returned to assitoni
assitoni collected $2 from pot
assitoni: doesn't show hand
*** SUMMARY ***
Total pot $2 | Rake $0
Seat 5: too2ez (button) (small blind) folded before Flop
Seat 6: assitoni (big blind) collected ($2)


PokerStars Hand #160246877625:  Hold'em Limit ($3/$6 USD) - 2016/10/21 15:31:07 ET
Table 'Eriphyla II' 10-max Seat #6 is the button
Seat 5: too2ez ($110.78 in chips)
Seat 6: assitoni ($78.76 in chips)
assitoni: posts small blind $1
too2ez: posts big blind $3
*** HOLE CARDS ***
assitoni: raises $3 to $6
too2ez: folds
Uncalled bet ($3) returned to assitoni
assitoni collected $6 from pot
assitoni: doesn't show hand
*** SUMMARY ***
Total pot $6 | Rake $0
Seat 5: too2ez (big blind) folded before Flop
Seat 6: assitoni (button) (small blind) collected ($6)


PokerStars Hand #160246912108:  Hold'em Limit ($3/$6 USD) - 2016/10/21 15:31:48 ET
Table 'Eriphyla II' 10-max Seat #5 is the button
Seat 5: too2ez ($118.30 in chips)
Seat 6: assitoni ($72 in chips)
too2ez: posts small blind $1
assitoni: posts big blind $3
*** HOLE CARDS ***
too2ez: raises $3 to $6
assitoni: calls $3
*** FLOP *** [5h Qc 9d]
assitoni: checks
too2ez: bets $3
assitoni: calls $3
*** TURN *** [5h Qc 9d] [Th]
assitoni: checks
too2ez: bets $6
assitoni: calls $6
*** RIVER *** [5h Qc 9d Th] [4c]
assitoni: checks
too2ez: bets $6
assitoni: folds
Uncalled bet ($6) returned to too2ez
too2ez collected $29.50 from pot
too2ez: doesn't show hand
*** SUMMARY ***
Total pot $30 | Rake $0.50
Board [5h Qc 9d Th 4c]
Seat 5: too2ez (button) (small blind) collected ($29.50)
Seat 6: assitoni (big blind) folded on the River


PokerStars Hand #160246951288:  Hold'em Limit ($3/$6 USD) - 2016/10/21 15:32:35 ET
Table 'Eriphyla II' 10-max Seat #5 is the button
Seat 5: too2ez ($133.80 in chips)
Seat 6: assitoni ($72 in chips)
too2ez: posts small blind $1
assitoni: posts big blind $3
*** HOLE CARDS ***
too2ez: folds
Uncalled bet ($2) returned to assitoni
assitoni collected $2 from pot
assitoni: doesn't show hand
*** SUMMARY ***
Total pot $2 | Rake $0
Seat 5: too2ez (button) (small blind) folded before Flop
Seat 6: assitoni (big blind) collected ($2)


PokerStars Hand #160247051541:  Hold'em Limit ($3/$6 USD) - 2016/10/21 15:34:35 ET
Table 'Eriphyla II' 10-max Seat #5 is the button
Seat 1: Hannibal2211 ($77.10 in chips)
Seat 5: too2ez ($208.06 in chips)
too2ez: posts small blind $1
assitoni: is sitting out
Hannibal2211: posts big blind $3
*** HOLE CARDS ***
too2ez: raises $3 to $6
Hannibal2211: calls $3
*** FLOP *** [4s Ts 3d]
Hannibal2211: checks
too2ez: bets $3
Hannibal2211: folds
Uncalled bet ($3) returned to too2ez
too2ez collected $11.76 from pot
too2ez: doesn't show hand
*** SUMMARY ***
Total pot $12 | Rake $0.24
Board [4s Ts 3d]
Seat 1: Hannibal2211 (big blind) folded on the Flop
Seat 5: too2ez (button) (small blind) collected ($11.76)


