PokerStars Hand #152081543798:  Hold'em Limit ($3/$6 USD) - 2016/04/18 0:59:39 ET
Table 'Eriphyla II' 6-max Seat #4 is the button
Seat 3: shushlo ($72 in chips)
Seat 4: AzureCaper ($73 in chips)
AzureCaper: posts small blind $1
shushlo: posts big blind $3
*** HOLE CARDS ***
AzureCaper: raises $3 to $6
shushlo: calls $3
*** FLOP *** [7d 4s Kh]
shushlo: checks
AzureCaper: bets $3
shushlo: raises $3 to $6
AzureCaper: calls $3
*** TURN *** [7d 4s Kh] [Td]
shushlo: bets $6
AzureCaper: raises $6 to $12
shushlo: calls $6
*** RIVER *** [7d 4s Kh Td] [6c]
shushlo: checks
AzureCaper: bets $6
shushlo: folds
Uncalled bet ($6) returned to AzureCaper
AzureCaper collected $47.50 from pot
AzureCaper: doesn't show hand
*** SUMMARY ***
Total pot $48 | Rake $0.50
Board [7d 4s Kh Td 6c]
Seat 3: shushlo (big blind) folded on the River
Seat 4: AzureCaper (button) (small blind) collected ($47.50)


PokerStars Hand #152081540957:  Hold'em Limit ($3/$6 USD) - 2016/04/18 0:59:25 ET
Table 'Eriphyla II' 6-max Seat #3 is the button
Seat 3: shushlo ($72 in chips)
Seat 4: AzureCaper ($72 in chips)
shushlo: posts small blind $1
AzureCaper: posts big blind $3
*** HOLE CARDS ***
shushlo: folds
Uncalled bet ($2) returned to AzureCaper
AzureCaper collected $2 from pot
AzureCaper: doesn't show hand
*** SUMMARY ***
Total pot $2 | Rake $0
Seat 3: shushlo (button) (small blind) folded before Flop
Seat 4: AzureCaper (big blind) collected ($2)


PokerStars Hand #152081557378:  Hold'em Limit ($3/$6 USD) - 2016/04/18 1:00:44 ET
Table 'Eriphyla II' 6-max Seat #3 is the button
Seat 3: shushlo ($73 in chips)
Seat 4: AzureCaper ($96.50 in chips)
shushlo: posts small blind $1
AzureCaper: posts big blind $3
*** HOLE CARDS ***
shushlo: raises $3 to $6
AzureCaper: calls $3
*** FLOP *** [2c Qd 8d]
AzureCaper: checks
shushlo: bets $3
AzureCaper: folds
Uncalled bet ($3) returned to shushlo
shushlo collected $11.76 from pot
shushlo: doesn't show hand
*** SUMMARY ***
Total pot $12 | Rake $0.24
Board [2c Qd 8d]
Seat 3: shushlo (button) (small blind) collected ($11.76)
Seat 4: AzureCaper (big blind) folded on the Flop


PokerStars Hand #152081556281:  Hold'em Limit ($3/$6 USD) - 2016/04/18 1:00:39 ET
Table 'Eriphyla II' 6-max Seat #4 is the button
Seat 3: shushlo ($72 in chips)
Seat 4: AzureCaper ($97.50 in chips)
AzureCaper: posts small blind $1
shushlo: posts big blind $3
*** HOLE CARDS ***
AzureCaper: folds
Uncalled bet ($2) returned to shushlo
shushlo collected $2 from pot
shushlo: doesn't show hand
*** SUMMARY ***
Total pot $2 | Rake $0
Seat 3: shushlo (big blind) collected ($2)
Seat 4: AzureCaper (button) (small blind) folded before Flop


PokerStars Hand #152081555337:  Hold'em Limit ($3/$6 USD) - 2016/04/18 1:00:35 ET
Table 'Eriphyla II' 6-max Seat #3 is the button
Seat 3: shushlo ($72 in chips)
Seat 4: AzureCaper ($96.50 in chips)
shushlo: posts small blind $1
AzureCaper: posts big blind $3
*** HOLE CARDS ***
shushlo: folds
Uncalled bet ($2) returned to AzureCaper
AzureCaper collected $2 from pot
*** SUMMARY ***
Total pot $2 | Rake $0
Seat 3: shushlo (button) (small blind) folded before Flop
Seat 4: AzureCaper (big blind) collected ($2)


PokerStars Hand #152081562956:  Hold'em Limit ($3/$6 USD) - 2016/04/18 1:01:09 ET
Table 'Eriphyla II' 6-max Seat #3 is the button
Seat 3: shushlo ($79.76 in chips)
Seat 4: AzureCaper ($89.50 in chips)
shushlo: posts small blind $1
AzureCaper: posts big blind $3
*** HOLE CARDS ***
shushlo: raises $3 to $6
AzureCaper: calls $3
*** FLOP *** [9h Tc Ah]
AzureCaper: bets $3
shushlo: calls $3
*** TURN *** [9h Tc Ah] [5h]
AzureCaper: bets $6
shushlo: folds
Uncalled bet ($6) returned to AzureCaper
AzureCaper collected $17.64 from pot
AzureCaper: doesn't show hand
*** SUMMARY ***
Total pot $18 | Rake $0.36
Board [9h Tc Ah 5h]
Seat 3: shushlo (button) (small blind) folded on the Turn
Seat 4: AzureCaper (big blind) collected ($17.64)


PokerStars Hand #152081568975:  Hold'em Limit ($3/$6 USD) - 2016/04/18 1:01:36 ET
Table 'Eriphyla II' 6-max Seat #4 is the button
Seat 3: shushlo ($72 in chips)
Seat 4: AzureCaper ($98.14 in chips)
AzureCaper: posts small blind $1
shushlo: posts big blind $3
*** HOLE CARDS ***
AzureCaper: raises $3 to $6
shushlo: calls $3
*** FLOP *** [4h 8d 7s]
shushlo: checks
AzureCaper: bets $3
shushlo: raises $3 to $6
AzureCaper: raises $3 to $9
shushlo: calls $3
*** TURN *** [4h 8d 7s] [2c]
shushlo: checks
AzureCaper: bets $6
shushlo: calls $6
*** RIVER *** [4h 8d 7s 2c] [3c]
shushlo: checks
AzureCaper: bets $6
shushlo: calls $6
*** SHOW DOWN ***
AzureCaper: shows [8s Qs] (a pair of Eights)
shushlo: mucks hand
AzureCaper collected $53.50 from pot
*** SUMMARY ***
Total pot $54 | Rake $0.50
Board [4h 8d 7s 2c 3c]
Seat 3: shushlo (big blind) mucked
Seat 4: AzureCaper (button) (small blind) showed [8s Qs] and won ($53.50) with a pair of Eights


PokerStars Hand #152081580603:  Hold'em Limit ($3/$6 USD) - 2016/04/18 1:02:27 ET
Table 'Eriphyla II' 6-max Seat #3 is the button
Seat 3: shushlo ($72 in chips)
Seat 4: AzureCaper ($124.64 in chips)
shushlo: posts small blind $1
AzureCaper: posts big blind $3
*** HOLE CARDS ***
shushlo: raises $3 to $6
AzureCaper: calls $3
*** FLOP *** [8c Kc 2c]
AzureCaper: checks
shushlo: bets $3
AzureCaper: calls $3
*** TURN *** [8c Kc 2c] [5d]
AzureCaper: checks
shushlo: bets $6
AzureCaper: calls $6
*** RIVER *** [8c Kc 2c 5d] [9c]
AzureCaper: bets $6
shushlo: calls $6
*** SHOW DOWN ***
AzureCaper: shows [Qh Jc] (a flush, King high)
shushlo: mucks hand
AzureCaper collected $41.50 from pot
*** SUMMARY ***
Total pot $42 | Rake $0.50
Board [8c Kc 2c 5d 9c]
Seat 3: shushlo (button) (small blind) mucked
Seat 4: AzureCaper (big blind) showed [Qh Jc] and won ($41.50) with a flush, King high


PokerStars Hand #152081600150:  Hold'em Limit ($3/$6 USD) - 2016/04/18 1:03:53 ET
Table 'Eriphyla II' 6-max Seat #3 is the button
Seat 3: shushlo ($92.50 in chips)
Seat 4: AzureCaper ($124.14 in chips)
shushlo: posts small blind $1
AzureCaper: posts big blind $3
*** HOLE CARDS ***
shushlo: raises $3 to $6
AzureCaper: folds
Uncalled bet ($3) returned to shushlo
shushlo collected $6 from pot
shushlo: doesn't show hand
*** SUMMARY ***
Total pot $6 | Rake $0
Seat 3: shushlo (button) (small blind) collected ($6)
Seat 4: AzureCaper (big blind) folded before Flop


PokerStars Hand #152081588760:  Hold'em Limit ($3/$6 USD) - 2016/04/18 1:03:03 ET
Table 'Eriphyla II' 6-max Seat #4 is the button
Seat 3: shushlo ($72 in chips)
Seat 4: AzureCaper ($145.14 in chips)
AzureCaper: posts small blind $1
shushlo: posts big blind $3
*** HOLE CARDS ***
AzureCaper: raises $3 to $6
shushlo: raises $3 to $9
AzureCaper: raises $3 to $12
Betting is capped
shushlo: calls $3
*** FLOP *** [6d Ks 7s]
shushlo: checks
AzureCaper: bets $3
shushlo: calls $3
*** TURN *** [6d Ks 7s] [3s]
shushlo: checks
AzureCaper: bets $6
shushlo: calls $6
*** RIVER *** [6d Ks 7s 3s] [7d]
shushlo: checks
7 Huligan 7 joins the table at seat #2
AzureCaper: checks
*** SHOW DOWN ***
shushlo: shows [Qd 6c] (two pair, Sevens and Sixes)
AzureCaper: mucks hand
shushlo collected $41.50 from pot
*** SUMMARY ***
Total pot $42 | Rake $0.50
Board [6d Ks 7s 3s 7d]
Seat 3: shushlo (big blind) showed [Qd 6c] and won ($41.50) with two pair, Sevens and Sixes
Seat 4: AzureCaper (button) (small blind) mucked


PokerStars Hand #152081610723:  Hold'em Limit ($3/$6 USD) - 2016/04/18 1:04:39 ET
Table 'Eriphyla II' 6-max Seat #2 is the button
Seat 2: 7 Huligan 7 ($46.92 in chips)
Seat 4: AzureCaper ($103.14 in chips)
7 Huligan 7: posts small blind $1
shushlo: is sitting out
AzureCaper: posts big blind $3
*** HOLE CARDS ***
shushlo leaves the table
7 Huligan 7: folds
Uncalled bet ($2) returned to AzureCaper
AzureCaper collected $2 from pot
AzureCaper: doesn't show hand
*** SUMMARY ***
Total pot $2 | Rake $0
Seat 2: 7 Huligan 7 (button) (small blind) folded before Flop
Seat 4: AzureCaper (big blind) collected ($2)


