PokerStars Hand #163713898443:  Hold'em Limit ($3/$6 USD) - 2016/12/29 10:05:18 ET
Table 'Erminia' 6-max Seat #3 is the button
Seat 3: vitamin168 ($87.76 in chips)
Seat 4: AzureCaper ($76 in chips)
vitamin168: posts small blind $1
AzureCaper: posts big blind $3
*** HOLE CARDS ***
vitamin168: folds
Uncalled bet ($2) returned to AzureCaper
AzureCaper collected $2 from pot
AzureCaper: doesn't show hand
*** SUMMARY ***
Total pot $2 | Rake $0
Seat 3: vitamin168 (button) (small blind) folded before Flop
Seat 4: AzureCaper (big blind) collected ($2)


PokerStars Hand #163713938177:  Hold'em Limit ($3/$6 USD) - 2016/12/29 10:06:12 ET
Table 'Erminia' 6-max Seat #4 is the button
Seat 3: vitamin168 ($76.76 in chips)
Seat 4: AzureCaper ($86.64 in chips)
AzureCaper: posts small blind $1
vitamin168: posts big blind $3
*** HOLE CARDS ***
AzureCaper: raises $3 to $6
vitamin168: calls $3
*** FLOP *** [9c Jc 8c]
vitamin168: checks
AzureCaper: bets $3
vitamin168: calls $3
*** TURN *** [9c Jc 8c] [Ah]
vitamin168: checks
AzureCaper: bets $6
vitamin168: calls $6
*** RIVER *** [9c Jc 8c Ah] [Ac]
vitamin168: checks
AzureCaper: checks
*** SHOW DOWN ***
vitamin168: shows [9s 5s] (two pair, Aces and Nines)
AzureCaper: shows [7c 5c] (a flush, Ace high)
AzureCaper collected $29.50 from pot
*** SUMMARY ***
Total pot $30 | Rake $0.50
Board [9c Jc 8c Ah Ac]
Seat 3: vitamin168 (big blind) showed [9s 5s] and lost with two pair, Aces and Nines
Seat 4: AzureCaper (button) (small blind) showed [7c 5c] and won ($29.50) with a flush, Ace high


PokerStars Hand #163713934496:  Hold'em Limit ($3/$6 USD) - 2016/12/29 10:06:06 ET
Table 'Erminia' 6-max Seat #3 is the button
Seat 3: vitamin168 ($77.76 in chips)
Seat 4: AzureCaper ($85.64 in chips)
vitamin168: posts small blind $1
AzureCaper: posts big blind $3
*** HOLE CARDS ***
vitamin168: folds
Uncalled bet ($2) returned to AzureCaper
AzureCaper collected $2 from pot
AzureCaper: doesn't show hand
*** SUMMARY ***
Total pot $2 | Rake $0
Seat 3: vitamin168 (button) (small blind) folded before Flop
Seat 4: AzureCaper (big blind) collected ($2)


PokerStars Hand #163713925116:  Hold'em Limit ($3/$6 USD) - 2016/12/29 10:05:54 ET
Table 'Erminia' 6-max Seat #4 is the button
Seat 3: vitamin168 ($76.76 in chips)
Seat 4: AzureCaper ($86.64 in chips)
AzureCaper: posts small blind $1
vitamin168: posts big blind $3
*** HOLE CARDS ***
AzureCaper: folds
Uncalled bet ($2) returned to vitamin168
vitamin168 collected $2 from pot
vitamin168: doesn't show hand
*** SUMMARY ***
Total pot $2 | Rake $0
Seat 3: vitamin168 (big blind) collected ($2)
Seat 4: AzureCaper (button) (small blind) folded before Flop


PokerStars Hand #163713921234:  Hold'em Limit ($3/$6 USD) - 2016/12/29 10:05:49 ET
Table 'Erminia' 6-max Seat #3 is the button
Seat 3: vitamin168 ($77.76 in chips)
Seat 4: AzureCaper ($85.64 in chips)
vitamin168: posts small blind $1
AzureCaper: posts big blind $3
*** HOLE CARDS ***
vitamin168: folds
Uncalled bet ($2) returned to AzureCaper
AzureCaper collected $2 from pot
AzureCaper: doesn't show hand
*** SUMMARY ***
Total pot $2 | Rake $0
Seat 3: vitamin168 (button) (small blind) folded before Flop
Seat 4: AzureCaper (big blind) collected ($2)


PokerStars Hand #163713902787:  Hold'em Limit ($3/$6 USD) - 2016/12/29 10:05:24 ET
Table 'Erminia' 6-max Seat #4 is the button
Seat 3: vitamin168 ($86.76 in chips)
Seat 4: AzureCaper ($77 in chips)
AzureCaper: posts small blind $1
vitamin168: posts big blind $3
*** HOLE CARDS ***
AzureCaper: raises $3 to $6
vitamin168: calls $3
*** FLOP *** [6c 9s Qc]
vitamin168: checks
AzureCaper: bets $3
vitamin168: calls $3
*** TURN *** [6c 9s Qc] [Qd]
vitamin168: checks
AzureCaper: bets $6
vitamin168: folds
Uncalled bet ($6) returned to AzureCaper
AzureCaper collected $17.64 from pot
AzureCaper: doesn't show hand
*** SUMMARY ***
Total pot $18 | Rake $0.36
Board [6c 9s Qc Qd]
Seat 3: vitamin168 (big blind) folded on the Turn
Seat 4: AzureCaper (button) (small blind) collected ($17.64)


PokerStars Hand #163714297009:  Hold'em Limit ($3/$6 USD) - 2016/12/29 10:14:19 ET
Table 'Erminia' 6-max Seat #4 is the button
Seat 4: AzureCaper ($76.50 in chips)
Seat 6: denn69 ($114.76 in chips)
AzureCaper: posts small blind $1
denn69: posts big blind $3
*** HOLE CARDS ***
AzureCaper: folds
Uncalled bet ($2) returned to denn69
denn69 collected $2 from pot
*** SUMMARY ***
Total pot $2 | Rake $0
Seat 4: AzureCaper (button) (small blind) folded before Flop
Seat 6: denn69 (big blind) collected ($2)


PokerStars Hand #163714286908:  Hold'em Limit ($3/$6 USD) - 2016/12/29 10:14:05 ET
Table 'Erminia' 6-max Seat #6 is the button
Seat 4: AzureCaper ($82.50 in chips)
Seat 6: denn69 ($109 in chips)
denn69: posts small blind $1
AzureCaper: posts big blind $3
*** HOLE CARDS ***
denn69: raises $3 to $6
AzureCaper: calls $3
*** FLOP *** [2d Jh Ts]
AzureCaper: checks
denn69: bets $3
AzureCaper: folds
Uncalled bet ($3) returned to denn69
denn69 collected $11.76 from pot
*** SUMMARY ***
Total pot $12 | Rake $0.24
Board [2d Jh Ts]
Seat 4: AzureCaper (big blind) folded on the Flop
Seat 6: denn69 (button) (small blind) collected ($11.76)


PokerStars Hand #163714282697:  Hold'em Limit ($3/$6 USD) - 2016/12/29 10:13:59 ET
Table 'Erminia' 6-max Seat #4 is the button
Seat 4: AzureCaper ($83.50 in chips)
Seat 6: denn69 ($108 in chips)
AzureCaper: posts small blind $1
denn69: posts big blind $3
*** HOLE CARDS ***
AzureCaper: folds
Uncalled bet ($2) returned to denn69
denn69 collected $2 from pot
*** SUMMARY ***
Total pot $2 | Rake $0
Seat 4: AzureCaper (button) (small blind) folded before Flop
Seat 6: denn69 (big blind) collected ($2)


PokerStars Hand #163714278000:  Hold'em Limit ($3/$6 USD) - 2016/12/29 10:13:53 ET
Table 'Erminia' 6-max Seat #6 is the button
Seat 4: AzureCaper ($86.50 in chips)
Seat 6: denn69 ($105 in chips)
denn69: posts small blind $1
AzureCaper: posts big blind $3
*** HOLE CARDS ***
denn69: raises $3 to $6
AzureCaper: folds
Uncalled bet ($3) returned to denn69
denn69 collected $6 from pot
*** SUMMARY ***
Total pot $6 | Rake $0
Seat 4: AzureCaper (big blind) folded before Flop
Seat 6: denn69 (button) (small blind) collected ($6)


PokerStars Hand #163714251112:  Hold'em Limit ($3/$6 USD) - 2016/12/29 10:13:16 ET
Table 'Erminia' 6-max Seat #4 is the button
Seat 4: AzureCaper ($72 in chips)
Seat 6: denn69 ($120 in chips)
AzureCaper: posts small blind $1
denn69: posts big blind $3
*** HOLE CARDS ***
AzureCaper: raises $3 to $6
denn69: calls $3
*** FLOP *** [Qc 9s 7s]
denn69: checks
AzureCaper: bets $3
denn69: calls $3
*** TURN *** [Qc 9s 7s] [4s]
denn69: checks
AzureCaper: bets $6
denn69: calls $6
*** RIVER *** [Qc 9s 7s 4s] [Ks]
denn69: checks
AzureCaper: bets $6
denn69: folds
Uncalled bet ($6) returned to AzureCaper
AzureCaper collected $29.50 from pot
AzureCaper: doesn't show hand
*** SUMMARY ***
Total pot $30 | Rake $0.50
Board [Qc 9s 7s 4s Ks]
Seat 4: AzureCaper (button) (small blind) collected ($29.50)
Seat 6: denn69 (big blind) folded on the River


PokerStars Hand #163714343644:  Hold'em Limit ($3/$6 USD) - 2016/12/29 10:15:21 ET
Table 'Erminia' 6-max Seat #4 is the button
Seat 4: AzureCaper ($86.02 in chips)
Seat 6: denn69 ($104.76 in chips)
AzureCaper: posts small blind $1
denn69: posts big blind $3
*** HOLE CARDS ***
AzureCaper: folds
Uncalled bet ($2) returned to denn69
denn69 collected $2 from pot
*** SUMMARY ***
Total pot $2 | Rake $0
Seat 4: AzureCaper (button) (small blind) folded before Flop
Seat 6: denn69 (big blind) collected ($2)


PokerStars Hand #163714325065:  Hold'em Limit ($3/$6 USD) - 2016/12/29 10:14:56 ET
Table 'Erminia' 6-max Seat #6 is the button
Seat 4: AzureCaper ($80.26 in chips)
Seat 6: denn69 ($110.76 in chips)
denn69: posts small blind $1
AzureCaper: posts big blind $3
*** HOLE CARDS ***
denn69: raises $3 to $6
AzureCaper: calls $3
*** FLOP *** [4h 5c 4d]
AzureCaper: checks
denn69: checks
*** TURN *** [4h 5c 4d] [7c]
AzureCaper: checks
denn69: checks
*** RIVER *** [4h 5c 4d 7c] [Qc]
AzureCaper: checks
denn69: checks
*** SHOW DOWN ***
AzureCaper: shows [9s Kh] (a pair of Fours)
denn69: mucks hand
AzureCaper collected $11.76 from pot
*** SUMMARY ***
Total pot $12 | Rake $0.24
Board [4h 5c 4d 7c Qc]
Seat 4: AzureCaper (big blind) showed [9s Kh] and won ($11.76) with a pair of Fours
Seat 6: denn69 (button) (small blind) mucked


PokerStars Hand #163714320544:  Hold'em Limit ($3/$6 USD) - 2016/12/29 10:14:50 ET
Table 'Erminia' 6-max Seat #4 is the button
Seat 4: AzureCaper ($81.26 in chips)
Seat 6: denn69 ($109.76 in chips)
AzureCaper: posts small blind $1
denn69: posts big blind $3
*** HOLE CARDS ***
AzureCaper: folds
Uncalled bet ($2) returned to denn69
denn69 collected $2 from pot
*** SUMMARY ***
Total pot $2 | Rake $0
Seat 4: AzureCaper (button) (small blind) folded before Flop
Seat 6: denn69 (big blind) collected ($2)


PokerStars Hand #163714301327:  Hold'em Limit ($3/$6 USD) - 2016/12/29 10:14:24 ET
Table 'Erminia' 6-max Seat #6 is the button
Seat 4: AzureCaper ($75.50 in chips)
Seat 6: denn69 ($115.76 in chips)
denn69: posts small blind $1
AzureCaper: posts big blind $3
*** HOLE CARDS ***
denn69: calls $2
AzureCaper: raises $3 to $6
denn69: calls $3
*** FLOP *** [9s 2h Ac]
AzureCaper: checks
denn69: checks
*** TURN *** [9s 2h Ac] [Td]
AzureCaper: bets $6
denn69: folds
Uncalled bet ($6) returned to AzureCaper
AzureCaper collected $11.76 from pot
AzureCaper: doesn't show hand
*** SUMMARY ***
Total pot $12 | Rake $0.24
Board [9s 2h Ac Td]
Seat 4: AzureCaper (big blind) collected ($11.76)
Seat 6: denn69 (button) (small blind) folded on the Turn


PokerStars Hand #163714377061:  Hold'em Limit ($3/$6 USD) - 2016/12/29 10:16:05 ET
Table 'Erminia' 6-max Seat #6 is the button
Seat 4: AzureCaper ($72 in chips)
Seat 6: denn69 ($134.90 in chips)
denn69: posts small blind $1
AzureCaper: posts big blind $3
*** HOLE CARDS ***
denn69: raises $3 to $6
AzureCaper: raises $3 to $9
denn69: calls $3
*** FLOP *** [2h 8h 8s]
AzureCaper: bets $3
denn69: calls $3
*** TURN *** [2h 8h 8s] [3c]
AzureCaper: bets $6
denn69: folds
Uncalled bet ($6) returned to AzureCaper
AzureCaper collected $23.52 from pot
AzureCaper: doesn't show hand
*** SUMMARY ***
Total pot $24 | Rake $0.48
Board [2h 8h 8s 3c]
Seat 4: AzureCaper (big blind) collected ($23.52)
Seat 6: denn69 (button) (small blind) folded on the Turn


PokerStars Hand #163714363939:  Hold'em Limit ($3/$6 USD) - 2016/12/29 10:15:48 ET
Table 'Erminia' 6-max Seat #4 is the button
Seat 4: AzureCaper ($72 in chips)
Seat 6: denn69 ($126.26 in chips)
AzureCaper: posts small blind $1
denn69: posts big blind $3
*** HOLE CARDS ***
AzureCaper: raises $3 to $6
denn69: raises $3 to $9
AzureCaper: calls $3
*** FLOP *** [9s Js 3h]
denn69: bets $3
AzureCaper: folds
Uncalled bet ($3) returned to denn69
denn69 collected $17.64 from pot
*** SUMMARY ***
Total pot $18 | Rake $0.36
Board [9s Js 3h]
Seat 4: AzureCaper (button) (small blind) folded on the Flop
Seat 6: denn69 (big blind) collected ($17.64)


PokerStars Hand #163714347883:  Hold'em Limit ($3/$6 USD) - 2016/12/29 10:15:26 ET
Table 'Erminia' 6-max Seat #6 is the button
Seat 4: AzureCaper ($85.02 in chips)
Seat 6: denn69 ($105.76 in chips)
denn69: posts small blind $1
AzureCaper: posts big blind $3
*** HOLE CARDS ***
denn69: raises $3 to $6
AzureCaper: raises $3 to $9
denn69: raises $3 to $12
Betting is capped
AzureCaper: calls $3
*** FLOP *** [6d Kc 8c]
AzureCaper: bets $3
denn69: calls $3
*** TURN *** [6d Kc 8c] [Ad]
AzureCaper: bets $6
denn69: calls $6
*** RIVER *** [6d Kc 8c Ad] [8d]
AzureCaper: checks
denn69: checks
*** SHOW DOWN ***
AzureCaper: shows [7c 7d] (two pair, Eights and Sevens)
denn69: shows [Jc Jh] (two pair, Jacks and Eights)
denn69 collected $41.50 from pot
*** SUMMARY ***
Total pot $42 | Rake $0.50
Board [6d Kc 8c Ad 8d]
Seat 4: AzureCaper (big blind) showed [7c 7d] and lost with two pair, Eights and Sevens
Seat 6: denn69 (button) (small blind) showed [Jc Jh] and won ($41.50) with two pair, Jacks and Eights


PokerStars Hand #163714402579:  Hold'em Limit ($3/$6 USD) - 2016/12/29 10:16:40 ET
Table 'Erminia' 6-max Seat #4 is the button
Seat 4: AzureCaper ($83.52 in chips)
Seat 6: denn69 ($122.90 in chips)
AzureCaper: posts small blind $1
denn69: posts big blind $3
*** HOLE CARDS ***
AzureCaper: raises $3 to $6
denn69: folds
Uncalled bet ($3) returned to AzureCaper
AzureCaper collected $6 from pot
AzureCaper: doesn't show hand
*** SUMMARY ***
Total pot $6 | Rake $0
Seat 4: AzureCaper (button) (small blind) collected ($6)
Seat 6: denn69 (big blind) folded before Flop


PokerStars Hand #163714529339:  Hold'em Limit ($3/$6 USD) - 2016/12/29 10:19:30 ET
Table 'Erminia' 6-max Seat #3 is the button
Seat 3: tamnt10549 ($34 in chips)
Seat 4: AzureCaper ($72 in chips)
tamnt10549: posts small blind $1
AzureCaper: posts big blind $3
*** HOLE CARDS ***
tamnt10549: folds
Uncalled bet ($2) returned to AzureCaper
AzureCaper collected $2 from pot
AzureCaper: doesn't show hand
*** SUMMARY ***
Total pot $2 | Rake $0
Seat 3: tamnt10549 (button) (small blind) folded before Flop
Seat 4: AzureCaper (big blind) collected ($2)


PokerStars Hand #163714524556:  Hold'em Limit ($3/$6 USD) - 2016/12/29 10:19:24 ET
Table 'Erminia' 6-max Seat #4 is the button
Seat 3: tamnt10549 ($33 in chips)
Seat 4: AzureCaper ($72 in chips)
AzureCaper: posts small blind $1
tamnt10549: posts big blind $3
*** HOLE CARDS ***
AzureCaper: folds
Uncalled bet ($2) returned to tamnt10549
tamnt10549 collected $2 from pot
tamnt10549: doesn't show hand
*** SUMMARY ***
Total pot $2 | Rake $0
Seat 3: tamnt10549 (big blind) collected ($2)
Seat 4: AzureCaper (button) (small blind) folded before Flop


PokerStars Hand #163714513660:  Hold'em Limit ($3/$6 USD) - 2016/12/29 10:19:09 ET
Table 'Erminia' 6-max Seat #3 is the button
Seat 3: tamnt10549 ($30 in chips)
Seat 4: AzureCaper ($72 in chips)
tamnt10549: posts small blind $1
AzureCaper: posts big blind $3
*** HOLE CARDS ***
tamnt10549: raises $3 to $6
AzureCaper: folds
Uncalled bet ($3) returned to tamnt10549
tamnt10549 collected $6 from pot
tamnt10549: doesn't show hand
*** SUMMARY ***
Total pot $6 | Rake $0
Seat 3: tamnt10549 (button) (small blind) collected ($6)
Seat 4: AzureCaper (big blind) folded before Flop


PokerStars Hand #163714554844:  Hold'em Limit ($3/$6 USD) - 2016/12/29 10:20:05 ET
Table 'Erminia' 6-max Seat #4 is the button
Seat 3: tamnt10549 ($55.50 in chips)
Seat 4: AzureCaper ($73 in chips)
AzureCaper: posts small blind $1
tamnt10549: posts big blind $3
*** HOLE CARDS ***
AzureCaper: raises $3 to $6
tamnt10549: folds
Uncalled bet ($3) returned to AzureCaper
AzureCaper collected $6 from pot
tamnt10549 leaves the table
*** SUMMARY ***
Total pot $6 | Rake $0
Seat 3: tamnt10549 (big blind) folded before Flop
Seat 4: AzureCaper (button) (small blind) collected ($6)


PokerStars Hand #163714550267:  Hold'em Limit ($3/$6 USD) - 2016/12/29 10:19:59 ET
Table 'Erminia' 6-max Seat #3 is the button
Seat 3: tamnt10549 ($56.50 in chips)
Seat 4: AzureCaper ($72 in chips)
tamnt10549: posts small blind $1
AzureCaper: posts big blind $3
*** HOLE CARDS ***
tamnt10549: folds
Uncalled bet ($2) returned to AzureCaper
AzureCaper collected $2 from pot
AzureCaper: doesn't show hand
*** SUMMARY ***
Total pot $2 | Rake $0
Seat 3: tamnt10549 (button) (small blind) folded before Flop
Seat 4: AzureCaper (big blind) collected ($2)


PokerStars Hand #163714533966:  Hold'em Limit ($3/$6 USD) - 2016/12/29 10:19:37 ET
Table 'Erminia' 6-max Seat #4 is the button
Seat 3: tamnt10549 ($33 in chips)
Seat 4: AzureCaper ($73 in chips)
AzureCaper: posts small blind $1
tamnt10549: posts big blind $3
*** HOLE CARDS ***
AzureCaper: raises $3 to $6
tamnt10549: raises $3 to $9
AzureCaper: calls $3
*** FLOP *** [8h Jd Qd]
tamnt10549: bets $3
AzureCaper: raises $3 to $6
tamnt10549: raises $3 to $9
AzureCaper: calls $3
*** TURN *** [8h Jd Qd] [2d]
tamnt10549: bets $6
AzureCaper: calls $6
*** RIVER *** [8h Jd Qd 2d] [5h]
tamnt10549: bets $6
AzureCaper: folds
Uncalled bet ($6) returned to tamnt10549
tamnt10549 collected $47.50 from pot
tamnt10549: doesn't show hand
*** SUMMARY ***
Total pot $48 | Rake $0.50
Board [8h Jd Qd 2d 5h]
Seat 3: tamnt10549 (big blind) collected ($47.50)
Seat 4: AzureCaper (button) (small blind) folded on the River


PokerStars Hand #163714662752:  Hold'em Limit ($3/$6 USD) - 2016/12/29 10:22:30 ET
Table 'Erminia' 6-max Seat #4 is the button
Seat 4: AzureCaper ($73 in chips)
Seat 6: denn69 ($118.90 in chips)
AzureCaper: posts small blind $1
denn69: posts big blind $3
*** HOLE CARDS ***
AzureCaper: raises $3 to $6
denn69: calls $3
*** FLOP *** [Td 6c 2c]
denn69: checks
AzureCaper: bets $3
denn69: raises $3 to $6
AzureCaper: calls $3
*** TURN *** [Td 6c 2c] [Ad]
denn69: bets $6
AzureCaper: raises $6 to $12
hooverr joins the table at seat #1
denn69: folds
Uncalled bet ($6) returned to AzureCaper
AzureCaper collected $35.50 from pot
*** SUMMARY ***
Total pot $36 | Rake $0.50
Board [Td 6c 2c Ad]
Seat 4: AzureCaper (button) (small blind) collected ($35.50)
Seat 6: denn69 (big blind) folded on the Turn


PokerStars Hand #163714657587:  Hold'em Limit ($3/$6 USD) - 2016/12/29 10:22:23 ET
Table 'Erminia' 6-max Seat #6 is the button
Seat 4: AzureCaper ($72 in chips)
Seat 6: denn69 ($119.90 in chips)
tamnt10549 joins the table at seat #3
denn69: posts small blind $1
AzureCaper: posts big blind $3
*** HOLE CARDS ***
denn69: folds
Uncalled bet ($2) returned to AzureCaper
AzureCaper collected $2 from pot
AzureCaper: doesn't show hand
*** SUMMARY ***
Total pot $2 | Rake $0
Seat 4: AzureCaper (big blind) collected ($2)
Seat 6: denn69 (button) (small blind) folded before Flop


PokerStars Hand #163715760104:  Hold'em Limit ($3/$6 USD) - 2016/12/29 10:46:24 ET
Table 'Erminia' 6-max Seat #5 is the button
Seat 3: sokol-max-PS ($66.46 in chips)
Seat 5: MATEKATA2 ($64.54 in chips)
MATEKATA2: posts small blind $1
sokol-max-PS: posts big blind $3
*** HOLE CARDS ***
MATEKATA2: calls $2
sokol-max-PS: checks
*** FLOP *** [4s 3s 7c]
sokol-max-PS: checks
MATEKATA2: checks
*** TURN *** [4s 3s 7c] [Ac]
sokol-max-PS: bets $6
MATEKATA2: folds
Uncalled bet ($6) returned to sokol-max-PS
sokol-max-PS collected $5.88 from pot
*** SUMMARY ***
Total pot $6 | Rake $0.12
Board [4s 3s 7c Ac]
Seat 3: sokol-max-PS (big blind) collected ($5.88)
Seat 5: MATEKATA2 (button) (small blind) folded on the Turn


PokerStars Hand #163715756143:  Hold'em Limit ($3/$6 USD) - 2016/12/29 10:46:19 ET
Table 'Erminia' 6-max Seat #3 is the button
Seat 3: sokol-max-PS ($67.46 in chips)
Seat 5: MATEKATA2 ($63.54 in chips)
sokol-max-PS: posts small blind $1
Leth73: is sitting out
MATEKATA2: posts big blind $3
*** HOLE CARDS ***
sokol-max-PS: folds
Uncalled bet ($2) returned to MATEKATA2
MATEKATA2 collected $2 from pot
*** SUMMARY ***
Total pot $2 | Rake $0
Seat 3: sokol-max-PS (button) (small blind) folded before Flop
Seat 5: MATEKATA2 (big blind) collected ($2)


PokerStars Hand #163717125795:  Hold'em Limit ($3/$6 USD) - 2016/12/29 11:16:30 ET
Table 'Erminia' 6-max Seat #3 is the button
Seat 3: sokol-max-PS ($61.10 in chips)
Seat 5: MATEKATA2 ($215.80 in chips)
sokol-max-PS: posts small blind $1
MATEKATA2: posts big blind $3
*** HOLE CARDS ***
xxRGx leaves the table
sokol-max-PS: folds
Uncalled bet ($2) returned to MATEKATA2
MATEKATA2 collected $2 from pot
*** SUMMARY ***
Total pot $2 | Rake $0
Seat 3: sokol-max-PS (button) (small blind) folded before Flop
Seat 5: MATEKATA2 (big blind) collected ($2)


PokerStars Hand #163717173705:  Hold'em Limit ($3/$6 USD) - 2016/12/29 11:17:31 ET
Table 'Erminia' 6-max Seat #3 is the button
Seat 3: sokol-max-PS ($80.60 in chips)
Seat 5: MATEKATA2 ($195.80 in chips)
sokol-max-PS: posts small blind $1
MATEKATA2: posts big blind $3
*** HOLE CARDS ***
sokol-max-PS: raises $3 to $6
MATEKATA2: calls $3
*** FLOP *** [5h 6d As]
MATEKATA2: checks
sokol-max-PS: bets $3
MATEKATA2: calls $3
*** TURN *** [5h 6d As] [Kd]
MATEKATA2: checks
sokol-max-PS: checks
*** RIVER *** [5h 6d As Kd] [Qs]
MATEKATA2: bets $6
sokol-max-PS: calls $6
*** SHOW DOWN ***
MATEKATA2: shows [6c Ac] (two pair, Aces and Sixes)
sokol-max-PS: mucks hand
MATEKATA2 collected $29.50 from pot
*** SUMMARY ***
Total pot $30 | Rake $0.50
Board [5h 6d As Kd Qs]
Seat 3: sokol-max-PS (button) (small blind) mucked
Seat 5: MATEKATA2 (big blind) showed [6c Ac] and won ($29.50) with two pair, Aces and Sixes


PokerStars Hand #163717131527:  Hold'em Limit ($3/$6 USD) - 2016/12/29 11:16:38 ET
Table 'Erminia' 6-max Seat #5 is the button
Seat 3: sokol-max-PS ($60.10 in chips)
Seat 5: MATEKATA2 ($216.80 in chips)
MATEKATA2: posts small blind $1
sokol-max-PS: posts big blind $3
*** HOLE CARDS ***
MATEKATA2: calls $2
sokol-max-PS: raises $3 to $6
MATEKATA2: calls $3
*** FLOP *** [2d 2h 4h]
sokol-max-PS: bets $3
MATEKATA2: calls $3
*** TURN *** [2d 2h 4h] [7c]
sokol-max-PS: checks
MATEKATA2: bets $6
sokol-max-PS: calls $6
*** RIVER *** [2d 2h 4h 7c] [As]
sokol-max-PS: bets $6
MATEKATA2: calls $6
*** SHOW DOWN ***
sokol-max-PS: shows [Ac 3s] (two pair, Aces and Deuces)
MATEKATA2: mucks hand
sokol-max-PS collected $41.50 from pot
*** SUMMARY ***
Total pot $42 | Rake $0.50
Board [2d 2h 4h 7c As]
Seat 3: sokol-max-PS (big blind) showed [Ac 3s] and won ($41.50) with two pair, Aces and Deuces
Seat 5: MATEKATA2 (button) (small blind) mucked


PokerStars Hand #163717190555:  Hold'em Limit ($3/$6 USD) - 2016/12/29 11:17:52 ET
Table 'Erminia' 6-max Seat #5 is the button
Seat 3: sokol-max-PS ($65.60 in chips)
Seat 5: MATEKATA2 ($210.30 in chips)
MATEKATA2: posts small blind $1
sokol-max-PS: posts big blind $3
*** HOLE CARDS ***
MATEKATA2: folds
Uncalled bet ($2) returned to sokol-max-PS
sokol-max-PS collected $2 from pot
*** SUMMARY ***
Total pot $2 | Rake $0
Seat 3: sokol-max-PS (big blind) collected ($2)
Seat 5: MATEKATA2 (button) (small blind) folded before Flop


PokerStars Hand #163717195353:  Hold'em Limit ($3/$6 USD) - 2016/12/29 11:17:58 ET
Table 'Erminia' 6-max Seat #3 is the button
Seat 3: sokol-max-PS ($66.60 in chips)
Seat 5: MATEKATA2 ($209.30 in chips)
sokol-max-PS: posts small blind $1
Leth73 was removed from the table for failing to post
MATEKATA2: posts big blind $3
*** HOLE CARDS ***
xxRGx joins the table at seat #1
sokol-max-PS: raises $3 to $6
MATEKATA2: calls $3
*** FLOP *** [6s Ac 9c]
MATEKATA2: checks
sokol-max-PS: bets $3
MATEKATA2: calls $3
*** TURN *** [6s Ac 9c] [4h]
MATEKATA2: checks
sokol-max-PS: bets $6
MATEKATA2: calls $6
*** RIVER *** [6s Ac 9c 4h] [Qc]
MATEKATA2: checks
sokol-max-PS: bets $6
MATEKATA2: calls $6
*** SHOW DOWN ***
sokol-max-PS: shows [Qh 6h] (two pair, Queens and Sixes)
MATEKATA2: mucks hand
krytalex joins the table at seat #2
sokol-max-PS collected $41.50 from pot
*** SUMMARY ***
Total pot $42 | Rake $0.50
Board [6s Ac 9c 4h Qc]
Seat 3: sokol-max-PS (button) (small blind) showed [Qh 6h] and won ($41.50) with two pair, Queens and Sixes
Seat 5: MATEKATA2 (big blind) mucked


PokerStars Hand #163717580307:  Hold'em Limit ($3/$6 USD) - 2016/12/29 11:25:58 ET
Table 'Erminia' 6-max Seat #1 is the button
Seat 1: xxRGx ($82.32 in chips)
Seat 5: MATEKATA2 ($271.35 in chips)
xxRGx: posts small blind $1
MATEKATA2: posts big blind $3
*** HOLE CARDS ***
sokol-max-PS leaves the table
xxRGx has timed out
xxRGx: folds
Uncalled bet ($2) returned to MATEKATA2
MATEKATA2 collected $2 from pot
*** SUMMARY ***
Total pot $2 | Rake $0
Seat 1: xxRGx (button) (small blind) folded before Flop
Seat 5: MATEKATA2 (big blind) collected ($2)


