PokerStars Hand #157687303687:  Hold'em Limit ($3/$6 USD) - 2016/08/24 14:21:10 ET
Table 'Erminia II' 6-max Seat #2 is the button
Seat 2: Ultrafranke ($102 in chips)
Seat 3: CatPuppy1999 ($92.50 in chips)
Ultrafranke: posts small blind $1
CatPuppy1999: posts big blind $3
*** HOLE CARDS ***
Ultrafranke: raises $3 to $6
CatPuppy1999: calls $3
*** FLOP *** [8s Qc Jh]
CatPuppy1999: checks
Ultrafranke: bets $3
CatPuppy1999: calls $3
*** TURN *** [8s Qc Jh] [8d]
CatPuppy1999: checks
Ultrafranke: checks
*** RIVER *** [8s Qc Jh 8d] [5c]
CatPuppy1999: bets $6
Ultrafranke: folds
Uncalled bet ($6) returned to CatPuppy1999
CatPuppy1999 collected $17.64 from pot
CatPuppy1999: doesn't show hand
*** SUMMARY ***
Total pot $18 | Rake $0.36
Board [8s Qc Jh 8d 5c]
Seat 2: Ultrafranke (button) (small blind) folded on the River
Seat 3: CatPuppy1999 (big blind) collected ($17.64)


PokerStars Hand #157687664610:  Hold'em Limit ($3/$6 USD) - 2016/08/24 14:29:23 ET
Table 'Erminia II' 6-max Seat #3 is the button
Seat 2: Ultrafranke ($144.41 in chips)
Seat 3: CatPuppy1999 ($72 in chips)
CatPuppy1999: posts small blind $1
Chessnok: is sitting out
Krazy90: is sitting out
Ultrafranke: posts big blind $3
*** HOLE CARDS ***
Krazy90 leaves the table
CatPuppy1999: raises $3 to $6
Ultrafranke: folds
Uncalled bet ($3) returned to CatPuppy1999
CatPuppy1999 collected $6 from pot
CatPuppy1999: doesn't show hand
*** SUMMARY ***
Total pot $6 | Rake $0
Seat 2: Ultrafranke (big blind) folded before Flop
Seat 3: CatPuppy1999 (button) (small blind) collected ($6)


PokerStars Hand #157687678974:  Hold'em Limit ($3/$6 USD) - 2016/08/24 14:29:43 ET
Table 'Erminia II' 6-max Seat #2 is the button
Seat 2: Ultrafranke ($141.41 in chips)
Seat 3: CatPuppy1999 ($75 in chips)
Ultrafranke: posts small blind $1
CatPuppy1999: posts big blind $3
*** HOLE CARDS ***
Ultrafranke: folds
Uncalled bet ($2) returned to CatPuppy1999
CatPuppy1999 collected $2 from pot
CatPuppy1999: doesn't show hand
*** SUMMARY ***
Total pot $2 | Rake $0
Seat 2: Ultrafranke (button) (small blind) folded before Flop
Seat 3: CatPuppy1999 (big blind) collected ($2)


PokerStars Hand #157687682000:  Hold'em Limit ($3/$6 USD) - 2016/08/24 14:29:47 ET
Table 'Erminia II' 6-max Seat #3 is the button
Seat 2: Ultrafranke ($140.41 in chips)
Seat 3: CatPuppy1999 ($76 in chips)
CatPuppy1999: posts small blind $1
Ultrafranke: posts big blind $3
*** HOLE CARDS ***
CatPuppy1999: raises $3 to $6
Ultrafranke: calls $3
*** FLOP *** [4c 9s 3s]
Ultrafranke: checks
CatPuppy1999: checks
*** TURN *** [4c 9s 3s] [Qh]
Ultrafranke: bets $6
CatPuppy1999: folds
Uncalled bet ($6) returned to Ultrafranke
Ultrafranke collected $11.76 from pot
*** SUMMARY ***
Total pot $12 | Rake $0.24
Board [4c 9s 3s Qh]
Seat 2: Ultrafranke (big blind) collected ($11.76)
Seat 3: CatPuppy1999 (button) (small blind) folded on the Turn


PokerStars Hand #157687765722:  Hold'em Limit ($3/$6 USD) - 2016/08/24 14:31:40 ET
Table 'Erminia II' 6-max Seat #2 is the button
Seat 2: Ultrafranke ($173.93 in chips)
Seat 3: CatPuppy1999 ($72 in chips)
Ultrafranke: posts small blind $1
CatPuppy1999: posts big blind $3
*** HOLE CARDS ***
Ultrafranke: folds
Uncalled bet ($2) returned to CatPuppy1999
CatPuppy1999 collected $2 from pot
CatPuppy1999: doesn't show hand
*** SUMMARY ***
Total pot $2 | Rake $0
Seat 2: Ultrafranke (button) (small blind) folded before Flop
Seat 3: CatPuppy1999 (big blind) collected ($2)


PokerStars Hand #157687750002:  Hold'em Limit ($3/$6 USD) - 2016/08/24 14:31:19 ET
Table 'Erminia II' 6-max Seat #2 is the button
Seat 2: Ultrafranke ($160.43 in chips)
Seat 3: CatPuppy1999 ($72 in chips)
Ultrafranke: posts small blind $1
CatPuppy1999: posts big blind $3
*** HOLE CARDS ***
Ultrafranke: folds
Uncalled bet ($2) returned to CatPuppy1999
CatPuppy1999 collected $2 from pot
CatPuppy1999: doesn't show hand
*** SUMMARY ***
Total pot $2 | Rake $0
Seat 2: Ultrafranke (button) (small blind) folded before Flop
Seat 3: CatPuppy1999 (big blind) collected ($2)


PokerStars Hand #157687726803:  Hold'em Limit ($3/$6 USD) - 2016/08/24 14:30:48 ET
Table 'Erminia II' 6-max Seat #3 is the button
Seat 2: Ultrafranke ($145.93 in chips)
Seat 3: CatPuppy1999 ($73 in chips)
CatPuppy1999: posts small blind $1
Ultrafranke: posts big blind $3
*** HOLE CARDS ***
CatPuppy1999: raises $3 to $6
Ultrafranke: calls $3
*** FLOP *** [8d 7d 9s]
Ultrafranke: checks
CatPuppy1999: bets $3
Ultrafranke: calls $3
*** TURN *** [8d 7d 9s] [2h]
Ultrafranke: checks
CatPuppy1999: bets $6
Ultrafranke: calls $6
*** RIVER *** [8d 7d 9s 2h] [4s]
Ultrafranke: checks
CatPuppy1999: checks
*** SHOW DOWN ***
Ultrafranke: shows [4d 6d] (a pair of Fours)
CatPuppy1999: mucks hand
Ultrafranke collected $29.50 from pot
*** SUMMARY ***
Total pot $30 | Rake $0.50
Board [8d 7d 9s 2h 4s]
Seat 2: Ultrafranke (big blind) showed [4d 6d] and won ($29.50) with a pair of Fours
Seat 3: CatPuppy1999 (button) (small blind) mucked


PokerStars Hand #157687723538:  Hold'em Limit ($3/$6 USD) - 2016/08/24 14:30:43 ET
Table 'Erminia II' 6-max Seat #2 is the button
Seat 2: Ultrafranke ($146.93 in chips)
Seat 3: CatPuppy1999 ($72 in chips)
Ultrafranke: posts small blind $1
CatPuppy1999: posts big blind $3
*** HOLE CARDS ***
Ultrafranke: folds
Uncalled bet ($2) returned to CatPuppy1999
CatPuppy1999 collected $2 from pot
CatPuppy1999: doesn't show hand
*** SUMMARY ***
Total pot $2 | Rake $0
Seat 2: Ultrafranke (button) (small blind) folded before Flop
Seat 3: CatPuppy1999 (big blind) collected ($2)


PokerStars Hand #157687714258:  Hold'em Limit ($3/$6 USD) - 2016/08/24 14:30:31 ET
Table 'Erminia II' 6-max Seat #3 is the button
Seat 2: Ultrafranke ($141.17 in chips)
Seat 3: CatPuppy1999 ($77 in chips)
CatPuppy1999: posts small blind $1
Ultrafranke: posts big blind $3
*** HOLE CARDS ***
CatPuppy1999: raises $3 to $6
Ultrafranke: calls $3
*** FLOP *** [2c Kh Qc]
Ultrafranke: bets $3
CatPuppy1999: folds
Uncalled bet ($3) returned to Ultrafranke
Ultrafranke collected $11.76 from pot
*** SUMMARY ***
Total pot $12 | Rake $0.24
Board [2c Kh Qc]
Seat 2: Ultrafranke (big blind) collected ($11.76)
Seat 3: CatPuppy1999 (button) (small blind) folded on the Flop


PokerStars Hand #157687710892:  Hold'em Limit ($3/$6 USD) - 2016/08/24 14:30:26 ET
Table 'Erminia II' 6-max Seat #2 is the button
Seat 2: Ultrafranke ($142.17 in chips)
Seat 3: CatPuppy1999 ($76 in chips)
Ultrafranke: posts small blind $1
CatPuppy1999: posts big blind $3
*** HOLE CARDS ***
Ultrafranke: folds
Uncalled bet ($2) returned to CatPuppy1999
CatPuppy1999 collected $2 from pot
CatPuppy1999: doesn't show hand
*** SUMMARY ***
Total pot $2 | Rake $0
Seat 2: Ultrafranke (button) (small blind) folded before Flop
Seat 3: CatPuppy1999 (big blind) collected ($2)


PokerStars Hand #157687704226:  Hold'em Limit ($3/$6 USD) - 2016/08/24 14:30:17 ET
Table 'Erminia II' 6-max Seat #3 is the button
Seat 2: Ultrafranke ($145.17 in chips)
Seat 3: CatPuppy1999 ($73 in chips)
CatPuppy1999: posts small blind $1
Ultrafranke: posts big blind $3
*** HOLE CARDS ***
CatPuppy1999: raises $3 to $6
Ultrafranke: folds
Uncalled bet ($3) returned to CatPuppy1999
CatPuppy1999 collected $6 from pot
CatPuppy1999: doesn't show hand
*** SUMMARY ***
Total pot $6 | Rake $0
Seat 2: Ultrafranke (big blind) folded before Flop
Seat 3: CatPuppy1999 (button) (small blind) collected ($6)


PokerStars Hand #157687701006:  Hold'em Limit ($3/$6 USD) - 2016/08/24 14:30:12 ET
Table 'Erminia II' 6-max Seat #2 is the button
Seat 2: Ultrafranke ($146.17 in chips)
Seat 3: CatPuppy1999 ($72 in chips)
Ultrafranke: posts small blind $1
CatPuppy1999: posts big blind $3
*** HOLE CARDS ***
Ultrafranke: folds
Uncalled bet ($2) returned to CatPuppy1999
CatPuppy1999 collected $2 from pot
CatPuppy1999: doesn't show hand
*** SUMMARY ***
Total pot $2 | Rake $0
Seat 2: Ultrafranke (button) (small blind) folded before Flop
Seat 3: CatPuppy1999 (big blind) collected ($2)


PokerStars Hand #157687753138:  Hold'em Limit ($3/$6 USD) - 2016/08/24 14:31:23 ET
Table 'Erminia II' 6-max Seat #3 is the button
Seat 2: Ultrafranke ($159.43 in chips)
Seat 3: CatPuppy1999 ($73 in chips)
CatPuppy1999: posts small blind $1
Ultrafranke: posts big blind $3
*** HOLE CARDS ***
CatPuppy1999: raises $3 to $6
Ultrafranke: calls $3
*** FLOP *** [5h 4h Qs]
Ultrafranke: bets $3
CatPuppy1999: calls $3
*** TURN *** [5h 4h Qs] [6h]
Ultrafranke: checks
CatPuppy1999: checks
*** RIVER *** [5h 4h Qs 6h] [4s]
Ultrafranke: bets $6
CatPuppy1999: calls $6
*** SHOW DOWN ***
Ultrafranke: shows [Kh Qh] (a flush, King high)
CatPuppy1999: mucks hand
Ultrafranke collected $29.50 from pot
*** SUMMARY ***
Total pot $30 | Rake $0.50
Board [5h 4h Qs 6h 4s]
Seat 2: Ultrafranke (big blind) showed [Kh Qh] and won ($29.50) with a flush, King high
Seat 3: CatPuppy1999 (button) (small blind) mucked


PokerStars Hand #157687789810:  Hold'em Limit ($3/$6 USD) - 2016/08/24 14:32:13 ET
Table 'Erminia II' 6-max Seat #2 is the button
Seat 2: Ultrafranke ($178.69 in chips)
Seat 3: CatPuppy1999 ($72 in chips)
Ultrafranke: posts small blind $1
CatPuppy1999: posts big blind $3
*** HOLE CARDS ***
Ultrafranke: raises $3 to $6
CatPuppy1999: calls $3
*** FLOP *** [Td 7d 3c]
CatPuppy1999: checks
Ultrafranke: bets $3
CatPuppy1999: calls $3
*** TURN *** [Td 7d 3c] [5s]
CatPuppy1999: checks
Ultrafranke: checks
*** RIVER *** [Td 7d 3c 5s] [Js]
CatPuppy1999: bets $6
Ultrafranke: calls $6
*** SHOW DOWN ***
CatPuppy1999: shows [5h Ac] (a pair of Fives)
Ultrafranke: shows [7s 6c] (a pair of Sevens)
Ultrafranke collected $29.50 from pot
*** SUMMARY ***
Total pot $30 | Rake $0.50
Board [Td 7d 3c 5s Js]
Seat 2: Ultrafranke (button) (small blind) showed [7s 6c] and won ($29.50) with a pair of Sevens
Seat 3: CatPuppy1999 (big blind) showed [5h Ac] and lost with a pair of Fives


PokerStars Hand #157687782363:  Hold'em Limit ($3/$6 USD) - 2016/08/24 14:32:03 ET
Table 'Erminia II' 6-max Seat #3 is the button
Seat 2: Ultrafranke ($177.69 in chips)
Seat 3: CatPuppy1999 ($73 in chips)
CatPuppy1999: posts small blind $1
Ultrafranke: posts big blind $3
*** HOLE CARDS ***
CatPuppy1999: folds
Uncalled bet ($2) returned to Ultrafranke
Ultrafranke collected $2 from pot
*** SUMMARY ***
Total pot $2 | Rake $0
Seat 2: Ultrafranke (big blind) collected ($2)
Seat 3: CatPuppy1999 (button) (small blind) folded before Flop


PokerStars Hand #157687778959:  Hold'em Limit ($3/$6 USD) - 2016/08/24 14:31:58 ET
Table 'Erminia II' 6-max Seat #2 is the button
Seat 2: Ultrafranke ($178.69 in chips)
Seat 3: CatPuppy1999 ($72 in chips)
Ultrafranke: posts small blind $1
CatPuppy1999: posts big blind $3
*** HOLE CARDS ***
Ultrafranke: folds
Uncalled bet ($2) returned to CatPuppy1999
CatPuppy1999 collected $2 from pot
CatPuppy1999: doesn't show hand
*** SUMMARY ***
Total pot $2 | Rake $0
Seat 2: Ultrafranke (button) (small blind) folded before Flop
Seat 3: CatPuppy1999 (big blind) collected ($2)


PokerStars Hand #157687769016:  Hold'em Limit ($3/$6 USD) - 2016/08/24 14:31:45 ET
Table 'Erminia II' 6-max Seat #3 is the button
Seat 2: Ultrafranke ($172.93 in chips)
Seat 3: CatPuppy1999 ($73 in chips)
CatPuppy1999: posts small blind $1
Ultrafranke: posts big blind $3
*** HOLE CARDS ***
CatPuppy1999: raises $3 to $6
Ultrafranke: calls $3
*** FLOP *** [6s Jc 3d]
Ultrafranke: bets $3
CatPuppy1999: folds
Uncalled bet ($3) returned to Ultrafranke
Ultrafranke collected $11.76 from pot
*** SUMMARY ***
Total pot $12 | Rake $0.24
Board [6s Jc 3d]
Seat 2: Ultrafranke (big blind) collected ($11.76)
Seat 3: CatPuppy1999 (button) (small blind) folded on the Flop


PokerStars Hand #157687808630:  Hold'em Limit ($3/$6 USD) - 2016/08/24 14:32:39 ET
Table 'Erminia II' 6-max Seat #3 is the button
Seat 2: Ultrafranke ($193.19 in chips)
Seat 3: CatPuppy1999 ($72 in chips)
CatPuppy1999: posts small blind $1
Ultrafranke: posts big blind $3
*** HOLE CARDS ***
CatPuppy1999: folds
Uncalled bet ($2) returned to Ultrafranke
Ultrafranke collected $2 from pot
*** SUMMARY ***
Total pot $2 | Rake $0
Seat 2: Ultrafranke (big blind) collected ($2)
Seat 3: CatPuppy1999 (button) (small blind) folded before Flop


