PokerStars Hand #168321750395:  Hold'em Limit ($3/$6 USD) - 2017/03/30 9:14:56 ET
Table 'Ernestina' 6-max Seat #1 is the button
Seat 1: RSA53 ($120 in chips)
Seat 4: Rus29APX ($120 in chips)
RSA53: posts small blind $1
Rus29APX: posts big blind $3
*** HOLE CARDS ***
RSA53: raises $3 to $6
Rus29APX: calls $3
*** FLOP *** [Qc 6s 4s]
Rus29APX: checks
RSA53: bets $3
yamaxerm joins the table at seat #2
Rus29APX: calls $3
*** TURN *** [Qc 6s 4s] [7d]
Rus29APX: checks
RSA53: bets $6
Rus29APX: calls $6
*** RIVER *** [Qc 6s 4s 7d] [Th]
Rus29APX: checks
RSA53: bets $6
Rus29APX: calls $6
*** SHOW DOWN ***
RSA53: shows [Qd 6d] (two pair, Queens and Sixes)
Rus29APX: mucks hand
RSA53 collected $41.50 from pot
*** SUMMARY ***
Total pot $42 | Rake $0.50
Board [Qc 6s 4s 7d Th]
Seat 1: RSA53 (button) (small blind) showed [Qd 6d] and won ($41.50) with two pair, Queens and Sixes
Seat 4: Rus29APX (big blind) mucked


PokerStars Hand #168321767460:  Hold'em Limit ($3/$6 USD) - 2017/03/30 9:15:27 ET
Table 'Ernestina' 6-max Seat #4 is the button
Seat 1: RSA53 ($140.50 in chips)
Seat 4: Rus29APX ($99 in chips)
Rus29APX: posts small blind $1
RSA53: posts big blind $3
*** HOLE CARDS ***
Rus29APX: folds
Uncalled bet ($2) returned to RSA53
RSA53 collected $2 from pot
RSA53: doesn't show hand
*** SUMMARY ***
Total pot $2 | Rake $0
Seat 1: RSA53 (big blind) collected ($2)
Seat 4: Rus29APX (button) (small blind) folded before Flop


PokerStars Hand #168321770904:  Hold'em Limit ($3/$6 USD) - 2017/03/30 9:15:34 ET
Table 'Ernestina' 6-max Seat #1 is the button
Seat 1: RSA53 ($141.50 in chips)
Seat 4: Rus29APX ($98 in chips)
RSA53: posts small blind $1
Rus29APX: posts big blind $3
*** HOLE CARDS ***
RSA53: raises $3 to $6
Rus29APX: calls $3
*** FLOP *** [Ad 2c Ks]
Rus29APX: checks
RSA53: bets $3
Rus29APX: folds
Uncalled bet ($3) returned to RSA53
yamaxerm leaves the table
RSA53 collected $11.76 from pot
RSA53: doesn't show hand
*** SUMMARY ***
Total pot $12 | Rake $0.24
Board [Ad 2c Ks]
Seat 1: RSA53 (button) (small blind) collected ($11.76)
Seat 4: Rus29APX (big blind) folded on the Flop


PokerStars Hand #168321776880:  Hold'em Limit ($3/$6 USD) - 2017/03/30 9:15:44 ET
Table 'Ernestina' 6-max Seat #4 is the button
Seat 1: RSA53 ($147.26 in chips)
Seat 4: Rus29APX ($120 in chips)
Rus29APX: posts small blind $1
RSA53: posts big blind $3
*** HOLE CARDS ***
Rus29APX: raises $3 to $6
RSA53: folds
Uncalled bet ($3) returned to Rus29APX
Rus29APX collected $6 from pot
Rus29APX: doesn't show hand
*** SUMMARY ***
Total pot $6 | Rake $0
Seat 1: RSA53 (big blind) folded before Flop
Seat 4: Rus29APX (button) (small blind) collected ($6)


PokerStars Hand #168321783100:  Hold'em Limit ($3/$6 USD) - 2017/03/30 9:15:55 ET
Table 'Ernestina' 6-max Seat #1 is the button
Seat 1: RSA53 ($144.26 in chips)
Seat 4: Rus29APX ($123 in chips)
RSA53: posts small blind $1
Rus29APX: posts big blind $3
*** HOLE CARDS ***
RSA53: calls $2
Rus29APX: checks
*** FLOP *** [3s Jc Qc]
Rus29APX: checks
RSA53: bets $3
Rus29APX: folds
Uncalled bet ($3) returned to RSA53
RSA53 collected $5.88 from pot
RSA53: doesn't show hand
*** SUMMARY ***
Total pot $6 | Rake $0.12
Board [3s Jc Qc]
Seat 1: RSA53 (button) (small blind) collected ($5.88)
Seat 4: Rus29APX (big blind) folded on the Flop


PokerStars Hand #168321789896:  Hold'em Limit ($3/$6 USD) - 2017/03/30 9:16:08 ET
Table 'Ernestina' 6-max Seat #4 is the button
Seat 1: RSA53 ($147.14 in chips)
Seat 4: Rus29APX ($120 in chips)
Rus29APX: posts small blind $1
RSA53: posts big blind $3
*** HOLE CARDS ***
Rus29APX: raises $3 to $6
RSA53: raises $3 to $9
Rus29APX: calls $3
*** FLOP *** [5d 8d 8c]
RSA53: bets $3
Rus29APX: calls $3
*** TURN *** [5d 8d 8c] [5c]
RSA53: bets $6
Rus29APX: calls $6
*** RIVER *** [5d 8d 8c 5c] [2d]
RSA53: bets $6
Rus29APX: calls $6
*** SHOW DOWN ***
RSA53: shows [4s 4d] (two pair, Eights and Fives)
Rus29APX: shows [Ac 9d] (two pair, Eights and Fives - Ace kicker)
Rus29APX collected $47.50 from pot
*** SUMMARY ***
Total pot $48 | Rake $0.50
Board [5d 8d 8c 5c 2d]
Seat 1: RSA53 (big blind) showed [4s 4d] and lost with two pair, Eights and Fives
Seat 4: Rus29APX (button) (small blind) showed [Ac 9d] and won ($47.50) with two pair, Eights and Fives


PokerStars Hand #168321800214:  Hold'em Limit ($3/$6 USD) - 2017/03/30 9:16:26 ET
Table 'Ernestina' 6-max Seat #1 is the button
Seat 1: RSA53 ($123.14 in chips)
Seat 4: Rus29APX ($143.50 in chips)
RSA53: posts small blind $1
Rus29APX: posts big blind $3
*** HOLE CARDS ***
RSA53: raises $3 to $6
Rus29APX: calls $3
*** FLOP *** [9c 6d 7c]
Rus29APX: checks
RSA53: checks
*** TURN *** [9c 6d 7c] [2h]
Rus29APX: bets $6
RSA53: folds
Uncalled bet ($6) returned to Rus29APX
Rus29APX collected $11.76 from pot
Rus29APX: doesn't show hand
*** SUMMARY ***
Total pot $12 | Rake $0.24
Board [9c 6d 7c 2h]
Seat 1: RSA53 (button) (small blind) folded on the Turn
Seat 4: Rus29APX (big blind) collected ($11.76)


PokerStars Hand #168321808174:  Hold'em Limit ($3/$6 USD) - 2017/03/30 9:16:40 ET
Table 'Ernestina' 6-max Seat #4 is the button
Seat 1: RSA53 ($117.14 in chips)
Seat 4: Rus29APX ($149.26 in chips)
Rus29APX: posts small blind $1
RSA53: posts big blind $3
*** HOLE CARDS ***
Rus29APX: folds
Uncalled bet ($2) returned to RSA53
zimin10 joins the table at seat #2
RSA53 collected $2 from pot
RSA53: doesn't show hand
*** SUMMARY ***
Total pot $2 | Rake $0
Seat 1: RSA53 (big blind) collected ($2)
Seat 4: Rus29APX (button) (small blind) folded before Flop


PokerStars Hand #168321813282:  Hold'em Limit ($3/$6 USD) - 2017/03/30 9:16:49 ET
Table 'Ernestina' 6-max Seat #1 is the button
Seat 1: RSA53 ($118.14 in chips)
Seat 4: Rus29APX ($148.26 in chips)
RSA53: posts small blind $1
Rus29APX: posts big blind $3
*** HOLE CARDS ***
RSA53: raises $3 to $6
Rus29APX: raises $3 to $9
RSA53: calls $3
*** FLOP *** [Jc 7s 6d]
Rus29APX: bets $3
RSA53: calls $3
*** TURN *** [Jc 7s 6d] [2c]
Rus29APX: bets $6
RSA53: raises $6 to $12
Rus29APX: raises $6 to $18
RSA53: calls $6
*** RIVER *** [Jc 7s 6d 2c] [6c]
Rus29APX: bets $6
RSA53: calls $6
*** SHOW DOWN ***
Rus29APX: shows [Jd Kh] (two pair, Jacks and Sixes)
RSA53: mucks hand
Rus29APX collected $71.50 from pot
*** SUMMARY ***
Total pot $72 | Rake $0.50
Board [Jc 7s 6d 2c 6c]
Seat 1: RSA53 (button) (small blind) mucked
Seat 4: Rus29APX (big blind) showed [Jd Kh] and won ($71.50) with two pair, Jacks and Sixes


PokerStars Hand #168321825356:  Hold'em Limit ($3/$6 USD) - 2017/03/30 9:17:11 ET
Table 'Ernestina' 6-max Seat #4 is the button
Seat 1: RSA53 ($82.14 in chips)
Seat 4: Rus29APX ($183.76 in chips)
Rus29APX: posts small blind $1
RSA53: posts big blind $3
*** HOLE CARDS ***
Rus29APX: raises $3 to $6
RSA53: raises $3 to $9
Rus29APX: calls $3
*** FLOP *** [8h 5d Qs]
RSA53: bets $3
Rus29APX: calls $3
*** TURN *** [8h 5d Qs] [5c]
RSA53: bets $6
Rus29APX: raises $6 to $12
RSA53: folds
Uncalled bet ($6) returned to Rus29APX
Rus29APX collected $35.50 from pot
Rus29APX: doesn't show hand
*** SUMMARY ***
Total pot $36 | Rake $0.50
Board [8h 5d Qs 5c]
Seat 1: RSA53 (big blind) folded on the Turn
Seat 4: Rus29APX (button) (small blind) collected ($35.50)


PokerStars Hand #168321835781:  Hold'em Limit ($3/$6 USD) - 2017/03/30 9:17:29 ET
Table 'Ernestina' 6-max Seat #1 is the button
Seat 1: RSA53 ($64.14 in chips)
Seat 4: Rus29APX ($201.26 in chips)
RSA53: posts small blind $1
Rus29APX: posts big blind $3
*** HOLE CARDS ***
RSA53: folds
Uncalled bet ($2) returned to Rus29APX
Rus29APX collected $2 from pot
Rus29APX: doesn't show hand
*** SUMMARY ***
Total pot $2 | Rake $0
Seat 1: RSA53 (button) (small blind) folded before Flop
Seat 4: Rus29APX (big blind) collected ($2)


PokerStars Hand #168321838565:  Hold'em Limit ($3/$6 USD) - 2017/03/30 9:17:34 ET
Table 'Ernestina' 6-max Seat #4 is the button
Seat 1: RSA53 ($63.14 in chips)
Seat 4: Rus29APX ($202.26 in chips)
Rus29APX: posts small blind $1
RSA53: posts big blind $3
*** HOLE CARDS ***
Rus29APX: raises $3 to $6
RSA53: calls $3
*** FLOP *** [2d Js 7c]
RSA53: checks
Rus29APX: bets $3
RSA53: calls $3
*** TURN *** [2d Js 7c] [9c]
RSA53: checks
Rus29APX: checks
*** RIVER *** [2d Js 7c 9c] [6h]
RSA53: bets $6
Rus29APX: calls $6
*** SHOW DOWN ***
RSA53: shows [4d 3d] (high card Jack)
Rus29APX: shows [As Qs] (high card Ace)
Rus29APX collected $29.50 from pot
*** SUMMARY ***
Total pot $30 | Rake $0.50
Board [2d Js 7c 9c 6h]
Seat 1: RSA53 (big blind) showed [4d 3d] and lost with high card Jack
Seat 4: Rus29APX (button) (small blind) showed [As Qs] and won ($29.50) with high card Ace


PokerStars Hand #168321855587:  Hold'em Limit ($3/$6 USD) - 2017/03/30 9:18:04 ET
Table 'Ernestina' 6-max Seat #1 is the button
Seat 1: RSA53 ($48.14 in chips)
Seat 4: Rus29APX ($216.76 in chips)
RSA53: posts small blind $1
Rus29APX: posts big blind $3
*** HOLE CARDS ***
RSA53: raises $3 to $6
Rus29APX: folds
Uncalled bet ($3) returned to RSA53
RSA53 collected $6 from pot
RSA53: doesn't show hand
*** SUMMARY ***
Total pot $6 | Rake $0
Seat 1: RSA53 (button) (small blind) collected ($6)
Seat 4: Rus29APX (big blind) folded before Flop


PokerStars Hand #168321861178:  Hold'em Limit ($3/$6 USD) - 2017/03/30 9:18:14 ET
Table 'Ernestina' 6-max Seat #4 is the button
Seat 1: RSA53 ($51.14 in chips)
Seat 4: Rus29APX ($213.76 in chips)
Rus29APX: posts small blind $1
RSA53: posts big blind $3
*** HOLE CARDS ***
Rus29APX: raises $3 to $6
RSA53: calls $3
*** FLOP *** [Td 5c Ks]
RSA53: checks
Rus29APX: checks
*** TURN *** [Td 5c Ks] [6s]
RSA53: bets $6
HAL9QQQ joins the table at seat #3
Rus29APX: raises $6 to $12
RSA53: calls $6
*** RIVER *** [Td 5c Ks 6s] [9c]
RSA53: checks
Rus29APX: bets $6
RSA53: calls $6
*** SHOW DOWN ***
Rus29APX: shows [Kd 8d] (a pair of Kings)
RSA53: mucks hand
Rus29APX collected $47.50 from pot
*** SUMMARY ***
Total pot $48 | Rake $0.50
Board [Td 5c Ks 6s 9c]
Seat 1: RSA53 (big blind) mucked
Seat 4: Rus29APX (button) (small blind) showed [Kd 8d] and won ($47.50) with a pair of Kings


