PokerStars Hand #169017993427:  Hold'em Limit ($3/$6 USD) - 2017/04/14 6:34:32 ET
Table 'Eros II' 6-max Seat #4 is the button
Seat 3: Burgal15 ($45.24 in chips)
Seat 4: Agrotait ($73 in chips)
Agrotait: posts small blind $1
Burgal15: posts big blind $3
*** HOLE CARDS ***
Agrotait: raises $3 to $6
Burgal15: calls $3
*** FLOP *** [Ac 4s 2c]
Burgal15: checks
Agrotait: bets $3
Burgal15: folds
Uncalled bet ($3) returned to Agrotait
Agrotait collected $11.76 from pot
*** SUMMARY ***
Total pot $12 | Rake $0.24
Board [Ac 4s 2c]
Seat 3: Burgal15 (big blind) folded on the Flop
Seat 4: Agrotait (button) (small blind) collected ($11.76)


PokerStars Hand #169018001769:  Hold'em Limit ($3/$6 USD) - 2017/04/14 6:34:50 ET
Table 'Eros II' 6-max Seat #3 is the button
Seat 3: Burgal15 ($39.24 in chips)
Seat 4: Agrotait ($78.76 in chips)
Burgal15: posts small blind $1
Agrotait: posts big blind $3
*** HOLE CARDS ***
AzureCaper joins the table at seat #5
Burgal15: raises $3 to $6
Agrotait: raises $3 to $9
Burgal15: calls $3
*** FLOP *** [2d 7c 3d]
Agrotait: bets $3
Burgal15: calls $3
*** TURN *** [2d 7c 3d] [4c]
Agrotait: bets $6
Burgal15: folds
Uncalled bet ($6) returned to Agrotait
Agrotait collected $23.52 from pot
Agrotait: doesn't show hand
*** SUMMARY ***
Total pot $24 | Rake $0.48
Board [2d 7c 3d 4c]
Seat 3: Burgal15 (button) (small blind) folded on the Turn
Seat 4: Agrotait (big blind) collected ($23.52)


PokerStars Hand #169018050138:  Hold'em Limit ($3/$6 USD) - 2017/04/14 6:36:33 ET
Table 'Eros II' 6-max Seat #5 is the button
Seat 4: Agrotait ($81.28 in chips)
Seat 5: AzureCaper ($106.34 in chips)
AzureCaper: posts small blind $1
Agrotait: posts big blind $3
*** HOLE CARDS ***
AzureCaper: folds
Uncalled bet ($2) returned to Agrotait
Agrotait collected $2 from pot
Agrotait: doesn't show hand
*** SUMMARY ***
Total pot $2 | Rake $0
Seat 4: Agrotait (big blind) collected ($2)
Seat 5: AzureCaper (button) (small blind) folded before Flop


