PokerStars Hand #144749794632:  Hold'em Limit ($3/$6 USD) - 2015/12/03 5:13:41 ET
Table 'Eros II' 6-max Seat #4 is the button
Seat 3: rivrqueen31 ($109.76 in chips)
Seat 4: TbIP-TbIP 88 ($72 in chips)
TbIP-TbIP 88: posts small blind $1
rivrqueen31: posts big blind $3
*** HOLE CARDS ***
SmellyToes4u joins the table at seat #5
BelSv joins the table at seat #6
TbIP-TbIP 88: raises $3 to $6
rivrqueen31: calls $3
*** FLOP *** [6s 4d 7d]
rivrqueen31: checks
TbIP-TbIP 88: checks
*** TURN *** [6s 4d 7d] [Jc]
rivrqueen31: bets $6
TbIP-TbIP 88: calls $6
*** RIVER *** [6s 4d 7d Jc] [5c]
rivrqueen31: bets $6
TbIP-TbIP 88: raises $6 to $12
rivrqueen31: raises $6 to $18
TbIP-TbIP 88: calls $6
*** SHOW DOWN ***
rivrqueen31: shows [3d 5d] (a straight, Three to Seven)
TbIP-TbIP 88: shows [8h Ks] (a straight, Four to Eight)
TbIP-TbIP 88 collected $59.50 from pot
*** SUMMARY ***
Total pot $60 | Rake $0.50
Board [6s 4d 7d Jc 5c]
Seat 3: rivrqueen31 (big blind) showed [3d 5d] and lost with a straight, Three to Seven
Seat 4: TbIP-TbIP 88 (button) (small blind) showed [8h Ks] and won ($59.50) with a straight, Four to Eight


PokerStars Hand #144749805299:  Hold'em Limit ($3/$6 USD) - 2015/12/03 5:14:09 ET
Table 'Eros II' 6-max Seat #3 is the button
Seat 3: rivrqueen31 ($79.76 in chips)
Seat 4: TbIP-TbIP 88 ($101.50 in chips)
rivrqueen31: posts small blind $1
TbIP-TbIP 88: posts big blind $3
*** HOLE CARDS ***
rivrqueen31: folds
Uncalled bet ($2) returned to TbIP-TbIP 88
TbIP-TbIP 88 collected $2 from pot
TbIP-TbIP 88: doesn't show hand
*** SUMMARY ***
Total pot $2 | Rake $0
Seat 3: rivrqueen31 (button) (small blind) folded before Flop
Seat 4: TbIP-TbIP 88 (big blind) collected ($2)


PokerStars Hand #144752603940:  Hold'em Limit ($3/$6 USD) - 2015/12/03 8:10:26 ET
Table 'Eros II' 6-max Seat #6 is the button
Seat 3: Tsoy777 ($55.85 in chips)
Seat 6: ZOGI ($120 in chips)
ZOGI: posts small blind $1
Tsoy777: posts big blind $3
*** HOLE CARDS ***
ZOGI: calls $2
Tsoy777: checks
*** FLOP *** [Td 5d Ks]
Tsoy777: checks
ZOGI: bets $3
Tsoy777: folds
Uncalled bet ($3) returned to ZOGI
ZOGI collected $5.88 from pot
*** SUMMARY ***
Total pot $6 | Rake $0.12
Board [Td 5d Ks]
Seat 3: Tsoy777 (big blind) folded on the Flop
Seat 6: ZOGI (button) (small blind) collected ($5.88)


PokerStars Hand #144757644047:  Hold'em Limit ($3/$6 USD) - 2015/12/03 10:24:26 ET
Table 'Eros II' 6-max Seat #3 is the button
Seat 1: B_loJkl ($115.62 in chips)
Seat 3: tommyan ($108.99 in chips)
tommyan: posts small blind $1
B_loJkl: posts big blind $3
*** HOLE CARDS ***
tommyan: folds
Uncalled bet ($2) returned to B_loJkl
B_loJkl collected $2 from pot
B_loJkl: doesn't show hand
*** SUMMARY ***
Total pot $2 | Rake $0
Seat 1: B_loJkl (big blind) collected ($2)
Seat 3: tommyan (button) (small blind) folded before Flop


PokerStars Hand #144757651001:  Hold'em Limit ($3/$6 USD) - 2015/12/03 10:24:36 ET
Table 'Eros II' 6-max Seat #3 is the button
Seat 1: B_loJkl ($115.62 in chips)
Seat 3: tommyan ($108.99 in chips)
tommyan: posts small blind $1
assitoni was removed from the table for failing to post
B_loJkl: posts big blind $3
*** HOLE CARDS ***
tommyan: folds
Uncalled bet ($2) returned to B_loJkl
B_loJkl collected $2 from pot
B_loJkl: doesn't show hand
*** SUMMARY ***
Total pot $2 | Rake $0
Seat 1: B_loJkl (big blind) collected ($2)
Seat 3: tommyan (button) (small blind) folded before Flop


PokerStars Hand #144757647309:  Hold'em Limit ($3/$6 USD) - 2015/12/03 10:24:31 ET
Table 'Eros II' 6-max Seat #1 is the button
Seat 1: B_loJkl ($116.62 in chips)
Seat 3: tommyan ($107.99 in chips)
B_loJkl: posts small blind $1
tommyan: posts big blind $3
*** HOLE CARDS ***
B_loJkl: folds
Uncalled bet ($2) returned to tommyan
tommyan collected $2 from pot
tommyan: doesn't show hand
*** SUMMARY ***
Total pot $2 | Rake $0
Seat 1: B_loJkl (button) (small blind) folded before Flop
Seat 3: tommyan (big blind) collected ($2)


PokerStars Hand #144757690834:  Hold'em Limit ($3/$6 USD) - 2015/12/03 10:25:32 ET
Table 'Eros II' 6-max Seat #1 is the button
Seat 1: tamerlan459 ($120 in chips)
Seat 2: MAGER911 ($134.10 in chips)
tamerlan459: posts small blind $1
B_loJkl joins the table at seat #3
MAGER911: posts big blind $3
*** HOLE CARDS ***
tamerlan459: calls $2
MAGER911: checks
*** FLOP *** [Jc 2h 7d]
MAGER911: checks
tamerlan459: bets $3
MAGER911: folds
Uncalled bet ($3) returned to tamerlan459
tamerlan459 collected $5.88 from pot
tamerlan459: doesn't show hand
*** SUMMARY ***
Total pot $6 | Rake $0.12
Board [Jc 2h 7d]
Seat 1: tamerlan459 (button) (small blind) collected ($5.88)
Seat 2: MAGER911 (big blind) folded on the Flop


PokerStars Hand #144757796864:  Hold'em Limit ($3/$6 USD) - 2015/12/03 10:28:03 ET
Table 'Eros II' 6-max Seat #2 is the button
Seat 2: MAGER911 ($245.73 in chips)
Seat 3: B_loJkl ($162.89 in chips)
assitoni will be allowed to play after the button
MAGER911: posts small blind $1
B_loJkl: posts big blind $3
*** HOLE CARDS ***
MAGER911: raises $3 to $6
assitoni leaves the table
B_loJkl: calls $3
*** FLOP *** [4s 7h 9d]
B_loJkl: bets $3
MAGER911: calls $3
*** TURN *** [4s 7h 9d] [8d]
B_loJkl: bets $6
MAGER911: folds
Uncalled bet ($6) returned to B_loJkl
B_loJkl collected $17.64 from pot
B_loJkl: doesn't show hand
*** SUMMARY ***
Total pot $18 | Rake $0.36
Board [4s 7h 9d 8d]
Seat 2: MAGER911 (button) (small blind) folded on the Turn
Seat 3: B_loJkl (big blind) collected ($17.64)


PokerStars Hand #144758488324:  Hold'em Limit ($3/$6 USD) - 2015/12/03 10:43:59 ET
Table 'Eros II' 6-max Seat #6 is the button
Seat 5: ValeryRon ($151.78 in chips)
Seat 6: eurooppa50 ($450 in chips)
eurooppa50: posts small blind $1
ValeryRon: posts big blind $3
*** HOLE CARDS ***
eurooppa50: raises $3 to $6
ValeryRon: calls $3
*** FLOP *** [4h 8c Jd]
ValeryRon: checks
eurooppa50: bets $3
SashaYuvelir joins the table at seat #2
ValeryRon: raises $3 to $6
eurooppa50: calls $3
*** TURN *** [4h 8c Jd] [5c]
ValeryRon: bets $6
eurooppa50: calls $6
*** RIVER *** [4h 8c Jd 5c] [6h]
ValeryRon: checks
Deichgnorf joins the table at seat #4
eurooppa50: checks
*** SHOW DOWN ***
ValeryRon: shows [8d Kd] (a pair of Eights)
eurooppa50: mucks hand
ValeryRon collected $35.50 from pot
*** SUMMARY ***
Total pot $36 | Rake $0.50
Board [4h 8c Jd 5c 6h]
Seat 5: ValeryRon (big blind) showed [8d Kd] and won ($35.50) with a pair of Eights
Seat 6: eurooppa50 (button) (small blind) mucked


PokerStars Hand #144758513786:  Hold'em Limit ($3/$6 USD) - 2015/12/03 10:44:34 ET
Table 'Eros II' 6-max Seat #5 is the button
Seat 5: ValeryRon ($169.28 in chips)
Seat 6: eurooppa50 ($432 in chips)
ValeryRon: posts small blind $1
eurooppa50: posts big blind $3
*** HOLE CARDS ***
ValeryRon: raises $3 to $6
eurooppa50: raises $3 to $9
ValeryRon: calls $3
*** FLOP *** [6c 9c Ks]
eurooppa50: bets $3
ValeryRon: calls $3
*** TURN *** [6c 9c Ks] [Qs]
eurooppa50: bets $6
ValeryRon: calls $6
*** RIVER *** [6c 9c Ks Qs] [Kd]
eurooppa50: checks
ValeryRon: bets $6
eurooppa50: calls $6
*** SHOW DOWN ***
ValeryRon: shows [9h 7d] (two pair, Kings and Nines)
eurooppa50: mucks hand
ValeryRon collected $47.50 from pot
*** SUMMARY ***
Total pot $48 | Rake $0.50
Board [6c 9c Ks Qs Kd]
Seat 5: ValeryRon (button) (small blind) showed [9h 7d] and won ($47.50) with two pair, Kings and Nines
Seat 6: eurooppa50 (big blind) mucked


PokerStars Hand #144758628687:  Hold'em Limit ($3/$6 USD) - 2015/12/03 10:47:11 ET
Table 'Eros II' 6-max Seat #6 is the button
Seat 3: B_loJkl ($169.83 in chips)
Seat 6: eurooppa50 ($445.61 in chips)
eurooppa50: posts small blind $1
B_loJkl: posts big blind $3
*** HOLE CARDS ***
eurooppa50: folds
Uncalled bet ($2) returned to B_loJkl
B_loJkl collected $2 from pot
B_loJkl: doesn't show hand
*** SUMMARY ***
Total pot $2 | Rake $0
Seat 3: B_loJkl (big blind) collected ($2)
Seat 6: eurooppa50 (button) (small blind) folded before Flop


PokerStars Hand #144758634036:  Hold'em Limit ($3/$6 USD) - 2015/12/03 10:47:18 ET
Table 'Eros II' 6-max Seat #3 is the button
Seat 3: B_loJkl ($170.83 in chips)
Seat 6: eurooppa50 ($444.61 in chips)
B_loJkl: posts small blind $1
eurooppa50: posts big blind $3
*** HOLE CARDS ***
SashaYuvelir leaves the table
B_loJkl: raises $3 to $6
eurooppa50: folds
Uncalled bet ($3) returned to B_loJkl
B_loJkl collected $6 from pot
B_loJkl: doesn't show hand
*** SUMMARY ***
Total pot $6 | Rake $0
Seat 3: B_loJkl (button) (small blind) collected ($6)
Seat 6: eurooppa50 (big blind) folded before Flop


PokerStars Hand #144758657075:  Hold'em Limit ($3/$6 USD) - 2015/12/03 10:47:50 ET
Table 'Eros II' 6-max Seat #6 is the button
Seat 3: B_loJkl ($173.83 in chips)
Seat 6: eurooppa50 ($441.61 in chips)
eurooppa50: posts small blind $1
B_loJkl: posts big blind $3
*** HOLE CARDS ***
eurooppa50: folds
Uncalled bet ($2) returned to B_loJkl
B_loJkl collected $2 from pot
B_loJkl: doesn't show hand
*** SUMMARY ***
Total pot $2 | Rake $0
Seat 3: B_loJkl (big blind) collected ($2)
Seat 6: eurooppa50 (button) (small blind) folded before Flop


PokerStars Hand #144758661209:  Hold'em Limit ($3/$6 USD) - 2015/12/03 10:47:55 ET
Table 'Eros II' 6-max Seat #3 is the button
Seat 3: B_loJkl ($174.83 in chips)
Seat 6: eurooppa50 ($440.61 in chips)
B_loJkl: posts small blind $1
eurooppa50: posts big blind $3
*** HOLE CARDS ***
B_loJkl: raises $3 to $6
eurooppa50: calls $3
*** FLOP *** [Jc 8h Kh]
eurooppa50: bets $3
B_loJkl: calls $3
*** TURN *** [Jc 8h Kh] [2d]
eurooppa50: bets $6
B_loJkl: calls $6
*** RIVER *** [Jc 8h Kh 2d] [6s]
eurooppa50: bets $6
B_loJkl: folds
Uncalled bet ($6) returned to eurooppa50
eurooppa50 collected $29.50 from pot
eurooppa50: doesn't show hand
*** SUMMARY ***
Total pot $30 | Rake $0.50
Board [Jc 8h Kh 2d 6s]
Seat 3: B_loJkl (button) (small blind) folded on the River
Seat 6: eurooppa50 (big blind) collected ($29.50)


PokerStars Hand #144758694375:  Hold'em Limit ($3/$6 USD) - 2015/12/03 10:48:41 ET
Table 'Eros II' 6-max Seat #6 is the button
Seat 3: B_loJkl ($159.83 in chips)
Seat 6: eurooppa50 ($455.11 in chips)
eurooppa50: posts small blind $1
tamerlan459 was removed from the table for failing to post
B_loJkl: posts big blind $3
*** HOLE CARDS ***
eurooppa50: folds
Uncalled bet ($2) returned to B_loJkl
B_loJkl collected $2 from pot
B_loJkl: doesn't show hand
*** SUMMARY ***
Total pot $2 | Rake $0
Seat 3: B_loJkl (big blind) collected ($2)
Seat 6: eurooppa50 (button) (small blind) folded before Flop


PokerStars Hand #144758707307:  Hold'em Limit ($3/$6 USD) - 2015/12/03 10:48:58 ET
Table 'Eros II' 6-max Seat #3 is the button
Seat 3: B_loJkl ($160.83 in chips)
Seat 6: eurooppa50 ($454.11 in chips)
B_loJkl: posts small blind $1
eurooppa50: posts big blind $3
*** HOLE CARDS ***
B_loJkl: folds
Uncalled bet ($2) returned to eurooppa50
eurooppa50 collected $2 from pot
eurooppa50: doesn't show hand
*** SUMMARY ***
Total pot $2 | Rake $0
Seat 3: B_loJkl (button) (small blind) folded before Flop
Seat 6: eurooppa50 (big blind) collected ($2)


PokerStars Hand #144758712584:  Hold'em Limit ($3/$6 USD) - 2015/12/03 10:49:06 ET
Table 'Eros II' 6-max Seat #6 is the button
Seat 3: B_loJkl ($159.83 in chips)
Seat 6: eurooppa50 ($455.11 in chips)
eurooppa50: posts small blind $1
B_loJkl: posts big blind $3
*** HOLE CARDS ***
eurooppa50: folds
Uncalled bet ($2) returned to B_loJkl
B_loJkl collected $2 from pot
B_loJkl: doesn't show hand
*** SUMMARY ***
Total pot $2 | Rake $0
Seat 3: B_loJkl (big blind) collected ($2)
Seat 6: eurooppa50 (button) (small blind) folded before Flop


PokerStars Hand #144758728943:  Hold'em Limit ($3/$6 USD) - 2015/12/03 10:49:28 ET
Table 'Eros II' 6-max Seat #3 is the button
Seat 3: B_loJkl ($160.83 in chips)
Seat 6: eurooppa50 ($454.11 in chips)
B_loJkl: posts small blind $1
eurooppa50: posts big blind $3
*** HOLE CARDS ***
B_loJkl: raises $3 to $6
eurooppa50: raises $3 to $9
B_loJkl: calls $3
*** FLOP *** [4d 6h 4s]
eurooppa50: bets $3
B_loJkl: calls $3
*** TURN *** [4d 6h 4s] [9d]
eurooppa50: bets $6
B_loJkl: calls $6
*** RIVER *** [4d 6h 4s 9d] [2h]
eurooppa50: checks
B_loJkl: checks
*** SHOW DOWN ***
eurooppa50: shows [Jh Ks] (a pair of Fours)
B_loJkl: mucks hand
eurooppa50 collected $35.50 from pot
*** SUMMARY ***
Total pot $36 | Rake $0.50
Board [4d 6h 4s 9d 2h]
Seat 3: B_loJkl (button) (small blind) mucked
Seat 6: eurooppa50 (big blind) showed [Jh Ks] and won ($35.50) with a pair of Fours


PokerStars Hand #144758756019:  Hold'em Limit ($3/$6 USD) - 2015/12/03 10:50:05 ET
Table 'Eros II' 6-max Seat #6 is the button
Seat 3: B_loJkl ($142.83 in chips)
Seat 6: eurooppa50 ($471.61 in chips)
eurooppa50: posts small blind $1
B_loJkl: posts big blind $3
*** HOLE CARDS ***
eurooppa50: folds
Uncalled bet ($2) returned to B_loJkl
B_loJkl collected $2 from pot
B_loJkl: doesn't show hand
*** SUMMARY ***
Total pot $2 | Rake $0
Seat 3: B_loJkl (big blind) collected ($2)
Seat 6: eurooppa50 (button) (small blind) folded before Flop


PokerStars Hand #144758773495:  Hold'em Limit ($3/$6 USD) - 2015/12/03 10:50:29 ET
Table 'Eros II' 6-max Seat #3 is the button
Seat 3: B_loJkl ($143.83 in chips)
Seat 6: eurooppa50 ($470.61 in chips)
B_loJkl: posts small blind $1
eurooppa50: posts big blind $3
*** HOLE CARDS ***
B_loJkl: raises $3 to $6
eurooppa50: calls $3
*** FLOP *** [Qh 7s 3c]
eurooppa50: checks
B_loJkl: bets $3
eurooppa50: folds
Uncalled bet ($3) returned to B_loJkl
B_loJkl collected $11.76 from pot
B_loJkl: doesn't show hand
*** SUMMARY ***
Total pot $12 | Rake $0.24
Board [Qh 7s 3c]
Seat 3: B_loJkl (button) (small blind) collected ($11.76)
Seat 6: eurooppa50 (big blind) folded on the Flop


