PokerStars Hand #176289699597:  Hold'em Limit ($3/$6 USD) - 2017/09/29 19:57:09 ET
Table 'Eros' 6-max Seat #3 is the button
Seat 2: libaikang ($119 in chips)
Seat 3: Ag3r0n ($73 in chips)
Ag3r0n: posts small blind $1
libaikang: posts big blind $3
*** HOLE CARDS ***
Ag3r0n: raises $3 to $6
libaikang: raises $3 to $9
Ag3r0n: calls $3
*** FLOP *** [3c 5c 6c]
libaikang: bets $3
Ag3r0n: calls $3
*** TURN *** [3c 5c 6c] [Qd]
libaikang: bets $6
Ag3r0n: folds
Uncalled bet ($6) returned to libaikang
libaikang collected $23.52 from pot
libaikang: doesn't show hand
*** SUMMARY ***
Total pot $24 | Rake $0.48
Board [3c 5c 6c Qd]
Seat 2: libaikang (big blind) collected ($23.52)
Seat 3: Ag3r0n (button) (small blind) folded on the Turn


PokerStars Hand #176289695857:  Hold'em Limit ($3/$6 USD) - 2017/09/29 19:57:01 ET
Table 'Eros' 6-max Seat #2 is the button
Seat 2: libaikang ($120 in chips)
Seat 3: Ag3r0n ($72 in chips)
libaikang: posts small blind $1
Ag3r0n: posts big blind $3
*** HOLE CARDS ***
libaikang: folds
Uncalled bet ($2) returned to Ag3r0n
Ag3r0n collected $2 from pot
Ag3r0n: doesn't show hand
*** SUMMARY ***
Total pot $2 | Rake $0
Seat 2: libaikang (button) (small blind) folded before Flop
Seat 3: Ag3r0n (big blind) collected ($2)


PokerStars Hand #176289727659:  Hold'em Limit ($3/$6 USD) - 2017/09/29 19:58:12 ET
Table 'Eros' 6-max Seat #2 is the button
Seat 2: libaikang ($134.02 in chips)
Seat 3: Ag3r0n ($91.26 in chips)
libaikang: posts small blind $1
Ag3r0n: posts big blind $3
*** HOLE CARDS ***
libaikang: calls $2
Ag3r0n: checks
*** FLOP *** [Ks Kh Jd]
Ag3r0n: checks
libaikang: bets $3
Ag3r0n: folds
Uncalled bet ($3) returned to libaikang
libaikang collected $5.88 from pot
libaikang: doesn't show hand
*** SUMMARY ***
Total pot $6 | Rake $0.12
Board [Ks Kh Jd]
Seat 2: libaikang (button) (small blind) collected ($5.88)
Seat 3: Ag3r0n (big blind) folded on the Flop


PokerStars Hand #176289725420:  Hold'em Limit ($3/$6 USD) - 2017/09/29 19:58:07 ET
Table 'Eros' 6-max Seat #3 is the button
Seat 2: libaikang ($133.02 in chips)
Seat 3: Ag3r0n ($92.26 in chips)
Ag3r0n: posts small blind $1
libaikang: posts big blind $3
*** HOLE CARDS ***
Ag3r0n: folds
Uncalled bet ($2) returned to libaikang
libaikang collected $2 from pot
libaikang: doesn't show hand
*** SUMMARY ***
Total pot $2 | Rake $0
Seat 2: libaikang (big blind) collected ($2)
Seat 3: Ag3r0n (button) (small blind) folded before Flop


PokerStars Hand #176289718658:  Hold'em Limit ($3/$6 USD) - 2017/09/29 19:57:52 ET
Table 'Eros' 6-max Seat #2 is the button
Seat 2: libaikang ($148.02 in chips)
Seat 3: Ag3r0n ($77.76 in chips)
libaikang: posts small blind $1
Ag3r0n: posts big blind $3
*** HOLE CARDS ***
libaikang: raises $3 to $6
Ag3r0n: calls $3
*** FLOP *** [5s Kc Th]
Ag3r0n: checks
libaikang: bets $3
Ag3r0n: calls $3
*** TURN *** [5s Kc Th] [9d]
Ag3r0n: checks
libaikang: checks
*** RIVER *** [5s Kc Th 9d] [Kh]
Ag3r0n: bets $6
libaikang: calls $6
*** SHOW DOWN ***
Ag3r0n: shows [Js 5h] (two pair, Kings and Fives)
libaikang: mucks hand
Ag3r0n collected $29.50 from pot
*** SUMMARY ***
Total pot $30 | Rake $0.50
Board [5s Kc Th 9d Kh]
Seat 2: libaikang (button) (small blind) mucked
Seat 3: Ag3r0n (big blind) showed [Js 5h] and won ($29.50) with two pair, Kings and Fives


PokerStars Hand #176289713915:  Hold'em Limit ($3/$6 USD) - 2017/09/29 19:57:41 ET
Table 'Eros' 6-max Seat #3 is the button
Seat 2: libaikang ($154.02 in chips)
Seat 3: Ag3r0n ($72 in chips)
Ag3r0n: posts small blind $1
libaikang: posts big blind $3
*** HOLE CARDS ***
Ag3r0n: raises $3 to $6
libaikang: calls $3
*** FLOP *** [Ks Th Qc]
libaikang: checks
Ag3r0n: bets $3
libaikang: folds
Uncalled bet ($3) returned to Ag3r0n
Ag3r0n collected $11.76 from pot
Ag3r0n: doesn't show hand
*** SUMMARY ***
Total pot $12 | Rake $0.24
Board [Ks Th Qc]
Seat 2: libaikang (big blind) folded on the Flop
Seat 3: Ag3r0n (button) (small blind) collected ($11.76)


PokerStars Hand #176289705630:  Hold'em Limit ($3/$6 USD) - 2017/09/29 19:57:23 ET
Table 'Eros' 6-max Seat #2 is the button
Seat 2: libaikang ($130.52 in chips)
Seat 3: Ag3r0n ($72 in chips)
libaikang: posts small blind $1
Ag3r0n: posts big blind $3
*** HOLE CARDS ***
libaikang: raises $3 to $6
Ag3r0n: calls $3
*** FLOP *** [5h Jh Ts]
Ag3r0n: bets $3
libaikang: raises $3 to $6
Ag3r0n: calls $3
*** TURN *** [5h Jh Ts] [6h]
Ag3r0n: checks
libaikang: bets $6
Ag3r0n: calls $6
*** RIVER *** [5h Jh Ts 6h] [4d]
Ag3r0n: checks
libaikang: bets $6
Ag3r0n: calls $6
*** SHOW DOWN ***
libaikang: shows [Js 9s] (a pair of Jacks)
Ag3r0n: mucks hand
libaikang collected $47.50 from pot
*** SUMMARY ***
Total pot $48 | Rake $0.50
Board [5h Jh Ts 6h 4d]
Seat 2: libaikang (button) (small blind) showed [Js 9s] and won ($47.50) with a pair of Jacks
Seat 3: Ag3r0n (big blind) mucked


PokerStars Hand #176289755188:  Hold'em Limit ($3/$6 USD) - 2017/09/29 19:59:13 ET
Table 'Eros' 6-max Seat #2 is the button
Seat 2: libaikang ($117.65 in chips)
Seat 3: Ag3r0n ($106.51 in chips)
libaikang: posts small blind $1
Ag3r0n: posts big blind $3
*** HOLE CARDS ***
libaikang: folds
Uncalled bet ($2) returned to Ag3r0n
Ag3r0n collected $2 from pot
Ag3r0n: doesn't show hand
*** SUMMARY ***
Total pot $2 | Rake $0
Seat 2: libaikang (button) (small blind) folded before Flop
Seat 3: Ag3r0n (big blind) collected ($2)


PokerStars Hand #176289753180:  Hold'em Limit ($3/$6 USD) - 2017/09/29 19:59:09 ET
Table 'Eros' 6-max Seat #3 is the button
Seat 2: libaikang ($116.65 in chips)
Seat 3: Ag3r0n ($107.51 in chips)
Ag3r0n: posts small blind $1
libaikang: posts big blind $3
*** HOLE CARDS ***
Ag3r0n: folds
Uncalled bet ($2) returned to libaikang
libaikang collected $2 from pot
libaikang: doesn't show hand
*** SUMMARY ***
Total pot $2 | Rake $0
Seat 2: libaikang (big blind) collected ($2)
Seat 3: Ag3r0n (button) (small blind) folded before Flop


PokerStars Hand #176289744733:  Hold'em Limit ($3/$6 USD) - 2017/09/29 19:58:50 ET
Table 'Eros' 6-max Seat #2 is the button
Seat 2: libaikang ($140.65 in chips)
Seat 3: Ag3r0n ($84.01 in chips)
libaikang: posts small blind $1
Ag3r0n: posts big blind $3
*** HOLE CARDS ***
libaikang: raises $3 to $6
Ag3r0n: raises $3 to $9
libaikang: calls $3
*** FLOP *** [9s Js 3s]
Ag3r0n: bets $3
libaikang: calls $3
*** TURN *** [9s Js 3s] [Qh]
Ag3r0n: bets $6
libaikang: calls $6
*** RIVER *** [9s Js 3s Qh] [Jh]
Ag3r0n: bets $6
libaikang: calls $6
*** SHOW DOWN ***
Ag3r0n: shows [Jc Kd] (three of a kind, Jacks)
libaikang: mucks hand
Ag3r0n collected $47.50 from pot
*** SUMMARY ***
Total pot $48 | Rake $0.50
Board [9s Js 3s Qh Jh]
Seat 2: libaikang (button) (small blind) mucked
Seat 3: Ag3r0n (big blind) showed [Jc Kd] and won ($47.50) with three of a kind, Jacks


PokerStars Hand #176289737657:  Hold'em Limit ($3/$6 USD) - 2017/09/29 19:58:34 ET
Table 'Eros' 6-max Seat #3 is the button
Seat 2: libaikang ($140.90 in chips)
Seat 3: Ag3r0n ($84.26 in chips)
Ag3r0n: posts small blind $1
libaikang: posts big blind $3
*** HOLE CARDS ***
Ag3r0n: raises $3 to $6
libaikang: calls $3
*** FLOP *** [2s 8c Ah]
libaikang: checks
Ag3r0n: bets $3
libaikang: calls $3
*** TURN *** [2s 8c Ah] [2c]
libaikang: checks
Ag3r0n: checks
*** RIVER *** [2s 8c Ah 2c] [8h]
libaikang: bets $6
Ag3r0n: calls $6
*** SHOW DOWN ***
libaikang: shows [Kh Tc] (two pair, Eights and Deuces)
Ag3r0n: shows [9s 6s] (two pair, Eights and Deuces)
libaikang collected $14.75 from pot
Ag3r0n collected $14.75 from pot
*** SUMMARY ***
Total pot $30 | Rake $0.50
Board [2s 8c Ah 2c 8h]
Seat 2: libaikang (big blind) showed [Kh Tc] and won ($14.75) with two pair, Eights and Deuces
Seat 3: Ag3r0n (button) (small blind) showed [9s 6s] and won ($14.75) with two pair, Eights and Deuces


PokerStars Hand #176289734672:  Hold'em Limit ($3/$6 USD) - 2017/09/29 19:58:27 ET
Table 'Eros' 6-max Seat #2 is the button
Seat 2: libaikang ($137.90 in chips)
Seat 3: Ag3r0n ($87.26 in chips)
libaikang: posts small blind $1
Ag3r0n: posts big blind $3
*** HOLE CARDS ***
libaikang: raises $3 to $6
Ag3r0n: folds
Uncalled bet ($3) returned to libaikang
libaikang collected $6 from pot
libaikang: doesn't show hand
*** SUMMARY ***
Total pot $6 | Rake $0
Seat 2: libaikang (button) (small blind) collected ($6)
Seat 3: Ag3r0n (big blind) folded before Flop


PokerStars Hand #176289732473:  Hold'em Limit ($3/$6 USD) - 2017/09/29 19:58:23 ET
Table 'Eros' 6-max Seat #3 is the button
Seat 2: libaikang ($136.90 in chips)
Seat 3: Ag3r0n ($88.26 in chips)
Ag3r0n: posts small blind $1
libaikang: posts big blind $3
*** HOLE CARDS ***
Ag3r0n: folds
Uncalled bet ($2) returned to libaikang
libaikang collected $2 from pot
libaikang: doesn't show hand
*** SUMMARY ***
Total pot $2 | Rake $0
Seat 2: libaikang (big blind) collected ($2)
Seat 3: Ag3r0n (button) (small blind) folded before Flop


