PokerStars Hand #161195625455:  Hold'em Limit ($3/$6 USD) - 2016/11/10 12:55:01 ET
Table 'Eros II' 6-max Seat #4 is the button
Seat 3: Gjaido ($117.70 in chips)
Seat 4: assitoni ($72 in chips)
assitoni: posts small blind $1
Gjaido: posts big blind $3
*** HOLE CARDS ***
assitoni: raises $3 to $6
Gjaido: calls $3
*** FLOP *** [9d 4c Qd]
Gjaido: checks
assitoni: bets $3
Gjaido: calls $3
*** TURN *** [9d 4c Qd] [Kc]
Gjaido: checks
assitoni: bets $6
Gjaido: calls $6
*** RIVER *** [9d 4c Qd Kc] [Ad]
Gjaido: checks
assitoni: checks
*** SHOW DOWN ***
Gjaido: shows [7d 8s] (high card Ace)
assitoni: shows [Js 6d] (high card Ace - King+Queen+Jack kicker)
assitoni collected $29.50 from pot
*** SUMMARY ***
Total pot $30 | Rake $0.50
Board [9d 4c Qd Kc Ad]
Seat 3: Gjaido (big blind) showed [7d 8s] and lost with high card Ace
Seat 4: assitoni (button) (small blind) showed [Js 6d] and won ($29.50) with high card Ace


PokerStars Hand #161195613488:  Hold'em Limit ($3/$6 USD) - 2016/11/10 12:54:46 ET
Table 'Eros II' 6-max Seat #3 is the button
Seat 3: Gjaido ($114.70 in chips)
Seat 4: assitoni ($72 in chips)
Gjaido: posts small blind $1
assitoni: posts big blind $3
*** HOLE CARDS ***
Gjaido: raises $3 to $6
assitoni: folds
Uncalled bet ($3) returned to Gjaido
Gjaido collected $6 from pot
Gjaido: doesn't show hand
*** SUMMARY ***
Total pot $6 | Rake $0
Seat 3: Gjaido (button) (small blind) collected ($6)
Seat 4: assitoni (big blind) folded before Flop


PokerStars Hand #161195673057:  Hold'em Limit ($3/$6 USD) - 2016/11/10 12:56:11 ET
Table 'Eros II' 6-max Seat #4 is the button
Seat 3: Gjaido ($78.70 in chips)
Seat 4: assitoni ($110 in chips)
assitoni: posts small blind $1
Gjaido: posts big blind $3
*** HOLE CARDS ***
assitoni: raises $3 to $6
Chessnok joins the table at seat #5
Gjaido: folds
Uncalled bet ($3) returned to assitoni
assitoni collected $6 from pot
assitoni: doesn't show hand
*** SUMMARY ***
Total pot $6 | Rake $0
Seat 3: Gjaido (big blind) folded before Flop
Seat 4: assitoni (button) (small blind) collected ($6)


PokerStars Hand #161195648937:  Hold'em Limit ($3/$6 USD) - 2016/11/10 12:55:34 ET
Table 'Eros II' 6-max Seat #3 is the button
Seat 3: Gjaido ($102.70 in chips)
Seat 4: assitoni ($86.50 in chips)
Gjaido: posts small blind $1
assitoni: posts big blind $3
*** HOLE CARDS ***
Gjaido: raises $3 to $6
assitoni: calls $3
*** FLOP *** [Jd Qh 5d]
assitoni: checks
Gjaido: bets $3
assitoni: raises $3 to $6
Gjaido: calls $3
*** TURN *** [Jd Qh 5d] [2d]
assitoni: bets $6
Gjaido: calls $6
*** RIVER *** [Jd Qh 5d 2d] [Th]
assitoni: bets $6
Gjaido: calls $6
*** SHOW DOWN ***
assitoni: shows [5c Qd] (two pair, Queens and Fives)
Gjaido: mucks hand
assitoni collected $47.50 from pot
*** SUMMARY ***
Total pot $48 | Rake $0.50
Board [Jd Qh 5d 2d Th]
Seat 3: Gjaido (button) (small blind) mucked
Seat 4: assitoni (big blind) showed [5c Qd] and won ($47.50) with two pair, Queens and Fives


PokerStars Hand #161195679544:  Hold'em Limit ($3/$6 USD) - 2016/11/10 12:56:21 ET
Table 'Eros II' 6-max Seat #3 is the button
Seat 3: Gjaido ($75.70 in chips)
Seat 4: assitoni ($113 in chips)
Gjaido: posts small blind $1
assitoni: posts big blind $3
*** HOLE CARDS ***
Gjaido: raises $3 to $6
assitoni: calls $3
*** FLOP *** [5s 6c 6h]
kaypoker619 joins the table at seat #2
assitoni: checks
Gjaido: bets $3
assitoni: raises $3 to $6
Gjaido: calls $3
*** TURN *** [5s 6c 6h] [Qd]
ValeryRon joins the table at seat #6
assitoni: bets $6
Gjaido: folds
Uncalled bet ($6) returned to assitoni
assitoni collected $23.52 from pot
assitoni: doesn't show hand
*** SUMMARY ***
Total pot $24 | Rake $0.48
Board [5s 6c 6h Qd]
Seat 3: Gjaido (button) (small blind) folded on the Turn
Seat 4: assitoni (big blind) collected ($23.52)


PokerStars Hand #161195989734:  Hold'em Limit ($3/$6 USD) - 2016/11/10 13:03:31 ET
Table 'Eros II' 6-max Seat #5 is the button
Seat 1: Zeeon ($77.83 in chips)
Seat 5: Ale4o ($162 in chips)
Ale4o: posts small blind $1
Zeeon: posts big blind $3
*** HOLE CARDS ***
Ale4o: folds
Uncalled bet ($2) returned to Zeeon
Zeeon collected $2 from pot
Zeeon: doesn't show hand
*** SUMMARY ***
Total pot $2 | Rake $0
Seat 1: Zeeon (big blind) collected ($2)
Seat 5: Ale4o (button) (small blind) folded before Flop


PokerStars Hand #161195995560:  Hold'em Limit ($3/$6 USD) - 2016/11/10 13:03:38 ET
Table 'Eros II' 6-max Seat #1 is the button
Seat 1: Zeeon ($78.83 in chips)
Seat 5: Ale4o ($161 in chips)
Zeeon: posts small blind $1
Ale4o: posts big blind $3
*** HOLE CARDS ***
Zeeon: raises $3 to $6
Ale4o: folds
Uncalled bet ($3) returned to Zeeon
Zeeon collected $6 from pot
Zeeon: doesn't show hand
*** SUMMARY ***
Total pot $6 | Rake $0
Seat 1: Zeeon (button) (small blind) collected ($6)
Seat 5: Ale4o (big blind) folded before Flop


PokerStars Hand #161196003200:  Hold'em Limit ($3/$6 USD) - 2016/11/10 13:03:48 ET
Table 'Eros II' 6-max Seat #5 is the button
Seat 1: Zeeon ($81.83 in chips)
Seat 5: Ale4o ($158 in chips)
Ale4o: posts small blind $1
Zeeon: posts big blind $3
*** HOLE CARDS ***
Ale4o: raises $3 to $6
Zeeon: raises $3 to $9
Ale4o: calls $3
*** FLOP *** [7s 8c 7h]
Zeeon: bets $3
Ale4o: calls $3
*** TURN *** [7s 8c 7h] [8h]
Zeeon: bets $6
Ale4o: calls $6
*** RIVER *** [7s 8c 7h 8h] [4h]
Zeeon: bets $6
Ale4o: folds
Uncalled bet ($6) returned to Zeeon
Zeeon collected $35.50 from pot
Zeeon: doesn't show hand
*** SUMMARY ***
Total pot $36 | Rake $0.50
Board [7s 8c 7h 8h 4h]
Seat 1: Zeeon (big blind) collected ($35.50)
Seat 5: Ale4o (button) (small blind) folded on the River


