PokerStars Hand #176778821348:  Hold'em Limit ($3/$6 USD) - 2017/10/11 12:22:58 ET
Table 'Errai II' 6-max Seat #3 is the button
Seat 2: nedo1414 ($133.50 in chips)
Seat 3: AzureCaper ($91.63 in chips)
AzureCaper: posts small blind $1
nedo1414: posts big blind $3
*** HOLE CARDS ***
AzureCaper: raises $3 to $6
nedo1414: folds
Uncalled bet ($3) returned to AzureCaper
AzureCaper collected $6 from pot
AzureCaper: doesn't show hand
*** SUMMARY ***
Total pot $6 | Rake $0
Seat 2: nedo1414 (big blind) folded before Flop
Seat 3: AzureCaper (button) (small blind) collected ($6)


PokerStars Hand #176778818152:  Hold'em Limit ($3/$6 USD) - 2017/10/11 12:22:53 ET
Table 'Errai II' 6-max Seat #2 is the button
Seat 2: nedo1414 ($130.50 in chips)
Seat 3: AzureCaper ($94.63 in chips)
nedo1414: posts small blind $1
AzureCaper: posts big blind $3
*** HOLE CARDS ***
nedo1414: raises $3 to $6
AzureCaper: folds
Uncalled bet ($3) returned to nedo1414
nedo1414 collected $6 from pot
nedo1414: doesn't show hand
*** SUMMARY ***
Total pot $6 | Rake $0
Seat 2: nedo1414 (button) (small blind) collected ($6)
Seat 3: AzureCaper (big blind) folded before Flop


PokerStars Hand #176778799882:  Hold'em Limit ($3/$6 USD) - 2017/10/11 12:22:26 ET
Table 'Errai II' 6-max Seat #3 is the button
Seat 2: nedo1414 ($110 in chips)
Seat 3: AzureCaper ($115.63 in chips)
AzureCaper: posts small blind $1
Zubasa07: is sitting out
nedo1414: posts big blind $3
*** HOLE CARDS ***
Zubasa07 leaves the table
AzureCaper: raises $3 to $6
nedo1414: calls $3
*** FLOP *** [Qs 6d 4c]
nedo1414: checks
AzureCaper: bets $3
nedo1414: calls $3
*** TURN *** [Qs 6d 4c] [Tc]
nedo1414: checks
AzureCaper: bets $6
nedo1414: raises $6 to $12
AzureCaper: calls $6
*** RIVER *** [Qs 6d 4c Tc] [9s]
nedo1414: bets $6
AzureCaper: folds
Uncalled bet ($6) returned to nedo1414
nedo1414 collected $41.50 from pot
nedo1414: doesn't show hand
*** SUMMARY ***
Total pot $42 | Rake $0.50
Board [Qs 6d 4c Tc 9s]
Seat 2: nedo1414 (big blind) collected ($41.50)
Seat 3: AzureCaper (button) (small blind) folded on the River


PokerStars Hand #176778827024:  Hold'em Limit ($3/$6 USD) - 2017/10/11 12:23:06 ET
Table 'Errai II' 6-max Seat #2 is the button
Seat 2: nedo1414 ($130.50 in chips)
Seat 3: AzureCaper ($94.63 in chips)
nedo1414: posts small blind $1
AzureCaper: posts big blind $3
*** HOLE CARDS ***
nedo1414: raises $3 to $6
AzureCaper: calls $3
*** FLOP *** [5c 7h Tc]
AzureCaper: checks
nedo1414: bets $3
AzureCaper: calls $3
*** TURN *** [5c 7h Tc] [Ks]
AzureCaper: checks
nedo1414: bets $6
AzureCaper: calls $6
*** RIVER *** [5c 7h Tc Ks] [Ah]
AzureCaper: checks
nedo1414: checks
*** SHOW DOWN ***
AzureCaper: shows [5s 4d] (a pair of Fives)
nedo1414: shows [Ts Qd] (a pair of Tens)
nedo1414 collected $29.50 from pot
*** SUMMARY ***
Total pot $30 | Rake $0.50
Board [5c 7h Tc Ks Ah]
Seat 2: nedo1414 (button) (small blind) showed [Ts Qd] and won ($29.50) with a pair of Tens
Seat 3: AzureCaper (big blind) showed [5s 4d] and lost with a pair of Fives


PokerStars Hand #176778857437:  Hold'em Limit ($3/$6 USD) - 2017/10/11 12:23:51 ET
Table 'Errai II' 6-max Seat #3 is the button
Seat 2: nedo1414 ($135 in chips)
Seat 3: AzureCaper ($89.27 in chips)
AzureCaper: posts small blind $1
nedo1414: posts big blind $3
*** HOLE CARDS ***
AzureCaper: raises $3 to $6
nedo1414: calls $3
*** FLOP *** [3c 2c 4s]
nedo1414: checks
AzureCaper: bets $3
nedo1414: calls $3
*** TURN *** [3c 2c 4s] [Td]
nedo1414: checks
AzureCaper: checks
*** RIVER *** [3c 2c 4s Td] [8s]
nedo1414: bets $6
AzureCaper: calls $6
*** SHOW DOWN ***
nedo1414: shows [8h Jd] (a pair of Eights)
AzureCaper: mucks hand
nedo1414 collected $29.50 from pot
*** SUMMARY ***
Total pot $30 | Rake $0.50
Board [3c 2c 4s Td 8s]
Seat 2: nedo1414 (big blind) showed [8h Jd] and won ($29.50) with a pair of Eights
Seat 3: AzureCaper (button) (small blind) mucked


PokerStars Hand #176778874434:  Hold'em Limit ($3/$6 USD) - 2017/10/11 12:24:16 ET
Table 'Errai II' 6-max Seat #3 is the button
Seat 2: nedo1414 ($152.50 in chips)
Seat 3: AzureCaper ($72 in chips)
AzureCaper: posts small blind $1
nedo1414: posts big blind $3
*** HOLE CARDS ***
AzureCaper: raises $3 to $6
nedo1414: folds
Uncalled bet ($3) returned to AzureCaper
AzureCaper collected $6 from pot
AzureCaper: doesn't show hand
*** SUMMARY ***
Total pot $6 | Rake $0
Seat 2: nedo1414 (big blind) folded before Flop
Seat 3: AzureCaper (button) (small blind) collected ($6)


PokerStars Hand #176778871191:  Hold'em Limit ($3/$6 USD) - 2017/10/11 12:24:11 ET
Table 'Errai II' 6-max Seat #2 is the button
Seat 2: nedo1414 ($149.50 in chips)
Seat 3: AzureCaper ($74.27 in chips)
nedo1414: posts small blind $1
AzureCaper: posts big blind $3
*** HOLE CARDS ***
nedo1414: raises $3 to $6
AzureCaper: folds
Uncalled bet ($3) returned to nedo1414
nedo1414 collected $6 from pot
nedo1414: doesn't show hand
*** SUMMARY ***
Total pot $6 | Rake $0
Seat 2: nedo1414 (button) (small blind) collected ($6)
Seat 3: AzureCaper (big blind) folded before Flop


PokerStars Hand #176778854110:  Hold'em Limit ($3/$6 USD) - 2017/10/11 12:23:46 ET
Table 'Errai II' 6-max Seat #2 is the button
Seat 2: nedo1414 ($136 in chips)
Seat 3: AzureCaper ($88.27 in chips)
nedo1414: posts small blind $1
AzureCaper: posts big blind $3
*** HOLE CARDS ***
nedo1414: folds
Uncalled bet ($2) returned to AzureCaper
AzureCaper collected $2 from pot
AzureCaper: doesn't show hand
*** SUMMARY ***
Total pot $2 | Rake $0
Seat 2: nedo1414 (button) (small blind) folded before Flop
Seat 3: AzureCaper (big blind) collected ($2)


PokerStars Hand #176778847422:  Hold'em Limit ($3/$6 USD) - 2017/10/11 12:23:36 ET
Table 'Errai II' 6-max Seat #3 is the button
Seat 2: nedo1414 ($145 in chips)
Seat 3: AzureCaper ($79.63 in chips)
AzureCaper: posts small blind $1
nedo1414: posts big blind $3
*** HOLE CARDS ***
AzureCaper: raises $3 to $6
nedo1414: calls $3
*** FLOP *** [6d 3d Jc]
nedo1414: checks
AzureCaper: bets $3
nedo1414: calls $3
*** TURN *** [6d 3d Jc] [7s]
nedo1414: checks
AzureCaper: bets $6
nedo1414: folds
Uncalled bet ($6) returned to AzureCaper
AzureCaper collected $17.64 from pot
AzureCaper: doesn't show hand
*** SUMMARY ***
Total pot $18 | Rake $0.36
Board [6d 3d Jc 7s]
Seat 2: nedo1414 (big blind) folded on the Turn
Seat 3: AzureCaper (button) (small blind) collected ($17.64)


PokerStars Hand #176778914760:  Hold'em Limit ($3/$6 USD) - 2017/10/11 12:25:15 ET
Table 'Errai II' 6-max Seat #2 is the button
Seat 2: nedo1414 ($140 in chips)
Seat 3: AzureCaper ($104.02 in chips)
nedo1414: posts small blind $1
AzureCaper: posts big blind $3
*** HOLE CARDS ***
nedo1414: folds
Uncalled bet ($2) returned to AzureCaper
AzureCaper collected $2 from pot
AzureCaper: doesn't show hand
*** SUMMARY ***
Total pot $2 | Rake $0
Seat 2: nedo1414 (button) (small blind) folded before Flop
Seat 3: AzureCaper (big blind) collected ($2)


PokerStars Hand #176778906900:  Hold'em Limit ($3/$6 USD) - 2017/10/11 12:25:03 ET
Table 'Errai II' 6-max Seat #3 is the button
Seat 2: nedo1414 ($161 in chips)
Seat 3: AzureCaper ($83.52 in chips)
AzureCaper: posts small blind $1
nedo1414: posts big blind $3
*** HOLE CARDS ***
AzureCaper: raises $3 to $6
nedo1414: calls $3
*** FLOP *** [Kh Ac Ts]
nedo1414: checks
AzureCaper: bets $3
nedo1414: calls $3
*** TURN *** [Kh Ac Ts] [6h]
nedo1414: checks
AzureCaper: bets $6
nedo1414: calls $6
*** RIVER *** [Kh Ac Ts 6h] [4c]
nedo1414: checks
AzureCaper: bets $6
nedo1414: calls $6
*** SHOW DOWN ***
AzureCaper: shows [Jh Ad] (a pair of Aces)
nedo1414: mucks hand
AzureCaper collected $41.50 from pot
*** SUMMARY ***
Total pot $42 | Rake $0.50
Board [Kh Ac Ts 6h 4c]
Seat 2: nedo1414 (big blind) mucked
Seat 3: AzureCaper (button) (small blind) showed [Jh Ad] and won ($41.50) with a pair of Aces


PokerStars Hand #176778903752:  Hold'em Limit ($3/$6 USD) - 2017/10/11 12:24:59 ET
Table 'Errai II' 6-max Seat #2 is the button
Seat 2: nedo1414 ($162 in chips)
Seat 3: AzureCaper ($82.52 in chips)
nedo1414: posts small blind $1
AzureCaper: posts big blind $3
*** HOLE CARDS ***
nedo1414: folds
Uncalled bet ($2) returned to AzureCaper
AzureCaper collected $2 from pot
AzureCaper: doesn't show hand
*** SUMMARY ***
Total pot $2 | Rake $0
Seat 2: nedo1414 (button) (small blind) folded before Flop
Seat 3: AzureCaper (big blind) collected ($2)


PokerStars Hand #176778894368:  Hold'em Limit ($3/$6 USD) - 2017/10/11 12:24:45 ET
Table 'Errai II' 6-max Seat #2 is the button
Seat 2: nedo1414 ($167 in chips)
Seat 3: AzureCaper ($77.76 in chips)
nedo1414: posts small blind $1
AzureCaper: posts big blind $3
*** HOLE CARDS ***
nedo1414: raises $3 to $6
AzureCaper: calls $3
*** FLOP *** [5c 2d Qd]
AzureCaper: bets $3
nedo1414: folds
Uncalled bet ($3) returned to AzureCaper
AzureCaper collected $11.76 from pot
AzureCaper: doesn't show hand
*** SUMMARY ***
Total pot $12 | Rake $0.24
Board [5c 2d Qd]
Seat 2: nedo1414 (button) (small blind) folded on the Flop
Seat 3: AzureCaper (big blind) collected ($11.76)


PokerStars Hand #176778889054:  Hold'em Limit ($3/$6 USD) - 2017/10/11 12:24:37 ET
Table 'Errai II' 6-max Seat #3 is the button
Seat 2: nedo1414 ($173 in chips)
Seat 3: AzureCaper ($72 in chips)
AzureCaper: posts small blind $1
nedo1414: posts big blind $3
*** HOLE CARDS ***
AzureCaper: raises $3 to $6
nedo1414: calls $3
*** FLOP *** [8h As Jh]
nedo1414: checks
AzureCaper: bets $3
nedo1414: folds
Uncalled bet ($3) returned to AzureCaper
AzureCaper collected $11.76 from pot
AzureCaper: doesn't show hand
*** SUMMARY ***
Total pot $12 | Rake $0.24
Board [8h As Jh]
Seat 2: nedo1414 (big blind) folded on the Flop
Seat 3: AzureCaper (button) (small blind) collected ($11.76)


PokerStars Hand #176778877939:  Hold'em Limit ($3/$6 USD) - 2017/10/11 12:24:21 ET
Table 'Errai II' 6-max Seat #2 is the button
Seat 2: nedo1414 ($149.50 in chips)
Seat 3: AzureCaper ($75 in chips)
nedo1414: posts small blind $1
AzureCaper: posts big blind $3
*** HOLE CARDS ***
nedo1414: raises $3 to $6
AzureCaper: raises $3 to $9
nedo1414: calls $3
*** FLOP *** [Ts Kd 2h]
AzureCaper: bets $3
nedo1414: calls $3
*** TURN *** [Ts Kd 2h] [Th]
AzureCaper: bets $6
nedo1414: calls $6
*** RIVER *** [Ts Kd 2h Th] [6s]
AzureCaper: bets $6
nedo1414: calls $6
*** SHOW DOWN ***
AzureCaper: shows [3s 9d] (a pair of Tens)
nedo1414: shows [Qd Jc] (a pair of Tens - King+Queen kicker)
nedo1414 collected $47.50 from pot
*** SUMMARY ***
Total pot $48 | Rake $0.50
Board [Ts Kd 2h Th 6s]
Seat 2: nedo1414 (button) (small blind) showed [Qd Jc] and won ($47.50) with a pair of Tens
Seat 3: AzureCaper (big blind) showed [3s 9d] and lost with a pair of Tens


PokerStars Hand #176778944490:  Hold'em Limit ($3/$6 USD) - 2017/10/11 12:25:58 ET
Table 'Errai II' 6-max Seat #3 is the button
Seat 2: nedo1414 ($159.14 in chips)
Seat 3: AzureCaper ($83.54 in chips)
AzureCaper: posts small blind $1
nedo1414: posts big blind $3
*** HOLE CARDS ***
AzureCaper: raises $3 to $6
nedo1414: calls $3
*** FLOP *** [5s 8h Qh]
nedo1414: checks
AzureCaper: bets $3
nedo1414: calls $3
*** TURN *** [5s 8h Qh] [4h]
nedo1414: checks
AzureCaper: checks
*** RIVER *** [5s 8h Qh 4h] [2c]
nedo1414: bets $6
AzureCaper: folds
Uncalled bet ($6) returned to nedo1414
nedo1414 collected $17.64 from pot
nedo1414: doesn't show hand
*** SUMMARY ***
Total pot $18 | Rake $0.36
Board [5s 8h Qh 4h 2c]
Seat 2: nedo1414 (big blind) collected ($17.64)
Seat 3: AzureCaper (button) (small blind) folded on the River


PokerStars Hand #176778950866:  Hold'em Limit ($3/$6 USD) - 2017/10/11 12:26:08 ET
Table 'Errai II' 6-max Seat #2 is the button
Seat 2: nedo1414 ($167.78 in chips)
Seat 3: AzureCaper ($74.54 in chips)
nedo1414: posts small blind $1
AzureCaper: posts big blind $3
*** HOLE CARDS ***
nedo1414: raises $3 to $6
AzureCaper: calls $3
*** FLOP *** [Th 9c Qh]
AzureCaper: checks
nedo1414: bets $3
AzureCaper: folds
Uncalled bet ($3) returned to nedo1414
nedo1414 collected $11.76 from pot
nedo1414: doesn't show hand
*** SUMMARY ***
Total pot $12 | Rake $0.24
Board [Th 9c Qh]
Seat 2: nedo1414 (button) (small blind) collected ($11.76)
Seat 3: AzureCaper (big blind) folded on the Flop


PokerStars Hand #176778935995:  Hold'em Limit ($3/$6 USD) - 2017/10/11 12:25:46 ET
Table 'Errai II' 6-max Seat #2 is the button
Seat 2: nedo1414 ($171.14 in chips)
Seat 3: AzureCaper ($72.02 in chips)
nedo1414: posts small blind $1
AzureCaper: posts big blind $3
*** HOLE CARDS ***
nedo1414: raises $3 to $6
AzureCaper: calls $3
*** FLOP *** [2h Ah Ks]
AzureCaper: checks
nedo1414: bets $3
AzureCaper: raises $3 to $6
nedo1414: calls $3
*** TURN *** [2h Ah Ks] [4h]
AzureCaper: bets $6
nedo1414: folds
Uncalled bet ($6) returned to AzureCaper
AzureCaper collected $23.52 from pot
AzureCaper: doesn't show hand
*** SUMMARY ***
Total pot $24 | Rake $0.48
Board [2h Ah Ks 4h]
Seat 2: nedo1414 (button) (small blind) folded on the Turn
Seat 3: AzureCaper (big blind) collected ($23.52)


PokerStars Hand #176778930258:  Hold'em Limit ($3/$6 USD) - 2017/10/11 12:25:38 ET
Table 'Errai II' 6-max Seat #3 is the button
Seat 2: nedo1414 ($162.50 in chips)
Seat 3: AzureCaper ($81.02 in chips)
AzureCaper: posts small blind $1
nedo1414: posts big blind $3
*** HOLE CARDS ***
AzureCaper: raises $3 to $6
nedo1414: raises $3 to $9
AzureCaper: calls $3
*** FLOP *** [6c 3s Qd]
nedo1414: bets $3
AzureCaper: folds
Uncalled bet ($3) returned to nedo1414
nedo1414 collected $17.64 from pot
nedo1414: doesn't show hand
*** SUMMARY ***
Total pot $18 | Rake $0.36
Board [6c 3s Qd]
Seat 2: nedo1414 (big blind) collected ($17.64)
Seat 3: AzureCaper (button) (small blind) folded on the Flop


PokerStars Hand #176778921418:  Hold'em Limit ($3/$6 USD) - 2017/10/11 12:25:25 ET
Table 'Errai II' 6-max Seat #2 is the button
Seat 2: nedo1414 ($136 in chips)
Seat 3: AzureCaper ($108.02 in chips)
nedo1414: posts small blind $1
AzureCaper: posts big blind $3
*** HOLE CARDS ***
nedo1414: raises $3 to $6
AzureCaper: calls $3
*** FLOP *** [Kd 5c 2d]
AzureCaper: checks
nedo1414: bets $3
AzureCaper: calls $3
*** TURN *** [Kd 5c 2d] [Kc]
AzureCaper: checks
nedo1414: bets $6
AzureCaper: raises $6 to $12
nedo1414: calls $6
*** RIVER *** [Kd 5c 2d Kc] [6s]
AzureCaper: bets $6
nedo1414: calls $6
*** SHOW DOWN ***
AzureCaper: shows [2h 4h] (two pair, Kings and Deuces)
nedo1414: shows [3s 3c] (two pair, Kings and Threes)
nedo1414 collected $53.50 from pot
*** SUMMARY ***
Total pot $54 | Rake $0.50
Board [Kd 5c 2d Kc 6s]
Seat 2: nedo1414 (button) (small blind) showed [3s 3c] and won ($53.50) with two pair, Kings and Threes
Seat 3: AzureCaper (big blind) showed [2h 4h] and lost with two pair, Kings and Deuces


PokerStars Hand #176778917969:  Hold'em Limit ($3/$6 USD) - 2017/10/11 12:25:20 ET
Table 'Errai II' 6-max Seat #3 is the button
Seat 2: nedo1414 ($139 in chips)
Seat 3: AzureCaper ($105.02 in chips)
AzureCaper: posts small blind $1
nedo1414: posts big blind $3
*** HOLE CARDS ***
AzureCaper: raises $3 to $6
nedo1414: folds
Uncalled bet ($3) returned to AzureCaper
AzureCaper collected $6 from pot
AzureCaper: doesn't show hand
*** SUMMARY ***
Total pot $6 | Rake $0
Seat 2: nedo1414 (big blind) folded before Flop
Seat 3: AzureCaper (button) (small blind) collected ($6)


PokerStars Hand #176778963677:  Hold'em Limit ($3/$6 USD) - 2017/10/11 12:26:26 ET
Table 'Errai II' 6-max Seat #2 is the button
Seat 2: nedo1414 ($170.54 in chips)
Seat 3: AzureCaper ($75 in chips)
nedo1414: posts small blind $1
AzureCaper: posts big blind $3
*** HOLE CARDS ***
nedo1414: raises $3 to $6
Korish9506 joins the table at seat #4
AzureCaper: folds
Uncalled bet ($3) returned to nedo1414
nedo1414 collected $6 from pot
nedo1414: doesn't show hand
*** SUMMARY ***
Total pot $6 | Rake $0
Seat 2: nedo1414 (button) (small blind) collected ($6)
Seat 3: AzureCaper (big blind) folded before Flop


PokerStars Hand #176778959086:  Hold'em Limit ($3/$6 USD) - 2017/10/11 12:26:20 ET
Table 'Errai II' 6-max Seat #3 is the button
Seat 2: nedo1414 ($173.54 in chips)
Seat 3: AzureCaper ($72 in chips)
AzureCaper: posts small blind $1
nedo1414: posts big blind $3
*** HOLE CARDS ***
AzureCaper: raises $3 to $6
nedo1414: folds
Uncalled bet ($3) returned to AzureCaper
AzureCaper collected $6 from pot
AzureCaper: doesn't show hand
*** SUMMARY ***
Total pot $6 | Rake $0
Seat 2: nedo1414 (big blind) folded before Flop
Seat 3: AzureCaper (button) (small blind) collected ($6)


PokerStars Hand #176780218464:  Hold'em Limit ($3/$6 USD) - 2017/10/11 12:56:19 ET
Table 'Errai II' 6-max Seat #6 is the button
Seat 3: AzureCaper ($132.20 in chips)
Seat 6: denn69 ($186.45 in chips)
denn69: posts small blind $1
aleks_4ym: is sitting out
AzureCaper: posts big blind $3
*** HOLE CARDS ***
denn69: raises $3 to $6
Akunin174 leaves the table
AzureCaper: calls $3
*** FLOP *** [As 5d 7c]
AzureCaper: checks
denn69: bets $3
AzureCaper: folds
Uncalled bet ($3) returned to denn69
denn69 collected $11.76 from pot
*** SUMMARY ***
Total pot $12 | Rake $0.24
Board [As 5d 7c]
Seat 3: AzureCaper (big blind) folded on the Flop
Seat 6: denn69 (button) (small blind) collected ($11.76)


PokerStars Hand #176780266187:  Hold'em Limit ($3/$6 USD) - 2017/10/11 12:57:38 ET
Table 'Errai II' 6-max Seat #3 is the button
Seat 3: AzureCaper ($126.20 in chips)
Seat 6: Mr. X1825 ($100.79 in chips)
AzureCaper: posts small blind $1
Mr. X1825: posts big blind $3
*** HOLE CARDS ***
AzureCaper: raises $3 to $6
Mr. X1825: folds
Uncalled bet ($3) returned to AzureCaper
AzureCaper collected $6 from pot
AzureCaper: doesn't show hand
*** SUMMARY ***
Total pot $6 | Rake $0
Seat 3: AzureCaper (button) (small blind) collected ($6)
Seat 6: Mr. X1825 (big blind) folded before Flop


PokerStars Hand #176781011790:  Hold'em Limit ($3/$6 USD) - 2017/10/11 13:15:02 ET
Table 'Errai II' 6-max Seat #3 is the button
Seat 3: **Geka**555 ($50.50 in chips)
Seat 4: vestimokrec ($105 in chips)
**Geka**555: posts small blind $1
vestimokrec: posts big blind $3
*** HOLE CARDS ***
**Geka**555: raises $3 to $6
vestimokrec: calls $3
*** FLOP *** [3c Ts 8h]
vestimokrec: checks
**Geka**555: bets $3
vestimokrec: folds
Uncalled bet ($3) returned to **Geka**555
**Geka**555 collected $11.76 from pot
**Geka**555: doesn't show hand
*** SUMMARY ***
Total pot $12 | Rake $0.24
Board [3c Ts 8h]
Seat 3: **Geka**555 (button) (small blind) collected ($11.76)
Seat 4: vestimokrec (big blind) folded on the Flop


PokerStars Hand #176780984595:  Hold'em Limit ($3/$6 USD) - 2017/10/11 13:14:27 ET
Table 'Errai II' 6-max Seat #4 is the button
Seat 3: **Geka**555 ($36 in chips)
Seat 4: vestimokrec ($120 in chips)
vestimokrec: posts small blind $1
TbIP-TbIP 88: is sitting out
**Geka**555: posts big blind $3
*** HOLE CARDS ***
TbIP-TbIP 88 leaves the table
vestimokrec: raises $3 to $6
**Geka**555: calls $3
*** FLOP *** [3h 9d Ac]
**Geka**555: checks
vestimokrec: bets $3
**Geka**555: calls $3
*** TURN *** [3h 9d Ac] [Qc]
**Geka**555: checks
vestimokrec: bets $6
**Geka**555: calls $6
*** RIVER *** [3h 9d Ac Qc] [3c]
**Geka**555: checks
vestimokrec: checks
*** SHOW DOWN ***
**Geka**555: shows [Ks 9s] (two pair, Nines and Threes)
vestimokrec: mucks hand
**Geka**555 collected $29.50 from pot
*** SUMMARY ***
Total pot $30 | Rake $0.50
Board [3h 9d Ac Qc 3c]
Seat 3: **Geka**555 (big blind) showed [Ks 9s] and won ($29.50) with two pair, Nines and Threes
Seat 4: vestimokrec (button) (small blind) mucked


PokerStars Hand #176782566115:  Hold'em Limit ($3/$6 USD) - 2017/10/11 13:48:45 ET
Table 'Errai II' 6-max Seat #3 is the button
Seat 3: foksas111 ($251.18 in chips)
Seat 4: TbIP-TbIP 88 ($77.76 in chips)
foksas111: posts small blind $1
TbIP-TbIP 88: posts big blind $3
*** HOLE CARDS ***
foksas111: raises $3 to $6
TbIP-TbIP 88: calls $3
*** FLOP *** [8h Qd Qs]
TbIP-TbIP 88: checks
foksas111: bets $3
TbIP-TbIP 88: calls $3
*** TURN *** [8h Qd Qs] [4c]
TbIP-TbIP 88: checks
foksas111: bets $6
TbIP-TbIP 88: calls $6
*** RIVER *** [8h Qd Qs 4c] [5s]
TbIP-TbIP 88: checks
foksas111: bets $6
TbIP-TbIP 88: calls $6
*** SHOW DOWN ***
foksas111: shows [9d 5c] (two pair, Queens and Fives)
TbIP-TbIP 88: mucks hand
foksas111 collected $41.50 from pot
*** SUMMARY ***
Total pot $42 | Rake $0.50
Board [8h Qd Qs 4c 5s]
Seat 3: foksas111 (button) (small blind) showed [9d 5c] and won ($41.50) with two pair, Queens and Fives
Seat 4: TbIP-TbIP 88 (big blind) mucked


PokerStars Hand #176784089574:  Hold'em Limit ($3/$6 USD) - 2017/10/11 14:21:54 ET
Table 'Errai II' 6-max Seat #6 is the button
Seat 1: BelSv ($112.98 in chips)
Seat 6: DECAlpha ($125.64 in chips)
DECAlpha: posts small blind $1
BelSv: posts big blind $3
*** HOLE CARDS ***
DECAlpha: folds
Uncalled bet ($2) returned to BelSv
BelSv collected $2 from pot
BelSv: doesn't show hand
*** SUMMARY ***
Total pot $2 | Rake $0
Seat 1: BelSv (big blind) collected ($2)
Seat 6: DECAlpha (button) (small blind) folded before Flop


PokerStars Hand #176784074161:  Hold'em Limit ($3/$6 USD) - 2017/10/11 14:21:34 ET
Table 'Errai II' 6-max Seat #1 is the button
Seat 1: BelSv ($107.22 in chips)
Seat 6: DECAlpha ($131.64 in chips)
BelSv: posts small blind $1
DECAlpha: posts big blind $3
*** HOLE CARDS ***
BelSv: raises $3 to $6
DECAlpha: calls $3
*** FLOP *** [8h Jd Tc]
knas4 joins the table at seat #3
DECAlpha: checks
BelSv: checks
*** TURN *** [8h Jd Tc] [9h]
vestimokrec joins the table at seat #5
DECAlpha: checks
BelSv: bets $6
DECAlpha: folds
Uncalled bet ($6) returned to BelSv
BelSv collected $11.76 from pot
BelSv: doesn't show hand
*** SUMMARY ***
Total pot $12 | Rake $0.24
Board [8h Jd Tc 9h]
Seat 1: BelSv (button) (small blind) collected ($11.76)
Seat 6: DECAlpha (big blind) folded on the Turn


PokerStars Hand #176784070457:  Hold'em Limit ($3/$6 USD) - 2017/10/11 14:21:30 ET
Table 'Errai II' 6-max Seat #6 is the button
Seat 1: BelSv ($106.22 in chips)
Seat 6: DECAlpha ($132.64 in chips)
DECAlpha: posts small blind $1
BelSv: posts big blind $3
*** HOLE CARDS ***
DECAlpha: folds
Uncalled bet ($2) returned to BelSv
BelSv collected $2 from pot
BelSv: doesn't show hand
*** SUMMARY ***
Total pot $2 | Rake $0
Seat 1: BelSv (big blind) collected ($2)
Seat 6: DECAlpha (button) (small blind) folded before Flop


PokerStars Hand #176784063541:  Hold'em Limit ($3/$6 USD) - 2017/10/11 14:21:21 ET
Table 'Errai II' 6-max Seat #1 is the button
Seat 1: BelSv ($107.22 in chips)
Seat 6: DECAlpha ($131.64 in chips)
BelSv: posts small blind $1
DECAlpha: posts big blind $3
*** HOLE CARDS ***
GoliafUa leaves the table
BelSv: folds
Uncalled bet ($2) returned to DECAlpha
DECAlpha collected $2 from pot
DECAlpha: doesn't show hand
*** SUMMARY ***
Total pot $2 | Rake $0
Seat 1: BelSv (button) (small blind) folded before Flop
Seat 6: DECAlpha (big blind) collected ($2)


