PokerStars Hand #144669318956:  Hold'em Limit ($3/$6 USD) - 2015/12/01 13:29:58 ET
Table 'Errai II' 6-max Seat #2 is the button
Seat 2: Datumboy ($131.80 in chips)
Seat 3: Karpik09 ($127.24 in chips)
Datumboy: posts small blind $1
Karpik09: posts big blind $3
*** HOLE CARDS ***
Datumboy: raises $3 to $6
Karpik09: folds
Uncalled bet ($3) returned to Datumboy
Datumboy collected $6 from pot
Datumboy: doesn't show hand
*** SUMMARY ***
Total pot $6 | Rake $0
Seat 2: Datumboy (button) (small blind) collected ($6)
Seat 3: Karpik09 (big blind) folded before Flop


PokerStars Hand #144669271439:  Hold'em Limit ($3/$6 USD) - 2015/12/01 13:29:05 ET
Table 'Errai II' 6-max Seat #3 is the button
Seat 2: Datumboy ($146.80 in chips)
Seat 3: Karpik09 ($112.74 in chips)
Karpik09: posts small blind $1
Zubasa07: is sitting out
Datumboy: posts big blind $3
*** HOLE CARDS ***
Karpik09: raises $3 to $6
Datumboy: calls $3
*** FLOP *** [9s 7c 6c]
Datumboy: checks
Karpik09: bets $3
Datumboy: calls $3
*** TURN *** [9s 7c 6c] [2h]
Datumboy: checks
Karpik09: checks
*** RIVER *** [9s 7c 6c 2h] [Ks]
Datumboy: checks
Karpik09: bets $6
Datumboy: calls $6
*** SHOW DOWN ***
Karpik09: shows [Ah Kh] (a pair of Kings)
Datumboy: mucks hand
Karpik09 collected $29.50 from pot
*** SUMMARY ***
Total pot $30 | Rake $0.50
Board [9s 7c 6c 2h Ks]
Seat 2: Datumboy (big blind) mucked
Seat 3: Karpik09 (button) (small blind) showed [Ah Kh] and won ($29.50) with a pair of Kings


PokerStars Hand #144669375695:  Hold'em Limit ($3/$6 USD) - 2015/12/01 13:31:01 ET
Table 'Errai II' 6-max Seat #2 is the button
Seat 2: Datumboy ($158.30 in chips)
Seat 3: Karpik09 ($100.24 in chips)
Datumboy: posts small blind $1
Karpik09: posts big blind $3
*** HOLE CARDS ***
Datumboy: folds
Uncalled bet ($2) returned to Karpik09
Karpik09 collected $2 from pot
Karpik09: doesn't show hand
*** SUMMARY ***
Total pot $2 | Rake $0
Seat 2: Datumboy (button) (small blind) folded before Flop
Seat 3: Karpik09 (big blind) collected ($2)


PokerStars Hand #144669327859:  Hold'em Limit ($3/$6 USD) - 2015/12/01 13:30:08 ET
Table 'Errai II' 6-max Seat #3 is the button
Seat 2: Datumboy ($134.80 in chips)
Seat 3: Karpik09 ($124.24 in chips)
Karpik09: posts small blind $1
Datumboy: posts big blind $3
*** HOLE CARDS ***
Karpik09: raises $3 to $6
Datumboy: raises $3 to $9
Karpik09: calls $3
*** FLOP *** [4c Ts 6c]
Zubasa07 leaves the table
Datumboy: bets $3
Karpik09: calls $3
*** TURN *** [4c Ts 6c] [2c]
MimiQQC joins the table at seat #6
Datumboy: bets $6
ValeryRon joins the table at seat #1
Karpik09: calls $6
*** RIVER *** [4c Ts 6c 2c] [7s]
Datumboy: bets $6
Karpik09: calls $6
*** SHOW DOWN ***
Datumboy: shows [9c 9h] (a pair of Nines)
Karpik09: mucks hand
Datumboy collected $47.50 from pot
*** SUMMARY ***
Total pot $48 | Rake $0.50
Board [4c Ts 6c 2c 7s]
Seat 2: Datumboy (big blind) showed [9c 9h] and won ($47.50) with a pair of Nines
Seat 3: Karpik09 (button) (small blind) mucked


PokerStars Hand #144683568705:  Hold'em Limit ($3/$6 USD) - 2015/12/01 17:39:53 ET
Table 'Errai II' 6-max Seat #6 is the button
Seat 3: rumataA ($160.84 in chips)
Seat 6: artiZzt ($108.14 in chips)
artiZzt: posts small blind $1
rumataA: posts big blind $3
*** HOLE CARDS ***
artiZzt: raises $3 to $6
rumataA: folds
Uncalled bet ($3) returned to artiZzt
artiZzt collected $6 from pot
artiZzt: doesn't show hand
*** SUMMARY ***
Total pot $6 | Rake $0
Seat 3: rumataA (big blind) folded before Flop
Seat 6: artiZzt (button) (small blind) collected ($6)


PokerStars Hand #144683549061:  Hold'em Limit ($3/$6 USD) - 2015/12/01 17:39:30 ET
Table 'Errai II' 6-max Seat #3 is the button
Seat 3: rumataA ($172.84 in chips)
Seat 6: artiZzt ($96.62 in chips)
rumataA: posts small blind $1
FlorinCatana: is sitting out
artiZzt: posts big blind $3
*** HOLE CARDS ***
rumataA: raises $3 to $6
artiZzt: raises $3 to $9
rumataA: calls $3
*** FLOP *** [4d 8c Jh]
FlorinCatana leaves the table
artiZzt: bets $3
rumataA: calls $3
*** TURN *** [4d 8c Jh] [4c]
artiZzt: bets $6
rumataA: folds
Uncalled bet ($6) returned to artiZzt
artiZzt collected $23.52 from pot
artiZzt: doesn't show hand
*** SUMMARY ***
Total pot $24 | Rake $0.48
Board [4d 8c Jh 4c]
Seat 3: rumataA (button) (small blind) folded on the Turn
Seat 6: artiZzt (big blind) collected ($23.52)


PokerStars Hand #144683572794:  Hold'em Limit ($3/$6 USD) - 2015/12/01 17:39:58 ET
Table 'Errai II' 6-max Seat #3 is the button
Seat 3: rumataA ($157.84 in chips)
Seat 6: artiZzt ($111.14 in chips)
rumataA: posts small blind $1
artiZzt: posts big blind $3
*** HOLE CARDS ***
rumataA: folds
Uncalled bet ($2) returned to artiZzt
artiZzt collected $2 from pot
artiZzt: doesn't show hand
*** SUMMARY ***
Total pot $2 | Rake $0
Seat 3: rumataA (button) (small blind) folded before Flop
Seat 6: artiZzt (big blind) collected ($2)


PokerStars Hand #144683606761:  Hold'em Limit ($3/$6 USD) - 2015/12/01 17:40:37 ET
Table 'Errai II' 6-max Seat #3 is the button
Seat 3: rumataA ($168.36 in chips)
Seat 6: artiZzt ($100.14 in chips)
rumataA: posts small blind $1
artiZzt: posts big blind $3
*** HOLE CARDS ***
rumataA: raises $3 to $6
artiZzt: calls $3
*** FLOP *** [3c 2c Ts]
artiZzt: checks
rumataA: bets $3
artiZzt: raises $3 to $6
rumataA: raises $3 to $9
artiZzt: calls $3
*** TURN *** [3c 2c Ts] [Tc]
artiZzt: checks
rumataA: bets $6
artiZzt: raises $6 to $12
rumataA: raises $6 to $18
artiZzt: calls $6
*** RIVER *** [3c 2c Ts Tc] [Js]
artiZzt: checks
rumataA: bets $6
artiZzt: calls $6
*** SHOW DOWN ***
rumataA: shows [4c 6c] (a flush, Ten high)
artiZzt: shows [5c 7c] (a flush, Ten high - Seven higher)
artiZzt collected $77.50 from pot
*** SUMMARY ***
Total pot $78 | Rake $0.50
Board [3c 2c Ts Tc Js]
Seat 3: rumataA (button) (small blind) showed [4c 6c] and lost with a flush, Ten high
Seat 6: artiZzt (big blind) showed [5c 7c] and won ($77.50) with a flush, Ten high


PokerStars Hand #144683576811:  Hold'em Limit ($3/$6 USD) - 2015/12/01 17:40:02 ET
Table 'Errai II' 6-max Seat #6 is the button
Seat 3: rumataA ($156.84 in chips)
Seat 6: artiZzt ($112.14 in chips)
artiZzt: posts small blind $1
rumataA: posts big blind $3
*** HOLE CARDS ***
artiZzt: raises $3 to $6
rumataA: raises $3 to $9
artiZzt: calls $3
*** FLOP *** [6s Ts 4h]
rumataA: bets $3
artiZzt: calls $3
*** TURN *** [6s Ts 4h] [As]
rumataA: bets $6
artiZzt: folds
Uncalled bet ($6) returned to rumataA
rumataA collected $23.52 from pot
rumataA: doesn't show hand
*** SUMMARY ***
Total pot $24 | Rake $0.48
Board [6s Ts 4h As]
Seat 3: rumataA (big blind) collected ($23.52)
Seat 6: artiZzt (button) (small blind) folded on the Turn


