PokerStars Hand #163043541706:  Hold'em Limit ($3/$6 USD) - 2016/12/16 14:35:36 ET
Table 'Errai' 6-max Seat #2 is the button
Seat 1: ivooo33 ($120 in chips)
Seat 2: Krazy90 ($120 in chips)
Krazy90: posts small blind $1
GoliafUa: is sitting out
ivooo33: posts big blind $3
*** HOLE CARDS ***
Krazy90: folds
Uncalled bet ($2) returned to ivooo33
ivooo33 collected $2 from pot
*** SUMMARY ***
Total pot $2 | Rake $0
Seat 1: ivooo33 (big blind) collected ($2)
Seat 2: Krazy90 (button) (small blind) folded before Flop


PokerStars Hand #163043571439:  Hold'em Limit ($3/$6 USD) - 2016/12/16 14:36:09 ET
Table 'Errai' 6-max Seat #2 is the button
Seat 2: Krazy90 ($120 in chips)
Seat 3: RaisemyNut$ ($120 in chips)
Krazy90: posts small blind $1
RaisemyNut$: posts big blind $3
*** HOLE CARDS ***
Krazy90: raises $3 to $6
RaisemyNut$: raises $3 to $9
Krazy90: calls $3
*** FLOP *** [Tc 8s 8c]
RaisemyNut$: bets $3
Krazy90: calls $3
*** TURN *** [Tc 8s 8c] [Kh]
RaisemyNut$: bets $6
Krazy90: folds
Uncalled bet ($6) returned to RaisemyNut$
RaisemyNut$ collected $23.52 from pot
RaisemyNut$: doesn't show hand
*** SUMMARY ***
Total pot $24 | Rake $0.48
Board [Tc 8s 8c Kh]
Seat 2: Krazy90 (button) (small blind) folded on the Turn
Seat 3: RaisemyNut$ (big blind) collected ($23.52)


PokerStars Hand #163043549291:  Hold'em Limit ($3/$6 USD) - 2016/12/16 14:35:44 ET
Table 'Errai' 6-max Seat #1 is the button
Seat 1: ivooo33 ($121 in chips)
Seat 2: Krazy90 ($120 in chips)
ivooo33: posts small blind $1
Krazy90: posts big blind $3
*** HOLE CARDS ***
ivooo33: raises $3 to $6
Krazy90: calls $3
*** FLOP *** [4h 2s Ks]
Krazy90: checks
ivooo33: checks
*** TURN *** [4h 2s Ks] [5c]
Krazy90: checks
ivooo33: checks
*** RIVER *** [4h 2s Ks 5c] [Ts]
Krazy90: checks
ivooo33: bets $6
Krazy90: calls $6
*** SHOW DOWN ***
ivooo33: shows [Js 9s] (a flush, King high)
Krazy90: mucks hand
ivooo33 collected $23.52 from pot
ivooo33 leaves the table
RaisemyNut$ joins the table at seat #3
*** SUMMARY ***
Total pot $24 | Rake $0.48
Board [4h 2s Ks 5c Ts]
Seat 1: ivooo33 (button) (small blind) showed [Js 9s] and won ($23.52) with a flush, King high
Seat 2: Krazy90 (big blind) mucked


