PokerStars Hand #145878244652:  Hold'em Limit ($3/$6 USD) - 2015/12/25 0:00:58 ET
Table 'Erriapo II' 6-max Seat #1 is the button
Seat 1: VolkovDmitri ($120 in chips)
Seat 3: Dagmars777 ($120 in chips)
VolkovDmitri: posts small blind $1
Dagmars777: posts big blind $3
*** HOLE CARDS ***
VolkovDmitri: raises $3 to $6
Dagmars777: calls $3
*** FLOP *** [3h 7d Td]
Dagmars777: bets $3
VolkovDmitri: raises $3 to $6
Dagmars777: calls $3
*** TURN *** [3h 7d Td] [2d]
Dagmars777: checks
VolkovDmitri: bets $6
Dagmars777: calls $6
*** RIVER *** [3h 7d Td 2d] [Ah]
Dagmars777: bets $6
VolkovDmitri: calls $6
*** SHOW DOWN ***
Dagmars777: shows [4d 7c] (a pair of Sevens)
VolkovDmitri: shows [8c Ts] (a pair of Tens)
VolkovDmitri collected $47.50 from pot
*** SUMMARY ***
Total pot $48 | Rake $0.50
Board [3h 7d Td 2d Ah]
Seat 1: VolkovDmitri (button) (small blind) showed [8c Ts] and won ($47.50) with a pair of Tens
Seat 3: Dagmars777 (big blind) showed [4d 7c] and lost with a pair of Sevens


PokerStars Hand #145878254985:  Hold'em Limit ($3/$6 USD) - 2015/12/25 0:01:37 ET
Table 'Erriapo II' 6-max Seat #3 is the button
Seat 1: VolkovDmitri ($143.50 in chips)
Seat 3: Dagmars777 ($96 in chips)
Dagmars777: posts small blind $1
VolkovDmitri: posts big blind $3
*** HOLE CARDS ***
Dagmars777: calls $2
VolkovDmitri: checks
*** FLOP *** [Kc 3c Jc]
VolkovDmitri: bets $3
Dagmars777: raises $3 to $6
VolkovDmitri: calls $3
*** TURN *** [Kc 3c Jc] [Qs]
VolkovDmitri: checks
Dagmars777: bets $6
VolkovDmitri: folds
Uncalled bet ($6) returned to Dagmars777
Dagmars777 collected $17.64 from pot
Dagmars777: doesn't show hand
*** SUMMARY ***
Total pot $18 | Rake $0.36
Board [Kc 3c Jc Qs]
Seat 1: VolkovDmitri (big blind) folded on the Turn
Seat 3: Dagmars777 (button) (small blind) collected ($17.64)


PokerStars Hand #145878267132:  Hold'em Limit ($3/$6 USD) - 2015/12/25 0:02:23 ET
Table 'Erriapo II' 6-max Seat #1 is the button
Seat 1: VolkovDmitri ($134.50 in chips)
Seat 3: Dagmars777 ($104.64 in chips)
VolkovDmitri: posts small blind $1
Dagmars777: posts big blind $3
*** HOLE CARDS ***
VolkovDmitri: raises $3 to $6
Dagmars777: calls $3
*** FLOP *** [4c 2d As]
Dagmars777: checks
VolkovDmitri: bets $3
Dagmars777: calls $3
*** TURN *** [4c 2d As] [8c]
Dagmars777: bets $6
VolkovDmitri: calls $6
*** RIVER *** [4c 2d As 8c] [3d]
Dagmars777: bets $6
VolkovDmitri: folds
Uncalled bet ($6) returned to Dagmars777
Dagmars777 collected $29.50 from pot
Dagmars777: doesn't show hand
*** SUMMARY ***
Total pot $30 | Rake $0.50
Board [4c 2d As 8c 3d]
Seat 1: VolkovDmitri (button) (small blind) folded on the River
Seat 3: Dagmars777 (big blind) collected ($29.50)


PokerStars Hand #145878291058:  Hold'em Limit ($3/$6 USD) - 2015/12/25 0:03:55 ET
Table 'Erriapo II' 6-max Seat #1 is the button
Seat 1: VolkovDmitri ($120 in chips)
Seat 3: Dagmars777 ($127.78 in chips)
VolkovDmitri: posts small blind $1
Dagmars777: posts big blind $3
*** HOLE CARDS ***
VolkovDmitri: raises $3 to $6
Dagmars777: raises $3 to $9
VolkovDmitri: calls $3
*** FLOP *** [4d 6d Jh]
Dagmars777: bets $3
ChawkDee joins the table at seat #2
VolkovDmitri: calls $3
*** TURN *** [4d 6d Jh] [Ac]
Dagmars777: bets $6
VolkovDmitri: folds
Uncalled bet ($6) returned to Dagmars777
Dagmars777 collected $23.52 from pot
Dagmars777: doesn't show hand
*** SUMMARY ***
Total pot $24 | Rake $0.48
Board [4d 6d Jh Ac]
Seat 1: VolkovDmitri (button) (small blind) folded on the Turn
Seat 3: Dagmars777 (big blind) collected ($23.52)


PokerStars Hand #145878277593:  Hold'em Limit ($3/$6 USD) - 2015/12/25 0:03:03 ET
Table 'Erriapo II' 6-max Seat #3 is the button
Seat 1: VolkovDmitri ($120 in chips)
Seat 3: Dagmars777 ($119.14 in chips)
Dagmars777: posts small blind $1
VolkovDmitri: posts big blind $3
*** HOLE CARDS ***
Dagmars777: calls $2
HAL9QQQ joins the table at seat #6
VolkovDmitri: raises $3 to $6
Dagmars777: calls $3
*** FLOP *** [7c 7d Js]
VolkovDmitri: checks
Dagmars777: bets $3
HAL9QQQ leaves the table
VolkovDmitri: calls $3
*** TURN *** [7c 7d Js] [3c]
VolkovDmitri: checks
HAL9QQQ joins the table at seat #4
Dagmars777: bets $6
VolkovDmitri: folds
Uncalled bet ($6) returned to Dagmars777
Dagmars777 collected $17.64 from pot
Dagmars777: doesn't show hand
*** SUMMARY ***
Total pot $18 | Rake $0.36
Board [7c 7d Js 3c]
Seat 1: VolkovDmitri (big blind) folded on the Turn
Seat 3: Dagmars777 (button) (small blind) collected ($17.64)


