PokerStars Hand #154571613447:  Hold'em Limit ($3/$6 USD) - 2016/06/10 20:50:19 ET
Table 'Erriapo' 10-max Seat #7 is the button
Seat 3: ToDaFelt ($286.92 in chips)
Seat 7: anybody1108 ($123.55 in chips)
anybody1108: posts small blind $1
OneTimeRaise leaves the table
ToDaFelt: posts big blind $3
*** HOLE CARDS ***
anybody1108: folds
Uncalled bet ($2) returned to ToDaFelt
ToDaFelt collected $2 from pot
ToDaFelt: doesn't show hand
*** SUMMARY ***
Total pot $2 | Rake $0
Seat 3: ToDaFelt (big blind) collected ($2)
Seat 7: anybody1108 (button) (small blind) folded before Flop


PokerStars Hand #154571617249:  Hold'em Limit ($3/$6 USD) - 2016/06/10 20:50:27 ET
Table 'Erriapo' 10-max Seat #3 is the button
Seat 3: ToDaFelt ($287.92 in chips)
Seat 7: anybody1108 ($122.55 in chips)
ToDaFelt: posts small blind $1
anybody1108: posts big blind $3
*** HOLE CARDS ***
ToDaFelt: raises $3 to $6
anybody1108: calls $3
*** FLOP *** [8c Ad 4h]
anybody1108: checks
ToDaFelt: bets $3
anybody1108: calls $3
*** TURN *** [8c Ad 4h] [5s]
anybody1108: checks
ToDaFelt: bets $6
anybody1108: calls $6
*** RIVER *** [8c Ad 4h 5s] [2s]
anybody1108: checks
ToDaFelt: bets $6
anybody1108: raises $6 to $12
ToDaFelt: calls $6
*** SHOW DOWN ***
anybody1108: shows [3h 3c] (a straight, Ace to Five)
ToDaFelt: mucks hand
anybody1108 collected $53.50 from pot
*** SUMMARY ***
Total pot $54 | Rake $0.50
Board [8c Ad 4h 5s 2s]
Seat 3: ToDaFelt (button) (small blind) mucked
Seat 7: anybody1108 (big blind) showed [3h 3c] and won ($53.50) with a straight, Ace to Five


PokerStars Hand #154579062260:  Hold'em Limit ($3/$6 USD) - 2016/06/11 3:25:18 ET
Table 'Erriapo' 10-max Seat #5 is the button
Seat 5: xcgxcg2005 ($85.76 in chips)
Seat 8: LifeisagameX ($83.50 in chips)
xcgxcg2005: posts small blind $1
LifeisagameX: posts big blind $3
*** HOLE CARDS ***
xcgxcg2005: folds
Uncalled bet ($2) returned to LifeisagameX
LifeisagameX collected $2 from pot
LifeisagameX: doesn't show hand
*** SUMMARY ***
Total pot $2 | Rake $0
Seat 5: xcgxcg2005 (button) (small blind) folded before Flop
Seat 8: LifeisagameX (big blind) collected ($2)


PokerStars Hand #154579053854:  Hold'em Limit ($3/$6 USD) - 2016/06/11 3:24:50 ET
Table 'Erriapo' 10-max Seat #8 is the button
Seat 5: xcgxcg2005 ($109.76 in chips)
Seat 8: LifeisagameX ($60 in chips)
LifeisagameX: posts small blind $1
xcgxcg2005: posts big blind $3
*** HOLE CARDS ***
LifeisagameX: raises $3 to $6
xcgxcg2005: raises $3 to $9
LifeisagameX: calls $3
*** FLOP *** [4s 7c 7d]
xcgxcg2005: bets $3
LifeisagameX: calls $3
*** TURN *** [4s 7c 7d] [5h]
xcgxcg2005: bets $6
LifeisagameX: calls $6
*** RIVER *** [4s 7c 7d 5h] [Ks]
xcgxcg2005: checks
LifeisagameX: bets $6
xcgxcg2005: calls $6
*** SHOW DOWN ***
LifeisagameX: shows [5c Ah] (two pair, Sevens and Fives)
xcgxcg2005: mucks hand
LifeisagameX collected $47.50 from pot
*** SUMMARY ***
Total pot $48 | Rake $0.50
Board [4s 7c 7d 5h Ks]
Seat 5: xcgxcg2005 (big blind) mucked
Seat 8: LifeisagameX (button) (small blind) showed [5c Ah] and won ($47.50) with two pair, Sevens and Fives


PokerStars Hand #154579072687:  Hold'em Limit ($3/$6 USD) - 2016/06/11 3:25:53 ET
Table 'Erriapo' 10-max Seat #5 is the button
Seat 5: xcgxcg2005 ($93.40 in chips)
Seat 8: LifeisagameX ($75.50 in chips)
xcgxcg2005: posts small blind $1
LifeisagameX: posts big blind $3
*** HOLE CARDS ***
xcgxcg2005: raises $3 to $6
LifeisagameX: calls $3
*** FLOP *** [5d 6c 4d]
LifeisagameX: checks
xcgxcg2005: bets $3
LifeisagameX: calls $3
*** TURN *** [5d 6c 4d] [Kh]
LifeisagameX: checks
xcgxcg2005: bets $6
LifeisagameX: calls $6
*** RIVER *** [5d 6c 4d Kh] [7h]
LifeisagameX: checks
xcgxcg2005: checks
*** SHOW DOWN ***
LifeisagameX: shows [Qh 4c] (a pair of Fours)
xcgxcg2005: shows [Ac 4s] (a pair of Fours - Ace kicker)
xcgxcg2005 collected $29.50 from pot
*** SUMMARY ***
Total pot $30 | Rake $0.50
Board [5d 6c 4d Kh 7h]
Seat 5: xcgxcg2005 (button) (small blind) showed [Ac 4s] and won ($29.50) with a pair of Fours
Seat 8: LifeisagameX (big blind) showed [Qh 4c] and lost with a pair of Fours


PokerStars Hand #154579063764:  Hold'em Limit ($3/$6 USD) - 2016/06/11 3:25:23 ET
Table 'Erriapo' 10-max Seat #8 is the button
Seat 5: xcgxcg2005 ($84.76 in chips)
Seat 8: LifeisagameX ($84.50 in chips)
LifeisagameX: posts small blind $1
xcgxcg2005: posts big blind $3
*** HOLE CARDS ***
LifeisagameX: raises $3 to $6
xcgxcg2005: calls $3
*** FLOP *** [Qs Td Tc]
xcgxcg2005: checks
LifeisagameX: bets $3
xcgxcg2005: raises $3 to $6
LifeisagameX: folds
Uncalled bet ($3) returned to xcgxcg2005
xcgxcg2005 collected $17.64 from pot
xcgxcg2005: doesn't show hand
*** SUMMARY ***
Total pot $18 | Rake $0.36
Board [Qs Td Tc]
Seat 5: xcgxcg2005 (big blind) collected ($17.64)
Seat 8: LifeisagameX (button) (small blind) folded on the Flop


PokerStars Hand #154579083718:  Hold'em Limit ($3/$6 USD) - 2016/06/11 3:26:30 ET
Table 'Erriapo' 10-max Seat #8 is the button
Seat 5: xcgxcg2005 ($107.90 in chips)
Seat 8: LifeisagameX ($60.50 in chips)
LifeisagameX: posts small blind $1
xcgxcg2005: posts big blind $3
*** HOLE CARDS ***
LifeisagameX: raises $3 to $6
xcgxcg2005: raises $3 to $9
LifeisagameX: calls $3
*** FLOP *** [9d Ad Qs]
xcgxcg2005: bets $3
LifeisagameX: calls $3
*** TURN *** [9d Ad Qs] [Qh]
xcgxcg2005: bets $6
LifeisagameX: calls $6
*** RIVER *** [9d Ad Qs Qh] [6s]
xcgxcg2005: checks
LifeisagameX: bets $6
xcgxcg2005: folds
Uncalled bet ($6) returned to LifeisagameX
LifeisagameX collected $35.50 from pot
LifeisagameX: doesn't show hand
*** SUMMARY ***
Total pot $36 | Rake $0.50
Board [9d Ad Qs Qh 6s]
Seat 5: xcgxcg2005 (big blind) folded on the River
Seat 8: LifeisagameX (button) (small blind) collected ($35.50)


PokerStars Hand #154579114824:  Hold'em Limit ($3/$6 USD) - 2016/06/11 3:28:15 ET
Table 'Erriapo' 10-max Seat #5 is the button
Seat 5: xcgxcg2005 ($74.54 in chips)
Seat 8: LifeisagameX ($92.50 in chips)
xcgxcg2005: posts small blind $1
LifeisagameX: posts big blind $3
*** HOLE CARDS ***
xcgxcg2005: folds
Uncalled bet ($2) returned to LifeisagameX
LifeisagameX collected $2 from pot
LifeisagameX: doesn't show hand
*** SUMMARY ***
Total pot $2 | Rake $0
Seat 5: xcgxcg2005 (button) (small blind) folded before Flop
Seat 8: LifeisagameX (big blind) collected ($2)


PokerStars Hand #154579106703:  Hold'em Limit ($3/$6 USD) - 2016/06/11 3:27:48 ET
Table 'Erriapo' 10-max Seat #8 is the button
Seat 5: xcgxcg2005 ($98.54 in chips)
Seat 8: LifeisagameX ($69 in chips)
LifeisagameX: posts small blind $1
xcgxcg2005: posts big blind $3
*** HOLE CARDS ***
LifeisagameX: raises $3 to $6
xcgxcg2005: raises $3 to $9
LifeisagameX: calls $3
*** FLOP *** [5c 7d Js]
xcgxcg2005: bets $3
LifeisagameX: calls $3
*** TURN *** [5c 7d Js] [Jd]
xcgxcg2005: bets $6
LifeisagameX: calls $6
*** RIVER *** [5c 7d Js Jd] [7s]
xcgxcg2005: checks
LifeisagameX: bets $6
xcgxcg2005: calls $6
*** SHOW DOWN ***
LifeisagameX: shows [Td Tc] (two pair, Jacks and Tens)
xcgxcg2005: mucks hand
LifeisagameX collected $47.50 from pot
*** SUMMARY ***
Total pot $48 | Rake $0.50
Board [5c 7d Js Jd 7s]
Seat 5: xcgxcg2005 (big blind) mucked
Seat 8: LifeisagameX (button) (small blind) showed [Td Tc] and won ($47.50) with two pair, Jacks and Tens


PokerStars Hand #154579090998:  Hold'em Limit ($3/$6 USD) - 2016/06/11 3:26:54 ET
Table 'Erriapo' 10-max Seat #5 is the button
Seat 5: xcgxcg2005 ($89.90 in chips)
Seat 8: LifeisagameX ($78 in chips)
xcgxcg2005: posts small blind $1
LifeisagameX: posts big blind $3
*** HOLE CARDS ***
xcgxcg2005: raises $3 to $6
LifeisagameX: calls $3
*** FLOP *** [Qh Qc 6d]
LifeisagameX: checks
xcgxcg2005: bets $3
LifeisagameX: calls $3
*** TURN *** [Qh Qc 6d] [Kh]
LifeisagameX: checks
xcgxcg2005: bets $6
LifeisagameX: folds
Uncalled bet ($6) returned to xcgxcg2005
xcgxcg2005 collected $17.64 from pot
xcgxcg2005: doesn't show hand
*** SUMMARY ***
Total pot $18 | Rake $0.36
Board [Qh Qc 6d Kh]
Seat 5: xcgxcg2005 (button) (small blind) collected ($17.64)
Seat 8: LifeisagameX (big blind) folded on the Turn


PokerStars Hand #154579129208:  Hold'em Limit ($3/$6 USD) - 2016/06/11 3:29:04 ET
Table 'Erriapo' 10-max Seat #8 is the button
Seat 5: xcgxcg2005 ($42.54 in chips)
Seat 8: LifeisagameX ($124 in chips)
LifeisagameX: posts small blind $1
xcgxcg2005: posts big blind $3
*** HOLE CARDS ***
LifeisagameX: raises $3 to $6
xcgxcg2005: folds
Uncalled bet ($3) returned to LifeisagameX
LifeisagameX collected $6 from pot
LifeisagameX: doesn't show hand
*** SUMMARY ***
Total pot $6 | Rake $0
Seat 5: xcgxcg2005 (big blind) folded before Flop
Seat 8: LifeisagameX (button) (small blind) collected ($6)


PokerStars Hand #154579127607:  Hold'em Limit ($3/$6 USD) - 2016/06/11 3:28:58 ET
Table 'Erriapo' 10-max Seat #5 is the button
Seat 5: xcgxcg2005 ($43.54 in chips)
Seat 8: LifeisagameX ($123 in chips)
xcgxcg2005: posts small blind $1
LifeisagameX: posts big blind $3
*** HOLE CARDS ***
xcgxcg2005: folds
Uncalled bet ($2) returned to LifeisagameX
LifeisagameX collected $2 from pot
LifeisagameX: doesn't show hand
*** SUMMARY ***
Total pot $2 | Rake $0
Seat 5: xcgxcg2005 (button) (small blind) folded before Flop
Seat 8: LifeisagameX (big blind) collected ($2)


PokerStars Hand #154579116485:  Hold'em Limit ($3/$6 USD) - 2016/06/11 3:28:21 ET
Table 'Erriapo' 10-max Seat #8 is the button
Seat 5: xcgxcg2005 ($73.54 in chips)
Seat 8: LifeisagameX ($93.50 in chips)
LifeisagameX: posts small blind $1
xcgxcg2005: posts big blind $3
*** HOLE CARDS ***
LifeisagameX: raises $3 to $6
xcgxcg2005: raises $3 to $9
LifeisagameX: calls $3
*** FLOP *** [6d Js Jd]
xcgxcg2005: bets $3
LifeisagameX: calls $3
*** TURN *** [6d Js Jd] [3c]
xcgxcg2005: bets $6
LifeisagameX: calls $6
*** RIVER *** [6d Js Jd 3c] [4h]
xcgxcg2005: bets $6
LifeisagameX: raises $6 to $12
xcgxcg2005: calls $6
*** SHOW DOWN ***
LifeisagameX: shows [Qc Qs] (two pair, Queens and Jacks)
xcgxcg2005: mucks hand
LifeisagameX collected $59.50 from pot
*** SUMMARY ***
Total pot $60 | Rake $0.50
Board [6d Js Jd 3c 4h]
Seat 5: xcgxcg2005 (big blind) mucked
Seat 8: LifeisagameX (button) (small blind) showed [Qc Qs] and won ($59.50) with two pair, Queens and Jacks


PokerStars Hand #154579132354:  Hold'em Limit ($3/$6 USD) - 2016/06/11 3:29:14 ET
Table 'Erriapo' 10-max Seat #5 is the button
Seat 5: xcgxcg2005 ($39.54 in chips)
Seat 8: LifeisagameX ($127 in chips)
xcgxcg2005: posts small blind $1
LifeisagameX: posts big blind $3
*** HOLE CARDS ***
xcgxcg2005: raises $3 to $6
LifeisagameX: calls $3
*** FLOP *** [8d Ad Ah]
LifeisagameX: checks
xcgxcg2005: bets $3
LifeisagameX: folds
Uncalled bet ($3) returned to xcgxcg2005
xcgxcg2005 collected $11.76 from pot
xcgxcg2005: doesn't show hand
*** SUMMARY ***
Total pot $12 | Rake $0.24
Board [8d Ad Ah]
Seat 5: xcgxcg2005 (button) (small blind) collected ($11.76)
Seat 8: LifeisagameX (big blind) folded on the Flop


PokerStars Hand #154579159647:  Hold'em Limit ($3/$6 USD) - 2016/06/11 3:30:46 ET
Table 'Erriapo' 10-max Seat #5 is the button
Seat 5: xcgxcg2005 ($21.30 in chips)
Seat 8: LifeisagameX ($144.50 in chips)
xcgxcg2005: posts small blind $1
LifeisagameX: posts big blind $3
*** HOLE CARDS ***
xcgxcg2005: raises $3 to $6
LifeisagameX: calls $3
*** FLOP *** [6s Ks Td]
LifeisagameX: checks
xcgxcg2005: bets $3
LifeisagameX: calls $3
*** TURN *** [6s Ks Td] [3d]
LifeisagameX: checks
xcgxcg2005: checks
*** RIVER *** [6s Ks Td 3d] [Qc]
LifeisagameX: bets $6
xcgxcg2005: folds
Uncalled bet ($6) returned to LifeisagameX
LifeisagameX collected $17.64 from pot
LifeisagameX: doesn't show hand
xcgxcg2005 leaves the table
*** SUMMARY ***
Total pot $18 | Rake $0.36
Board [6s Ks Td 3d Qc]
Seat 5: xcgxcg2005 (button) (small blind) folded on the River
Seat 8: LifeisagameX (big blind) collected ($17.64)


PokerStars Hand #154579141601:  Hold'em Limit ($3/$6 USD) - 2016/06/11 3:29:45 ET
Table 'Erriapo' 10-max Seat #8 is the button
Seat 5: xcgxcg2005 ($45.30 in chips)
Seat 8: LifeisagameX ($121 in chips)
LifeisagameX: posts small blind $1
xcgxcg2005: posts big blind $3
*** HOLE CARDS ***
LifeisagameX: raises $3 to $6
xcgxcg2005: raises $3 to $9
LifeisagameX: calls $3
*** FLOP *** [7s Qc 2d]
xcgxcg2005: bets $3
LifeisagameX: calls $3
*** TURN *** [7s Qc 2d] [4s]
xcgxcg2005: checks
LifeisagameX: bets $6
xcgxcg2005: raises $6 to $12
LifeisagameX: calls $6
*** RIVER *** [7s Qc 2d 4s] [Td]
xcgxcg2005: checks
LifeisagameX: bets $6
xcgxcg2005: folds
Uncalled bet ($6) returned to LifeisagameX
LifeisagameX collected $47.50 from pot
LifeisagameX: doesn't show hand
*** SUMMARY ***
Total pot $48 | Rake $0.50
Board [7s Qc 2d 4s Td]
Seat 5: xcgxcg2005 (big blind) folded on the River
Seat 8: LifeisagameX (button) (small blind) collected ($47.50)


