PokerStars Hand #148546492549:  Hold'em Limit ($3/$6 USD) - 2016/02/10 3:35:56 ET
Table 'Erriapo' 2-max Seat #1 is the button
Seat 1: LLIAHC17 ($117 in chips)
Seat 2: jl45259071 ($123 in chips)
LLIAHC17: posts small blind $1
jl45259071: posts big blind $3
*** HOLE CARDS ***
LLIAHC17: folds
Uncalled bet ($2) returned to jl45259071
jl45259071 collected $2 from pot
jl45259071: doesn't show hand
*** SUMMARY ***
Total pot $2 | Rake $0
Seat 1: LLIAHC17 (button) (small blind) folded before Flop
Seat 2: jl45259071 (big blind) collected ($2)


PokerStars Hand #148546508520:  Hold'em Limit ($3/$6 USD) - 2016/02/10 3:36:41 ET
Table 'Erriapo' 2-max Seat #2 is the button
Seat 1: LLIAHC17 ($104 in chips)
Seat 2: jl45259071 ($135.52 in chips)
jl45259071: posts small blind $1
LLIAHC17: posts big blind $3
*** HOLE CARDS ***
jl45259071: calls $2
LLIAHC17: checks
*** FLOP *** [6h 8s Th]
LLIAHC17: checks
jl45259071: bets $3
LLIAHC17: folds
Uncalled bet ($3) returned to jl45259071
jl45259071 collected $5.88 from pot
jl45259071: doesn't show hand
*** SUMMARY ***
Total pot $6 | Rake $0.12
Board [6h 8s Th]
Seat 1: LLIAHC17 (big blind) folded on the Flop
Seat 2: jl45259071 (button) (small blind) collected ($5.88)


PokerStars Hand #148546501202:  Hold'em Limit ($3/$6 USD) - 2016/02/10 3:36:20 ET
Table 'Erriapo' 2-max Seat #1 is the button
Seat 1: LLIAHC17 ($113 in chips)
Seat 2: jl45259071 ($126.88 in chips)
LLIAHC17: posts small blind $1
jl45259071: posts big blind $3
*** HOLE CARDS ***
LLIAHC17: raises $3 to $6
jl45259071: calls $3
*** FLOP *** [4d 3h Jh]
jl45259071: checks
LLIAHC17: bets $3
jl45259071: raises $3 to $6
LLIAHC17: folds
Uncalled bet ($3) returned to jl45259071
jl45259071 collected $17.64 from pot
jl45259071: doesn't show hand
*** SUMMARY ***
Total pot $18 | Rake $0.36
Board [4d 3h Jh]
Seat 1: LLIAHC17 (button) (small blind) folded on the Flop
Seat 2: jl45259071 (big blind) collected ($17.64)


PokerStars Hand #148546494224:  Hold'em Limit ($3/$6 USD) - 2016/02/10 3:36:01 ET
Table 'Erriapo' 2-max Seat #2 is the button
Seat 1: LLIAHC17 ($116 in chips)
Seat 2: jl45259071 ($124 in chips)
jl45259071: posts small blind $1
LLIAHC17: posts big blind $3
*** HOLE CARDS ***
jl45259071: calls $2
LLIAHC17: checks
*** FLOP *** [9c Qd Qc]
LLIAHC17: checks
jl45259071: bets $3
LLIAHC17: folds
Uncalled bet ($3) returned to jl45259071
jl45259071 collected $5.88 from pot
jl45259071: doesn't show hand
*** SUMMARY ***
Total pot $6 | Rake $0.12
Board [9c Qd Qc]
Seat 1: LLIAHC17 (big blind) folded on the Flop
Seat 2: jl45259071 (button) (small blind) collected ($5.88)


PokerStars Hand #148546532470:  Hold'em Limit ($3/$6 USD) - 2016/02/10 3:37:47 ET
Table 'Erriapo' 2-max Seat #2 is the button
Seat 1: LLIAHC17 ($86 in chips)
Seat 2: jl45259071 ($152.90 in chips)
jl45259071: posts small blind $1
LLIAHC17: posts big blind $3
*** HOLE CARDS ***
jl45259071: calls $2
LLIAHC17: checks
*** FLOP *** [As 3d 5c]
LLIAHC17: checks
jl45259071: bets $3
LLIAHC17: raises $3 to $6
jl45259071: calls $3
*** TURN *** [As 3d 5c] [4d]
LLIAHC17: checks
jl45259071: bets $6
LLIAHC17: calls $6
*** RIVER *** [As 3d 5c 4d] [7h]
LLIAHC17: checks
jl45259071: bets $6
LLIAHC17: calls $6
*** SHOW DOWN ***
jl45259071: shows [2s 5h] (a straight, Ace to Five)
LLIAHC17: mucks hand
jl45259071 collected $41.50 from pot
*** SUMMARY ***
Total pot $42 | Rake $0.50
Board [As 3d 5c 4d 7h]
Seat 1: LLIAHC17 (big blind) mucked
Seat 2: jl45259071 (button) (small blind) showed [2s 5h] and won ($41.50) with a straight, Ace to Five


PokerStars Hand #148546516344:  Hold'em Limit ($3/$6 USD) - 2016/02/10 3:37:02 ET
Table 'Erriapo' 2-max Seat #1 is the button
Seat 1: LLIAHC17 ($101 in chips)
Seat 2: jl45259071 ($138.40 in chips)
LLIAHC17: posts small blind $1
jl45259071: posts big blind $3
*** HOLE CARDS ***
LLIAHC17: calls $2
jl45259071: checks
*** FLOP *** [Ac Th 2s]
jl45259071: checks
LLIAHC17: bets $3
jl45259071: raises $3 to $6
LLIAHC17: calls $3
*** TURN *** [Ac Th 2s] [9h]
jl45259071: bets $6
LLIAHC17: calls $6
*** RIVER *** [Ac Th 2s 9h] [9c]
jl45259071: checks
LLIAHC17: checks
*** SHOW DOWN ***
jl45259071: shows [As 3d] (two pair, Aces and Nines)
LLIAHC17: mucks hand
jl45259071 collected $29.50 from pot
*** SUMMARY ***
Total pot $30 | Rake $0.50
Board [Ac Th 2s 9h 9c]
Seat 1: LLIAHC17 (button) (small blind) mucked
Seat 2: jl45259071 (big blind) showed [As 3d] and won ($29.50) with two pair, Aces and Nines


PokerStars Hand #148546556455:  Hold'em Limit ($3/$6 USD) - 2016/02/10 3:38:54 ET
Table 'Erriapo' 2-max Seat #1 is the button
Seat 1: LLIAHC17 ($76.50 in chips)
Seat 2: jl45259071 ($161.28 in chips)
LLIAHC17: posts small blind $1
jl45259071: posts big blind $3
*** HOLE CARDS ***
LLIAHC17: raises $3 to $6
jl45259071: calls $3
*** FLOP *** [4d 5s As]
jl45259071: checks
LLIAHC17: bets $3
jl45259071: calls $3
*** TURN *** [4d 5s As] [Ah]
jl45259071: checks
LLIAHC17: checks
*** RIVER *** [4d 5s As Ah] [Qh]
jl45259071: bets $6
LLIAHC17: folds
Uncalled bet ($6) returned to jl45259071
jl45259071 collected $17.64 from pot
jl45259071: doesn't show hand
*** SUMMARY ***
Total pot $18 | Rake $0.36
Board [4d 5s As Ah Qh]
Seat 1: LLIAHC17 (button) (small blind) folded on the River
Seat 2: jl45259071 (big blind) collected ($17.64)


PokerStars Hand #148546554504:  Hold'em Limit ($3/$6 USD) - 2016/02/10 3:38:49 ET
Table 'Erriapo' 2-max Seat #2 is the button
Seat 1: LLIAHC17 ($75.50 in chips)
Seat 2: jl45259071 ($162.28 in chips)
jl45259071: posts small blind $1
LLIAHC17: posts big blind $3
*** HOLE CARDS ***
jl45259071: folds
Uncalled bet ($2) returned to LLIAHC17
LLIAHC17 collected $2 from pot
*** SUMMARY ***
Total pot $2 | Rake $0
Seat 1: LLIAHC17 (big blind) collected ($2)
Seat 2: jl45259071 (button) (small blind) folded before Flop


PokerStars Hand #148546547084:  Hold'em Limit ($3/$6 USD) - 2016/02/10 3:38:28 ET
Table 'Erriapo' 2-max Seat #1 is the button
Seat 1: LLIAHC17 ($61 in chips)
Seat 2: jl45259071 ($177.28 in chips)
LLIAHC17: posts small blind $1
jl45259071: posts big blind $3
*** HOLE CARDS ***
LLIAHC17: calls $2
jl45259071: checks
*** FLOP *** [5s Ts 7c]
jl45259071: checks
LLIAHC17: bets $3
jl45259071: raises $3 to $6
LLIAHC17: calls $3
*** TURN *** [5s Ts 7c] [8s]
jl45259071: bets $6
LLIAHC17: calls $6
*** RIVER *** [5s Ts 7c 8s] [9c]
jl45259071: checks
LLIAHC17: checks
*** SHOW DOWN ***
jl45259071: shows [Td 4d] (a pair of Tens)
LLIAHC17: shows [Th Ks] (a pair of Tens - King kicker)
LLIAHC17 collected $29.50 from pot
*** SUMMARY ***
Total pot $30 | Rake $0.50
Board [5s Ts 7c 8s 9c]
Seat 1: LLIAHC17 (button) (small blind) showed [Th Ks] and won ($29.50) with a pair of Tens
Seat 2: jl45259071 (big blind) showed [Td 4d] and lost with a pair of Tens


PokerStars Hand #148546543469:  Hold'em Limit ($3/$6 USD) - 2016/02/10 3:38:18 ET
Table 'Erriapo' 2-max Seat #2 is the button
Seat 1: LLIAHC17 ($64 in chips)
Seat 2: jl45259071 ($174.40 in chips)
jl45259071: posts small blind $1
LLIAHC17: posts big blind $3
*** HOLE CARDS ***
jl45259071: calls $2
LLIAHC17: checks
*** FLOP *** [4c Td 6c]
LLIAHC17: checks
jl45259071: bets $3
LLIAHC17: folds
Uncalled bet ($3) returned to jl45259071
jl45259071 collected $5.88 from pot
jl45259071: doesn't show hand
*** SUMMARY ***
Total pot $6 | Rake $0.12
Board [4c Td 6c]
Seat 1: LLIAHC17 (big blind) folded on the Flop
Seat 2: jl45259071 (button) (small blind) collected ($5.88)


PokerStars Hand #148546541757:  Hold'em Limit ($3/$6 USD) - 2016/02/10 3:38:13 ET
Table 'Erriapo' 2-max Seat #1 is the button
Seat 1: LLIAHC17 ($65 in chips)
Seat 2: jl45259071 ($173.40 in chips)
LLIAHC17: posts small blind $1
jl45259071: posts big blind $3
*** HOLE CARDS ***
LLIAHC17: folds
Uncalled bet ($2) returned to jl45259071
jl45259071 collected $2 from pot
jl45259071: doesn't show hand
*** SUMMARY ***
Total pot $2 | Rake $0
Seat 1: LLIAHC17 (button) (small blind) folded before Flop
Seat 2: jl45259071 (big blind) collected ($2)


PokerStars Hand #148546577987:  Hold'em Limit ($3/$6 USD) - 2016/02/10 3:39:54 ET
Table 'Erriapo' 2-max Seat #1 is the button
Seat 1: LLIAHC17 ($73 in chips)
Seat 2: jl45259071 ($163.68 in chips)
LLIAHC17: posts small blind $1
jl45259071: posts big blind $3
*** HOLE CARDS ***
LLIAHC17: calls $2
jl45259071: checks
*** FLOP *** [5c Qc 3s]
jl45259071: checks
LLIAHC17: bets $3
jl45259071: calls $3
*** TURN *** [5c Qc 3s] [Ks]
jl45259071: checks
LLIAHC17: bets $6
jl45259071: folds
Uncalled bet ($6) returned to LLIAHC17
LLIAHC17 collected $11.76 from pot
*** SUMMARY ***
Total pot $12 | Rake $0.24
Board [5c Qc 3s Ks]
Seat 1: LLIAHC17 (button) (small blind) collected ($11.76)
Seat 2: jl45259071 (big blind) folded on the Turn


PokerStars Hand #148546571506:  Hold'em Limit ($3/$6 USD) - 2016/02/10 3:39:36 ET
Table 'Erriapo' 2-max Seat #2 is the button
Seat 1: LLIAHC17 ($79 in chips)
Seat 2: jl45259071 ($157.92 in chips)
jl45259071: posts small blind $1
LLIAHC17: posts big blind $3
*** HOLE CARDS ***
jl45259071: calls $2
LLIAHC17: checks
*** FLOP *** [9h Ts 5c]
LLIAHC17: checks
jl45259071: bets $3
LLIAHC17: calls $3
*** TURN *** [9h Ts 5c] [2c]
LLIAHC17: checks
jl45259071: checks
*** RIVER *** [9h Ts 5c 2c] [8s]
LLIAHC17: checks
jl45259071: bets $6
LLIAHC17: folds
Uncalled bet ($6) returned to jl45259071
jl45259071 collected $11.76 from pot
jl45259071: doesn't show hand
*** SUMMARY ***
Total pot $12 | Rake $0.24
Board [9h Ts 5c 2c 8s]
Seat 1: LLIAHC17 (big blind) folded on the River
Seat 2: jl45259071 (button) (small blind) collected ($11.76)


PokerStars Hand #148546564744:  Hold'em Limit ($3/$6 USD) - 2016/02/10 3:39:18 ET
Table 'Erriapo' 2-max Seat #1 is the button
Seat 1: LLIAHC17 ($64.50 in chips)
Seat 2: jl45259071 ($172.92 in chips)
LLIAHC17: posts small blind $1
jl45259071: posts big blind $3
*** HOLE CARDS ***
LLIAHC17: calls $2
jl45259071: raises $3 to $6
LLIAHC17: calls $3
*** FLOP *** [4d 9h 5h]
jl45259071: bets $3
LLIAHC17: calls $3
*** TURN *** [4d 9h 5h] [6h]
jl45259071: checks
LLIAHC17: bets $6
jl45259071: calls $6
*** RIVER *** [4d 9h 5h 6h] [6d]
jl45259071: checks
LLIAHC17: bets $6
jl45259071: folds
Uncalled bet ($6) returned to LLIAHC17
LLIAHC17 collected $29.50 from pot
*** SUMMARY ***
Total pot $30 | Rake $0.50
Board [4d 9h 5h 6h 6d]
Seat 1: LLIAHC17 (button) (small blind) collected ($29.50)
Seat 2: jl45259071 (big blind) folded on the River


PokerStars Hand #148546562276:  Hold'em Limit ($3/$6 USD) - 2016/02/10 3:39:11 ET
Table 'Erriapo' 2-max Seat #2 is the button
Seat 1: LLIAHC17 ($67.50 in chips)
Seat 2: jl45259071 ($169.92 in chips)
jl45259071: posts small blind $1
LLIAHC17: posts big blind $3
*** HOLE CARDS ***
jl45259071: raises $3 to $6
LLIAHC17: folds
Uncalled bet ($3) returned to jl45259071
jl45259071 collected $6 from pot
jl45259071: doesn't show hand
*** SUMMARY ***
Total pot $6 | Rake $0
Seat 1: LLIAHC17 (big blind) folded before Flop
Seat 2: jl45259071 (button) (small blind) collected ($6)


PokerStars Hand #148546595507:  Hold'em Limit ($3/$6 USD) - 2016/02/10 3:40:43 ET
Table 'Erriapo' 2-max Seat #2 is the button
Seat 1: LLIAHC17 ($54.76 in chips)
Seat 2: jl45259071 ($181.06 in chips)
jl45259071: posts small blind $1
LLIAHC17: posts big blind $3
*** HOLE CARDS ***
jl45259071: calls $2
LLIAHC17: checks
*** FLOP *** [3s Ac 4d]
LLIAHC17: checks
jl45259071: bets $3
LLIAHC17: folds
Uncalled bet ($3) returned to jl45259071
jl45259071 collected $5.88 from pot
jl45259071: doesn't show hand
*** SUMMARY ***
Total pot $6 | Rake $0.12
Board [3s Ac 4d]
Seat 1: LLIAHC17 (big blind) folded on the Flop
Seat 2: jl45259071 (button) (small blind) collected ($5.88)


PokerStars Hand #148546588842:  Hold'em Limit ($3/$6 USD) - 2016/02/10 3:40:25 ET
Table 'Erriapo' 2-max Seat #1 is the button
Seat 1: LLIAHC17 ($75.76 in chips)
Seat 2: jl45259071 ($160.56 in chips)
LLIAHC17: posts small blind $1
jl45259071: posts big blind $3
*** HOLE CARDS ***
LLIAHC17: raises $3 to $6
jl45259071: calls $3
*** FLOP *** [Qs Qh Kc]
jl45259071: bets $3
LLIAHC17: calls $3
*** TURN *** [Qs Qh Kc] [4s]
jl45259071: bets $6
LLIAHC17: calls $6
*** RIVER *** [Qs Qh Kc 4s] [8s]
jl45259071: bets $6
LLIAHC17: calls $6
*** SHOW DOWN ***
jl45259071: shows [Ks 6s] (a flush, King high)
LLIAHC17: mucks hand
jl45259071 collected $41.50 from pot
*** SUMMARY ***
Total pot $42 | Rake $0.50
Board [Qs Qh Kc 4s 8s]
Seat 1: LLIAHC17 (button) (small blind) mucked
Seat 2: jl45259071 (big blind) showed [Ks 6s] and won ($41.50) with a flush, King high


PokerStars Hand #148546583635:  Hold'em Limit ($3/$6 USD) - 2016/02/10 3:40:10 ET
Table 'Erriapo' 2-max Seat #2 is the button
Seat 1: LLIAHC17 ($78.76 in chips)
Seat 2: jl45259071 ($157.68 in chips)
jl45259071: posts small blind $1
LLIAHC17: posts big blind $3
*** HOLE CARDS ***
jl45259071: calls $2
LLIAHC17: checks
*** FLOP *** [Kd 8d 2d]
LLIAHC17: checks
jl45259071: bets $3
LLIAHC17: folds
Uncalled bet ($3) returned to jl45259071
jl45259071 collected $5.88 from pot
jl45259071: doesn't show hand
*** SUMMARY ***
Total pot $6 | Rake $0.12
Board [Kd 8d 2d]
Seat 1: LLIAHC17 (big blind) folded on the Flop
Seat 2: jl45259071 (button) (small blind) collected ($5.88)


PokerStars Hand #148546619859:  Hold'em Limit ($3/$6 USD) - 2016/02/10 3:41:51 ET
Table 'Erriapo' 2-max Seat #2 is the button
Seat 1: LLIAHC17 ($93.26 in chips)
Seat 2: jl45259071 ($200.94 in chips)
jl45259071: posts small blind $1
LLIAHC17: posts big blind $3
*** HOLE CARDS ***
jl45259071: raises $3 to $6
LLIAHC17: folds
Uncalled bet ($3) returned to jl45259071
jl45259071 collected $6 from pot
jl45259071: doesn't show hand
*** SUMMARY ***
Total pot $6 | Rake $0
Seat 1: LLIAHC17 (big blind) folded before Flop
Seat 2: jl45259071 (button) (small blind) collected ($6)


PokerStars Hand #148546614799:  Hold'em Limit ($3/$6 USD) - 2016/02/10 3:41:37 ET
Table 'Erriapo' 2-max Seat #1 is the button
Seat 1: LLIAHC17 ($108.26 in chips)
Seat 2: jl45259071 ($186.44 in chips)
LLIAHC17: posts small blind $1
jl45259071: posts big blind $3
*** HOLE CARDS ***
LLIAHC17: raises $3 to $6
jl45259071: calls $3
*** FLOP *** [3c Js 9d]
jl45259071: checks
LLIAHC17: bets $3
jl45259071: calls $3
*** TURN *** [3c Js 9d] [Ah]
jl45259071: checks
LLIAHC17: checks
*** RIVER *** [3c Js 9d Ah] [8c]
jl45259071: bets $6
LLIAHC17: calls $6
*** SHOW DOWN ***
jl45259071: shows [8h 3s] (two pair, Eights and Threes)
LLIAHC17: mucks hand
jl45259071 collected $29.50 from pot
*** SUMMARY ***
Total pot $30 | Rake $0.50
Board [3c Js 9d Ah 8c]
Seat 1: LLIAHC17 (button) (small blind) mucked
Seat 2: jl45259071 (big blind) showed [8h 3s] and won ($29.50) with two pair, Eights and Threes


PokerStars Hand #148546608590:  Hold'em Limit ($3/$6 USD) - 2016/02/10 3:41:20 ET
Table 'Erriapo' 2-max Seat #2 is the button
Seat 1: LLIAHC17 ($126.26 in chips)
Seat 2: jl45259071 ($168.94 in chips)
jl45259071: posts small blind $1
LLIAHC17: posts big blind $3
*** HOLE CARDS ***
jl45259071: calls $2
LLIAHC17: checks
*** FLOP *** [9h As Jc]
LLIAHC17: checks
jl45259071: bets $3
LLIAHC17: calls $3
*** TURN *** [9h As Jc] [5h]
LLIAHC17: checks
jl45259071: bets $6
LLIAHC17: calls $6
*** RIVER *** [9h As Jc 5h] [4d]
LLIAHC17: checks
jl45259071: bets $6
LLIAHC17: calls $6
*** SHOW DOWN ***
jl45259071: shows [4c 9d] (two pair, Nines and Fours)
LLIAHC17: mucks hand
jl45259071 collected $35.50 from pot
*** SUMMARY ***
Total pot $36 | Rake $0.50
Board [9h As Jc 5h 4d]
Seat 1: LLIAHC17 (big blind) mucked
Seat 2: jl45259071 (button) (small blind) showed [4c 9d] and won ($35.50) with two pair, Nines and Fours


PokerStars Hand #148546599528:  Hold'em Limit ($3/$6 USD) - 2016/02/10 3:40:54 ET
Table 'Erriapo' 2-max Seat #1 is the button
Seat 1: LLIAHC17 ($111.76 in chips)
Seat 2: jl45259071 ($183.94 in chips)
LLIAHC17: posts small blind $1
jl45259071: posts big blind $3
*** HOLE CARDS ***
LLIAHC17: raises $3 to $6
jl45259071: calls $3
*** FLOP *** [Ad 4d Td]
jl45259071: checks
LLIAHC17: bets $3
jl45259071: calls $3
*** TURN *** [Ad 4d Td] [Tc]
jl45259071: checks
LLIAHC17: bets $6
jl45259071: calls $6
*** RIVER *** [Ad 4d Td Tc] [7c]
jl45259071: checks
LLIAHC17: bets $6
jl45259071: folds
Uncalled bet ($6) returned to LLIAHC17
LLIAHC17 collected $29.50 from pot
*** SUMMARY ***
Total pot $30 | Rake $0.50
Board [Ad 4d Td Tc 7c]
Seat 1: LLIAHC17 (button) (small blind) collected ($29.50)
Seat 2: jl45259071 (big blind) folded on the River


PokerStars Hand #148546645308:  Hold'em Limit ($3/$6 USD) - 2016/02/10 3:43:02 ET
Table 'Erriapo' 2-max Seat #1 is the button
Seat 1: LLIAHC17 ($110.26 in chips)
Seat 2: jl45259071 ($182.32 in chips)
LLIAHC17: posts small blind $1
jl45259071: posts big blind $3
*** HOLE CARDS ***
LLIAHC17: raises $3 to $6
jl45259071: calls $3
*** FLOP *** [Qh 7c Js]
jl45259071: checks
LLIAHC17: checks
*** TURN *** [Qh 7c Js] [4d]
jl45259071: bets $6
LLIAHC17: folds
Uncalled bet ($6) returned to jl45259071
jl45259071 collected $11.76 from pot
jl45259071: doesn't show hand
*** SUMMARY ***
Total pot $12 | Rake $0.24
Board [Qh 7c Js 4d]
Seat 1: LLIAHC17 (button) (small blind) folded on the Turn
Seat 2: jl45259071 (big blind) collected ($11.76)


PokerStars Hand #148546641063:  Hold'em Limit ($3/$6 USD) - 2016/02/10 3:42:51 ET
Table 'Erriapo' 2-max Seat #2 is the button
Seat 1: LLIAHC17 ($113.26 in chips)
Seat 2: jl45259071 ($179.44 in chips)
jl45259071: posts small blind $1
LLIAHC17: posts big blind $3
*** HOLE CARDS ***
jl45259071: calls $2
LLIAHC17: checks
*** FLOP *** [9d 4d 7d]
LLIAHC17: checks
jl45259071: checks
*** TURN *** [9d 4d 7d] [6d]
LLIAHC17: checks
jl45259071: bets $6
LLIAHC17: folds
Uncalled bet ($6) returned to jl45259071
jl45259071 collected $5.88 from pot
jl45259071: doesn't show hand
*** SUMMARY ***
Total pot $6 | Rake $0.12
Board [9d 4d 7d 6d]
Seat 1: LLIAHC17 (big blind) folded on the Turn
Seat 2: jl45259071 (button) (small blind) collected ($5.88)


PokerStars Hand #148546634349:  Hold'em Limit ($3/$6 USD) - 2016/02/10 3:42:32 ET
Table 'Erriapo' 2-max Seat #1 is the button
Seat 1: LLIAHC17 ($131.26 in chips)
Seat 2: jl45259071 ($161.94 in chips)
LLIAHC17: posts small blind $1
jl45259071: posts big blind $3
*** HOLE CARDS ***
LLIAHC17: raises $3 to $6
jl45259071: raises $3 to $9
LLIAHC17: calls $3
*** FLOP *** [9h Qh 9s]
jl45259071: bets $3
LLIAHC17: calls $3
*** TURN *** [9h Qh 9s] [Jd]
jl45259071: checks
LLIAHC17: checks
*** RIVER *** [9h Qh 9s Jd] [3h]
jl45259071: bets $6
LLIAHC17: calls $6
*** SHOW DOWN ***
jl45259071: shows [Ts Qc] (two pair, Queens and Nines)
LLIAHC17: mucks hand
jl45259071 collected $35.50 from pot
*** SUMMARY ***
Total pot $36 | Rake $0.50
Board [9h Qh 9s Jd 3h]
Seat 1: LLIAHC17 (button) (small blind) mucked
Seat 2: jl45259071 (big blind) showed [Ts Qc] and won ($35.50) with two pair, Queens and Nines


PokerStars Hand #148546628756:  Hold'em Limit ($3/$6 USD) - 2016/02/10 3:42:16 ET
Table 'Erriapo' 2-max Seat #2 is the button
Seat 1: LLIAHC17 ($116.76 in chips)
Seat 2: jl45259071 ($176.94 in chips)
jl45259071: posts small blind $1
LLIAHC17: posts big blind $3
*** HOLE CARDS ***
jl45259071: raises $3 to $6
LLIAHC17: raises $3 to $9
jl45259071: calls $3
*** FLOP *** [8s Qs 5d]
LLIAHC17: checks
jl45259071: checks
*** TURN *** [8s Qs 5d] [Jc]
LLIAHC17: bets $6
jl45259071: calls $6
*** RIVER *** [8s Qs 5d Jc] [9s]
LLIAHC17: checks
jl45259071: checks
*** SHOW DOWN ***
LLIAHC17: shows [Kd Qc] (a pair of Queens)
jl45259071: mucks hand
LLIAHC17 collected $29.50 from pot
*** SUMMARY ***
Total pot $30 | Rake $0.50
Board [8s Qs 5d Jc 9s]
Seat 1: LLIAHC17 (big blind) showed [Kd Qc] and won ($29.50) with a pair of Queens
Seat 2: jl45259071 (button) (small blind) mucked


PokerStars Hand #148546621963:  Hold'em Limit ($3/$6 USD) - 2016/02/10 3:41:57 ET
Table 'Erriapo' 2-max Seat #1 is the button
Seat 1: LLIAHC17 ($90.26 in chips)
Seat 2: jl45259071 ($203.94 in chips)
LLIAHC17: posts small blind $1
jl45259071: posts big blind $3
*** HOLE CARDS ***
LLIAHC17: raises $3 to $6
jl45259071: calls $3
*** FLOP *** [Qd 9s 7c]
jl45259071: bets $3
LLIAHC17: calls $3
*** TURN *** [Qd 9s 7c] [Td]
jl45259071: bets $6
LLIAHC17: calls $6
*** RIVER *** [Qd 9s 7c Td] [7s]
jl45259071: bets $6
LLIAHC17: raises $6 to $12
jl45259071: calls $6
*** SHOW DOWN ***
LLIAHC17: shows [7d 5d] (three of a kind, Sevens)
jl45259071: mucks hand
LLIAHC17 collected $53.50 from pot
*** SUMMARY ***
Total pot $54 | Rake $0.50
Board [Qd 9s 7c Td 7s]
Seat 1: LLIAHC17 (button) (small blind) showed [7d 5d] and won ($53.50) with three of a kind, Sevens
Seat 2: jl45259071 (big blind) mucked


PokerStars Hand #148546664219:  Hold'em Limit ($3/$6 USD) - 2016/02/10 3:43:55 ET
Table 'Erriapo' 2-max Seat #2 is the button
Seat 1: LLIAHC17 ($121.64 in chips)
Seat 2: jl45259071 ($170.08 in chips)
jl45259071: posts small blind $1
LLIAHC17: posts big blind $3
*** HOLE CARDS ***
jl45259071: calls $2
LLIAHC17: checks
*** FLOP *** [3c 9s 2c]
LLIAHC17: checks
jl45259071: bets $3
LLIAHC17: folds
Uncalled bet ($3) returned to jl45259071
jl45259071 collected $5.88 from pot
jl45259071: doesn't show hand
*** SUMMARY ***
Total pot $6 | Rake $0.12
Board [3c 9s 2c]
Seat 1: LLIAHC17 (big blind) folded on the Flop
Seat 2: jl45259071 (button) (small blind) collected ($5.88)


PokerStars Hand #148546654458:  Hold'em Limit ($3/$6 USD) - 2016/02/10 3:43:28 ET
Table 'Erriapo' 2-max Seat #1 is the button
Seat 1: LLIAHC17 ($107.14 in chips)
Seat 2: jl45259071 ($185.08 in chips)
LLIAHC17: posts small blind $1
jl45259071: posts big blind $3
*** HOLE CARDS ***
LLIAHC17: raises $3 to $6
jl45259071: calls $3
*** FLOP *** [4c 5h Tc]
jl45259071: checks
LLIAHC17: bets $3
jl45259071: calls $3
*** TURN *** [4c 5h Tc] [9c]
jl45259071: checks
LLIAHC17: bets $6
jl45259071: calls $6
*** RIVER *** [4c 5h Tc 9c] [Qs]
jl45259071: checks
LLIAHC17: bets $6
jl45259071: folds
Uncalled bet ($6) returned to LLIAHC17
LLIAHC17 collected $29.50 from pot
*** SUMMARY ***
Total pot $30 | Rake $0.50
Board [4c 5h Tc 9c Qs]
Seat 1: LLIAHC17 (button) (small blind) collected ($29.50)
Seat 2: jl45259071 (big blind) folded on the River


PokerStars Hand #148546649495:  Hold'em Limit ($3/$6 USD) - 2016/02/10 3:43:14 ET
Table 'Erriapo' 2-max Seat #2 is the button
Seat 1: LLIAHC17 ($104.26 in chips)
Seat 2: jl45259071 ($188.08 in chips)
jl45259071: posts small blind $1
LLIAHC17: posts big blind $3
*** HOLE CARDS ***
jl45259071: calls $2
LLIAHC17: checks
*** FLOP *** [2s 8s 8d]
LLIAHC17: checks
jl45259071: checks
*** TURN *** [2s 8s 8d] [4s]
LLIAHC17: bets $6
jl45259071: folds
Uncalled bet ($6) returned to LLIAHC17
LLIAHC17 collected $5.88 from pot
*** SUMMARY ***
Total pot $6 | Rake $0.12
Board [2s 8s 8d 4s]
Seat 1: LLIAHC17 (big blind) collected ($5.88)
Seat 2: jl45259071 (button) (small blind) folded on the Turn


PokerStars Hand #148546689778:  Hold'em Limit ($3/$6 USD) - 2016/02/10 3:45:05 ET
Table 'Erriapo' 2-max Seat #1 is the button
Seat 1: LLIAHC17 ($159.42 in chips)
Seat 2: jl45259071 ($130.84 in chips)
LLIAHC17: posts small blind $1
jl45259071: posts big blind $3
*** HOLE CARDS ***
LLIAHC17: folds
Uncalled bet ($2) returned to jl45259071
jl45259071 collected $2 from pot
jl45259071: doesn't show hand
*** SUMMARY ***
Total pot $2 | Rake $0
Seat 1: LLIAHC17 (button) (small blind) folded before Flop
Seat 2: jl45259071 (big blind) collected ($2)


PokerStars Hand #148546684980:  Hold'em Limit ($3/$6 USD) - 2016/02/10 3:44:52 ET
Table 'Erriapo' 2-max Seat #2 is the button
Seat 1: LLIAHC17 ($162.42 in chips)
Seat 2: jl45259071 ($127.96 in chips)
jl45259071: posts small blind $1
LLIAHC17: posts big blind $3
*** HOLE CARDS ***
jl45259071: calls $2
LLIAHC17: checks
*** FLOP *** [Ks 2d 2s]
LLIAHC17: checks
jl45259071: checks
*** TURN *** [Ks 2d 2s] [6h]
LLIAHC17: checks
jl45259071: bets $6
LLIAHC17: folds
Uncalled bet ($6) returned to jl45259071
jl45259071 collected $5.88 from pot
jl45259071: doesn't show hand
*** SUMMARY ***
Total pot $6 | Rake $0.12
Board [Ks 2d 2s 6h]
Seat 1: LLIAHC17 (big blind) folded on the Turn
Seat 2: jl45259071 (button) (small blind) collected ($5.88)


PokerStars Hand #148546678042:  Hold'em Limit ($3/$6 USD) - 2016/02/10 3:44:33 ET
Table 'Erriapo' 2-max Seat #1 is the button
Seat 1: LLIAHC17 ($135.92 in chips)
Seat 2: jl45259071 ($154.96 in chips)
LLIAHC17: posts small blind $1
jl45259071: posts big blind $3
*** HOLE CARDS ***
LLIAHC17: calls $2
jl45259071: checks
*** FLOP *** [8h 2c 5c]
jl45259071: checks
LLIAHC17: bets $3
jl45259071: raises $3 to $6
LLIAHC17: calls $3
*** TURN *** [8h 2c 5c] [4s]
jl45259071: bets $6
LLIAHC17: calls $6
*** RIVER *** [8h 2c 5c 4s] [Td]
jl45259071: bets $6
LLIAHC17: raises $6 to $12
jl45259071: calls $6
*** SHOW DOWN ***
LLIAHC17: shows [Tc 8d] (two pair, Tens and Eights)
jl45259071: mucks hand
LLIAHC17 collected $53.50 from pot
*** SUMMARY ***
Total pot $54 | Rake $0.50
Board [8h 2c 5c 4s Td]
Seat 1: LLIAHC17 (button) (small blind) showed [Tc 8d] and won ($53.50) with two pair, Tens and Eights
Seat 2: jl45259071 (big blind) mucked


PokerStars Hand #148546672942:  Hold'em Limit ($3/$6 USD) - 2016/02/10 3:44:19 ET
Table 'Erriapo' 2-max Seat #2 is the button
Seat 1: LLIAHC17 ($127.28 in chips)
Seat 2: jl45259071 ($163.96 in chips)
jl45259071: posts small blind $1
LLIAHC17: posts big blind $3
*** HOLE CARDS ***
jl45259071: calls $2
LLIAHC17: raises $3 to $6
jl45259071: calls $3
*** FLOP *** [7d Kh 6h]
LLIAHC17: bets $3
jl45259071: calls $3
*** TURN *** [7d Kh 6h] [Js]
LLIAHC17: bets $6
jl45259071: folds
Uncalled bet ($6) returned to LLIAHC17
LLIAHC17 collected $17.64 from pot
*** SUMMARY ***
Total pot $18 | Rake $0.36
Board [7d Kh 6h Js]
Seat 1: LLIAHC17 (big blind) collected ($17.64)
Seat 2: jl45259071 (button) (small blind) folded on the Turn


PokerStars Hand #148546667737:  Hold'em Limit ($3/$6 USD) - 2016/02/10 3:44:04 ET
Table 'Erriapo' 2-max Seat #1 is the button
Seat 1: LLIAHC17 ($118.64 in chips)
Seat 2: jl45259071 ($172.96 in chips)
LLIAHC17: posts small blind $1
jl45259071: posts big blind $3
*** HOLE CARDS ***
LLIAHC17: calls $2
jl45259071: checks
*** FLOP *** [3s 9d 5h]
jl45259071: checks
LLIAHC17: checks
*** TURN *** [3s 9d 5h] [Ac]
jl45259071: bets $6
LLIAHC17: raises $6 to $12
jl45259071: folds
Uncalled bet ($6) returned to LLIAHC17
LLIAHC17 collected $17.64 from pot
*** SUMMARY ***
Total pot $18 | Rake $0.36
Board [3s 9d 5h Ac]
Seat 1: LLIAHC17 (button) (small blind) collected ($17.64)
Seat 2: jl45259071 (big blind) folded on the Turn


PokerStars Hand #148546703451:  Hold'em Limit ($3/$6 USD) - 2016/02/10 3:45:42 ET
Table 'Erriapo' 2-max Seat #2 is the button
Seat 1: LLIAHC17 ($184.44 in chips)
Seat 2: jl45259071 ($104.84 in chips)
jl45259071: posts small blind $1
LLIAHC17: posts big blind $3
*** HOLE CARDS ***
jl45259071: calls $2
LLIAHC17: checks
*** FLOP *** [5h Kh Ts]
LLIAHC17: checks
jl45259071: checks
*** TURN *** [5h Kh Ts] [2s]
LLIAHC17: checks
jl45259071: checks
*** RIVER *** [5h Kh Ts 2s] [Qc]
LLIAHC17: checks
jl45259071: checks
*** SHOW DOWN ***
LLIAHC17: shows [5s Jh] (a pair of Fives)
jl45259071: mucks hand
LLIAHC17 collected $5.88 from pot
*** SUMMARY ***
Total pot $6 | Rake $0.12
Board [5h Kh Ts 2s Qc]
Seat 1: LLIAHC17 (big blind) showed [5s Jh] and won ($5.88) with a pair of Fives
Seat 2: jl45259071 (button) (small blind) mucked


PokerStars Hand #148546697920:  Hold'em Limit ($3/$6 USD) - 2016/02/10 3:45:27 ET
Table 'Erriapo' 2-max Seat #1 is the button
Seat 1: LLIAHC17 ($172.92 in chips)
Seat 2: jl45259071 ($116.84 in chips)
LLIAHC17: posts small blind $1
jl45259071: posts big blind $3
*** HOLE CARDS ***
LLIAHC17: calls $2
jl45259071: checks
*** FLOP *** [6h 9h 3c]
jl45259071: checks
LLIAHC17: bets $3
jl45259071: calls $3
*** TURN *** [6h 9h 3c] [2c]
jl45259071: checks
LLIAHC17: checks
*** RIVER *** [6h 9h 3c 2c] [7h]
jl45259071: bets $6
LLIAHC17: calls $6
*** SHOW DOWN ***
jl45259071: shows [8h 6s] (a pair of Sixes)
LLIAHC17: shows [7c 4s] (a pair of Sevens)
LLIAHC17 collected $23.52 from pot
*** SUMMARY ***
Total pot $24 | Rake $0.48
Board [6h 9h 3c 2c 7h]
Seat 1: LLIAHC17 (button) (small blind) showed [7c 4s] and won ($23.52) with a pair of Sevens
Seat 2: jl45259071 (big blind) showed [8h 6s] and lost with a pair of Sixes


PokerStars Hand #148546691505:  Hold'em Limit ($3/$6 USD) - 2016/02/10 3:45:10 ET
Table 'Erriapo' 2-max Seat #2 is the button
Seat 1: LLIAHC17 ($158.42 in chips)
Seat 2: jl45259071 ($131.84 in chips)
jl45259071: posts small blind $1
LLIAHC17: posts big blind $3
*** HOLE CARDS ***
jl45259071: raises $3 to $6
LLIAHC17: calls $3
*** FLOP *** [9d Jc 7d]
LLIAHC17: checks
jl45259071: bets $3
LLIAHC17: calls $3
*** TURN *** [9d Jc 7d] [3c]
LLIAHC17: checks
jl45259071: bets $6
LLIAHC17: calls $6
*** RIVER *** [9d Jc 7d 3c] [5c]
LLIAHC17: checks
jl45259071: checks
*** SHOW DOWN ***
LLIAHC17: shows [6s 8h] (a straight, Five to Nine)
jl45259071: mucks hand
LLIAHC17 collected $29.50 from pot
*** SUMMARY ***
Total pot $30 | Rake $0.50
Board [9d Jc 7d 3c 5c]
Seat 1: LLIAHC17 (big blind) showed [6s 8h] and won ($29.50) with a straight, Five to Nine
Seat 2: jl45259071 (button) (small blind) mucked


PokerStars Hand #148546729915:  Hold'em Limit ($3/$6 USD) - 2016/02/10 3:46:54 ET
Table 'Erriapo' 2-max Seat #2 is the button
Seat 1: LLIAHC17 ($193.82 in chips)
Seat 2: jl45259071 ($99.45 in chips)
jl45259071: posts small blind $1
LLIAHC17: posts big blind $3
*** HOLE CARDS ***
jl45259071: calls $2
LLIAHC17: checks
*** FLOP *** [5c 6s 6c]
LLIAHC17: checks
jl45259071: checks
*** TURN *** [5c 6s 6c] [Ks]
LLIAHC17: checks
jl45259071: bets $6
LLIAHC17: folds
Uncalled bet ($6) returned to jl45259071
jl45259071 collected $5.88 from pot
jl45259071: doesn't show hand
*** SUMMARY ***
Total pot $6 | Rake $0.12
Board [5c 6s 6c Ks]
Seat 1: LLIAHC17 (big blind) folded on the Turn
Seat 2: jl45259071 (button) (small blind) collected ($5.88)


PokerStars Hand #148546727689:  Hold'em Limit ($3/$6 USD) - 2016/02/10 3:46:48 ET
Table 'Erriapo' 2-max Seat #1 is the button
Seat 1: LLIAHC17 ($194.82 in chips)
Seat 2: jl45259071 ($98.45 in chips)
LLIAHC17: posts small blind $1
jl45259071: posts big blind $3
*** HOLE CARDS ***
LLIAHC17: folds
Uncalled bet ($2) returned to jl45259071
jl45259071 collected $2 from pot
jl45259071: doesn't show hand
*** SUMMARY ***
Total pot $2 | Rake $0
Seat 1: LLIAHC17 (button) (small blind) folded before Flop
Seat 2: jl45259071 (big blind) collected ($2)


PokerStars Hand #148546723500:  Hold'em Limit ($3/$6 USD) - 2016/02/10 3:46:36 ET
Table 'Erriapo' 2-max Seat #2 is the button
Seat 1: LLIAHC17 ($197.82 in chips)
Seat 2: jl45259071 ($95.57 in chips)
jl45259071: posts small blind $1
LLIAHC17: posts big blind $3
*** HOLE CARDS ***
jl45259071: calls $2
LLIAHC17: checks
*** FLOP *** [5c Jd 4h]
LLIAHC17: checks
jl45259071: bets $3
LLIAHC17: folds
Uncalled bet ($3) returned to jl45259071
jl45259071 collected $5.88 from pot
*** SUMMARY ***
Total pot $6 | Rake $0.12
Board [5c Jd 4h]
Seat 1: LLIAHC17 (big blind) folded on the Flop
Seat 2: jl45259071 (button) (small blind) collected ($5.88)


PokerStars Hand #148546721624:  Hold'em Limit ($3/$6 USD) - 2016/02/10 3:46:31 ET
Table 'Erriapo' 2-max Seat #1 is the button
Seat 1: LLIAHC17 ($198.82 in chips)
Seat 2: jl45259071 ($94.57 in chips)
LLIAHC17: posts small blind $1
jl45259071: posts big blind $3
*** HOLE CARDS ***
LLIAHC17: folds
Uncalled bet ($2) returned to jl45259071
jl45259071 collected $2 from pot
jl45259071: doesn't show hand
*** SUMMARY ***
Total pot $2 | Rake $0
Seat 1: LLIAHC17 (button) (small blind) folded before Flop
Seat 2: jl45259071 (big blind) collected ($2)


PokerStars Hand #148546717806:  Hold'em Limit ($3/$6 USD) - 2016/02/10 3:46:21 ET
Table 'Erriapo' 2-max Seat #2 is the button
Seat 1: LLIAHC17 ($201.82 in chips)
Seat 2: jl45259071 ($91.69 in chips)
jl45259071: posts small blind $1
LLIAHC17: posts big blind $3
*** HOLE CARDS ***
jl45259071: calls $2
LLIAHC17: checks
*** FLOP *** [9c 4d 7h]
LLIAHC17: checks
jl45259071: bets $3
LLIAHC17: folds
Uncalled bet ($3) returned to jl45259071
jl45259071 collected $5.88 from pot
jl45259071: doesn't show hand
*** SUMMARY ***
Total pot $6 | Rake $0.12
Board [9c 4d 7h]
Seat 1: LLIAHC17 (big blind) folded on the Flop
Seat 2: jl45259071 (button) (small blind) collected ($5.88)


PokerStars Hand #148546711326:  Hold'em Limit ($3/$6 USD) - 2016/02/10 3:46:03 ET
Table 'Erriapo' 2-max Seat #1 is the button
Seat 1: LLIAHC17 ($187.32 in chips)
Seat 2: jl45259071 ($106.69 in chips)
LLIAHC17: posts small blind $1
jl45259071: posts big blind $3
*** HOLE CARDS ***
LLIAHC17: calls $2
jl45259071: raises $3 to $6
LLIAHC17: calls $3
*** FLOP *** [4d 9d Ts]
jl45259071: bets $3
LLIAHC17: calls $3
*** TURN *** [4d 9d Ts] [Kd]
jl45259071: bets $6
LLIAHC17: calls $6
*** RIVER *** [4d 9d Ts Kd] [4h]
jl45259071: checks
LLIAHC17: checks
*** SHOW DOWN ***
jl45259071: shows [Ah 3h] (a pair of Fours)
LLIAHC17: shows [6d 9h] (two pair, Nines and Fours)
LLIAHC17 collected $29.50 from pot
*** SUMMARY ***
Total pot $30 | Rake $0.50
Board [4d 9d Ts Kd 4h]
Seat 1: LLIAHC17 (button) (small blind) showed [6d 9h] and won ($29.50) with two pair, Nines and Fours
Seat 2: jl45259071 (big blind) showed [Ah 3h] and lost with a pair of Fours


PokerStars Hand #148546746470:  Hold'em Limit ($3/$6 USD) - 2016/02/10 3:47:38 ET
Table 'Erriapo' 2-max Seat #1 is the button
Seat 1: LLIAHC17 ($213.96 in chips)
Seat 2: jl45259071 ($78.33 in chips)
LLIAHC17: posts small blind $1
jl45259071: posts big blind $3
*** HOLE CARDS ***
LLIAHC17: calls $2
jl45259071: raises $3 to $6
LLIAHC17: calls $3
*** FLOP *** [Kh 9c Js]
jl45259071: bets $3
LLIAHC17: folds
Uncalled bet ($3) returned to jl45259071
jl45259071 collected $11.76 from pot
jl45259071: doesn't show hand
*** SUMMARY ***
Total pot $12 | Rake $0.24
Board [Kh 9c Js]
Seat 1: LLIAHC17 (button) (small blind) folded on the Flop
Seat 2: jl45259071 (big blind) collected ($11.76)


PokerStars Hand #148546741234:  Hold'em Limit ($3/$6 USD) - 2016/02/10 3:47:24 ET
Table 'Erriapo' 2-max Seat #2 is the button
Seat 1: LLIAHC17 ($205.32 in chips)
Seat 2: jl45259071 ($87.33 in chips)
jl45259071: posts small blind $1
LLIAHC17: posts big blind $3
*** HOLE CARDS ***
jl45259071: calls $2
LLIAHC17: raises $3 to $6
jl45259071: calls $3
*** FLOP *** [Qd 9h Qs]
LLIAHC17: bets $3
jl45259071: calls $3
*** TURN *** [Qd 9h Qs] [2c]
LLIAHC17: bets $6
jl45259071: folds
Uncalled bet ($6) returned to LLIAHC17
LLIAHC17 collected $17.64 from pot
*** SUMMARY ***
Total pot $18 | Rake $0.36
Board [Qd 9h Qs 2c]
Seat 1: LLIAHC17 (big blind) collected ($17.64)
Seat 2: jl45259071 (button) (small blind) folded on the Turn


PokerStars Hand #148546734739:  Hold'em Limit ($3/$6 USD) - 2016/02/10 3:47:06 ET
Table 'Erriapo' 2-max Seat #1 is the button
Seat 1: LLIAHC17 ($190.82 in chips)
Seat 2: jl45259071 ($102.33 in chips)
LLIAHC17: posts small blind $1
jl45259071: posts big blind $3
*** HOLE CARDS ***
LLIAHC17: calls $2
jl45259071: raises $3 to $6
LLIAHC17: calls $3
*** FLOP *** [2h Td 4h]
jl45259071: bets $3
LLIAHC17: calls $3
*** TURN *** [2h Td 4h] [8s]
jl45259071: checks
LLIAHC17: bets $6
jl45259071: calls $6
*** RIVER *** [2h Td 4h 8s] [3d]
jl45259071: checks
LLIAHC17: checks
*** SHOW DOWN ***
jl45259071: shows [Qs Ac] (high card Ace)
LLIAHC17: shows [5h 4d] (a pair of Fours)
LLIAHC17 collected $29.50 from pot
*** SUMMARY ***
Total pot $30 | Rake $0.50
Board [2h Td 4h 8s 3d]
Seat 1: LLIAHC17 (button) (small blind) showed [5h 4d] and won ($29.50) with a pair of Fours
Seat 2: jl45259071 (big blind) showed [Qs Ac] and lost with high card Ace


PokerStars Hand #148546773328:  Hold'em Limit ($3/$6 USD) - 2016/02/10 3:48:50 ET
Table 'Erriapo' 2-max Seat #2 is the button
Seat 1: LLIAHC17 ($204.48 in chips)
Seat 2: jl45259071 ($86.59 in chips)
jl45259071: posts small blind $1
LLIAHC17: posts big blind $3
*** HOLE CARDS ***
jl45259071: calls $2
LLIAHC17: checks
*** FLOP *** [Ad Qd 3c]
LLIAHC17: checks
jl45259071: bets $3
LLIAHC17: folds
Uncalled bet ($3) returned to jl45259071
jl45259071 collected $5.88 from pot
jl45259071: doesn't show hand
*** SUMMARY ***
Total pot $6 | Rake $0.12
Board [Ad Qd 3c]
Seat 1: LLIAHC17 (big blind) folded on the Flop
Seat 2: jl45259071 (button) (small blind) collected ($5.88)


PokerStars Hand #148546765989:  Hold'em Limit ($3/$6 USD) - 2016/02/10 3:48:31 ET
Table 'Erriapo' 2-max Seat #1 is the button
Seat 1: LLIAHC17 ($192.96 in chips)
Seat 2: jl45259071 ($98.59 in chips)
LLIAHC17: posts small blind $1
jl45259071: posts big blind $3
*** HOLE CARDS ***
LLIAHC17: calls $2
jl45259071: checks
*** FLOP *** [5d 4h 4c]
jl45259071: checks
LLIAHC17: bets $3
jl45259071: calls $3
*** TURN *** [5d 4h 4c] [5s]
jl45259071: checks
LLIAHC17: checks
*** RIVER *** [5d 4h 4c 5s] [Ad]
jl45259071: checks
LLIAHC17: bets $6
jl45259071: calls $6
*** SHOW DOWN ***
LLIAHC17: shows [5h 6d] (a full house, Fives full of Fours)
jl45259071: mucks hand
LLIAHC17 collected $23.52 from pot
*** SUMMARY ***
Total pot $24 | Rake $0.48
Board [5d 4h 4c 5s Ad]
Seat 1: LLIAHC17 (button) (small blind) showed [5h 6d] and won ($23.52) with a full house, Fives full of Fours
Seat 2: jl45259071 (big blind) mucked


PokerStars Hand #148546755936:  Hold'em Limit ($3/$6 USD) - 2016/02/10 3:48:04 ET
Table 'Erriapo' 2-max Seat #2 is the button
Seat 1: LLIAHC17 ($207.96 in chips)
Seat 2: jl45259071 ($84.09 in chips)
jl45259071: posts small blind $1
LLIAHC17: posts big blind $3
*** HOLE CARDS ***
jl45259071: calls $2
LLIAHC17: checks
*** FLOP *** [Ad 2s 3s]
LLIAHC17: checks
jl45259071: checks
*** TURN *** [Ad 2s 3s] [5c]
LLIAHC17: checks
jl45259071: bets $6
LLIAHC17: raises $6 to $12
jl45259071: calls $6
*** RIVER *** [Ad 2s 3s 5c] [5s]
LLIAHC17: checks
jl45259071: bets $6
LLIAHC17: folds
Uncalled bet ($6) returned to jl45259071
jl45259071 collected $29.50 from pot
jl45259071: doesn't show hand
*** SUMMARY ***
Total pot $30 | Rake $0.50
Board [Ad 2s 3s 5c 5s]
Seat 1: LLIAHC17 (big blind) folded on the River
Seat 2: jl45259071 (button) (small blind) collected ($29.50)


PokerStars Hand #148546776998:  Hold'em Limit ($3/$6 USD) - 2016/02/10 3:49:01 ET
Table 'Erriapo' 2-max Seat #1 is the button
Seat 1: LLIAHC17 ($201.48 in chips)
Seat 2: jl45259071 ($89.47 in chips)
LLIAHC17: posts small blind $1
jl45259071: posts big blind $3
*** HOLE CARDS ***
LLIAHC17: calls $2
jl45259071: checks
*** FLOP *** [Qd Jc 6s]
jl45259071: checks
LLIAHC17: checks
*** TURN *** [Qd Jc 6s] [9s]
jl45259071: checks
LLIAHC17: bets $6
jl45259071: folds
Uncalled bet ($6) returned to LLIAHC17
LLIAHC17 collected $5.88 from pot
*** SUMMARY ***
Total pot $6 | Rake $0.12
Board [Qd Jc 6s 9s]
Seat 1: LLIAHC17 (button) (small blind) collected ($5.88)
Seat 2: jl45259071 (big blind) folded on the Turn


PokerStars Hand #148546785089:  Hold'em Limit ($3/$6 USD) - 2016/02/10 3:49:23 ET
Table 'Erriapo' 2-max Seat #2 is the button
Seat 1: LLIAHC17 ($204.36 in chips)
Seat 2: jl45259071 ($86.47 in chips)
jl45259071: posts small blind $1
LLIAHC17: posts big blind $3
*** HOLE CARDS ***
jl45259071: calls $2
LLIAHC17: checks
*** FLOP *** [3d 3s Ac]
LLIAHC17: checks
jl45259071: checks
*** TURN *** [3d 3s Ac] [4d]
LLIAHC17: bets $6
jl45259071: calls $6
*** RIVER *** [3d 3s Ac 4d] [6h]
LLIAHC17: bets $6
jl45259071: folds
Uncalled bet ($6) returned to LLIAHC17
LLIAHC17 collected $17.64 from pot
*** SUMMARY ***
Total pot $18 | Rake $0.36
Board [3d 3s Ac 4d 6h]
Seat 1: LLIAHC17 (big blind) collected ($17.64)
Seat 2: jl45259071 (button) (small blind) folded on the River


PokerStars Hand #148546791204:  Hold'em Limit ($3/$6 USD) - 2016/02/10 3:49:39 ET
Table 'Erriapo' 2-max Seat #1 is the button
Seat 1: LLIAHC17 ($213 in chips)
Seat 2: jl45259071 ($77.47 in chips)
LLIAHC17: posts small blind $1
jl45259071: posts big blind $3
*** HOLE CARDS ***
LLIAHC17: calls $2
jl45259071: checks
*** FLOP *** [4d Kh 2h]
jl45259071: checks
LLIAHC17: checks
*** TURN *** [4d Kh 2h] [Th]
jl45259071: bets $6
LLIAHC17: folds
Uncalled bet ($6) returned to jl45259071
jl45259071 collected $5.88 from pot
jl45259071: doesn't show hand
*** SUMMARY ***
Total pot $6 | Rake $0.12
Board [4d Kh 2h Th]
Seat 1: LLIAHC17 (button) (small blind) folded on the Turn
Seat 2: jl45259071 (big blind) collected ($5.88)


PokerStars Hand #148546796039:  Hold'em Limit ($3/$6 USD) - 2016/02/10 3:49:52 ET
Table 'Erriapo' 2-max Seat #2 is the button
Seat 1: LLIAHC17 ($210 in chips)
Seat 2: jl45259071 ($80.35 in chips)
jl45259071: posts small blind $1
LLIAHC17: posts big blind $3
*** HOLE CARDS ***
jl45259071: raises $3 to $6
LLIAHC17: calls $3
*** FLOP *** [2s Kh 9h]
LLIAHC17: checks
jl45259071: bets $3
LLIAHC17: calls $3
*** TURN *** [2s Kh 9h] [5s]
LLIAHC17: checks
jl45259071: checks
*** RIVER *** [2s Kh 9h 5s] [2h]
LLIAHC17: bets $6
jl45259071: folds
Uncalled bet ($6) returned to LLIAHC17
LLIAHC17 collected $17.64 from pot
*** SUMMARY ***
Total pot $18 | Rake $0.36
Board [2s Kh 9h 5s 2h]
Seat 1: LLIAHC17 (big blind) collected ($17.64)
Seat 2: jl45259071 (button) (small blind) folded on the River


PokerStars Hand #148546801415:  Hold'em Limit ($3/$6 USD) - 2016/02/10 3:50:06 ET
Table 'Erriapo' 2-max Seat #1 is the button
Seat 1: LLIAHC17 ($218.64 in chips)
Seat 2: jl45259071 ($71.35 in chips)
LLIAHC17: posts small blind $1
jl45259071: posts big blind $3
*** HOLE CARDS ***
LLIAHC17: folds
Uncalled bet ($2) returned to jl45259071
jl45259071 collected $2 from pot
jl45259071: doesn't show hand
*** SUMMARY ***
Total pot $2 | Rake $0
Seat 1: LLIAHC17 (button) (small blind) folded before Flop
Seat 2: jl45259071 (big blind) collected ($2)


PokerStars Hand #148546803348:  Hold'em Limit ($3/$6 USD) - 2016/02/10 3:50:12 ET
Table 'Erriapo' 2-max Seat #2 is the button
Seat 1: LLIAHC17 ($217.64 in chips)
Seat 2: jl45259071 ($72.35 in chips)
jl45259071: posts small blind $1
LLIAHC17: posts big blind $3
*** HOLE CARDS ***
jl45259071: calls $2
LLIAHC17: checks
*** FLOP *** [9d Td 9s]
LLIAHC17: checks
jl45259071: bets $3
LLIAHC17: folds
Uncalled bet ($3) returned to jl45259071
jl45259071 collected $5.88 from pot
jl45259071: doesn't show hand
*** SUMMARY ***
Total pot $6 | Rake $0.12
Board [9d Td 9s]
Seat 1: LLIAHC17 (big blind) folded on the Flop
Seat 2: jl45259071 (button) (small blind) collected ($5.88)


PokerStars Hand #148546807063:  Hold'em Limit ($3/$6 USD) - 2016/02/10 3:50:22 ET
Table 'Erriapo' 2-max Seat #1 is the button
Seat 1: LLIAHC17 ($214.64 in chips)
Seat 2: jl45259071 ($75.23 in chips)
LLIAHC17: posts small blind $1
jl45259071: posts big blind $3
*** HOLE CARDS ***
LLIAHC17: folds
Uncalled bet ($2) returned to jl45259071
jl45259071 collected $2 from pot
jl45259071: doesn't show hand
*** SUMMARY ***
Total pot $2 | Rake $0
Seat 1: LLIAHC17 (button) (small blind) folded before Flop
Seat 2: jl45259071 (big blind) collected ($2)


PokerStars Hand #148546808967:  Hold'em Limit ($3/$6 USD) - 2016/02/10 3:50:27 ET
Table 'Erriapo' 2-max Seat #2 is the button
Seat 1: LLIAHC17 ($213.64 in chips)
Seat 2: jl45259071 ($76.23 in chips)
jl45259071: posts small blind $1
LLIAHC17: posts big blind $3
*** HOLE CARDS ***
jl45259071: calls $2
LLIAHC17: raises $3 to $6
jl45259071: calls $3
*** FLOP *** [Ah 7c 3s]
LLIAHC17: bets $3
jl45259071: folds
Uncalled bet ($3) returned to LLIAHC17
LLIAHC17 collected $11.76 from pot
*** SUMMARY ***
Total pot $12 | Rake $0.24
Board [Ah 7c 3s]
Seat 1: LLIAHC17 (big blind) collected ($11.76)
Seat 2: jl45259071 (button) (small blind) folded on the Flop


PokerStars Hand #148546813662:  Hold'em Limit ($3/$6 USD) - 2016/02/10 3:50:39 ET
Table 'Erriapo' 2-max Seat #1 is the button
Seat 1: LLIAHC17 ($219.40 in chips)
Seat 2: jl45259071 ($70.23 in chips)
LLIAHC17: posts small blind $1
jl45259071: posts big blind $3
*** HOLE CARDS ***
LLIAHC17: calls $2
jl45259071: checks
*** FLOP *** [3d Qs 2s]
jl45259071: checks
LLIAHC17: bets $3
jl45259071: folds
Uncalled bet ($3) returned to LLIAHC17
LLIAHC17 collected $5.88 from pot
*** SUMMARY ***
Total pot $6 | Rake $0.12
Board [3d Qs 2s]
Seat 1: LLIAHC17 (button) (small blind) collected ($5.88)
Seat 2: jl45259071 (big blind) folded on the Flop


PokerStars Hand #148546820862:  Hold'em Limit ($3/$6 USD) - 2016/02/10 3:50:59 ET
Table 'Erriapo' 2-max Seat #2 is the button
Seat 1: LLIAHC17 ($222.28 in chips)
Seat 2: jl45259071 ($67.23 in chips)
jl45259071: posts small blind $1
LLIAHC17: posts big blind $3
*** HOLE CARDS ***
jl45259071: calls $2
LLIAHC17: checks
*** FLOP *** [Jd 7h 2s]
LLIAHC17: checks
jl45259071: bets $3
LLIAHC17: calls $3
*** TURN *** [Jd 7h 2s] [6d]
LLIAHC17: checks
jl45259071: checks
*** RIVER *** [Jd 7h 2s 6d] [7c]
LLIAHC17: checks
jl45259071: bets $6
LLIAHC17: calls $6
*** SHOW DOWN ***
jl45259071: shows [5c 9s] (a pair of Sevens)
LLIAHC17: shows [Qc 2d] (two pair, Sevens and Deuces)
LLIAHC17 collected $23.52 from pot
*** SUMMARY ***
Total pot $24 | Rake $0.48
Board [Jd 7h 2s 6d 7c]
Seat 1: LLIAHC17 (big blind) showed [Qc 2d] and won ($23.52) with two pair, Sevens and Deuces
Seat 2: jl45259071 (button) (small blind) showed [5c 9s] and lost with a pair of Sevens


PokerStars Hand #148546828311:  Hold'em Limit ($3/$6 USD) - 2016/02/10 3:51:19 ET
Table 'Erriapo' 2-max Seat #1 is the button
Seat 1: LLIAHC17 ($233.80 in chips)
Seat 2: jl45259071 ($55.23 in chips)
LLIAHC17: posts small blind $1
jl45259071: posts big blind $3
*** HOLE CARDS ***
LLIAHC17: calls $2
jl45259071: checks
*** FLOP *** [Kd Kc 8c]
jl45259071: checks
LLIAHC17: bets $3
jl45259071: calls $3
*** TURN *** [Kd Kc 8c] [3h]
jl45259071: checks
LLIAHC17: bets $6
jl45259071: calls $6
*** RIVER *** [Kd Kc 8c 3h] [9s]
jl45259071: checks
LLIAHC17: checks
*** SHOW DOWN ***
jl45259071: shows [8h Qc] (two pair, Kings and Eights)
LLIAHC17: mucks hand
jl45259071 collected $23.52 from pot
*** SUMMARY ***
Total pot $24 | Rake $0.48
Board [Kd Kc 8c 3h 9s]
Seat 1: LLIAHC17 (button) (small blind) mucked
Seat 2: jl45259071 (big blind) showed [8h Qc] and won ($23.52) with two pair, Kings and Eights


PokerStars Hand #148546835020:  Hold'em Limit ($3/$6 USD) - 2016/02/10 3:51:37 ET
Table 'Erriapo' 2-max Seat #2 is the button
Seat 1: LLIAHC17 ($221.80 in chips)
Seat 2: jl45259071 ($66.75 in chips)
jl45259071: posts small blind $1
LLIAHC17: posts big blind $3
*** HOLE CARDS ***
jl45259071: calls $2
LLIAHC17: checks
*** FLOP *** [Qh 2c 8c]
LLIAHC17: checks
jl45259071: checks
*** TURN *** [Qh 2c 8c] [8s]
LLIAHC17: checks
jl45259071: checks
*** RIVER *** [Qh 2c 8c 8s] [9d]
LLIAHC17: bets $6
jl45259071: calls $6
*** SHOW DOWN ***
LLIAHC17: shows [3d 6d] (a pair of Eights)
jl45259071: shows [Ks 7d] (a pair of Eights - King kicker)
jl45259071 collected $17.64 from pot
*** SUMMARY ***
Total pot $18 | Rake $0.36
Board [Qh 2c 8c 8s 9d]
Seat 1: LLIAHC17 (big blind) showed [3d 6d] and lost with a pair of Eights
Seat 2: jl45259071 (button) (small blind) showed [Ks 7d] and won ($17.64) with a pair of Eights


PokerStars Hand #148546840731:  Hold'em Limit ($3/$6 USD) - 2016/02/10 3:51:52 ET
Table 'Erriapo' 2-max Seat #1 is the button
Seat 1: LLIAHC17 ($212.80 in chips)
Seat 2: jl45259071 ($75.39 in chips)
LLIAHC17: posts small blind $1
jl45259071: posts big blind $3
*** HOLE CARDS ***
LLIAHC17: raises $3 to $6
jl45259071: calls $3
*** FLOP *** [Td 5c 7h]
jl45259071: checks
LLIAHC17: checks
*** TURN *** [Td 5c 7h] [Jc]
jl45259071: checks
LLIAHC17: bets $6
jl45259071: calls $6
*** RIVER *** [Td 5c 7h Jc] [6h]
jl45259071: checks
LLIAHC17: bets $6
jl45259071: folds
Uncalled bet ($6) returned to LLIAHC17
LLIAHC17 collected $23.52 from pot
*** SUMMARY ***
Total pot $24 | Rake $0.48
Board [Td 5c 7h Jc 6h]
Seat 1: LLIAHC17 (button) (small blind) collected ($23.52)
Seat 2: jl45259071 (big blind) folded on the River


PokerStars Hand #148546849935:  Hold'em Limit ($3/$6 USD) - 2016/02/10 3:52:17 ET
Table 'Erriapo' 2-max Seat #2 is the button
Seat 1: LLIAHC17 ($224.32 in chips)
Seat 2: jl45259071 ($63.39 in chips)
jl45259071: posts small blind $1
LLIAHC17: posts big blind $3
*** HOLE CARDS ***
jl45259071: calls $2
LLIAHC17: checks
*** FLOP *** [Qc Tc 8c]
LLIAHC17: checks
jl45259071: bets $3
LLIAHC17: folds
Uncalled bet ($3) returned to jl45259071
jl45259071 collected $5.88 from pot
jl45259071: doesn't show hand
*** SUMMARY ***
Total pot $6 | Rake $0.12
Board [Qc Tc 8c]
Seat 1: LLIAHC17 (big blind) folded on the Flop
Seat 2: jl45259071 (button) (small blind) collected ($5.88)


PokerStars Hand #148546853750:  Hold'em Limit ($3/$6 USD) - 2016/02/10 3:52:27 ET
Table 'Erriapo' 2-max Seat #1 is the button
Seat 1: LLIAHC17 ($221.32 in chips)
Seat 2: jl45259071 ($66.27 in chips)
LLIAHC17: posts small blind $1
jl45259071: posts big blind $3
*** HOLE CARDS ***
LLIAHC17: calls $2
jl45259071: raises $3 to $6
LLIAHC17: calls $3
*** FLOP *** [5c Ts 3d]
jl45259071: bets $3
LLIAHC17: folds
Uncalled bet ($3) returned to jl45259071
jl45259071 collected $11.76 from pot
jl45259071: doesn't show hand
*** SUMMARY ***
Total pot $12 | Rake $0.24
Board [5c Ts 3d]
Seat 1: LLIAHC17 (button) (small blind) folded on the Flop
Seat 2: jl45259071 (big blind) collected ($11.76)


PokerStars Hand #148546859273:  Hold'em Limit ($3/$6 USD) - 2016/02/10 3:52:42 ET
Table 'Erriapo' 2-max Seat #2 is the button
Seat 1: LLIAHC17 ($215.32 in chips)
Seat 2: jl45259071 ($72.03 in chips)
jl45259071: posts small blind $1
LLIAHC17: posts big blind $3
*** HOLE CARDS ***
jl45259071: calls $2
LLIAHC17: checks
*** FLOP *** [9s 7d Ad]
LLIAHC17: checks
jl45259071: bets $3
LLIAHC17: folds
Uncalled bet ($3) returned to jl45259071
jl45259071 collected $5.88 from pot
jl45259071: doesn't show hand
*** SUMMARY ***
Total pot $6 | Rake $0.12
Board [9s 7d Ad]
Seat 1: LLIAHC17 (big blind) folded on the Flop
Seat 2: jl45259071 (button) (small blind) collected ($5.88)


PokerStars Hand #148546863016:  Hold'em Limit ($3/$6 USD) - 2016/02/10 3:52:52 ET
Table 'Erriapo' 2-max Seat #1 is the button
Seat 1: LLIAHC17 ($212.32 in chips)
Seat 2: jl45259071 ($74.91 in chips)
LLIAHC17: posts small blind $1
jl45259071: posts big blind $3
*** HOLE CARDS ***
LLIAHC17: raises $3 to $6
jl45259071: calls $3
*** FLOP *** [Ts 3d 6c]
jl45259071: checks
LLIAHC17: bets $3
jl45259071: calls $3
*** TURN *** [Ts 3d 6c] [Jh]
jl45259071: checks
LLIAHC17: bets $6
jl45259071: calls $6
*** RIVER *** [Ts 3d 6c Jh] [4c]
jl45259071: checks
LLIAHC17: bets $6
jl45259071: calls $6
*** SHOW DOWN ***
LLIAHC17: shows [Ah 2c] (high card Ace)
jl45259071: shows [6s Qc] (a pair of Sixes)
jl45259071 collected $41.50 from pot
*** SUMMARY ***
Total pot $42 | Rake $0.50
Board [Ts 3d 6c Jh 4c]
Seat 1: LLIAHC17 (button) (small blind) showed [Ah 2c] and lost with high card Ace
Seat 2: jl45259071 (big blind) showed [6s Qc] and won ($41.50) with a pair of Sixes


PokerStars Hand #148546870738:  Hold'em Limit ($3/$6 USD) - 2016/02/10 3:53:12 ET
Table 'Erriapo' 2-max Seat #2 is the button
Seat 1: LLIAHC17 ($191.32 in chips)
Seat 2: jl45259071 ($95.41 in chips)
jl45259071: posts small blind $1
LLIAHC17: posts big blind $3
*** HOLE CARDS ***
jl45259071: calls $2
LLIAHC17: checks
*** FLOP *** [3c 7h 9c]
LLIAHC17: checks
jl45259071: checks
*** TURN *** [3c 7h 9c] [3h]
LLIAHC17: checks
jl45259071: checks
*** RIVER *** [3c 7h 9c 3h] [6c]
LLIAHC17: bets $6
jl45259071: calls $6
*** SHOW DOWN ***
LLIAHC17: shows [7d 6s] (two pair, Sevens and Sixes)
jl45259071: mucks hand
LLIAHC17 collected $17.64 from pot
*** SUMMARY ***
Total pot $18 | Rake $0.36
Board [3c 7h 9c 3h 6c]
Seat 1: LLIAHC17 (big blind) showed [7d 6s] and won ($17.64) with two pair, Sevens and Sixes
Seat 2: jl45259071 (button) (small blind) mucked


PokerStars Hand #148546876445:  Hold'em Limit ($3/$6 USD) - 2016/02/10 3:53:27 ET
Table 'Erriapo' 2-max Seat #1 is the button
Seat 1: LLIAHC17 ($199.96 in chips)
Seat 2: jl45259071 ($86.41 in chips)
LLIAHC17: posts small blind $1
jl45259071: posts big blind $3
*** HOLE CARDS ***
LLIAHC17: raises $3 to $6
jl45259071: calls $3
*** FLOP *** [Ac Jh 5h]
jl45259071: checks
LLIAHC17: bets $3
jl45259071: calls $3
*** TURN *** [Ac Jh 5h] [8h]
jl45259071: checks
LLIAHC17: bets $6
jl45259071: calls $6
*** RIVER *** [Ac Jh 5h 8h] [Kd]
jl45259071: checks
LLIAHC17: bets $6
jl45259071: folds
Uncalled bet ($6) returned to LLIAHC17
LLIAHC17 collected $29.50 from pot
*** SUMMARY ***
Total pot $30 | Rake $0.50
Board [Ac Jh 5h 8h Kd]
Seat 1: LLIAHC17 (button) (small blind) collected ($29.50)
Seat 2: jl45259071 (big blind) folded on the River


PokerStars Hand #148546884760:  Hold'em Limit ($3/$6 USD) - 2016/02/10 3:53:50 ET
Table 'Erriapo' 2-max Seat #2 is the button
Seat 1: LLIAHC17 ($214.46 in chips)
Seat 2: jl45259071 ($71.41 in chips)
jl45259071: posts small blind $1
LLIAHC17: posts big blind $3
*** HOLE CARDS ***
jl45259071: calls $2
LLIAHC17: checks
*** FLOP *** [Qc 4s 9d]
LLIAHC17: checks
jl45259071: checks
*** TURN *** [Qc 4s 9d] [2c]
LLIAHC17: checks
jl45259071: checks
*** RIVER *** [Qc 4s 9d 2c] [8d]
LLIAHC17: checks
jl45259071: checks
*** SHOW DOWN ***
LLIAHC17: shows [Jh 5h] (high card Queen)
jl45259071: mucks hand
LLIAHC17 collected $5.88 from pot
*** SUMMARY ***
Total pot $6 | Rake $0.12
Board [Qc 4s 9d 2c 8d]
Seat 1: LLIAHC17 (big blind) showed [Jh 5h] and won ($5.88) with high card Queen
Seat 2: jl45259071 (button) (small blind) mucked


PokerStars Hand #148546891781:  Hold'em Limit ($3/$6 USD) - 2016/02/10 3:54:08 ET
Table 'Erriapo' 2-max Seat #1 is the button
Seat 1: LLIAHC17 ($217.34 in chips)
Seat 2: jl45259071 ($68.41 in chips)
LLIAHC17: posts small blind $1
jl45259071: posts big blind $3
*** HOLE CARDS ***
LLIAHC17: raises $3 to $6
jl45259071: calls $3
*** FLOP *** [Kd 9c Th]
jl45259071: checks
LLIAHC17: bets $3
jl45259071: calls $3
*** TURN *** [Kd 9c Th] [4d]
jl45259071: checks
LLIAHC17: bets $6
jl45259071: calls $6
*** RIVER *** [Kd 9c Th 4d] [8s]
jl45259071: checks
LLIAHC17: bets $6
jl45259071: calls $6
*** SHOW DOWN ***
LLIAHC17: shows [4s Ks] (two pair, Kings and Fours)
jl45259071: mucks hand
LLIAHC17 collected $41.50 from pot
*** SUMMARY ***
Total pot $42 | Rake $0.50
Board [Kd 9c Th 4d 8s]
Seat 1: LLIAHC17 (button) (small blind) showed [4s Ks] and won ($41.50) with two pair, Kings and Fours
Seat 2: jl45259071 (big blind) mucked


PokerStars Hand #148546899060:  Hold'em Limit ($3/$6 USD) - 2016/02/10 3:54:28 ET
Table 'Erriapo' 2-max Seat #2 is the button
Seat 1: LLIAHC17 ($237.84 in chips)
Seat 2: jl45259071 ($47.41 in chips)
jl45259071: posts small blind $1
LLIAHC17: posts big blind $3
*** HOLE CARDS ***
jl45259071: calls $2
LLIAHC17: raises $3 to $6
jl45259071: calls $3
*** FLOP *** [6h Qs 4h]
LLIAHC17: bets $3
jl45259071: calls $3
*** TURN *** [6h Qs 4h] [8h]
LLIAHC17: bets $6
jl45259071: calls $6
*** RIVER *** [6h Qs 4h 8h] [9s]
LLIAHC17: bets $6
jl45259071: folds
Uncalled bet ($6) returned to LLIAHC17
LLIAHC17 collected $29.50 from pot
*** SUMMARY ***
Total pot $30 | Rake $0.50
Board [6h Qs 4h 8h 9s]
Seat 1: LLIAHC17 (big blind) collected ($29.50)
Seat 2: jl45259071 (button) (small blind) folded on the River


PokerStars Hand #148546905493:  Hold'em Limit ($3/$6 USD) - 2016/02/10 3:54:45 ET
Table 'Erriapo' 2-max Seat #1 is the button
Seat 1: LLIAHC17 ($252.34 in chips)
Seat 2: jl45259071 ($32.41 in chips)
LLIAHC17: posts small blind $1
jl45259071: posts big blind $3
*** HOLE CARDS ***
LLIAHC17: calls $2
jl45259071: checks
*** FLOP *** [Td 9h Kc]
jl45259071: checks
LLIAHC17: checks
*** TURN *** [Td 9h Kc] [Ad]
jl45259071: checks
LLIAHC17: bets $6
jl45259071: folds
Uncalled bet ($6) returned to LLIAHC17
LLIAHC17 collected $5.88 from pot
*** SUMMARY ***
Total pot $6 | Rake $0.12
Board [Td 9h Kc Ad]
Seat 1: LLIAHC17 (button) (small blind) collected ($5.88)
Seat 2: jl45259071 (big blind) folded on the Turn


PokerStars Hand #148546917021:  Hold'em Limit ($3/$6 USD) - 2016/02/10 3:55:16 ET
Table 'Erriapo' 2-max Seat #2 is the button
Seat 1: LLIAHC17 ($255.22 in chips)
Seat 2: jl45259071 ($29.41 in chips)
jl45259071: posts small blind $1
LLIAHC17: posts big blind $3
*** HOLE CARDS ***
jl45259071: calls $2
LLIAHC17: checks
*** FLOP *** [7c Jd 2h]
LLIAHC17: checks
jl45259071: bets $3
LLIAHC17: folds
Uncalled bet ($3) returned to jl45259071
jl45259071 collected $5.88 from pot
jl45259071: doesn't show hand
*** SUMMARY ***
Total pot $6 | Rake $0.12
Board [7c Jd 2h]
Seat 1: LLIAHC17 (big blind) folded on the Flop
Seat 2: jl45259071 (button) (small blind) collected ($5.88)


PokerStars Hand #148546921165:  Hold'em Limit ($3/$6 USD) - 2016/02/10 3:55:28 ET
Table 'Erriapo' 2-max Seat #1 is the button
Seat 1: LLIAHC17 ($252.22 in chips)
Seat 2: jl45259071 ($32.29 in chips)
LLIAHC17: posts small blind $1
jl45259071: posts big blind $3
*** HOLE CARDS ***
LLIAHC17: calls $2
jl45259071: checks
*** FLOP *** [9h 8c 7c]
jl45259071: checks
LLIAHC17: checks
*** TURN *** [9h 8c 7c] [7h]
jl45259071: bets $6
LLIAHC17: calls $6
*** RIVER *** [9h 8c 7c 7h] [2h]
jl45259071: bets $6
LLIAHC17: calls $6
*** SHOW DOWN ***
jl45259071: shows [8d Ah] (two pair, Eights and Sevens)
LLIAHC17: mucks hand
jl45259071 collected $29.50 from pot
*** SUMMARY ***
Total pot $30 | Rake $0.50
Board [9h 8c 7c 7h 2h]
Seat 1: LLIAHC17 (button) (small blind) mucked
Seat 2: jl45259071 (big blind) showed [8d Ah] and won ($29.50) with two pair, Eights and Sevens


PokerStars Hand #148546925885:  Hold'em Limit ($3/$6 USD) - 2016/02/10 3:55:42 ET
Table 'Erriapo' 2-max Seat #2 is the button
Seat 1: LLIAHC17 ($237.22 in chips)
Seat 2: jl45259071 ($46.79 in chips)
jl45259071: posts small blind $1
LLIAHC17: posts big blind $3
*** HOLE CARDS ***
jl45259071: calls $2
LLIAHC17: checks
*** FLOP *** [Kd 3c Qc]
LLIAHC17: checks
jl45259071: bets $3
LLIAHC17: raises $3 to $6
jl45259071: calls $3
*** TURN *** [Kd 3c Qc] [4h]
LLIAHC17: bets $6
jl45259071: calls $6
*** RIVER *** [Kd 3c Qc 4h] [Tc]
LLIAHC17: bets $6
jl45259071: calls $6
*** SHOW DOWN ***
LLIAHC17: shows [5c Jc] (a flush, Queen high)
jl45259071: mucks hand
LLIAHC17 collected $41.50 from pot
*** SUMMARY ***
Total pot $42 | Rake $0.50
Board [Kd 3c Qc 4h Tc]
Seat 1: LLIAHC17 (big blind) showed [5c Jc] and won ($41.50) with a flush, Queen high
Seat 2: jl45259071 (button) (small blind) mucked


PokerStars Hand #148546931914:  Hold'em Limit ($3/$6 USD) - 2016/02/10 3:56:00 ET
Table 'Erriapo' 2-max Seat #1 is the button
Seat 1: LLIAHC17 ($257.72 in chips)
Seat 2: jl45259071 ($25.79 in chips)
LLIAHC17: posts small blind $1
jl45259071: posts big blind $3
*** HOLE CARDS ***
LLIAHC17: calls $2
jl45259071: checks
*** FLOP *** [Ts Qs 7c]
jl45259071: checks
LLIAHC17: checks
*** TURN *** [Ts Qs 7c] [Jh]
jl45259071: bets $6
LLIAHC17: calls $6
*** RIVER *** [Ts Qs 7c Jh] [6d]
jl45259071: bets $6
LLIAHC17: folds
Uncalled bet ($6) returned to jl45259071
jl45259071 collected $17.64 from pot
jl45259071: doesn't show hand
*** SUMMARY ***
Total pot $18 | Rake $0.36
Board [Ts Qs 7c Jh 6d]
Seat 1: LLIAHC17 (button) (small blind) folded on the River
Seat 2: jl45259071 (big blind) collected ($17.64)


PokerStars Hand #148546936955:  Hold'em Limit ($3/$6 USD) - 2016/02/10 3:56:16 ET
Table 'Erriapo' 2-max Seat #2 is the button
Seat 1: LLIAHC17 ($248.72 in chips)
Seat 2: jl45259071 ($34.43 in chips)
jl45259071: posts small blind $1
LLIAHC17: posts big blind $3
*** HOLE CARDS ***
jl45259071: calls $2
LLIAHC17: raises $3 to $6
jl45259071: calls $3
*** FLOP *** [8h 3d Qd]
LLIAHC17: checks
jl45259071: checks
*** TURN *** [8h 3d Qd] [9s]
LLIAHC17: bets $6
jl45259071: raises $6 to $12
LLIAHC17: raises $6 to $18
jl45259071: calls $6
*** RIVER *** [8h 3d Qd 9s] [8c]
LLIAHC17: bets $6
jl45259071: folds
Uncalled bet ($6) returned to LLIAHC17
LLIAHC17 collected $47.50 from pot
*** SUMMARY ***
Total pot $48 | Rake $0.50
Board [8h 3d Qd 9s 8c]
Seat 1: LLIAHC17 (big blind) collected ($47.50)
Seat 2: jl45259071 (button) (small blind) folded on the River


PokerStars Hand #148546943537:  Hold'em Limit ($3/$6 USD) - 2016/02/10 3:56:36 ET
Table 'Erriapo' 2-max Seat #1 is the button
Seat 1: LLIAHC17 ($272.22 in chips)
Seat 2: jl45259071 ($10.43 in chips)
LLIAHC17: posts small blind $1
jl45259071: posts big blind $3
*** HOLE CARDS ***
LLIAHC17: raises $3 to $6
jl45259071: calls $3
*** FLOP *** [8d Jc 2c]
jl45259071: checks
LLIAHC17: bets $3
jl45259071: folds
Uncalled bet ($3) returned to LLIAHC17
LLIAHC17 collected $11.76 from pot
*** SUMMARY ***
Total pot $12 | Rake $0.24
Board [8d Jc 2c]
Seat 1: LLIAHC17 (button) (small blind) collected ($11.76)
Seat 2: jl45259071 (big blind) folded on the Flop


PokerStars Hand #148546946774:  Hold'em Limit ($3/$6 USD) - 2016/02/10 3:56:46 ET
Table 'Erriapo' 2-max Seat #2 is the button
Seat 1: LLIAHC17 ($277.98 in chips)
Seat 2: jl45259071 ($4.43 in chips)
jl45259071: posts small blind $1
LLIAHC17: posts big blind $3
*** HOLE CARDS ***
jl45259071: raises $1.43 to $4.43 and is all-in
LLIAHC17: calls $1.43
*** FLOP *** [Th 9s Kh]
*** TURN *** [Th 9s Kh] [9d]
*** RIVER *** [Th 9s Kh 9d] [8s]
*** SHOW DOWN ***
LLIAHC17: shows [Jc 8d] (two pair, Nines and Eights)
jl45259071: shows [5s 9h] (three of a kind, Nines)
jl45259071 collected $8.68 from pot
*** SUMMARY ***
Total pot $8.86 | Rake $0.18
Board [Th 9s Kh 9d 8s]
Seat 1: LLIAHC17 (big blind) showed [Jc 8d] and lost with two pair, Nines and Eights
Seat 2: jl45259071 (button) (small blind) showed [5s 9h] and won ($8.68) with three of a kind, Nines


PokerStars Hand #148546950868:  Hold'em Limit ($3/$6 USD) - 2016/02/10 3:56:58 ET
Table 'Erriapo' 2-max Seat #1 is the button
Seat 1: LLIAHC17 ($273.55 in chips)
Seat 2: jl45259071 ($8.68 in chips)
LLIAHC17: posts small blind $1
jl45259071: posts big blind $3
*** HOLE CARDS ***
LLIAHC17: raises $3 to $6
jl45259071: calls $3
*** FLOP *** [Tc 9s Ah]
jl45259071: bets $2.68 and is all-in
LLIAHC17: calls $2.68
*** TURN *** [Tc 9s Ah] [Jd]
*** RIVER *** [Tc 9s Ah Jd] [5d]
*** SHOW DOWN ***
jl45259071: shows [5s 6s] (a pair of Fives)
LLIAHC17: shows [Jc As] (two pair, Aces and Jacks)
LLIAHC17 collected $17.01 from pot
*** SUMMARY ***
Total pot $17.36 | Rake $0.35
Board [Tc 9s Ah Jd 5d]
Seat 1: LLIAHC17 (button) (small blind) showed [Jc As] and won ($17.01) with two pair, Aces and Jacks
Seat 2: jl45259071 (big blind) showed [5s 6s] and lost with a pair of Fives


