PokerStars Hand #159971158091:  Hold'em Limit ($3/$6 USD) - 2016/10/15 13:27:28 ET
Table 'Erynia II' 6-max Seat #3 is the button
Seat 3: Luffemann64 ($120 in chips)
Seat 4: AzureCaper ($72 in chips)
vestimokrec joins the table at seat #5
Luffemann64: posts small blind $1
AzureCaper: posts big blind $3
*** HOLE CARDS ***
Luffemann64: raises $3 to $6
AzureCaper: calls $3
*** FLOP *** [Tc Ac Ah]
AzureCaper: checks
Luffemann64: bets $3
AzureCaper: raises $3 to $6
Luffemann64: raises $3 to $9
AzureCaper: raises $3 to $12
Betting is capped
Luffemann64: calls $3
*** TURN *** [Tc Ac Ah] [Ad]
AzureCaper: bets $6
Luffemann64: folds
Uncalled bet ($6) returned to AzureCaper
AzureCaper collected $35.50 from pot
AzureCaper: doesn't show hand
*** SUMMARY ***
Total pot $36 | Rake $0.50
Board [Tc Ac Ah Ad]
Seat 3: Luffemann64 (button) (small blind) folded on the Turn
Seat 4: AzureCaper (big blind) collected ($35.50)


PokerStars Hand #159971173857:  Hold'em Limit ($3/$6 USD) - 2016/10/15 13:27:47 ET
Table 'Erynia II' 6-max Seat #4 is the button
Seat 3: Luffemann64 ($102 in chips)
Seat 4: AzureCaper ($89.50 in chips)
AzureCaper: posts small blind $1
Luffemann64: posts big blind $3
*** HOLE CARDS ***
AzureCaper: raises $3 to $6
Luffemann64: raises $3 to $9
AzureCaper: calls $3
*** FLOP *** [2c 7s 8d]
NailyaG joins the table at seat #6
Luffemann64: bets $3
AzureCaper: raises $3 to $6
Luffemann64: calls $3
*** TURN *** [2c 7s 8d] [Jd]
Luffemann64: checks
AzureCaper: bets $6
Luffemann64: calls $6
*** RIVER *** [2c 7s 8d Jd] [8c]
Luffemann64: checks
AzureCaper: bets $6
GRAILKO joins the table at seat #1
Luffemann64: folds
Uncalled bet ($6) returned to AzureCaper
AzureCaper collected $41.50 from pot
AzureCaper: doesn't show hand
*** SUMMARY ***
Total pot $42 | Rake $0.50
Board [2c 7s 8d Jd 8c]
Seat 3: Luffemann64 (big blind) folded on the River
Seat 4: AzureCaper (button) (small blind) collected ($41.50)


PokerStars Hand #159971192158:  Hold'em Limit ($3/$6 USD) - 2016/10/15 13:28:09 ET
Table 'Erynia II' 6-max Seat #3 is the button
Seat 3: Luffemann64 ($81 in chips)
Seat 4: AzureCaper ($110 in chips)
Luffemann64: posts small blind $1
AzureCaper: posts big blind $3
*** HOLE CARDS ***
Luffemann64: raises $3 to $6
AzureCaper: calls $3
*** FLOP *** [6d Ad 5c]
AzureCaper: checks
Luffemann64: bets $3
AzureCaper: calls $3
*** TURN *** [6d Ad 5c] [4h]
AzureCaper: checks
Luffemann64: bets $6
AzureCaper: calls $6
*** RIVER *** [6d Ad 5c 4h] [3d]
AzureCaper: checks
Luffemann64: checks
*** SHOW DOWN ***
AzureCaper: shows [7c Kh] (a straight, Three to Seven)
Luffemann64: mucks hand
AzureCaper collected $29.50 from pot
*** SUMMARY ***
Total pot $30 | Rake $0.50
Board [6d Ad 5c 4h 3d]
Seat 3: Luffemann64 (button) (small blind) mucked
Seat 4: AzureCaper (big blind) showed [7c Kh] and won ($29.50) with a straight, Three to Seven


PokerStars Hand #159972887768:  Hold'em Limit ($3/$6 USD) - 2016/10/15 14:04:37 ET
Table 'Erynia II' 6-max Seat #2 is the button
Seat 2: komornik ($215.05 in chips)
Seat 4: ZinZar ($84.28 in chips)
komornik: posts small blind $1
ZinZar: posts big blind $3
*** HOLE CARDS ***
komornik: raises $3 to $6
ZinZar: folds
Uncalled bet ($3) returned to komornik
komornik collected $6 from pot
komornik: doesn't show hand
kvaliteto leaves the table
*** SUMMARY ***
Total pot $6 | Rake $0
Seat 2: komornik (button) (small blind) collected ($6)
Seat 4: ZinZar (big blind) folded before Flop


PokerStars Hand #159972893669:  Hold'em Limit ($3/$6 USD) - 2016/10/15 14:04:44 ET
Table 'Erynia II' 6-max Seat #4 is the button
Seat 2: komornik ($218.05 in chips)
Seat 4: ZinZar ($81.28 in chips)
ZinZar: posts small blind $1
komornik: posts big blind $3
*** HOLE CARDS ***
ZinZar: raises $3 to $6
komornik: calls $3
*** FLOP *** [5s Ad 8d]
komornik: checks
ZinZar: bets $3
komornik: folds
Uncalled bet ($3) returned to ZinZar
ZinZar collected $11.76 from pot
ZinZar: doesn't show hand
*** SUMMARY ***
Total pot $12 | Rake $0.24
Board [5s Ad 8d]
Seat 2: komornik (big blind) folded on the Flop
Seat 4: ZinZar (button) (small blind) collected ($11.76)


PokerStars Hand #159972907276:  Hold'em Limit ($3/$6 USD) - 2016/10/15 14:05:01 ET
Table 'Erynia II' 6-max Seat #2 is the button
Seat 2: komornik ($212.05 in chips)
Seat 4: ZinZar ($87.04 in chips)
komornik: posts small blind $1
ZinZar: posts big blind $3
*** HOLE CARDS ***
komornik: raises $3 to $6
ZinZar: calls $3
*** FLOP *** [5h 3c Ac]
ZinZar: checks
komornik: bets $3
ZinZar: calls $3
*** TURN *** [5h 3c Ac] [7c]
ZinZar: checks
komornik: checks
*** RIVER *** [5h 3c Ac 7c] [Js]
ZinZar: bets $6
komornik: calls $6
*** SHOW DOWN ***
ZinZar: shows [2c Qh] (high card Ace)
komornik: shows [Jd 9h] (a pair of Jacks)
komornik collected $29.50 from pot
*** SUMMARY ***
Total pot $30 | Rake $0.50
Board [5h 3c Ac 7c Js]
Seat 2: komornik (button) (small blind) showed [Jd 9h] and won ($29.50) with a pair of Jacks
Seat 4: ZinZar (big blind) showed [2c Qh] and lost with high card Ace


PokerStars Hand #159972932982:  Hold'em Limit ($3/$6 USD) - 2016/10/15 14:05:33 ET
Table 'Erynia II' 6-max Seat #4 is the button
Seat 2: komornik ($226.55 in chips)
Seat 4: ZinZar ($72.04 in chips)
ZinZar: posts small blind $1
komornik: posts big blind $3
*** HOLE CARDS ***
ZinZar: raises $3 to $6
komornik: folds
Uncalled bet ($3) returned to ZinZar
ZinZar collected $6 from pot
ZinZar: doesn't show hand
*** SUMMARY ***
Total pot $6 | Rake $0
Seat 2: komornik (big blind) folded before Flop
Seat 4: ZinZar (button) (small blind) collected ($6)


