PokerStars Hand #165922488680:  Hold'em Limit ($3/$6 USD) - 2017/02/09 4:04:22 ET
Table 'Erynia' 6-max Seat #1 is the button
Seat 1: Velbor107 ($300 in chips)
Seat 5: nordschrott ($42 in chips)
Velbor107: posts small blind $1
nordschrott: posts big blind $3
*** HOLE CARDS ***
Velbor107: raises $3 to $6
nordschrott: calls $3
*** FLOP *** [9h 3c 2d]
nordschrott: checks
Velbor107: bets $3
RockKillerTY joins the table at seat #6
nordschrott: calls $3
*** TURN *** [9h 3c 2d] [4c]
nordschrott: checks
Velbor107: bets $6
nordschrott: calls $6
*** RIVER *** [9h 3c 2d 4c] [Qs]
nordschrott: checks
Velbor107: checks
*** SHOW DOWN ***
nordschrott: shows [3h 7c] (a pair of Threes)
Velbor107: mucks hand
nordschrott collected $29.50 from pot
*** SUMMARY ***
Total pot $30 | Rake $0.50
Board [9h 3c 2d 4c Qs]
Seat 1: Velbor107 (button) (small blind) mucked
Seat 5: nordschrott (big blind) showed [3h 7c] and won ($29.50) with a pair of Threes


PokerStars Hand #165922707560:  Hold'em Limit ($3/$6 USD) - 2017/02/09 4:14:21 ET
Table 'Erynia' 6-max Seat #4 is the button
Seat 2: Faqquer ($143.53 in chips)
Seat 4: fender676 ($134.60 in chips)
Rus29APX will be allowed to play after the button
fender676: posts small blind $1
RockKillerTY: is sitting out
Faqquer: posts big blind $3
*** HOLE CARDS ***
fender676: raises $3 to $6
RockKillerTY leaves the table
Faqquer: calls $3
*** FLOP *** [Td Qs 3s]
Faqquer: checks
fender676: checks
*** TURN *** [Td Qs 3s] [8h]
Faqquer: bets $6
fender676: calls $6
*** RIVER *** [Td Qs 3s 8h] [Ts]
Faqquer has timed out
Faqquer: checks
fender676: checks
*** SHOW DOWN ***
Faqquer: shows [7h 4h] (a pair of Tens)
fender676: shows [4s Ac] (a pair of Tens - Ace kicker)
fender676 collected $23.52 from pot
*** SUMMARY ***
Total pot $24 | Rake $0.48
Board [Td Qs 3s 8h Ts]
Seat 2: Faqquer (big blind) showed [7h 4h] and lost with a pair of Tens
Seat 4: fender676 (button) (small blind) showed [4s Ac] and won ($23.52) with a pair of Tens


PokerStars Hand #165925689967:  Hold'em Limit ($3/$6 USD) - 2017/02/09 6:10:33 ET
Table 'Erynia' 6-max Seat #5 is the button
Seat 2: iraten8 ($322.26 in chips)
Seat 5: ABATAPP ($148.21 in chips)
ABATAPP: posts small blind $1
iraten8: posts big blind $3
*** HOLE CARDS ***
ABATAPP: raises $3 to $6
iraten8: folds
Uncalled bet ($3) returned to ABATAPP
iraten8 leaves the table
Rus29APX leaves the table
ABATAPP collected $6 from pot
ABATAPP: doesn't show hand
*** SUMMARY ***
Total pot $6 | Rake $0
Seat 2: iraten8 (big blind) folded before Flop
Seat 5: ABATAPP (button) (small blind) collected ($6)


PokerStars Hand #165925682268:  Hold'em Limit ($3/$6 USD) - 2017/02/09 6:10:18 ET
Table 'Erynia' 6-max Seat #2 is the button
Seat 2: iraten8 ($328.26 in chips)
Seat 5: ABATAPP ($142.45 in chips)
iraten8: posts small blind $1
Rus29APX: is sitting out
Fabulous108: is sitting out
ABATAPP: posts big blind $3
*** HOLE CARDS ***
iraten8: calls $2
Fabulous108 leaves the table
ABATAPP: checks
*** FLOP *** [Kh 4d Qd]
ABATAPP: checks
iraten8: bets $3
krytalex joins the table at seat #4
ABATAPP: raises $3 to $6
iraten8: folds
Uncalled bet ($3) returned to ABATAPP
ABATAPP collected $11.76 from pot
ABATAPP: doesn't show hand
*** SUMMARY ***
Total pot $12 | Rake $0.24
Board [Kh 4d Qd]
Seat 2: iraten8 (button) (small blind) folded on the Flop
Seat 5: ABATAPP (big blind) collected ($11.76)


