PokerStars Hand #144736933083:  Hold'em Limit ($3/$6 USD) - 2015/12/02 19:05:09 ET
Table 'Erynia' 2-max Seat #2 is the button
Seat 1: TinaTurner72 ($120 in chips)
Seat 2: jure59093 ($33.97 in chips)
jure59093: posts small blind $1
TinaTurner72: posts big blind $3
*** HOLE CARDS ***
jure59093: raises $3 to $6
TinaTurner72: calls $3
*** FLOP *** [2d Qh 6c]
TinaTurner72: checks
jure59093: bets $3
TinaTurner72: calls $3
*** TURN *** [2d Qh 6c] [3s]
TinaTurner72: checks
jure59093: bets $6
TinaTurner72: calls $6
*** RIVER *** [2d Qh 6c 3s] [7c]
TinaTurner72: checks
jure59093: bets $6
TinaTurner72: calls $6
*** SHOW DOWN ***
jure59093: shows [Ts Qs] (a pair of Queens)
TinaTurner72: mucks hand
jure59093 collected $41.50 from pot
*** SUMMARY ***
Total pot $42 | Rake $0.50
Board [2d Qh 6c 3s 7c]
Seat 1: TinaTurner72 (big blind) mucked
Seat 2: jure59093 (button) (small blind) showed [Ts Qs] and won ($41.50) with a pair of Queens


PokerStars Hand #144736996524:  Hold'em Limit ($3/$6 USD) - 2015/12/02 19:06:44 ET
Table 'Erynia' 2-max Seat #2 is the button
Seat 1: TinaTurner72 ($61 in chips)
Seat 2: jure59093 ($91.47 in chips)
jure59093: posts small blind $1
TinaTurner72: posts big blind $3
*** HOLE CARDS ***
jure59093: raises $3 to $6
TinaTurner72: calls $3
*** FLOP *** [9h 3c 9c]
TinaTurner72: checks
jure59093: bets $3
TinaTurner72: folds
Uncalled bet ($3) returned to jure59093
jure59093 collected $11.76 from pot
jure59093: doesn't show hand
*** SUMMARY ***
Total pot $12 | Rake $0.24
Board [9h 3c 9c]
Seat 1: TinaTurner72 (big blind) folded on the Flop
Seat 2: jure59093 (button) (small blind) collected ($11.76)


PokerStars Hand #144736981469:  Hold'em Limit ($3/$6 USD) - 2015/12/02 19:06:22 ET
Table 'Erynia' 2-max Seat #1 is the button
Seat 1: TinaTurner72 ($82 in chips)
Seat 2: jure59093 ($70.97 in chips)
TinaTurner72: posts small blind $1
jure59093: posts big blind $3
*** HOLE CARDS ***
TinaTurner72: raises $3 to $6
jure59093: calls $3
*** FLOP *** [9s Qs 6d]
jure59093: checks
TinaTurner72: bets $3
jure59093: calls $3
*** TURN *** [9s Qs 6d] [7h]
jure59093: checks
TinaTurner72: bets $6
jure59093: calls $6
*** RIVER *** [9s Qs 6d 7h] [Jd]
jure59093: bets $6
TinaTurner72: calls $6
*** SHOW DOWN ***
jure59093: shows [Th Kh] (a straight, Nine to King)
TinaTurner72: mucks hand
jure59093 collected $41.50 from pot
*** SUMMARY ***
Total pot $42 | Rake $0.50
Board [9s Qs 6d 7h Jd]
Seat 1: TinaTurner72 (button) (small blind) mucked
Seat 2: jure59093 (big blind) showed [Th Kh] and won ($41.50) with a straight, Nine to King


PokerStars Hand #144736978429:  Hold'em Limit ($3/$6 USD) - 2015/12/02 19:06:17 ET
Table 'Erynia' 2-max Seat #2 is the button
Seat 1: TinaTurner72 ($81 in chips)
Seat 2: jure59093 ($71.97 in chips)
jure59093: posts small blind $1
TinaTurner72: posts big blind $3
*** HOLE CARDS ***
jure59093: folds
Uncalled bet ($2) returned to TinaTurner72
TinaTurner72 collected $2 from pot
TinaTurner72: doesn't show hand
*** SUMMARY ***
Total pot $2 | Rake $0
Seat 1: TinaTurner72 (big blind) collected ($2)
Seat 2: jure59093 (button) (small blind) folded before Flop


PokerStars Hand #144736965333:  Hold'em Limit ($3/$6 USD) - 2015/12/02 19:05:57 ET
Table 'Erynia' 2-max Seat #1 is the button
Seat 1: TinaTurner72 ($99 in chips)
Seat 2: jure59093 ($54.47 in chips)
TinaTurner72: posts small blind $1
jure59093: posts big blind $3
*** HOLE CARDS ***
TinaTurner72: raises $3 to $6
jure59093: raises $3 to $9
TinaTurner72: calls $3
*** FLOP *** [2s Qh 9d]
jure59093: bets $3
TinaTurner72: calls $3
*** TURN *** [2s Qh 9d] [6c]
jure59093: bets $6
TinaTurner72: calls $6
*** RIVER *** [2s Qh 9d 6c] [8h]
jure59093: bets $6
TinaTurner72: folds
Uncalled bet ($6) returned to jure59093
jure59093 collected $35.50 from pot
jure59093: doesn't show hand
*** SUMMARY ***
Total pot $36 | Rake $0.50
Board [2s Qh 9d 6c 8h]
Seat 1: TinaTurner72 (button) (small blind) folded on the River
Seat 2: jure59093 (big blind) collected ($35.50)


PokerStars Hand #144737045771:  Hold'em Limit ($3/$6 USD) - 2015/12/02 19:07:59 ET
Table 'Erynia' 2-max Seat #2 is the button
Seat 1: TinaTurner72 ($78.16 in chips)
Seat 2: jure59093 ($73.23 in chips)
jure59093: posts small blind $1
TinaTurner72: posts big blind $3
*** HOLE CARDS ***
jure59093: folds
Uncalled bet ($2) returned to TinaTurner72
TinaTurner72 collected $2 from pot
TinaTurner72: doesn't show hand
jure59093 leaves the table
*** SUMMARY ***
Total pot $2 | Rake $0
Seat 1: TinaTurner72 (big blind) collected ($2)
Seat 2: jure59093 (button) (small blind) folded before Flop


PokerStars Hand #144737038311:  Hold'em Limit ($3/$6 USD) - 2015/12/02 19:07:48 ET
Table 'Erynia' 2-max Seat #1 is the button
Seat 1: TinaTurner72 ($75.16 in chips)
Seat 2: jure59093 ($76.23 in chips)
TinaTurner72: posts small blind $1
jure59093: posts big blind $3
*** HOLE CARDS ***
TinaTurner72: raises $3 to $6
jure59093: folds
Uncalled bet ($3) returned to TinaTurner72
TinaTurner72 collected $6 from pot
TinaTurner72: doesn't show hand
*** SUMMARY ***
Total pot $6 | Rake $0
Seat 1: TinaTurner72 (button) (small blind) collected ($6)
Seat 2: jure59093 (big blind) folded before Flop


PokerStars Hand #144737022986:  Hold'em Limit ($3/$6 USD) - 2015/12/02 19:07:24 ET
Table 'Erynia' 2-max Seat #2 is the button
Seat 1: TinaTurner72 ($66.52 in chips)
Seat 2: jure59093 ($85.23 in chips)
jure59093: posts small blind $1
TinaTurner72: posts big blind $3
*** HOLE CARDS ***
jure59093: calls $2
TinaTurner72: checks
*** FLOP *** [Jd 8s Js]
TinaTurner72: checks
jure59093: checks
*** TURN *** [Jd 8s Js] [Ks]
TinaTurner72: bets $6
jure59093: calls $6
*** RIVER *** [Jd 8s Js Ks] [2d]
TinaTurner72: bets $6
jure59093: folds
Uncalled bet ($6) returned to TinaTurner72
TinaTurner72 collected $17.64 from pot
TinaTurner72: doesn't show hand
*** SUMMARY ***
Total pot $18 | Rake $0.36
Board [Jd 8s Js Ks 2d]
Seat 1: TinaTurner72 (big blind) collected ($17.64)
Seat 2: jure59093 (button) (small blind) folded on the River


PokerStars Hand #144737005676:  Hold'em Limit ($3/$6 USD) - 2015/12/02 19:06:58 ET
Table 'Erynia' 2-max Seat #1 is the button
Seat 1: TinaTurner72 ($55 in chips)
Seat 2: jure59093 ($97.23 in chips)
TinaTurner72: posts small blind $1
jure59093: posts big blind $3
*** HOLE CARDS ***
TinaTurner72: raises $3 to $6
jure59093: calls $3
*** FLOP *** [3h 7d 4d]
jure59093: checks
TinaTurner72: checks
*** TURN *** [3h 7d 4d] [Td]
jure59093: checks
TinaTurner72: checks
*** RIVER *** [3h 7d 4d Td] [Qh]
jure59093: checks
TinaTurner72: bets $6
jure59093: calls $6
*** SHOW DOWN ***
TinaTurner72: shows [6c Qc] (a pair of Queens)
jure59093: mucks hand
TinaTurner72 collected $23.52 from pot
*** SUMMARY ***
Total pot $24 | Rake $0.48
Board [3h 7d 4d Td Qh]
Seat 1: TinaTurner72 (button) (small blind) showed [6c Qc] and won ($23.52) with a pair of Queens
Seat 2: jure59093 (big blind) mucked


