PokerStars Hand #169852344290:  Hold'em Limit ($3/$6 USD) - 2017/05/02 10:05:26 ET
Table 'Erynia II' 6-max Seat #2 is the button
Seat 1: Qvidde ($168.01 in chips)
Seat 2: igmade ($136.53 in chips)
igmade: posts small blind $1
Johnliu: is sitting out
Qvidde: posts big blind $3
*** HOLE CARDS ***
igmade: raises $3 to $6
Qvidde: raises $3 to $9
igmade: raises $3 to $12
Betting is capped
Qvidde: calls $3
*** FLOP *** [Jh 4s Kc]
Qvidde: checks
igmade: bets $3
Qvidde: raises $3 to $6
igmade: calls $3
*** TURN *** [Jh 4s Kc] [5s]
Qvidde: bets $6
igmade: calls $6
*** RIVER *** [Jh 4s Kc 5s] [As]
Qvidde: bets $6
igmade: raises $6 to $12
Qvidde: calls $6
*** SHOW DOWN ***
igmade: shows [Th Ad] (a pair of Aces)
Qvidde: mucks hand
igmade collected $71.50 from pot
*** SUMMARY ***
Total pot $72 | Rake $0.50
Board [Jh 4s Kc 5s As]
Seat 1: Qvidde (big blind) mucked
Seat 2: igmade (button) (small blind) showed [Th Ad] and won ($71.50) with a pair of Aces


PokerStars Hand #169852379956:  Hold'em Limit ($3/$6 USD) - 2017/05/02 10:06:20 ET
Table 'Erynia II' 6-max Seat #1 is the button
Seat 1: Qvidde ($132.01 in chips)
Seat 2: igmade ($172.03 in chips)
Qvidde: posts small blind $1
igmade: posts big blind $3
*** HOLE CARDS ***
Qvidde: raises $3 to $6
igmade: calls $3
*** FLOP *** [4c Th 4h]
igmade: checks
Qvidde: bets $3
igmade: calls $3
*** TURN *** [4c Th 4h] [6h]
igmade: checks
Qvidde: checks
*** RIVER *** [4c Th 4h 6h] [Ad]
igmade: checks
Qvidde: checks
*** SHOW DOWN ***
igmade: shows [4d Td] (a full house, Fours full of Tens)
Qvidde: mucks hand
igmade collected $17.64 from pot
*** SUMMARY ***
Total pot $18 | Rake $0.36
Board [4c Th 4h 6h Ad]
Seat 1: Qvidde (button) (small blind) mucked
Seat 2: igmade (big blind) showed [4d Td] and won ($17.64) with a full house, Fours full of Tens


PokerStars Hand #169852415421:  Hold'em Limit ($3/$6 USD) - 2017/05/02 10:07:15 ET
Table 'Erynia II' 6-max Seat #2 is the button
Seat 1: Qvidde ($123.01 in chips)
Seat 2: igmade ($180.67 in chips)
igmade: posts small blind $1
Qvidde: posts big blind $3
*** HOLE CARDS ***
igmade: folds
Uncalled bet ($2) returned to Qvidde
Qvidde collected $2 from pot
Qvidde: doesn't show hand
*** SUMMARY ***
Total pot $2 | Rake $0
Seat 1: Qvidde (big blind) collected ($2)
Seat 2: igmade (button) (small blind) folded before Flop


PokerStars Hand #169852420316:  Hold'em Limit ($3/$6 USD) - 2017/05/02 10:07:22 ET
Table 'Erynia II' 6-max Seat #1 is the button
Seat 1: Qvidde ($124.01 in chips)
Seat 2: igmade ($179.67 in chips)
Qvidde: posts small blind $1
igmade: posts big blind $3
*** HOLE CARDS ***
Qvidde: raises $3 to $6
igmade: calls $3
*** FLOP *** [Jd Tc 4h]
igmade: checks
Qvidde: bets $3
igmade: raises $3 to $6
Qvidde: calls $3
*** TURN *** [Jd Tc 4h] [Th]
igmade: bets $6
Qvidde: calls $6
*** RIVER *** [Jd Tc 4h Th] [8h]
igmade: bets $6
Qvidde: calls $6
*** SHOW DOWN ***
igmade: shows [Jc 7c] (two pair, Jacks and Tens)
Qvidde: mucks hand
igmade collected $47.50 from pot
*** SUMMARY ***
Total pot $48 | Rake $0.50
Board [Jd Tc 4h Th 8h]
Seat 1: Qvidde (button) (small blind) mucked
Seat 2: igmade (big blind) showed [Jc 7c] and won ($47.50) with two pair, Jacks and Tens


PokerStars Hand #169852451852:  Hold'em Limit ($3/$6 USD) - 2017/05/02 10:08:12 ET
Table 'Erynia II' 6-max Seat #1 is the button
Seat 1: Qvidde ($101.01 in chips)
Seat 2: igmade ($202.17 in chips)
Qvidde: posts small blind $1
igmade: posts big blind $3
*** HOLE CARDS ***
Qvidde: raises $3 to $6
igmade: folds
Uncalled bet ($3) returned to Qvidde
Qvidde collected $6 from pot
Qvidde: doesn't show hand
*** SUMMARY ***
Total pot $6 | Rake $0
Seat 1: Qvidde (button) (small blind) collected ($6)
Seat 2: igmade (big blind) folded before Flop


PokerStars Hand #169852449000:  Hold'em Limit ($3/$6 USD) - 2017/05/02 10:08:07 ET
Table 'Erynia II' 6-max Seat #2 is the button
Seat 1: Qvidde ($100.01 in chips)
Seat 2: igmade ($203.17 in chips)
igmade: posts small blind $1
Qvidde: posts big blind $3
*** HOLE CARDS ***
igmade: folds
Uncalled bet ($2) returned to Qvidde
Qvidde collected $2 from pot
Qvidde: doesn't show hand
*** SUMMARY ***
Total pot $2 | Rake $0
Seat 1: Qvidde (big blind) collected ($2)
Seat 2: igmade (button) (small blind) folded before Flop


PokerStars Hand #169852456685:  Hold'em Limit ($3/$6 USD) - 2017/05/02 10:08:19 ET
Table 'Erynia II' 6-max Seat #2 is the button
Seat 1: Qvidde ($104.01 in chips)
Seat 2: igmade ($199.17 in chips)
igmade: posts small blind $1
Qvidde: posts big blind $3
*** HOLE CARDS ***
igmade: raises $3 to $6
Qvidde: raises $3 to $9
igmade: raises $3 to $12
Betting is capped
Qvidde: calls $3
*** FLOP *** [2s 4h Ts]
Qvidde: checks
igmade: bets $3
Johnliu leaves the table
Qvidde: calls $3
*** TURN *** [2s 4h Ts] [Jh]
Qvidde: checks
igmade: bets $6
Qvidde: calls $6
*** RIVER *** [2s 4h Ts Jh] [8h]
Qvidde: checks
igmade: checks
*** SHOW DOWN ***
Qvidde: shows [As Qc] (high card Ace)
igmade: shows [9d 9c] (a pair of Nines)
igmade collected $41.50 from pot
*** SUMMARY ***
Total pot $42 | Rake $0.50
Board [2s 4h Ts Jh 8h]
Seat 1: Qvidde (big blind) showed [As Qc] and lost with high card Ace
Seat 2: igmade (button) (small blind) showed [9d 9c] and won ($41.50) with a pair of Nines


