PokerStars Hand #148084837621:  Hold'em Limit ($3/$6 USD) - 2016/02/01 19:39:18 ET
Table 'Esclangona' 6-max Seat #5 is the button
Seat 1: AzureCaper ($76 in chips)
Seat 5: Stalega ($20.10 in chips)
Stalega: posts small blind $1
AzureCaper: posts big blind $3
*** HOLE CARDS ***
Stalega: raises $3 to $6
AzureCaper: folds
Uncalled bet ($3) returned to Stalega
Stalega collected $6 from pot
*** SUMMARY ***
Total pot $6 | Rake $0
Seat 1: AzureCaper (big blind) folded before Flop
Seat 5: Stalega (button) (small blind) collected ($6)


PokerStars Hand #148084833098:  Hold'em Limit ($3/$6 USD) - 2016/02/01 19:39:11 ET
Table 'Esclangona' 6-max Seat #1 is the button
Seat 1: AzureCaper ($73 in chips)
Seat 5: Stalega ($23.10 in chips)
AzureCaper: posts small blind $1
Stalega: posts big blind $3
*** HOLE CARDS ***
AzureCaper: raises $3 to $6
Stalega: folds
Uncalled bet ($3) returned to AzureCaper
AzureCaper collected $6 from pot
AzureCaper: doesn't show hand
*** SUMMARY ***
Total pot $6 | Rake $0
Seat 1: AzureCaper (button) (small blind) collected ($6)
Seat 5: Stalega (big blind) folded before Flop


