PokerStars Hand #153364008068:  Hold'em Limit ($3/$6 USD) - 2016/05/15 15:49:32 ET
Table 'Esperanto' 6-max Seat #6 is the button
Seat 1: Zubasa07 ($500 in chips)
Seat 6: fabricio004 ($114 in chips)
fabricio004: posts small blind $1
Zubasa07: posts big blind $3
*** HOLE CARDS ***
fabricio004: folds
Uncalled bet ($2) returned to Zubasa07
Zubasa07 collected $2 from pot
Zubasa07: doesn't show hand
*** SUMMARY ***
Total pot $2 | Rake $0
Seat 1: Zubasa07 (big blind) collected ($2)
Seat 6: fabricio004 (button) (small blind) folded before Flop


PokerStars Hand #153364029786:  Hold'em Limit ($3/$6 USD) - 2016/05/15 15:49:53 ET
Table 'Esperanto' 6-max Seat #1 is the button
Seat 1: Zubasa07 ($501 in chips)
Seat 6: fabricio004 ($113 in chips)
Zubasa07: posts small blind $1
fabricio004: posts big blind $3
*** HOLE CARDS ***
Zubasa07: raises $3 to $6
fabricio004: calls $3
*** FLOP *** [Jd 3h 2c]
fabricio004: checks
Zubasa07: bets $3
fabricio004: calls $3
*** TURN *** [Jd 3h 2c] [Qs]
fabricio004: checks
Zubasa07: checks
*** RIVER *** [Jd 3h 2c Qs] [2d]
fabricio004: bets $6
Zubasa07: calls $6
*** SHOW DOWN ***
fabricio004: shows [Jh Kd] (two pair, Jacks and Deuces)
Zubasa07: mucks hand
fabricio004 collected $29.50 from pot
*** SUMMARY ***
Total pot $30 | Rake $0.50
Board [Jd 3h 2c Qs 2d]
Seat 1: Zubasa07 (button) (small blind) mucked
Seat 6: fabricio004 (big blind) showed [Jh Kd] and won ($29.50) with two pair, Jacks and Deuces


PokerStars Hand #153364112213:  Hold'em Limit ($3/$6 USD) - 2016/05/15 15:51:14 ET
Table 'Esperanto' 6-max Seat #1 is the button
Seat 1: Zubasa07 ($474 in chips)
Seat 6: fabricio004 ($139.02 in chips)
Zubasa07: posts small blind $1
fabricio004: posts big blind $3
*** HOLE CARDS ***
Zubasa07: raises $3 to $6
fabricio004: calls $3
*** FLOP *** [7d 9h Qs]
fabricio004: checks
Zubasa07: bets $3
fabricio004: calls $3
*** TURN *** [7d 9h Qs] [4h]
fabricio004: checks
Zubasa07: bets $6
fabricio004: folds
Uncalled bet ($6) returned to Zubasa07
Zubasa07 collected $17.64 from pot
Zubasa07: doesn't show hand
*** SUMMARY ***
Total pot $18 | Rake $0.36
Board [7d 9h Qs 4h]
Seat 1: Zubasa07 (button) (small blind) collected ($17.64)
Seat 6: fabricio004 (big blind) folded on the Turn


PokerStars Hand #153364076564:  Hold'em Limit ($3/$6 USD) - 2016/05/15 15:50:39 ET
Table 'Esperanto' 6-max Seat #6 is the button
Seat 1: Zubasa07 ($486 in chips)
Seat 6: fabricio004 ($127.50 in chips)
fabricio004: posts small blind $1
Zubasa07: posts big blind $3
*** HOLE CARDS ***
fabricio004: calls $2
Zubasa07: checks
*** FLOP *** [3s Ac Qh]
Zubasa07: bets $3
fabricio004: calls $3
*** TURN *** [3s Ac Qh] [6s]
Zubasa07: bets $6
fabricio004: calls $6
*** RIVER *** [3s Ac Qh 6s] [Jc]
Zubasa07: checks
fabricio004: checks
*** SHOW DOWN ***
Zubasa07: shows [2c 8d] (high card Ace)
fabricio004: shows [8s Qd] (a pair of Queens)
fabricio004 collected $23.52 from pot
*** SUMMARY ***
Total pot $24 | Rake $0.48
Board [3s Ac Qh 6s Jc]
Seat 1: Zubasa07 (big blind) showed [2c 8d] and lost with high card Ace
Seat 6: fabricio004 (button) (small blind) showed [8s Qd] and won ($23.52) with a pair of Queens


PokerStars Hand #153364173452:  Hold'em Limit ($3/$6 USD) - 2016/05/15 15:52:14 ET
Table 'Esperanto' 6-max Seat #1 is the button
Seat 1: Zubasa07 ($476.64 in chips)
Seat 6: fabricio004 ($135.78 in chips)
Zubasa07: posts small blind $1
fabricio004: posts big blind $3
*** HOLE CARDS ***
Zubasa07: raises $3 to $6
fabricio004: raises $3 to $9
Zubasa07: calls $3
*** FLOP *** [Ks 3s 9h]
fabricio004: checks
Zubasa07: bets $3
fabricio004: calls $3
*** TURN *** [Ks 3s 9h] [7h]
fabricio004: checks
Zubasa07: checks
*** RIVER *** [Ks 3s 9h 7h] [7d]
fabricio004: bets $6
Zubasa07: calls $6
*** SHOW DOWN ***
fabricio004: shows [Kh Qh] (two pair, Kings and Sevens)
Zubasa07: mucks hand
fabricio004 collected $35.50 from pot
*** SUMMARY ***
Total pot $36 | Rake $0.50
Board [Ks 3s 9h 7h 7d]
Seat 1: Zubasa07 (button) (small blind) mucked
Seat 6: fabricio004 (big blind) showed [Kh Qh] and won ($35.50) with two pair, Kings and Sevens


PokerStars Hand #153364133996:  Hold'em Limit ($3/$6 USD) - 2016/05/15 15:51:35 ET
Table 'Esperanto' 6-max Seat #6 is the button
Seat 1: Zubasa07 ($482.64 in chips)
Seat 6: fabricio004 ($130.02 in chips)
fabricio004: posts small blind $1
Zubasa07: posts big blind $3
*** HOLE CARDS ***
fabricio004: raises $3 to $6
Zubasa07: calls $3
*** FLOP *** [3s 8s Jh]
Zubasa07: checks
fabricio004: checks
*** TURN *** [3s 8s Jh] [6h]
Zubasa07: checks
fabricio004: checks
*** RIVER *** [3s 8s Jh 6h] [Ks]
Zubasa07: checks
fabricio004: bets $6
Zubasa07: folds
Uncalled bet ($6) returned to fabricio004
fabricio004 collected $11.76 from pot
fabricio004: doesn't show hand
*** SUMMARY ***
Total pot $12 | Rake $0.24
Board [3s 8s Jh 6h Ks]
Seat 1: Zubasa07 (big blind) folded on the River
Seat 6: fabricio004 (button) (small blind) collected ($11.76)


PokerStars Hand #153364275041:  Hold'em Limit ($3/$6 USD) - 2016/05/15 15:53:53 ET
Table 'Esperanto' 6-max Seat #6 is the button
Seat 1: Zubasa07 ($481.90 in chips)
Seat 6: fabricio004 ($129.28 in chips)
fabricio004: posts small blind $1
Zubasa07: posts big blind $3
*** HOLE CARDS ***
fabricio004: folds
Uncalled bet ($2) returned to Zubasa07
Zubasa07 collected $2 from pot
Zubasa07: doesn't show hand
*** SUMMARY ***
Total pot $2 | Rake $0
Seat 1: Zubasa07 (big blind) collected ($2)
Seat 6: fabricio004 (button) (small blind) folded before Flop


PokerStars Hand #153364252645:  Hold'em Limit ($3/$6 USD) - 2016/05/15 15:53:31 ET
Table 'Esperanto' 6-max Seat #1 is the button
Seat 1: Zubasa07 ($476.14 in chips)
Seat 6: fabricio004 ($135.28 in chips)
Zubasa07: posts small blind $1
fabricio004: posts big blind $3
*** HOLE CARDS ***
Zubasa07: raises $3 to $6
fabricio004: calls $3
*** FLOP *** [Ad 2c 9s]
fabricio004: checks
Zubasa07: bets $3
fabricio004: folds
Uncalled bet ($3) returned to Zubasa07
Zubasa07 collected $11.76 from pot
Zubasa07: doesn't show hand
*** SUMMARY ***
Total pot $12 | Rake $0.24
Board [Ad 2c 9s]
Seat 1: Zubasa07 (button) (small blind) collected ($11.76)
Seat 6: fabricio004 (big blind) folded on the Flop


PokerStars Hand #153364214149:  Hold'em Limit ($3/$6 USD) - 2016/05/15 15:52:53 ET
Table 'Esperanto' 6-max Seat #6 is the button
Seat 1: Zubasa07 ($458.64 in chips)
Seat 6: fabricio004 ($153.28 in chips)
fabricio004: posts small blind $1
Zubasa07: posts big blind $3
*** HOLE CARDS ***
fabricio004: calls $2
Zubasa07: raises $3 to $6
fabricio004: calls $3
*** FLOP *** [2d 3c 7s]
Zubasa07: bets $3
fabricio004: raises $3 to $6
Zubasa07: calls $3
*** TURN *** [2d 3c 7s] [6c]
Zubasa07: checks
fabricio004: checks
*** RIVER *** [2d 3c 7s 6c] [Kc]
Zubasa07: bets $6
fabricio004: calls $6
*** SHOW DOWN ***
Zubasa07: shows [Tc Ks] (a pair of Kings)
fabricio004: mucks hand
Zubasa07 collected $35.50 from pot
*** SUMMARY ***
Total pot $36 | Rake $0.50
Board [2d 3c 7s 6c Kc]
Seat 1: Zubasa07 (big blind) showed [Tc Ks] and won ($35.50) with a pair of Kings
Seat 6: fabricio004 (button) (small blind) mucked


PokerStars Hand #153364297914:  Hold'em Limit ($3/$6 USD) - 2016/05/15 15:54:16 ET
Table 'Esperanto' 6-max Seat #1 is the button
Seat 1: Zubasa07 ($486.90 in chips)
Seat 6: fabricio004 ($124.28 in chips)
Zubasa07: posts small blind $1
fabricio004: posts big blind $3
*** HOLE CARDS ***
Zubasa07: raises $3 to $6
fabricio004: folds
Uncalled bet ($3) returned to Zubasa07
Zubasa07 collected $6 from pot
Zubasa07: doesn't show hand
*** SUMMARY ***
Total pot $6 | Rake $0
Seat 1: Zubasa07 (button) (small blind) collected ($6)
Seat 6: fabricio004 (big blind) folded before Flop


PokerStars Hand #153364292075:  Hold'em Limit ($3/$6 USD) - 2016/05/15 15:54:10 ET
Table 'Esperanto' 6-max Seat #6 is the button
Seat 1: Zubasa07 ($485.90 in chips)
Seat 6: fabricio004 ($125.28 in chips)
fabricio004: posts small blind $1
Zubasa07: posts big blind $3
*** HOLE CARDS ***
fabricio004: folds
Uncalled bet ($2) returned to Zubasa07
Zubasa07 collected $2 from pot
Zubasa07: doesn't show hand
*** SUMMARY ***
Total pot $2 | Rake $0
Seat 1: Zubasa07 (big blind) collected ($2)
Seat 6: fabricio004 (button) (small blind) folded before Flop


PokerStars Hand #153364279927:  Hold'em Limit ($3/$6 USD) - 2016/05/15 15:53:58 ET
Table 'Esperanto' 6-max Seat #1 is the button
Seat 1: Zubasa07 ($482.90 in chips)
Seat 6: fabricio004 ($128.28 in chips)
Zubasa07: posts small blind $1
fabricio004: posts big blind $3
*** HOLE CARDS ***
Zubasa07: raises $3 to $6
fabricio004: folds
Uncalled bet ($3) returned to Zubasa07
Zubasa07 collected $6 from pot
Zubasa07: doesn't show hand
*** SUMMARY ***
Total pot $6 | Rake $0
Seat 1: Zubasa07 (button) (small blind) collected ($6)
Seat 6: fabricio004 (big blind) folded before Flop


PokerStars Hand #153364304345:  Hold'em Limit ($3/$6 USD) - 2016/05/15 15:54:23 ET
Table 'Esperanto' 6-max Seat #6 is the button
Seat 1: Zubasa07 ($489.90 in chips)
Seat 6: fabricio004 ($121.28 in chips)
fabricio004: posts small blind $1
Zubasa07: posts big blind $3
*** HOLE CARDS ***
fabricio004: raises $3 to $6
Zubasa07: raises $3 to $9
fabricio004: calls $3
*** FLOP *** [Kc 3h 2s]
Zubasa07: bets $3
fabricio004: calls $3
*** TURN *** [Kc 3h 2s] [6s]
Zubasa07: bets $6
fabricio004: raises $6 to $12
Zubasa07: calls $6
*** RIVER *** [Kc 3h 2s 6s] [9s]
Zubasa07: checks
fabricio004: bets $6
Zubasa07: calls $6
*** SHOW DOWN ***
fabricio004: shows [Kh 8h] (a pair of Kings)
Zubasa07: mucks hand
fabricio004 collected $59.50 from pot
*** SUMMARY ***
Total pot $60 | Rake $0.50
Board [Kc 3h 2s 6s 9s]
Seat 1: Zubasa07 (big blind) mucked
Seat 6: fabricio004 (button) (small blind) showed [Kh 8h] and won ($59.50) with a pair of Kings


PokerStars Hand #153364389419:  Hold'em Limit ($3/$6 USD) - 2016/05/15 15:56:08 ET
Table 'Esperanto' 6-max Seat #6 is the button
Seat 1: Zubasa07 ($450.90 in chips)
Seat 6: fabricio004 ($159.42 in chips)
fabricio004: posts small blind $1
Zubasa07: posts big blind $3
*** HOLE CARDS ***
fabricio004: folds
Uncalled bet ($2) returned to Zubasa07
Zubasa07 collected $2 from pot
Zubasa07: doesn't show hand
*** SUMMARY ***
Total pot $2 | Rake $0
Seat 1: Zubasa07 (big blind) collected ($2)
Seat 6: fabricio004 (button) (small blind) folded before Flop


PokerStars Hand #153364360800:  Hold'em Limit ($3/$6 USD) - 2016/05/15 15:55:25 ET
Table 'Esperanto' 6-max Seat #1 is the button
Seat 1: Zubasa07 ($459.90 in chips)
Seat 6: fabricio004 ($150.78 in chips)
Zubasa07: posts small blind $1
fabricio004: posts big blind $3
*** HOLE CARDS ***
Grieserix joins the table at seat #5
Zubasa07: raises $3 to $6
fabricio004: calls $3
*** FLOP *** [3h Tc 6s]
fabricio004: bets $3
Zubasa07: calls $3
*** TURN *** [3h Tc 6s] [Ts]
fabricio004: bets $6
vestimokrec joins the table at seat #2
Zubasa07: folds
Uncalled bet ($6) returned to fabricio004
fabricio004 collected $17.64 from pot
fabricio004: doesn't show hand
*** SUMMARY ***
Total pot $18 | Rake $0.36
Board [3h Tc 6s Ts]
Seat 1: Zubasa07 (button) (small blind) folded on the Turn
Seat 6: fabricio004 (big blind) collected ($17.64)


PokerStars Hand #153367202713:  Hold'em Limit ($3/$6 USD) - 2016/05/15 16:43:51 ET
Table 'Esperanto' 6-max Seat #2 is the button
Seat 2: vestimokrec ($131.37 in chips)
Seat 6: lin1rabbit ($74 in chips)
vestimokrec: posts small blind $1
lin1rabbit: posts big blind $3
*** HOLE CARDS ***
vestimokrec: raises $3 to $6
lin1rabbit: calls $3
*** FLOP *** [Td Kh 9s]
lin1rabbit: checks
vestimokrec: bets $3
lin1rabbit: calls $3
*** TURN *** [Td Kh 9s] [8h]
lin1rabbit: bets $6
vestimokrec: calls $6
*** RIVER *** [Td Kh 9s 8h] [Tc]
lin1rabbit: bets $6
vestimokrec: folds
Uncalled bet ($6) returned to lin1rabbit
lin1rabbit collected $29.50 from pot
lin1rabbit: doesn't show hand
*** SUMMARY ***
Total pot $30 | Rake $0.50
Board [Td Kh 9s 8h Tc]
Seat 2: vestimokrec (button) (small blind) folded on the River
Seat 6: lin1rabbit (big blind) collected ($29.50)


