PokerStars Hand #173417450446:  Hold'em Limit ($3/$6 USD) - 2017/07/23 15:51:59 ET
Table 'Espinette II' 6-max Seat #1 is the button
Seat 1: Chessnok ($120 in chips)
Seat 3: Harlaur ($120 in chips)
Chessnok: posts small blind $1
Harlaur: posts big blind $3
*** HOLE CARDS ***
Chessnok: folds
Uncalled bet ($2) returned to Harlaur
Harlaur collected $2 from pot
*** SUMMARY ***
Total pot $2 | Rake $0
Seat 1: Chessnok (button) (small blind) folded before Flop
Seat 3: Harlaur (big blind) collected ($2)


PokerStars Hand #173417478555:  Hold'em Limit ($3/$6 USD) - 2017/07/23 15:52:30 ET
Table 'Espinette II' 6-max Seat #1 is the button
Seat 1: Chessnok ($148.50 in chips)
Seat 3: Harlaur ($91 in chips)
Chessnok: posts small blind $1
Harlaur: posts big blind $3
*** HOLE CARDS ***
Chessnok: raises $3 to $6
Harlaur: raises $3 to $9
Chessnok: calls $3
*** FLOP *** [8d 3d Kc]
Harlaur: bets $3
Chessnok: calls $3
*** TURN *** [8d 3d Kc] [8s]
Harlaur: checks
Chessnok: checks
*** RIVER *** [8d 3d Kc 8s] [Ts]
Harlaur: bets $6
Chessnok: calls $6
*** SHOW DOWN ***
Harlaur: shows [2h 9h] (a pair of Eights)
Chessnok: shows [6s As] (a pair of Eights - Ace kicker)
Chessnok collected $35.50 from pot
*** SUMMARY ***
Total pot $36 | Rake $0.50
Board [8d 3d Kc 8s Ts]
Seat 1: Chessnok (button) (small blind) showed [6s As] and won ($35.50) with a pair of Eights
Seat 3: Harlaur (big blind) showed [2h 9h] and lost with a pair of Eights


PokerStars Hand #173417457186:  Hold'em Limit ($3/$6 USD) - 2017/07/23 15:52:07 ET
Table 'Espinette II' 6-max Seat #3 is the button
Seat 1: Chessnok ($119 in chips)
Seat 3: Harlaur ($121 in chips)
Harlaur: posts small blind $1
Chessnok: posts big blind $3
*** HOLE CARDS ***
Harlaur: raises $3 to $6
Chessnok: calls $3
*** FLOP *** [9c 2d Jh]
Chessnok: checks
Harlaur: bets $3
Chessnok: raises $3 to $6
Harlaur: raises $3 to $9
Chessnok: raises $3 to $12
Betting is capped
Harlaur: calls $3
*** TURN *** [9c 2d Jh] [7s]
Chessnok: bets $6
Harlaur: calls $6
*** RIVER *** [9c 2d Jh 7s] [Qh]
Chessnok: bets $6
Harlaur: calls $6
*** SHOW DOWN ***
Chessnok: shows [Js 9d] (two pair, Jacks and Nines)
Harlaur: mucks hand
Chessnok collected $59.50 from pot
*** SUMMARY ***
Total pot $60 | Rake $0.50
Board [9c 2d Jh 7s Qh]
Seat 1: Chessnok (big blind) showed [Js 9d] and won ($59.50) with two pair, Jacks and Nines
Seat 3: Harlaur (button) (small blind) mucked


PokerStars Hand #173417499596:  Hold'em Limit ($3/$6 USD) - 2017/07/23 15:52:53 ET
Table 'Espinette II' 6-max Seat #3 is the button
Seat 1: Chessnok ($166 in chips)
Seat 3: Harlaur ($73 in chips)
Harlaur: posts small blind $1
Chessnok: posts big blind $3
*** HOLE CARDS ***
Harlaur: raises $3 to $6
Chessnok: calls $3
*** FLOP *** [9d Qs Qc]
Chessnok: checks
Harlaur: bets $3
Chessnok: calls $3
*** TURN *** [9d Qs Qc] [7s]
Chessnok: checks
Harlaur: bets $6
Chessnok: calls $6
*** RIVER *** [9d Qs Qc 7s] [6s]
Chessnok: checks
Harlaur: bets $6
Chessnok: calls $6
*** SHOW DOWN ***
Harlaur: shows [6d 8c] (two pair, Queens and Sixes)
Chessnok: mucks hand
Harlaur collected $41.50 from pot
*** SUMMARY ***
Total pot $42 | Rake $0.50
Board [9d Qs Qc 7s 6s]
Seat 1: Chessnok (big blind) mucked
Seat 3: Harlaur (button) (small blind) showed [6d 8c] and won ($41.50) with two pair, Queens and Sixes


PokerStars Hand #173417552048:  Hold'em Limit ($3/$6 USD) - 2017/07/23 15:53:51 ET
Table 'Espinette II' 6-max Seat #3 is the button
Seat 1: Chessnok ($124 in chips)
Seat 3: Harlaur ($114 in chips)
Harlaur: posts small blind $1
Chessnok: posts big blind $3
*** HOLE CARDS ***
Harlaur: folds
Uncalled bet ($2) returned to Chessnok
Chessnok collected $2 from pot
Chessnok: doesn't show hand
*** SUMMARY ***
Total pot $2 | Rake $0
Seat 1: Chessnok (big blind) collected ($2)
Seat 3: Harlaur (button) (small blind) folded before Flop


PokerStars Hand #173417530729:  Hold'em Limit ($3/$6 USD) - 2017/07/23 15:53:27 ET
Table 'Espinette II' 6-max Seat #1 is the button
Seat 1: Chessnok ($145 in chips)
Seat 3: Harlaur ($93.50 in chips)
Chessnok: posts small blind $1
Harlaur: posts big blind $3
*** HOLE CARDS ***
ice0034 joins the table at seat #4
Chessnok: raises $3 to $6
Harlaur: calls $3
*** FLOP *** [6d Kd 8s]
Harlaur: bets $3
Chessnok: calls $3
*** TURN *** [6d Kd 8s] [Th]
Harlaur: bets $6
Chessnok: calls $6
*** RIVER *** [6d Kd 8s Th] [Ah]
Harlaur: bets $6
Chessnok: calls $6
*** SHOW DOWN ***
Harlaur: shows [Td 6c] (two pair, Tens and Sixes)
Chessnok: mucks hand
Harlaur collected $41.50 from pot
*** SUMMARY ***
Total pot $42 | Rake $0.50
Board [6d Kd 8s Th Ah]
Seat 1: Chessnok (button) (small blind) mucked
Seat 3: Harlaur (big blind) showed [Td 6c] and won ($41.50) with two pair, Tens and Sixes


PokerStars Hand #173417558108:  Hold'em Limit ($3/$6 USD) - 2017/07/23 15:53:57 ET
Table 'Espinette II' 6-max Seat #1 is the button
Seat 1: Chessnok ($125 in chips)
Seat 3: Harlaur ($113 in chips)
Chessnok: posts small blind $1
Harlaur: posts big blind $3
*** HOLE CARDS ***
Chessnok: raises $3 to $6
Harlaur: calls $3
*** FLOP *** [8h 2h 4s]
Harlaur: bets $3
Chessnok: calls $3
*** TURN *** [8h 2h 4s] [Qs]
Harlaur: checks
Chessnok: checks
*** RIVER *** [8h 2h 4s Qs] [9d]
Harlaur: bets $6
Chessnok: folds
Uncalled bet ($6) returned to Harlaur
Harlaur collected $17.64 from pot
Harlaur: doesn't show hand
*** SUMMARY ***
Total pot $18 | Rake $0.36
Board [8h 2h 4s Qs 9d]
Seat 1: Chessnok (button) (small blind) folded on the River
Seat 3: Harlaur (big blind) collected ($17.64)


PokerStars Hand #173417612801:  Hold'em Limit ($3/$6 USD) - 2017/07/23 15:54:58 ET
Table 'Espinette II' 6-max Seat #3 is the button
Seat 1: Chessnok ($151.50 in chips)
Seat 3: Harlaur ($85.64 in chips)
Harlaur: posts small blind $1
Chessnok: posts big blind $3
*** HOLE CARDS ***
Harlaur: folds
Uncalled bet ($2) returned to Chessnok
Chessnok collected $2 from pot
Chessnok: doesn't show hand
*** SUMMARY ***
Total pot $2 | Rake $0
Seat 1: Chessnok (big blind) collected ($2)
Seat 3: Harlaur (button) (small blind) folded before Flop


PokerStars Hand #173417605483:  Hold'em Limit ($3/$6 USD) - 2017/07/23 15:54:50 ET
Table 'Espinette II' 6-max Seat #1 is the button
Seat 1: Chessnok ($148.50 in chips)
Seat 3: Harlaur ($88.64 in chips)
Chessnok: posts small blind $1
Harlaur: posts big blind $3
*** HOLE CARDS ***
Chessnok: raises $3 to $6
Harlaur: folds
Uncalled bet ($3) returned to Chessnok
Chessnok collected $6 from pot
Chessnok: doesn't show hand
*** SUMMARY ***
Total pot $6 | Rake $0
Seat 1: Chessnok (button) (small blind) collected ($6)
Seat 3: Harlaur (big blind) folded before Flop


PokerStars Hand #173417581528:  Hold'em Limit ($3/$6 USD) - 2017/07/23 15:54:23 ET
Table 'Espinette II' 6-max Seat #3 is the button
Seat 1: Chessnok ($116 in chips)
Seat 3: Harlaur ($121.64 in chips)
Harlaur: posts small blind $1
Chessnok: posts big blind $3
*** HOLE CARDS ***
Harlaur: raises $3 to $6
Chessnok: raises $3 to $9
Harlaur: calls $3
*** FLOP *** [8d 3d 5c]
Chessnok: bets $3
Harlaur: raises $3 to $6
Chessnok: calls $3
*** TURN *** [8d 3d 5c] [3h]
Chessnok: checks
Harlaur: bets $6
Chessnok: calls $6
*** RIVER *** [8d 3d 5c 3h] [Jh]
Chessnok: checks
Harlaur: bets $6
Chessnok: raises $6 to $12
Harlaur: calls $6
*** SHOW DOWN ***
Chessnok: shows [Jd Qs] (two pair, Jacks and Threes)
Harlaur: mucks hand
Chessnok collected $65.50 from pot
*** SUMMARY ***
Total pot $66 | Rake $0.50
Board [8d 3d 5c 3h Jh]
Seat 1: Chessnok (big blind) showed [Jd Qs] and won ($65.50) with two pair, Jacks and Threes
Seat 3: Harlaur (button) (small blind) mucked


PokerStars Hand #173417624262:  Hold'em Limit ($3/$6 USD) - 2017/07/23 15:55:12 ET
Table 'Espinette II' 6-max Seat #3 is the button
Seat 1: Chessnok ($155.50 in chips)
Seat 3: Harlaur ($81.64 in chips)
Harlaur: posts small blind $1
Chessnok: posts big blind $3
*** HOLE CARDS ***
Harlaur: folds
Uncalled bet ($2) returned to Chessnok
Chessnok collected $2 from pot
Chessnok: doesn't show hand
*** SUMMARY ***
Total pot $2 | Rake $0
Seat 1: Chessnok (big blind) collected ($2)
Seat 3: Harlaur (button) (small blind) folded before Flop


PokerStars Hand #173417618315:  Hold'em Limit ($3/$6 USD) - 2017/07/23 15:55:04 ET
Table 'Espinette II' 6-max Seat #1 is the button
Seat 1: Chessnok ($152.50 in chips)
Seat 3: Harlaur ($84.64 in chips)
Chessnok: posts small blind $1
Harlaur: posts big blind $3
*** HOLE CARDS ***
Chessnok: raises $3 to $6
Harlaur: folds
Uncalled bet ($3) returned to Chessnok
Chessnok collected $6 from pot
Chessnok: doesn't show hand
*** SUMMARY ***
Total pot $6 | Rake $0
Seat 1: Chessnok (button) (small blind) collected ($6)
Seat 3: Harlaur (big blind) folded before Flop


PokerStars Hand #173417638772:  Hold'em Limit ($3/$6 USD) - 2017/07/23 15:55:36 ET
Table 'Espinette II' 6-max Seat #3 is the button
Seat 1: Chessnok ($177 in chips)
Seat 3: Harlaur ($59.64 in chips)
Harlaur: posts small blind $1
Chessnok: posts big blind $3
*** HOLE CARDS ***
Harlaur: raises $3 to $6
Chessnok: raises $3 to $9
Harlaur: calls $3
*** FLOP *** [9c 7h Ts]
Chessnok: bets $3
Harlaur: calls $3
*** TURN *** [9c 7h Ts] [9d]
Chessnok: bets $6
Harlaur: raises $6 to $12
Chessnok: raises $6 to $18
Harlaur: calls $6
*** RIVER *** [9c 7h Ts 9d] [8s]
Chessnok: bets $6
Harlaur: calls $6
*** SHOW DOWN ***
Chessnok: shows [7s 9s] (a full house, Nines full of Sevens)
Harlaur: mucks hand
Chessnok collected $71.50 from pot
*** SUMMARY ***
Total pot $72 | Rake $0.50
Board [9c 7h Ts 9d 8s]
Seat 1: Chessnok (big blind) showed [7s 9s] and won ($71.50) with a full house, Nines full of Sevens
Seat 3: Harlaur (button) (small blind) mucked


PokerStars Hand #173417650007:  Hold'em Limit ($3/$6 USD) - 2017/07/23 15:55:54 ET
Table 'Espinette II' 6-max Seat #1 is the button
Seat 1: Chessnok ($212.50 in chips)
Seat 3: Harlaur ($23.64 in chips)
Chessnok: posts small blind $1
Harlaur: posts big blind $3
*** HOLE CARDS ***
Chessnok: raises $3 to $6
Harlaur: calls $3
*** FLOP *** [6s 2c 2h]
Harlaur: bets $3
Chessnok: calls $3
*** TURN *** [6s 2c 2h] [5h]
Harlaur: checks
Chessnok: checks
*** RIVER *** [6s 2c 2h 5h] [5s]
Harlaur: checks
Chessnok: checks
*** SHOW DOWN ***
Harlaur: shows [9s 8h] (two pair, Fives and Deuces)
Chessnok: shows [Qc 9c] (two pair, Fives and Deuces - Queen kicker)
Chessnok collected $17.64 from pot
*** SUMMARY ***
Total pot $18 | Rake $0.36
Board [6s 2c 2h 5h 5s]
Seat 1: Chessnok (button) (small blind) showed [Qc 9c] and won ($17.64) with two pair, Fives and Deuces
Seat 3: Harlaur (big blind) showed [9s 8h] and lost with two pair, Fives and Deuces


PokerStars Hand #173417628082:  Hold'em Limit ($3/$6 USD) - 2017/07/23 15:55:18 ET
Table 'Espinette II' 6-max Seat #1 is the button
Seat 1: Chessnok ($156.50 in chips)
Seat 3: Harlaur ($80.64 in chips)
Chessnok: posts small blind $1
Harlaur: posts big blind $3
*** HOLE CARDS ***
Chessnok: raises $3 to $6
Harlaur: calls $3
*** FLOP *** [4c Qd As]
Harlaur: bets $3
Chessnok: calls $3
*** TURN *** [4c Qd As] [Jc]
Harlaur: bets $6
Chessnok: calls $6
*** RIVER *** [4c Qd As Jc] [7c]
Harlaur: bets $6
Chessnok: calls $6
*** SHOW DOWN ***
Harlaur: shows [Qs 8c] (a pair of Queens)
Chessnok: shows [Qh Kh] (a pair of Queens - Ace+King kicker)
Chessnok collected $41.50 from pot
*** SUMMARY ***
Total pot $42 | Rake $0.50
Board [4c Qd As Jc 7c]
Seat 1: Chessnok (button) (small blind) showed [Qh Kh] and won ($41.50) with a pair of Queens
Seat 3: Harlaur (big blind) showed [Qs 8c] and lost with a pair of Queens


PokerStars Hand #173417666550:  Hold'em Limit ($3/$6 USD) - 2017/07/23 15:56:20 ET
Table 'Espinette II' 6-max Seat #3 is the button
Seat 1: Chessnok ($221.14 in chips)
Seat 3: Harlaur ($74.64 in chips)
Harlaur: posts small blind $1
Chessnok: posts big blind $3
*** HOLE CARDS ***
dmonr joins the table at seat #6
Harlaur: raises $3 to $6
Chessnok: calls $3
*** FLOP *** [2h 4c 5s]
Chessnok: checks
Harlaur: bets $3
Chessnok: raises $3 to $6
Harlaur: calls $3
*** TURN *** [2h 4c 5s] [As]
oregordog joins the table at seat #2
Chessnok: bets $6
Harlaur: calls $6
*** RIVER *** [2h 4c 5s As] [9s]
Chessnok: bets $6
Harlaur: calls $6
*** SHOW DOWN ***
Chessnok: shows [5c Ah] (two pair, Aces and Fives)
Harlaur: mucks hand
Chessnok collected $47.50 from pot
*** SUMMARY ***
Total pot $48 | Rake $0.50
Board [2h 4c 5s As 9s]
Seat 1: Chessnok (big blind) showed [5c Ah] and won ($47.50) with two pair, Aces and Fives
Seat 3: Harlaur (button) (small blind) mucked


PokerStars Hand #173427910847:  Hold'em Limit ($3/$6 USD) - 2017/07/23 19:43:15 ET
Table 'Espinette II' 6-max Seat #1 is the button
Seat 1: Chessnok ($287.11 in chips)
Seat 3: nizogor77 ($64.31 in chips)
Chessnok: posts small blind $1
nizogor77: posts big blind $3
*** HOLE CARDS ***
Chessnok: raises $3 to $6
nizogor77: calls $3
*** FLOP *** [8c 3h 7h]
nizogor77: checks
Chessnok: bets $3
nizogor77: raises $3 to $6
Chessnok: calls $3
*** TURN *** [8c 3h 7h] [2d]
nizogor77: bets $6
Chessnok: calls $6
*** RIVER *** [8c 3h 7h 2d] [Kc]
nizogor77: checks
Chessnok: checks
*** SHOW DOWN ***
nizogor77: shows [Js 7s] (a pair of Sevens)
Chessnok: mucks hand
nizogor77 collected $35.50 from pot
*** SUMMARY ***
Total pot $36 | Rake $0.50
Board [8c 3h 7h 2d Kc]
Seat 1: Chessnok (button) (small blind) mucked
Seat 3: nizogor77 (big blind) showed [Js 7s] and won ($35.50) with a pair of Sevens


PokerStars Hand #173427898225:  Hold'em Limit ($3/$6 USD) - 2017/07/23 19:42:51 ET
Table 'Espinette II' 6-max Seat #1 is the button
Seat 1: Chessnok ($284.35 in chips)
Seat 3: nizogor77 ($67.31 in chips)
Chessnok: posts small blind $1
samantha9843: is sitting out
nizogor77: posts big blind $3
*** HOLE CARDS ***
Chessnok: raises $3 to $6
samantha9843 leaves the table
nizogor77: calls $3
*** FLOP *** [Kc 9s 3c]
nizogor77: checks
Chessnok: bets $3
nizogor77: folds
Uncalled bet ($3) returned to Chessnok
Chessnok collected $11.76 from pot
Chessnok: doesn't show hand
*** SUMMARY ***
Total pot $12 | Rake $0.24
Board [Kc 9s 3c]
Seat 1: Chessnok (button) (small blind) collected ($11.76)
Seat 3: nizogor77 (big blind) folded on the Flop


PokerStars Hand #173427907375:  Hold'em Limit ($3/$6 USD) - 2017/07/23 19:43:08 ET
Table 'Espinette II' 6-max Seat #3 is the button
Seat 1: Chessnok ($290.11 in chips)
Seat 3: nizogor77 ($61.31 in chips)
nizogor77: posts small blind $1
Chessnok: posts big blind $3
*** HOLE CARDS ***
nizogor77: raises $3 to $6
Chessnok: folds
Uncalled bet ($3) returned to nizogor77
nizogor77 collected $6 from pot
nizogor77: doesn't show hand
*** SUMMARY ***
Total pot $6 | Rake $0
Seat 1: Chessnok (big blind) folded before Flop
Seat 3: nizogor77 (button) (small blind) collected ($6)


PokerStars Hand #173427962041:  Hold'em Limit ($3/$6 USD) - 2017/07/23 19:44:39 ET
Table 'Espinette II' 6-max Seat #3 is the button
Seat 1: Chessnok ($295.61 in chips)
Seat 3: nizogor77 ($54.31 in chips)
nizogor77: posts small blind $1
Chessnok: posts big blind $3
*** HOLE CARDS ***
nizogor77: folds
Uncalled bet ($2) returned to Chessnok
Chessnok collected $2 from pot
Chessnok: doesn't show hand
*** SUMMARY ***
Total pot $2 | Rake $0
Seat 1: Chessnok (big blind) collected ($2)
Seat 3: nizogor77 (button) (small blind) folded before Flop


PokerStars Hand #173427941573:  Hold'em Limit ($3/$6 USD) - 2017/07/23 19:44:13 ET
Table 'Espinette II' 6-max Seat #1 is the button
Seat 1: Chessnok ($251.11 in chips)
Seat 3: nizogor77 ($99.31 in chips)
Chessnok: posts small blind $1
nizogor77: posts big blind $3
*** HOLE CARDS ***
Chessnok: raises $3 to $6
nizogor77: calls $3
*** FLOP *** [5d 3h Jh]
nizogor77: checks
Chessnok: bets $3
nizogor77: calls $3
*** TURN *** [5d 3h Jh] [3s]
nizogor77: checks
Chessnok: bets $6
nizogor77: raises $6 to $12
Chessnok: raises $6 to $18
nizogor77: raises $6 to $24
Betting is capped
Chessnok: calls $6
*** RIVER *** [5d 3h Jh 3s] [8c]
nizogor77: bets $6
Chessnok: raises $6 to $12
nizogor77: calls $6
*** SHOW DOWN ***
Chessnok: shows [3d Qd] (three of a kind, Threes)
nizogor77: mucks hand
Chessnok collected $89.50 from pot
*** SUMMARY ***
Total pot $90 | Rake $0.50
Board [5d 3h Jh 3s 8c]
Seat 1: Chessnok (button) (small blind) showed [3d Qd] and won ($89.50) with three of a kind, Threes
Seat 3: nizogor77 (big blind) mucked


PokerStars Hand #173427929645:  Hold'em Limit ($3/$6 USD) - 2017/07/23 19:43:50 ET
Table 'Espinette II' 6-max Seat #3 is the button
Seat 1: Chessnok ($269.11 in chips)
Seat 3: nizogor77 ($81.81 in chips)
nizogor77: posts small blind $1
Chessnok: posts big blind $3
*** HOLE CARDS ***
nizogor77: calls $2
Chessnok: raises $3 to $6
nizogor77: raises $3 to $9
Chessnok: calls $3
*** FLOP *** [5d Js Qd]
Chessnok: checks
nizogor77: bets $3
Chessnok: calls $3
*** TURN *** [5d Js Qd] [Jc]
Chessnok: checks
nizogor77: bets $6
Chessnok: calls $6
*** RIVER *** [5d Js Qd Jc] [9h]
Chessnok: checks
nizogor77: checks
*** SHOW DOWN ***
Chessnok: shows [4h Kd] (a pair of Jacks)
nizogor77: shows [2c 2s] (two pair, Jacks and Deuces)
nizogor77 collected $35.50 from pot
*** SUMMARY ***
Total pot $36 | Rake $0.50
Board [5d Js Qd Jc 9h]
Seat 1: Chessnok (big blind) showed [4h Kd] and lost with a pair of Jacks
Seat 3: nizogor77 (button) (small blind) showed [2c 2s] and won ($35.50) with two pair, Jacks and Deuces


PokerStars Hand #173427979885:  Hold'em Limit ($3/$6 USD) - 2017/07/23 19:45:13 ET
Table 'Espinette II' 6-max Seat #3 is the button
Seat 1: Chessnok ($272.61 in chips)
Seat 3: nizogor77 ($76.81 in chips)
nizogor77: posts small blind $1
Chessnok: posts big blind $3
*** HOLE CARDS ***
nizogor77: raises $3 to $6
Chessnok: calls $3
*** FLOP *** [6s Td Tc]
Chessnok: checks
nizogor77: bets $3
Chessnok: calls $3
*** TURN *** [6s Td Tc] [5s]
Chessnok: checks
nizogor77: checks
*** RIVER *** [6s Td Tc 5s] [Qh]
Chessnok: bets $6
nizogor77: calls $6
*** SHOW DOWN ***
Chessnok: shows [4c Ah] (a pair of Tens)
nizogor77: shows [9d Ad] (a pair of Tens - Ace+Queen+Nine kicker)
nizogor77 collected $29.50 from pot
*** SUMMARY ***
Total pot $30 | Rake $0.50
Board [6s Td Tc 5s Qh]
Seat 1: Chessnok (big blind) showed [4c Ah] and lost with a pair of Tens
Seat 3: nizogor77 (button) (small blind) showed [9d Ad] and won ($29.50) with a pair of Tens


PokerStars Hand #173427965081:  Hold'em Limit ($3/$6 USD) - 2017/07/23 19:44:45 ET
Table 'Espinette II' 6-max Seat #1 is the button
Seat 1: Chessnok ($296.61 in chips)
Seat 3: nizogor77 ($53.31 in chips)
Chessnok: posts small blind $1
nizogor77: posts big blind $3
*** HOLE CARDS ***
Chessnok: raises $3 to $6
nizogor77: calls $3
*** FLOP *** [5h Js 6h]
nizogor77: checks
Chessnok: bets $3
nizogor77: raises $3 to $6
Chessnok: calls $3
*** TURN *** [5h Js 6h] [8d]
nizogor77: bets $6
Chessnok: calls $6
*** RIVER *** [5h Js 6h 8d] [Kh]
nizogor77: bets $6
Chessnok: calls $6
*** SHOW DOWN ***
nizogor77: shows [2h Th] (a flush, King high)
Chessnok: mucks hand
nizogor77 collected $47.50 from pot
*** SUMMARY ***
Total pot $48 | Rake $0.50
Board [5h Js 6h 8d Kh]
Seat 1: Chessnok (button) (small blind) mucked
Seat 3: nizogor77 (big blind) showed [2h Th] and won ($47.50) with a flush, King high


PokerStars Hand #173427989291:  Hold'em Limit ($3/$6 USD) - 2017/07/23 19:45:30 ET
Table 'Espinette II' 6-max Seat #1 is the button
Seat 1: Chessnok ($257.61 in chips)
Seat 3: nizogor77 ($91.31 in chips)
Chessnok: posts small blind $1
nizogor77: posts big blind $3
*** HOLE CARDS ***
Chessnok: raises $3 to $6
nizogor77: calls $3
*** FLOP *** [Ks 4d 3s]
nizogor77: checks
Chessnok: bets $3
nizogor77: calls $3
*** TURN *** [Ks 4d 3s] [Jh]
nizogor77: checks
Chessnok: checks
*** RIVER *** [Ks 4d 3s Jh] [5d]
nizogor77: checks
Chessnok: checks
*** SHOW DOWN ***
nizogor77: shows [3c Tc] (a pair of Threes)
Chessnok: mucks hand
nizogor77 collected $17.64 from pot
*** SUMMARY ***
Total pot $18 | Rake $0.36
Board [Ks 4d 3s Jh 5d]
Seat 1: Chessnok (button) (small blind) mucked
Seat 3: nizogor77 (big blind) showed [3c Tc] and won ($17.64) with a pair of Threes


PokerStars Hand #173428001842:  Hold'em Limit ($3/$6 USD) - 2017/07/23 19:45:54 ET
Table 'Espinette II' 6-max Seat #3 is the button
Seat 1: Chessnok ($248.61 in chips)
Seat 3: nizogor77 ($99.95 in chips)
nizogor77: posts small blind $1
Chessnok: posts big blind $3
*** HOLE CARDS ***
nizogor77: raises $3 to $6
Chessnok: calls $3
*** FLOP *** [Jc Ac Js]
Chessnok: checks
nizogor77: bets $3
Chessnok: calls $3
*** TURN *** [Jc Ac Js] [6d]
Chessnok: checks
nizogor77: bets $6
Chessnok: calls $6
*** RIVER *** [Jc Ac Js 6d] [6c]
Chessnok: checks
nizogor77: checks
*** SHOW DOWN ***
Chessnok: shows [Ks 6h] (a full house, Sixes full of Jacks)
nizogor77: mucks hand
Chessnok collected $29.50 from pot
*** SUMMARY ***
Total pot $30 | Rake $0.50
Board [Jc Ac Js 6d 6c]
Seat 1: Chessnok (big blind) showed [Ks 6h] and won ($29.50) with a full house, Sixes full of Jacks
Seat 3: nizogor77 (button) (small blind) mucked


PokerStars Hand #173428011816:  Hold'em Limit ($3/$6 USD) - 2017/07/23 19:46:13 ET
Table 'Espinette II' 6-max Seat #1 is the button
Seat 1: Chessnok ($263.11 in chips)
Seat 3: nizogor77 ($84.95 in chips)
Chessnok: posts small blind $1
nizogor77: posts big blind $3
*** HOLE CARDS ***
Chessnok: raises $3 to $6
nizogor77: raises $3 to $9
Chessnok: calls $3
*** FLOP *** [Td 6d Ad]
nizogor77: bets $3
Chessnok: folds
Uncalled bet ($3) returned to nizogor77
nizogor77 collected $17.64 from pot
nizogor77: doesn't show hand
*** SUMMARY ***
Total pot $18 | Rake $0.36
Board [Td 6d Ad]
Seat 1: Chessnok (button) (small blind) folded on the Flop
Seat 3: nizogor77 (big blind) collected ($17.64)


PokerStars Hand #173428028005:  Hold'em Limit ($3/$6 USD) - 2017/07/23 19:46:44 ET
Table 'Espinette II' 6-max Seat #1 is the button
Seat 1: Chessnok ($248.11 in chips)
Seat 3: nizogor77 ($99.35 in chips)
Chessnok: posts small blind $1
nizogor77: posts big blind $3
*** HOLE CARDS ***
Chessnok: raises $3 to $6
nizogor77: calls $3
*** FLOP *** [Tc Qd Jc]
nizogor77: checks
Chessnok: bets $3
nizogor77: calls $3
*** TURN *** [Tc Qd Jc] [Ks]
nizogor77: checks
Chessnok: bets $6
nizogor77: folds
Uncalled bet ($6) returned to Chessnok
Chessnok collected $17.64 from pot
Chessnok: doesn't show hand
*** SUMMARY ***
Total pot $18 | Rake $0.36
Board [Tc Qd Jc Ks]
Seat 1: Chessnok (button) (small blind) collected ($17.64)
Seat 3: nizogor77 (big blind) folded on the Turn


