PokerStars Hand #174320172039:  Hold'em Limit ($3/$6 USD) - 2017/08/14 9:00:36 ET
Table 'Espinette' 6-max Seat #3 is the button
Seat 3: Rus29APX ($97 in chips)
Seat 4: nashmed99 ($269.10 in chips)
Rus29APX: posts small blind $1
nashmed99: posts big blind $3
*** HOLE CARDS ***
Rus29APX: raises $3 to $6
nashmed99: calls $3
*** FLOP *** [Ts 5s 9s]
nashmed99: checks
naspirkataa joins the table at seat #5
Rus29APX: bets $3
nashmed99: calls $3
*** TURN *** [Ts 5s 9s] [4h]
nashmed99: checks
Vasjinn joins the table at seat #6
Rus29APX: checks
*** RIVER *** [Ts 5s 9s 4h] [Jh]
nashmed99: bets $6
Rus29APX: folds
Uncalled bet ($6) returned to nashmed99
nashmed99 collected $17.64 from pot
nashmed99: doesn't show hand
yamaxerm joins the table at seat #1
*** SUMMARY ***
Total pot $18 | Rake $0.36
Board [Ts 5s 9s 4h Jh]
Seat 3: Rus29APX (button) (small blind) folded on the River
Seat 4: nashmed99 (big blind) collected ($17.64)


PokerStars Hand #174320169563:  Hold'em Limit ($3/$6 USD) - 2017/08/14 9:00:30 ET
Table 'Espinette' 6-max Seat #4 is the button
Seat 3: Rus29APX ($96 in chips)
Seat 4: nashmed99 ($270.10 in chips)
nashmed99: posts small blind $1
Rus29APX: posts big blind $3
*** HOLE CARDS ***
nashmed99: folds
Uncalled bet ($2) returned to Rus29APX
Rus29APX collected $2 from pot
Rus29APX: doesn't show hand
*** SUMMARY ***
Total pot $2 | Rake $0
Seat 3: Rus29APX (big blind) collected ($2)
Seat 4: nashmed99 (button) (small blind) folded before Flop


PokerStars Hand #174320155637:  Hold'em Limit ($3/$6 USD) - 2017/08/14 8:59:57 ET
Table 'Espinette' 6-max Seat #3 is the button
Seat 3: Rus29APX ($120 in chips)
Seat 4: nashmed99 ($246.60 in chips)
Rus29APX: posts small blind $1
nashmed99: posts big blind $3
*** HOLE CARDS ***
Rus29APX: raises $3 to $6
nashmed99: raises $3 to $9
Rus29APX: calls $3
*** FLOP *** [9d 7h Tc]
nashmed99: bets $3
Rus29APX: calls $3
*** TURN *** [9d 7h Tc] [Ah]
nashmed99: bets $6
Rus29APX: calls $6
*** RIVER *** [9d 7h Tc Ah] [6c]
nashmed99: bets $6
Rus29APX: calls $6
*** SHOW DOWN ***
nashmed99: shows [Jd Ad] (a pair of Aces)
Rus29APX: mucks hand
nashmed99 collected $47.50 from pot
*** SUMMARY ***
Total pot $48 | Rake $0.50
Board [9d 7h Tc Ah 6c]
Seat 3: Rus29APX (button) (small blind) mucked
Seat 4: nashmed99 (big blind) showed [Jd Ad] and won ($47.50) with a pair of Aces


PokerStars Hand #174320284413:  Hold'em Limit ($3/$6 USD) - 2017/08/14 9:04:41 ET
Table 'Espinette' 6-max Seat #4 is the button
Seat 2: Geringste1 ($161.27 in chips)
Seat 4: zimin10 ($76 in chips)
zimin10: posts small blind $1
naspirkataa: is sitting out
Geringste1: posts big blind $3
*** HOLE CARDS ***
zimin10: raises $3 to $6
naspirkataa leaves the table
Geringste1: folds
Uncalled bet ($3) returned to zimin10
zimin10 collected $6 from pot
*** SUMMARY ***
Total pot $6 | Rake $0
Seat 2: Geringste1 (big blind) folded before Flop
Seat 4: zimin10 (button) (small blind) collected ($6)


