PokerStars Hand #163670483356:  Hold'em Limit ($3/$6 USD) - 2016/12/28 13:40:08 ET
Table 'Etamin II' 6-max Seat #1 is the button
Seat 1: VolkovDmitri ($131.50 in chips)
Seat 2: popeluha ($17.64 in chips)
VolkovDmitri: posts small blind $1
popeluha: posts big blind $3
*** HOLE CARDS ***
VolkovDmitri: raises $3 to $6
popeluha: raises $3 to $9
VolkovDmitri: raises $3 to $12
Betting is capped
popeluha: calls $3
*** FLOP *** [Kh Ah 7h]
popeluha: bets $3
VolkovDmitri: raises $3 to $6
popeluha: calls $2.64 and is all-in
Uncalled bet ($0.36) returned to VolkovDmitri
*** TURN *** [Kh Ah 7h] [3s]
*** RIVER *** [Kh Ah 7h 3s] [7c]
*** SHOW DOWN ***
popeluha: shows [7d 7s] (four of a kind, Sevens)
VolkovDmitri: shows [Qs 9d] (a pair of Sevens)
popeluha collected $34.78 from pot
*** SUMMARY ***
Total pot $35.28 | Rake $0.50
Board [Kh Ah 7h 3s 7c]
Seat 1: VolkovDmitri (button) (small blind) showed [Qs 9d] and lost with a pair of Sevens
Seat 2: popeluha (big blind) showed [7d 7s] and won ($34.78) with four of a kind, Sevens


PokerStars Hand #163670467390:  Hold'em Limit ($3/$6 USD) - 2016/12/28 13:39:51 ET
Table 'Etamin II' 6-max Seat #2 is the button
Seat 1: VolkovDmitri ($140.50 in chips)
Seat 2: popeluha ($9 in chips)
popeluha: posts small blind $1
VolkovDmitri: posts big blind $3
*** HOLE CARDS ***
popeluha: raises $3 to $6
VolkovDmitri: raises $3 to $9
popeluha: calls $3 and is all-in
*** FLOP *** [As 8c 2h]
*** TURN *** [As 8c 2h] [4c]
*** RIVER *** [As 8c 2h 4c] [Qh]
*** SHOW DOWN ***
VolkovDmitri: shows [7d 6s] (high card Ace)
popeluha: shows [2d 9d] (a pair of Deuces)
popeluha collected $17.64 from pot
*** SUMMARY ***
Total pot $18 | Rake $0.36
Board [As 8c 2h 4c Qh]
Seat 1: VolkovDmitri (big blind) showed [7d 6s] and lost with high card Ace
Seat 2: popeluha (button) (small blind) showed [2d 9d] and won ($17.64) with a pair of Deuces


PokerStars Hand #163670507360:  Hold'em Limit ($3/$6 USD) - 2016/12/28 13:40:33 ET
Table 'Etamin II' 6-max Seat #2 is the button
Seat 1: VolkovDmitri ($120 in chips)
Seat 2: popeluha ($34.78 in chips)
popeluha: posts small blind $1
VolkovDmitri: posts big blind $3
*** HOLE CARDS ***
popeluha: raises $3 to $6
VolkovDmitri: raises $3 to $9
popeluha: calls $3
*** FLOP *** [6c Tc 8c]
VolkovDmitri: bets $3
popeluha: calls $3
*** TURN *** [6c Tc 8c] [6h]
VolkovDmitri: bets $6
popeluha: calls $6
*** RIVER *** [6c Tc 8c 6h] [Th]
VolkovDmitri: bets $6
popeluha: raises $6 to $12
VolkovDmitri: calls $6
*** SHOW DOWN ***
popeluha: shows [2s Ts] (a full house, Tens full of Sixes)
VolkovDmitri: mucks hand
popeluha collected $59.50 from pot
*** SUMMARY ***
Total pot $60 | Rake $0.50
Board [6c Tc 8c 6h Th]
Seat 1: VolkovDmitri (big blind) mucked
Seat 2: popeluha (button) (small blind) showed [2s Ts] and won ($59.50) with a full house, Tens full of Sixes


PokerStars Hand #163670532300:  Hold'em Limit ($3/$6 USD) - 2016/12/28 13:40:59 ET
Table 'Etamin II' 6-max Seat #1 is the button
Seat 1: VolkovDmitri ($120 in chips)
Seat 2: popeluha ($64.28 in chips)
VolkovDmitri: posts small blind $1
popeluha: posts big blind $3
*** HOLE CARDS ***
VolkovDmitri: raises $3 to $6
popeluha: calls $3
*** FLOP *** [8s 9c 8c]
popeluha: checks
VolkovDmitri: bets $3
popeluha: folds
Uncalled bet ($3) returned to VolkovDmitri
VolkovDmitri collected $11.76 from pot
VolkovDmitri: doesn't show hand
*** SUMMARY ***
Total pot $12 | Rake $0.24
Board [8s 9c 8c]
Seat 1: VolkovDmitri (button) (small blind) collected ($11.76)
Seat 2: popeluha (big blind) folded on the Flop


PokerStars Hand #163670545287:  Hold'em Limit ($3/$6 USD) - 2016/12/28 13:41:13 ET
Table 'Etamin II' 6-max Seat #2 is the button
Seat 1: VolkovDmitri ($125.76 in chips)
Seat 2: popeluha ($58.28 in chips)
popeluha: posts small blind $1
VolkovDmitri: posts big blind $3
*** HOLE CARDS ***
popeluha: raises $3 to $6
VolkovDmitri: raises $3 to $9
popeluha: calls $3
*** FLOP *** [Ad Qd 8s]
VolkovDmitri: bets $3
popeluha: folds
Uncalled bet ($3) returned to VolkovDmitri
VolkovDmitri collected $17.64 from pot
VolkovDmitri: doesn't show hand
popeluha leaves the table
*** SUMMARY ***
Total pot $18 | Rake $0.36
Board [Ad Qd 8s]
Seat 1: VolkovDmitri (big blind) collected ($17.64)
Seat 2: popeluha (button) (small blind) folded on the Flop


