PokerStars Hand #145321455608:  Hold'em Limit ($3/$6 USD) - 2015/12/14 6:04:49 ET
Table 'Etamin' 6-max Seat #4 is the button
Seat 1: keneke51 ($125.76 in chips)
Seat 4: Agrotait ($66 in chips)
Agrotait: posts small blind $1
keneke51: posts big blind $3
*** HOLE CARDS ***
Agrotait: raises $3 to $6
keneke51: calls $3
*** FLOP *** [Qs Th 8d]
keneke51: checks
Agrotait: bets $3
keneke51: calls $3
*** TURN *** [Qs Th 8d] [Kc]
keneke51: checks
Agrotait: checks
*** RIVER *** [Qs Th 8d Kc] [3d]
keneke51: checks
Agrotait: checks
*** SHOW DOWN ***
keneke51: shows [9s 8c] (a pair of Eights)
Agrotait: mucks hand
keneke51 collected $17.64 from pot
*** SUMMARY ***
Total pot $18 | Rake $0.36
Board [Qs Th 8d Kc 3d]
Seat 1: keneke51 (big blind) showed [9s 8c] and won ($17.64) with a pair of Eights
Seat 4: Agrotait (button) (small blind) mucked


PokerStars Hand #145321448457:  Hold'em Limit ($3/$6 USD) - 2015/12/14 6:04:34 ET
Table 'Etamin' 6-max Seat #1 is the button
Seat 1: keneke51 ($120 in chips)
Seat 4: Agrotait ($72 in chips)
keneke51: posts small blind $1
Agrotait: posts big blind $3
*** HOLE CARDS ***
keneke51: raises $3 to $6
Agrotait: calls $3
*** FLOP *** [9s Js Th]
TbIP-TbIP 88 joins the table at seat #2
Agrotait: checks
keneke51: bets $3
Agrotait: folds
Uncalled bet ($3) returned to keneke51
RockKillerTY joins the table at seat #3
keneke51 collected $11.76 from pot
*** SUMMARY ***
Total pot $12 | Rake $0.24
Board [9s Js Th]
Seat 1: keneke51 (button) (small blind) collected ($11.76)
Seat 4: Agrotait (big blind) folded on the Flop


PokerStars Hand #145322143620:  Hold'em Limit ($3/$6 USD) - 2015/12/14 6:30:06 ET
Table 'Etamin' 6-max Seat #1 is the button
Seat 1: rfdwa ($114 in chips)
Seat 4: korrnel ($149.57 in chips)
rfdwa: posts small blind $1
TbIP-TbIP 88: is sitting out
RockKillerTY: is sitting out
korrnel: posts big blind $3
*** HOLE CARDS ***
RockKillerTY leaves the table
rfdwa: calls $2
korrnel: checks
*** FLOP *** [5h Qd Qc]
korrnel: checks
rfdwa: checks
*** TURN *** [5h Qd Qc] [9d]
korrnel: bets $6
rfdwa: folds
Uncalled bet ($6) returned to korrnel
korrnel collected $5.88 from pot
korrnel: doesn't show hand
*** SUMMARY ***
Total pot $6 | Rake $0.12
Board [5h Qd Qc 9d]
Seat 1: rfdwa (button) (small blind) folded on the Turn
Seat 4: korrnel (big blind) collected ($5.88)


PokerStars Hand #145322150185:  Hold'em Limit ($3/$6 USD) - 2015/12/14 6:30:21 ET
Table 'Etamin' 6-max Seat #4 is the button
Seat 1: rfdwa ($111 in chips)
Seat 4: korrnel ($152.45 in chips)
korrnel: posts small blind $1
rfdwa: posts big blind $3
*** HOLE CARDS ***
korrnel: raises $3 to $6
julenchu joins the table at seat #3
rfdwa: calls $3
*** FLOP *** [Qh Jh Td]
rfdwa: bets $3
korrnel: raises $3 to $6
rfdwa: calls $3
*** TURN *** [Qh Jh Td] [5d]
rfdwa: checks
korrnel: bets $6
rfdwa: calls $6
*** RIVER *** [Qh Jh Td 5d] [Tc]
rfdwa: checks
korrnel: bets $6
rfdwa: calls $6
*** SHOW DOWN ***
korrnel: shows [Th Jc] (a full house, Tens full of Jacks)
rfdwa: mucks hand
korrnel collected $47.50 from pot
*** SUMMARY ***
Total pot $48 | Rake $0.50
Board [Qh Jh Td 5d Tc]
Seat 1: rfdwa (big blind) mucked
Seat 4: korrnel (button) (small blind) showed [Th Jc] and won ($47.50) with a full house, Tens full of Jacks


PokerStars Hand #145322956935:  Hold'em Limit ($3/$6 USD) - 2015/12/14 6:58:13 ET
Table 'Etamin' 6-max Seat #6 is the button
Seat 3: julenchu ($80.51 in chips)
Seat 6: Rmk1500 ($74.96 in chips)
Rmk1500: posts small blind $1
julenchu: posts big blind $3
*** HOLE CARDS ***
Rmk1500: raises $3 to $6
rfdwa leaves the table
julenchu: folds
Uncalled bet ($3) returned to Rmk1500
Rmk1500 collected $6 from pot
*** SUMMARY ***
Total pot $6 | Rake $0
Seat 3: julenchu (big blind) folded before Flop
Seat 6: Rmk1500 (button) (small blind) collected ($6)


