PokerStars Hand #145156191569:  Hold'em Limit ($3/$6 USD) - 2015/12/10 22:06:51 ET
Table 'Etheridgea' 10-max Seat #1 is the button
Seat 1: pecs680 ($121 in chips)
Seat 4: scorpio04 ($92.93 in chips)
pecs680: posts small blind $1
1GUMBIE1: is sitting out
scorpio04: posts big blind $3
*** HOLE CARDS ***
1GUMBIE1 leaves the table
pecs680: raises $3 to $6
scorpio04: calls $3
*** FLOP *** [5d 5h 6c]
scorpio04: checks
pecs680: bets $3
scorpio04: raises $3 to $6
pecs680: calls $3
*** TURN *** [5d 5h 6c] [3c]
scorpio04: bets $6
pecs680: calls $6
*** RIVER *** [5d 5h 6c 3c] [Qh]
scorpio04: checks
pecs680: bets $6
scorpio04: calls $6
*** SHOW DOWN ***
pecs680: shows [Ah Qd] (two pair, Queens and Fives)
scorpio04: mucks hand
pecs680 collected $47.50 from pot
*** SUMMARY ***
Total pot $48 | Rake $0.50
Board [5d 5h 6c 3c Qh]
Seat 1: pecs680 (button) (small blind) showed [Ah Qd] and won ($47.50) with two pair, Queens and Fives
Seat 4: scorpio04 (big blind) mucked


PokerStars Hand #145156215163:  Hold'em Limit ($3/$6 USD) - 2015/12/10 22:07:54 ET
Table 'Etheridgea' 10-max Seat #4 is the button
Seat 1: pecs680 ($144.50 in chips)
Seat 4: scorpio04 ($72 in chips)
scorpio04: posts small blind $1
pecs680: posts big blind $3
*** HOLE CARDS ***
scorpio04: raises $3 to $6
pecs680: calls $3
*** FLOP *** [Ks Kc 5c]
pecs680: checks
scorpio04: bets $3
pecs680: folds
Uncalled bet ($3) returned to scorpio04
scorpio04 collected $11.76 from pot
scorpio04: doesn't show hand
*** SUMMARY ***
Total pot $12 | Rake $0.24
Board [Ks Kc 5c]
Seat 1: pecs680 (big blind) folded on the Flop
Seat 4: scorpio04 (button) (small blind) collected ($11.76)


PokerStars Hand #145156223150:  Hold'em Limit ($3/$6 USD) - 2015/12/10 22:08:15 ET
Table 'Etheridgea' 10-max Seat #1 is the button
Seat 1: pecs680 ($138.50 in chips)
Seat 4: scorpio04 ($77.76 in chips)
pecs680: posts small blind $1
scorpio04: posts big blind $3
*** HOLE CARDS ***
pecs680: raises $3 to $6
scorpio04: calls $3
*** FLOP *** [9c 3c 6h]
scorpio04: bets $3
pecs680: raises $3 to $6
scorpio04: calls $3
*** TURN *** [9c 3c 6h] [3d]
scorpio04: checks
pecs680: bets $6
scorpio04: calls $6
*** RIVER *** [9c 3c 6h 3d] [4s]
scorpio04: checks
pecs680: checks
*** SHOW DOWN ***
scorpio04: shows [Ad 8h] (a pair of Threes)
pecs680: shows [4d 5d] (two pair, Fours and Threes)
pecs680 collected $35.50 from pot
*** SUMMARY ***
Total pot $36 | Rake $0.50
Board [9c 3c 6h 3d 4s]
Seat 1: pecs680 (button) (small blind) showed [4d 5d] and won ($35.50) with two pair, Fours and Threes
Seat 4: scorpio04 (big blind) showed [Ad 8h] and lost with a pair of Threes


PokerStars Hand #145156239680:  Hold'em Limit ($3/$6 USD) - 2015/12/10 22:09:00 ET
Table 'Etheridgea' 10-max Seat #4 is the button
Seat 1: pecs680 ($156 in chips)
Seat 4: scorpio04 ($72 in chips)
scorpio04: posts small blind $1
pecs680: posts big blind $3
*** HOLE CARDS ***
scorpio04: raises $3 to $6
pecs680: calls $3
*** FLOP *** [9c 6h 5d]
pecs680: checks
scorpio04: checks
*** TURN *** [9c 6h 5d] [4d]
pecs680: bets $6
scorpio04: folds
Uncalled bet ($6) returned to pecs680
pecs680 collected $11.76 from pot
pecs680: doesn't show hand
*** SUMMARY ***
Total pot $12 | Rake $0.24
Board [9c 6h 5d 4d]
Seat 1: pecs680 (big blind) collected ($11.76)
Seat 4: scorpio04 (button) (small blind) folded on the Turn


PokerStars Hand #145156251786:  Hold'em Limit ($3/$6 USD) - 2015/12/10 22:09:32 ET
Table 'Etheridgea' 10-max Seat #1 is the button
Seat 1: pecs680 ($161.76 in chips)
Seat 4: scorpio04 ($72 in chips)
pecs680: posts small blind $1
scorpio04: posts big blind $3
*** HOLE CARDS ***
pecs680: raises $3 to $6
scorpio04: calls $3
*** FLOP *** [4h 4d 4s]
scorpio04: checks
pecs680: bets $3
scorpio04: calls $3
*** TURN *** [4h 4d 4s] [Ac]
scorpio04: checks
pecs680: bets $6
scorpio04: raises $6 to $12
pecs680: folds
Uncalled bet ($6) returned to scorpio04
scorpio04 collected $29.50 from pot
scorpio04: doesn't show hand
*** SUMMARY ***
Total pot $30 | Rake $0.50
Board [4h 4d 4s Ac]
Seat 1: pecs680 (button) (small blind) folded on the Turn
Seat 4: scorpio04 (big blind) collected ($29.50)


PokerStars Hand #145156284526:  Hold'em Limit ($3/$6 USD) - 2015/12/10 22:11:01 ET
Table 'Etheridgea' 10-max Seat #4 is the button
Seat 1: pecs680 ($146.76 in chips)
Seat 4: scorpio04 ($86.50 in chips)
scorpio04: posts small blind $1
pecs680: posts big blind $3
*** HOLE CARDS ***
scorpio04: raises $3 to $6
pecs680: calls $3
*** FLOP *** [8s 9d 8h]
pecs680: checks
scorpio04: checks
*** TURN *** [8s 9d 8h] [6s]
carmello774 joins the table at seat #2
pecs680: bets $6
scorpio04: raises $6 to $12
pecs680: calls $6
*** RIVER *** [8s 9d 8h 6s] [6c]
pecs680: checks
scorpio04: bets $6
pecs680: calls $6
*** SHOW DOWN ***
scorpio04: shows [2s 5s] (two pair, Eights and Sixes)
pecs680: shows [9s Kh] (two pair, Nines and Eights)
pecs680 collected $47.50 from pot
*** SUMMARY ***
Total pot $48 | Rake $0.50
Board [8s 9d 8h 6s 6c]
Seat 1: pecs680 (big blind) showed [9s Kh] and won ($47.50) with two pair, Nines and Eights
Seat 4: scorpio04 (button) (small blind) showed [2s 5s] and lost with two pair, Eights and Sixes


PokerStars Hand #145156322057:  Hold'em Limit ($3/$6 USD) - 2015/12/10 22:12:43 ET
Table 'Etheridgea' 10-max Seat #4 is the button
Seat 2: carmello774 ($122.64 in chips)
Seat 4: scorpio04 ($72 in chips)
scorpio04: posts small blind $1
pecs680: is sitting out
carmello774: posts big blind $3
*** HOLE CARDS ***
pecs680 leaves the table
scorpio04: folds
Uncalled bet ($2) returned to carmello774
carmello774 collected $2 from pot
carmello774: doesn't show hand
*** SUMMARY ***
Total pot $2 | Rake $0
Seat 2: carmello774 (big blind) collected ($2)
Seat 4: scorpio04 (button) (small blind) folded before Flop


