PokerStars Hand #145143815315:  Hold'em Limit ($3/$6 USD) - 2015/12/10 16:45:38 ET
Table 'Etheridgea' 10-max Seat #6 is the button
Seat 6: MorPoker ($47 in chips)
Seat 7: GRAILKO ($274.10 in chips)
MorPoker: posts small blind $1
GRAILKO: posts big blind $3
*** HOLE CARDS ***
MorPoker: folds
Uncalled bet ($2) returned to GRAILKO
GRAILKO collected $2 from pot
GRAILKO: doesn't show hand
*** SUMMARY ***
Total pot $2 | Rake $0
Seat 6: MorPoker (button) (small blind) folded before Flop
Seat 7: GRAILKO (big blind) collected ($2)


PokerStars Hand #145143808204:  Hold'em Limit ($3/$6 USD) - 2015/12/10 16:45:30 ET
Table 'Etheridgea' 10-max Seat #7 is the button
Seat 6: MorPoker ($50 in chips)
Seat 7: GRAILKO ($271.10 in chips)
GRAILKO: posts small blind $1
SashaYuvelir: is sitting out
MTails: is sitting out
MorPoker: posts big blind $3
*** HOLE CARDS ***
GRAILKO: raises $3 to $6
MorPoker: folds
Uncalled bet ($3) returned to GRAILKO
GRAILKO collected $6 from pot
GRAILKO: doesn't show hand
*** SUMMARY ***
Total pot $6 | Rake $0
Seat 6: MorPoker (big blind) folded before Flop
Seat 7: GRAILKO (button) (small blind) collected ($6)


PokerStars Hand #145146020968:  Hold'em Limit ($3/$6 USD) - 2015/12/10 17:26:23 ET
Table 'Etheridgea' 10-max Seat #6 is the button
Seat 4: Pandakey ($83.80 in chips)
Seat 6: MorPoker ($74.18 in chips)
MorPoker: posts small blind $1
Pandakey: posts big blind $3
*** HOLE CARDS ***
MorPoker: folds
Uncalled bet ($2) returned to Pandakey
Pandakey collected $2 from pot
Pandakey: doesn't show hand
*** SUMMARY ***
Total pot $2 | Rake $0
Seat 4: Pandakey (big blind) collected ($2)
Seat 6: MorPoker (button) (small blind) folded before Flop


PokerStars Hand #145146007943:  Hold'em Limit ($3/$6 USD) - 2015/12/10 17:26:09 ET
Table 'Etheridgea' 10-max Seat #4 is the button
Seat 4: Pandakey ($80.80 in chips)
Seat 6: MorPoker ($77.18 in chips)
Pandakey: posts small blind $1
MikeMcD: is sitting out
MorPoker: posts big blind $3
*** HOLE CARDS ***
Pandakey: raises $3 to $6
MikeMcD leaves the table
MorPoker: folds
Uncalled bet ($3) returned to Pandakey
Pandakey collected $6 from pot
Pandakey: doesn't show hand
*** SUMMARY ***
Total pot $6 | Rake $0
Seat 4: Pandakey (button) (small blind) collected ($6)
Seat 6: MorPoker (big blind) folded before Flop


PokerStars Hand #145146025889:  Hold'em Limit ($3/$6 USD) - 2015/12/10 17:26:29 ET
Table 'Etheridgea' 10-max Seat #4 is the button
Seat 4: Pandakey ($84.80 in chips)
Seat 6: MorPoker ($73.18 in chips)
Pandakey: posts small blind $1
MorPoker: posts big blind $3
*** HOLE CARDS ***
Pandakey: raises $3 to $6
MorPoker: calls $3
*** FLOP *** [6s Kd 3h]
MorPoker: checks
Pandakey: bets $3
MorPoker: calls $3
*** TURN *** [6s Kd 3h] [4s]
MorPoker: checks
Pandakey: checks
*** RIVER *** [6s Kd 3h 4s] [2c]
MorPoker: checks
Pandakey: bets $6
covasa andre joins the table at seat #10
MorPoker: folds
Uncalled bet ($6) returned to Pandakey
Pandakey collected $17.64 from pot
Pandakey: doesn't show hand
*** SUMMARY ***
Total pot $18 | Rake $0.36
Board [6s Kd 3h 4s 2c]
Seat 4: Pandakey (button) (small blind) collected ($17.64)
Seat 6: MorPoker (big blind) folded on the River


