PokerStars Hand #149959452988:  Hold'em Limit ($3/$6 USD) - 2016/03/06 19:16:27 ET
Table 'Etheridgea II' 6-max Seat #1 is the button
Seat 1: JayEm82 ($97.02 in chips)
Seat 5: Kikimor1220 ($102.43 in chips)
JayEm82: posts small blind $1
SmellyToes4u: is sitting out
Kikimor1220: posts big blind $3
*** HOLE CARDS ***
JayEm82: raises $3 to $6
Kikimor1220: folds
Uncalled bet ($3) returned to JayEm82
JayEm82 collected $6 from pot
JayEm82: doesn't show hand
*** SUMMARY ***
Total pot $6 | Rake $0
Seat 1: JayEm82 (button) (small blind) collected ($6)
Seat 5: Kikimor1220 (big blind) folded before Flop


PokerStars Hand #149960077280:  Hold'em Limit ($3/$6 USD) - 2016/03/06 19:32:32 ET
Table 'Etheridgea II' 6-max Seat #1 is the button
Seat 1: kumarmoh ($18.55 in chips)
Seat 2: Zubasa07 ($523.50 in chips)
kumarmoh: posts small blind $1
Zubasa07: posts big blind $3
*** HOLE CARDS ***
kumarmoh: folds
Uncalled bet ($2) returned to Zubasa07
Zubasa07 collected $2 from pot
Zubasa07: doesn't show hand
*** SUMMARY ***
Total pot $2 | Rake $0
Seat 1: kumarmoh (button) (small blind) folded before Flop
Seat 2: Zubasa07 (big blind) collected ($2)


PokerStars Hand #149960055806:  Hold'em Limit ($3/$6 USD) - 2016/03/06 19:31:57 ET
Table 'Etheridgea II' 6-max Seat #2 is the button
Seat 1: kumarmoh ($42.55 in chips)
Seat 2: Zubasa07 ($500 in chips)
Zubasa07: posts small blind $1
kumarmoh: posts big blind $3
*** HOLE CARDS ***
Zubasa07: raises $3 to $6
kumarmoh: calls $3
*** FLOP *** [9d 5h Kc]
kumarmoh: checks
Zubasa07: bets $3
kumarmoh: raises $3 to $6
Zubasa07: calls $3
*** TURN *** [9d 5h Kc] [7h]
kumarmoh: bets $6
Zubasa07: calls $6
*** RIVER *** [9d 5h Kc 7h] [3h]
kumarmoh: bets $6
Zubasa07: calls $6
*** SHOW DOWN ***
kumarmoh: shows [3s Qc] (a pair of Threes)
Zubasa07: shows [6c 6h] (a pair of Sixes)
Zubasa07 collected $47.50 from pot
*** SUMMARY ***
Total pot $48 | Rake $0.50
Board [9d 5h Kc 7h 3h]
Seat 1: kumarmoh (big blind) showed [3s Qc] and lost with a pair of Threes
Seat 2: Zubasa07 (button) (small blind) showed [6c 6h] and won ($47.50) with a pair of Sixes


PokerStars Hand #149960084360:  Hold'em Limit ($3/$6 USD) - 2016/03/06 19:32:43 ET
Table 'Etheridgea II' 6-max Seat #1 is the button
Seat 1: kumarmoh ($18.55 in chips)
Seat 2: Zubasa07 ($523.50 in chips)
kumarmoh: posts small blind $1
Zubasa07: posts big blind $3
*** HOLE CARDS ***
kumarmoh: raises $3 to $6
Zubasa07: calls $3
*** FLOP *** [8c 7c 3s]
Zubasa07: checks
kumarmoh: bets $3
Zubasa07: raises $3 to $6
Miele104 joins the table at seat #6
kumarmoh: raises $3 to $9
Zubasa07: raises $3 to $12
Betting is capped
kumarmoh: calls $3
*** TURN *** [8c 7c 3s] [7d]
Zubasa07: bets $6
kumarmoh: calls $0.55 and is all-in
Uncalled bet ($5.45) returned to Zubasa07
*** RIVER *** [8c 7c 3s 7d] [Ah]
*** SHOW DOWN ***
Zubasa07: shows [Kc 3c] (two pair, Sevens and Threes)
kumarmoh: shows [Ac 8d] (two pair, Aces and Eights)
kumarmoh collected $36.60 from pot
*** SUMMARY ***
Total pot $37.10 | Rake $0.50
Board [8c 7c 3s 7d Ah]
Seat 1: kumarmoh (button) (small blind) showed [Ac 8d] and won ($36.60) with two pair, Aces and Eights
Seat 2: Zubasa07 (big blind) showed [Kc 3c] and lost with two pair, Sevens and Threes


PokerStars Hand #149960151880:  Hold'em Limit ($3/$6 USD) - 2016/03/06 19:34:32 ET
Table 'Etheridgea II' 6-max Seat #2 is the button
Seat 2: Zubasa07 ($536.06 in chips)
Seat 3: petitcoq350 ($120 in chips)
Zubasa07: posts small blind $1
petitcoq350: posts big blind $3
*** HOLE CARDS ***
Zubasa07: raises $3 to $6
petitcoq350: folds
Uncalled bet ($3) returned to Zubasa07
Zubasa07 collected $6 from pot
Zubasa07: doesn't show hand
Miele104 leaves the table
*** SUMMARY ***
Total pot $6 | Rake $0
Seat 2: Zubasa07 (button) (small blind) collected ($6)
Seat 3: petitcoq350 (big blind) folded before Flop


PokerStars Hand #149960159367:  Hold'em Limit ($3/$6 USD) - 2016/03/06 19:34:45 ET
Table 'Etheridgea II' 6-max Seat #3 is the button
Seat 2: Zubasa07 ($539.06 in chips)
Seat 3: petitcoq350 ($117 in chips)
petitcoq350: posts small blind $1
Zubasa07: posts big blind $3
*** HOLE CARDS ***
petitcoq350: folds
Uncalled bet ($2) returned to Zubasa07
Zubasa07 collected $2 from pot
Zubasa07: doesn't show hand
*** SUMMARY ***
Total pot $2 | Rake $0
Seat 2: Zubasa07 (big blind) collected ($2)
Seat 3: petitcoq350 (button) (small blind) folded before Flop


PokerStars Hand #149960162889:  Hold'em Limit ($3/$6 USD) - 2016/03/06 19:34:50 ET
Table 'Etheridgea II' 6-max Seat #2 is the button
Seat 2: Zubasa07 ($540.06 in chips)
Seat 3: petitcoq350 ($116 in chips)
Zubasa07: posts small blind $1
petitcoq350: posts big blind $3
*** HOLE CARDS ***
Zubasa07: raises $3 to $6
JayEm82 joins the table at seat #4
petitcoq350: calls $3
*** FLOP *** [8s Ah Kd]
petitcoq350: bets $3
Zubasa07: calls $3
*** TURN *** [8s Ah Kd] [Ac]
petitcoq350: bets $6
Zubasa07: calls $6
*** RIVER *** [8s Ah Kd Ac] [5h]
petitcoq350: bets $6
Zubasa07: calls $6
*** SHOW DOWN ***
petitcoq350: shows [6d 6s] (two pair, Aces and Sixes)
Zubasa07: shows [8d Js] (two pair, Aces and Eights)
Zubasa07 collected $41.50 from pot
*** SUMMARY ***
Total pot $42 | Rake $0.50
Board [8s Ah Kd Ac 5h]
Seat 2: Zubasa07 (button) (small blind) showed [8d Js] and won ($41.50) with two pair, Aces and Eights
Seat 3: petitcoq350 (big blind) showed [6d 6s] and lost with two pair, Aces and Sixes


PokerStars Hand #149960522063:  Hold'em Limit ($3/$6 USD) - 2016/03/06 19:44:51 ET
Table 'Etheridgea II' 6-max Seat #4 is the button
Seat 4: JayEm82 ($177.98 in chips)
Seat 5: PikkuHUMPPA ($76.14 in chips)
JayEm82: posts small blind $1
PikkuHUMPPA: posts big blind $3
*** HOLE CARDS ***
JayEm82: raises $3 to $6
PikkuHUMPPA: calls $3
*** FLOP *** [9c 6d 7c]
PikkuHUMPPA: checks
JayEm82: bets $3
PikkuHUMPPA: folds
Uncalled bet ($3) returned to JayEm82
JayEm82 collected $11.76 from pot
JayEm82: doesn't show hand
MAICOG13 joins the table at seat #1
*** SUMMARY ***
Total pot $12 | Rake $0.24
Board [9c 6d 7c]
Seat 4: JayEm82 (button) (small blind) collected ($11.76)
Seat 5: PikkuHUMPPA (big blind) folded on the Flop


PokerStars Hand #149960517226:  Hold'em Limit ($3/$6 USD) - 2016/03/06 19:44:43 ET
Table 'Etheridgea II' 6-max Seat #5 is the button
Seat 4: JayEm82 ($180.98 in chips)
Seat 5: PikkuHUMPPA ($73.14 in chips)
PikkuHUMPPA: posts small blind $1
JayEm82: posts big blind $3
*** HOLE CARDS ***
PikkuHUMPPA: raises $3 to $6
JayEm82: folds
Uncalled bet ($3) returned to PikkuHUMPPA
PikkuHUMPPA collected $6 from pot
PikkuHUMPPA: doesn't show hand
*** SUMMARY ***
Total pot $6 | Rake $0
Seat 4: JayEm82 (big blind) folded before Flop
Seat 5: PikkuHUMPPA (button) (small blind) collected ($6)


PokerStars Hand #149964996332:  Hold'em Limit ($3/$6 USD) - 2016/03/06 22:37:00 ET
Table 'Etheridgea II' 6-max Seat #5 is the button
Seat 5: JayEm82 ($319.67 in chips)
Seat 6: frank618 ($198.50 in chips)
JayEm82: posts small blind $1
frank618: posts big blind $3
*** HOLE CARDS ***
JayEm82: raises $3 to $6
frank618: calls $3
*** FLOP *** [8d 9c 7c]
frank618: checks
JayEm82: bets $3
frank618: calls $3
*** TURN *** [8d 9c 7c] [5h]
frank618: checks
JayEm82: bets $6
frank618: calls $6
*** RIVER *** [8d 9c 7c 5h] [2c]
frank618: checks
JayEm82: bets $6
frank618: folds
Uncalled bet ($6) returned to JayEm82
JayEm82 collected $29.50 from pot
JayEm82: doesn't show hand
*** SUMMARY ***
Total pot $30 | Rake $0.50
Board [8d 9c 7c 5h 2c]
Seat 5: JayEm82 (button) (small blind) collected ($29.50)
Seat 6: frank618 (big blind) folded on the River


PokerStars Hand #149966902733:  Hold'em Limit ($3/$6 USD) - 2016/03/07 0:33:34 ET
Table 'Etheridgea II' 6-max Seat #4 is the button
Seat 4: HAL9QQQ ($145.42 in chips)
Seat 6: Korish9506 ($68.13 in chips)
lanford will be allowed to play after the button
HAL9QQQ: posts small blind $1
Agrotait: is sitting out
Korish9506: posts big blind $3
*** HOLE CARDS ***
HAL9QQQ: raises $3 to $6
Agrotait leaves the table
Korish9506: calls $3
*** FLOP *** [9c 2c As]
Korish9506: checks
HAL9QQQ: bets $3
Korish9506: calls $3
*** TURN *** [9c 2c As] [3d]
Korish9506: checks
HAL9QQQ: checks
*** RIVER *** [9c 2c As 3d] [Ks]
Korish9506: bets $6
HAL9QQQ: calls $6
*** SHOW DOWN ***
Korish9506: shows [8c 7c] (high card Ace)
HAL9QQQ: shows [4h Kd] (a pair of Kings)
HAL9QQQ collected $29.50 from pot
*** SUMMARY ***
Total pot $30 | Rake $0.50
Board [9c 2c As 3d Ks]
Seat 4: HAL9QQQ (button) (small blind) showed [4h Kd] and won ($29.50) with a pair of Kings
Seat 6: Korish9506 (big blind) showed [8c 7c] and lost with high card Ace


PokerStars Hand #149967489209:  Hold'em Limit ($3/$6 USD) - 2016/03/07 1:14:07 ET
Table 'Etheridgea II' 6-max Seat #4 is the button
Seat 4: HAL9QQQ ($120 in chips)
Seat 5: Suebear67 ($81.76 in chips)
HAL9QQQ: posts small blind $1
Suebear67: posts big blind $3
*** HOLE CARDS ***
HAL9QQQ: raises $3 to $6
Suebear67: folds
Uncalled bet ($3) returned to HAL9QQQ
HAL9QQQ collected $6 from pot
HAL9QQQ: doesn't show hand
*** SUMMARY ***
Total pot $6 | Rake $0
Seat 4: HAL9QQQ (button) (small blind) collected ($6)
Seat 5: Suebear67 (big blind) folded before Flop


PokerStars Hand #149967484738:  Hold'em Limit ($3/$6 USD) - 2016/03/07 1:13:49 ET
Table 'Etheridgea II' 6-max Seat #5 is the button
Seat 4: HAL9QQQ ($123 in chips)
Seat 5: Suebear67 ($76 in chips)
Suebear67: posts small blind $1
PROFI8088: is sitting out
Agrotait: is sitting out
HAL9QQQ: posts big blind $3
*** HOLE CARDS ***
Suebear67: raises $3 to $6
HAL9QQQ: calls $3
*** FLOP *** [Kd 3h Kc]
Agrotait leaves the table
HAL9QQQ: checks
Suebear67: bets $3
PROFI8088 leaves the table
HAL9QQQ: folds
Uncalled bet ($3) returned to Suebear67
Suebear67 collected $11.76 from pot
Suebear67: doesn't show hand
*** SUMMARY ***
Total pot $12 | Rake $0.24
Board [Kd 3h Kc]
Seat 4: HAL9QQQ (big blind) folded on the Flop
Seat 5: Suebear67 (button) (small blind) collected ($11.76)


