PokerStars Hand #156004066019:  Hold'em Limit ($3/$6 USD) - 2016/07/15 12:57:52 ET
Table 'Euaimon' 6-max Seat #6 is the button
Seat 4: VolkovDmitri ($120 in chips)
Seat 6: K. Corleone ($32.35 in chips)
K. Corleone: posts small blind $1
VolkovDmitri: posts big blind $3
*** HOLE CARDS ***
K. Corleone: raises $3 to $6
VolkovDmitri: calls $3
*** FLOP *** [9c 5s Qc]
VolkovDmitri: checks
K. Corleone: checks
*** TURN *** [9c 5s Qc] [Js]
VolkovDmitri: checks
K. Corleone: checks
*** RIVER *** [9c 5s Qc Js] [2h]
VolkovDmitri: checks
K. Corleone: bets $6
VolkovDmitri: folds
Uncalled bet ($6) returned to K. Corleone
K. Corleone collected $11.76 from pot
K. Corleone: doesn't show hand
*** SUMMARY ***
Total pot $12 | Rake $0.24
Board [9c 5s Qc Js 2h]
Seat 4: VolkovDmitri (big blind) folded on the River
Seat 6: K. Corleone (button) (small blind) collected ($11.76)


PokerStars Hand #156004095670:  Hold'em Limit ($3/$6 USD) - 2016/07/15 12:58:33 ET
Table 'Euaimon' 6-max Seat #4 is the button
Seat 4: VolkovDmitri ($120 in chips)
Seat 6: K. Corleone ($38.11 in chips)
VolkovDmitri: posts small blind $1
K. Corleone: posts big blind $3
*** HOLE CARDS ***
VolkovDmitri: raises $3 to $6
K. Corleone: calls $3
*** FLOP *** [Ah 6d As]
K. Corleone: bets $3
RockKillerTY joins the table at seat #1
VolkovDmitri: raises $3 to $6
K. Corleone: folds
Uncalled bet ($3) returned to VolkovDmitri
VolkovDmitri collected $17.64 from pot
VolkovDmitri: doesn't show hand
*** SUMMARY ***
Total pot $18 | Rake $0.36
Board [Ah 6d As]
Seat 4: VolkovDmitri (button) (small blind) collected ($17.64)
Seat 6: K. Corleone (big blind) folded on the Flop


