PokerStars Hand #149369087894:  Hold'em Limit ($3/$6 USD) - 2016/02/24 20:00:45 ET
Table 'Euaimon II' 6-max Seat #3 is the button
Seat 3: 7 Huligan 7 ($117.56 in chips)
Seat 5: Pandakey ($102 in chips)
7 Huligan 7: posts small blind $1
Pandakey: posts big blind $3
*** HOLE CARDS ***
7 Huligan 7: calls $2
Pandakey: checks
*** FLOP *** [Qs 4c 5d]
Pandakey: bets $3
7 Huligan 7: calls $3
*** TURN *** [Qs 4c 5d] [9s]
Pandakey: checks
7 Huligan 7: checks
*** RIVER *** [Qs 4c 5d 9s] [7h]
Pandakey: bets $6
7 Huligan 7: raises $6 to $12
Pandakey: folds
Uncalled bet ($6) returned to 7 Huligan 7
7 Huligan 7 collected $23.52 from pot
7 Huligan 7: doesn't show hand
*** SUMMARY ***
Total pot $24 | Rake $0.48
Board [Qs 4c 5d 9s 7h]
Seat 3: 7 Huligan 7 (button) (small blind) collected ($23.52)
Seat 5: Pandakey (big blind) folded on the River


PokerStars Hand #149369075710:  Hold'em Limit ($3/$6 USD) - 2016/02/24 20:00:21 ET
Table 'Euaimon II' 6-max Seat #5 is the button
Seat 3: 7 Huligan 7 ($103.06 in chips)
Seat 5: Pandakey ($117 in chips)
Pandakey: posts small blind $1
7 Huligan 7: posts big blind $3
*** HOLE CARDS ***
Pandakey: raises $3 to $6
7 Huligan 7: calls $3
*** FLOP *** [6c 3d 8c]
7 Huligan 7: checks
Pandakey: bets $3
7 Huligan 7: calls $3
*** TURN *** [6c 3d 8c] [2c]
7 Huligan 7: bets $6
Pandakey: calls $6
*** RIVER *** [6c 3d 8c 2c] [5d]
7 Huligan 7: bets $6
Pandakey: folds
Uncalled bet ($6) returned to 7 Huligan 7
7 Huligan 7 collected $29.50 from pot
7 Huligan 7: doesn't show hand
*** SUMMARY ***
Total pot $30 | Rake $0.50
Board [6c 3d 8c 2c 5d]
Seat 3: 7 Huligan 7 (big blind) collected ($29.50)
Seat 5: Pandakey (button) (small blind) folded on the River


PokerStars Hand #149369106157:  Hold'em Limit ($3/$6 USD) - 2016/02/24 20:01:20 ET
Table 'Euaimon II' 6-max Seat #3 is the button
Seat 3: 7 Huligan 7 ($123.08 in chips)
Seat 5: Pandakey ($95.76 in chips)
7 Huligan 7: posts small blind $1
Pandakey: posts big blind $3
*** HOLE CARDS ***
7 Huligan 7: raises $3 to $6
Pandakey: calls $3
*** FLOP *** [2d 9h Td]
Pandakey: checks
7 Huligan 7: bets $3
Pandakey: folds
Uncalled bet ($3) returned to 7 Huligan 7
7 Huligan 7 collected $11.76 from pot
7 Huligan 7: doesn't show hand
*** SUMMARY ***
Total pot $12 | Rake $0.24
Board [2d 9h Td]
Seat 3: 7 Huligan 7 (button) (small blind) collected ($11.76)
Seat 5: Pandakey (big blind) folded on the Flop


PokerStars Hand #149369098458:  Hold'em Limit ($3/$6 USD) - 2016/02/24 20:01:05 ET
Table 'Euaimon II' 6-max Seat #5 is the button
Seat 3: 7 Huligan 7 ($129.08 in chips)
Seat 5: Pandakey ($90 in chips)
Pandakey: posts small blind $1
7 Huligan 7: posts big blind $3
*** HOLE CARDS ***
Pandakey: raises $3 to $6
7 Huligan 7: calls $3
*** FLOP *** [Ah 6d 2h]
7 Huligan 7: checks
Pandakey: bets $3
7 Huligan 7: folds
Uncalled bet ($3) returned to Pandakey
Pandakey collected $11.76 from pot
Pandakey: doesn't show hand
*** SUMMARY ***
Total pot $12 | Rake $0.24
Board [Ah 6d 2h]
Seat 3: 7 Huligan 7 (big blind) folded on the Flop
Seat 5: Pandakey (button) (small blind) collected ($11.76)


PokerStars Hand #149369144584:  Hold'em Limit ($3/$6 USD) - 2016/02/24 20:02:31 ET
Table 'Euaimon II' 6-max Seat #5 is the button
Seat 3: 7 Huligan 7 ($125.60 in chips)
Seat 5: Pandakey ($92.40 in chips)
Pandakey: posts small blind $1
7 Huligan 7: posts big blind $3
*** HOLE CARDS ***
Pandakey: raises $3 to $6
7 Huligan 7: calls $3
*** FLOP *** [Kc 7h 8h]
7 Huligan 7: checks
Pandakey: bets $3
7 Huligan 7: calls $3
*** TURN *** [Kc 7h 8h] [4h]
7 Huligan 7: checks
Pandakey: bets $6
7 Huligan 7: calls $6
*** RIVER *** [Kc 7h 8h 4h] [Ts]
7 Huligan 7: checks
Pandakey: bets $6
7 Huligan 7: folds
Uncalled bet ($6) returned to Pandakey
Pandakey collected $29.50 from pot
Pandakey: doesn't show hand
*** SUMMARY ***
Total pot $30 | Rake $0.50
Board [Kc 7h 8h 4h Ts]
Seat 3: 7 Huligan 7 (big blind) folded on the River
Seat 5: Pandakey (button) (small blind) collected ($29.50)


PokerStars Hand #149369136782:  Hold'em Limit ($3/$6 USD) - 2016/02/24 20:02:17 ET
Table 'Euaimon II' 6-max Seat #3 is the button
Seat 3: 7 Huligan 7 ($119.84 in chips)
Seat 5: Pandakey ($98.40 in chips)
7 Huligan 7: posts small blind $1
Pandakey: posts big blind $3
*** HOLE CARDS ***
7 Huligan 7: calls $2
Pandakey: checks
*** FLOP *** [6s Kd 3c]
Pandakey: bets $3
7 Huligan 7: calls $3
*** TURN *** [6s Kd 3c] [As]
Pandakey: checks
7 Huligan 7: bets $6
Pandakey: folds
Uncalled bet ($6) returned to 7 Huligan 7
7 Huligan 7 collected $11.76 from pot
7 Huligan 7: doesn't show hand
*** SUMMARY ***
Total pot $12 | Rake $0.24
Board [6s Kd 3c As]
Seat 3: 7 Huligan 7 (button) (small blind) collected ($11.76)
Seat 5: Pandakey (big blind) folded on the Turn


PokerStars Hand #149369113653:  Hold'em Limit ($3/$6 USD) - 2016/02/24 20:01:34 ET
Table 'Euaimon II' 6-max Seat #5 is the button
Seat 3: 7 Huligan 7 ($128.84 in chips)
Seat 5: Pandakey ($89.76 in chips)
Pandakey: posts small blind $1
7 Huligan 7: posts big blind $3
*** HOLE CARDS ***
Pandakey: raises $3 to $6
7 Huligan 7: calls $3
*** FLOP *** [9c 8h 6d]
7 Huligan 7: checks
Pandakey: bets $3
7 Huligan 7: calls $3
*** TURN *** [9c 8h 6d] [2h]
7 Huligan 7: checks
Pandakey: checks
*** RIVER *** [9c 8h 6d 2h] [3s]
7 Huligan 7: checks
Pandakey: checks
*** SHOW DOWN ***
7 Huligan 7: shows [Jh 4h] (high card Jack)
Pandakey: shows [7c Js] (high card Jack - Nine+Eight+Seven kicker)
Pandakey collected $17.64 from pot
*** SUMMARY ***
Total pot $18 | Rake $0.36
Board [9c 8h 6d 2h 3s]
Seat 3: 7 Huligan 7 (big blind) showed [Jh 4h] and lost with high card Jack
Seat 5: Pandakey (button) (small blind) showed [7c Js] and won ($17.64) with high card Jack


PokerStars Hand #149369180298:  Hold'em Limit ($3/$6 USD) - 2016/02/24 20:03:37 ET
Table 'Euaimon II' 6-max Seat #5 is the button
Seat 3: 7 Huligan 7 ($113.48 in chips)
Seat 5: Pandakey ($103.90 in chips)
Pandakey: posts small blind $1
7 Huligan 7: posts big blind $3
*** HOLE CARDS ***
Pandakey: raises $3 to $6
7 Huligan 7: calls $3
*** FLOP *** [3s As Js]
7 Huligan 7: checks
Pandakey: bets $3
7 Huligan 7: folds
Uncalled bet ($3) returned to Pandakey
Pandakey collected $11.76 from pot
Pandakey: doesn't show hand
*** SUMMARY ***
Total pot $12 | Rake $0.24
Board [3s As Js]
Seat 3: 7 Huligan 7 (big blind) folded on the Flop
Seat 5: Pandakey (button) (small blind) collected ($11.76)


PokerStars Hand #149369161270:  Hold'em Limit ($3/$6 USD) - 2016/02/24 20:03:02 ET
Table 'Euaimon II' 6-max Seat #3 is the button
Seat 3: 7 Huligan 7 ($110.60 in chips)
Seat 5: Pandakey ($106.90 in chips)
7 Huligan 7: posts small blind $1
Pandakey: posts big blind $3
*** HOLE CARDS ***
7 Huligan 7: calls $2
Pandakey: checks
*** FLOP *** [Jd 3c Qh]
Pandakey: checks
7 Huligan 7: checks
*** TURN *** [Jd 3c Qh] [4h]
Pandakey: checks
7 Huligan 7: bets $6
Pandakey: folds
Uncalled bet ($6) returned to 7 Huligan 7
7 Huligan 7 collected $5.88 from pot
7 Huligan 7: doesn't show hand
*** SUMMARY ***
Total pot $6 | Rake $0.12
Board [Jd 3c Qh 4h]
Seat 3: 7 Huligan 7 (button) (small blind) collected ($5.88)
Seat 5: Pandakey (big blind) folded on the Turn


PokerStars Hand #149370044087:  Hold'em Limit ($3/$6 USD) - 2016/02/24 20:31:06 ET
Table 'Euaimon II' 6-max Seat #4 is the button
Seat 3: T4REX ($89.91 in chips)
Seat 4: adi81pl ($115.40 in chips)
adi81pl: posts small blind $1
lanford: is sitting out
lanford leaves the table
T4REX: posts big blind $3
*** HOLE CARDS ***
adi81pl: folds
Uncalled bet ($2) returned to T4REX
T4REX collected $2 from pot
T4REX: doesn't show hand
*** SUMMARY ***
Total pot $2 | Rake $0
Seat 3: T4REX (big blind) collected ($2)
Seat 4: adi81pl (button) (small blind) folded before Flop


