PokerStars Hand #153577393175:  Hold'em Limit ($3/$6 USD) - 2016/05/20 6:39:36 ET
Table 'Euaimon' 6-max Seat #2 is the button
Seat 1: Ag3r0n ($72 in chips)
Seat 2: ulrich80 ($129.07 in chips)
ulrich80: posts small blind $1
Ag3r0n: posts big blind $3
*** HOLE CARDS ***
ulrich80: folds
Uncalled bet ($2) returned to Ag3r0n
Ag3r0n collected $2 from pot
*** SUMMARY ***
Total pot $2 | Rake $0
Seat 1: Ag3r0n (big blind) collected ($2)
Seat 2: ulrich80 (button) (small blind) folded before Flop


PokerStars Hand #153577382900:  Hold'em Limit ($3/$6 USD) - 2016/05/20 6:39:12 ET
Table 'Euaimon' 6-max Seat #1 is the button
Seat 1: Ag3r0n ($72 in chips)
Seat 2: ulrich80 ($123.31 in chips)
Ag3r0n: posts small blind $1
ulrich80: posts big blind $3
*** HOLE CARDS ***
Ag3r0n: raises $3 to $6
ulrich80: calls $3
*** FLOP *** [Tc 8c 5h]
ulrich80: checks
Ag3r0n: checks
*** TURN *** [Tc 8c 5h] [6d]
ulrich80: bets $6
Ag3r0n: folds
Uncalled bet ($6) returned to ulrich80
ulrich80 collected $11.76 from pot
ulrich80: doesn't show hand
*** SUMMARY ***
Total pot $12 | Rake $0.24
Board [Tc 8c 5h 6d]
Seat 1: Ag3r0n (button) (small blind) folded on the Turn
Seat 2: ulrich80 (big blind) collected ($11.76)


PokerStars Hand #153577395216:  Hold'em Limit ($3/$6 USD) - 2016/05/20 6:39:41 ET
Table 'Euaimon' 6-max Seat #1 is the button
Seat 1: Ag3r0n ($73 in chips)
Seat 2: ulrich80 ($128.07 in chips)
Ag3r0n: posts small blind $1
ulrich80: posts big blind $3
*** HOLE CARDS ***
Ag3r0n: raises $3 to $6
ulrich80: calls $3
*** FLOP *** [2c Td 2s]
ulrich80: checks
Ag3r0n: bets $3
4506003 joins the table at seat #4
ulrich80: calls $3
*** TURN *** [2c Td 2s] [5h]
ulrich80: checks
Ag3r0n: checks
*** RIVER *** [2c Td 2s 5h] [Ac]
ulrich80: checks
Ag3r0n: checks
*** SHOW DOWN ***
ulrich80: shows [Jd 9d] (a pair of Deuces)
Ag3r0n: shows [Kd Qd] (a pair of Deuces - Ace+King kicker)
Ag3r0n collected $17.64 from pot
*** SUMMARY ***
Total pot $18 | Rake $0.36
Board [2c Td 2s 5h Ac]
Seat 1: Ag3r0n (button) (small blind) showed [Kd Qd] and won ($17.64) with a pair of Deuces
Seat 2: ulrich80 (big blind) showed [Jd 9d] and lost with a pair of Deuces


PokerStars Hand #153580789933:  Hold'em Limit ($3/$6 USD) - 2016/05/20 8:40:05 ET
Table 'Euaimon' 6-max Seat #6 is the button
Seat 5: chipmover360 ($87.53 in chips)
Seat 6: RowntreWilly ($21.97 in chips)
RowntreWilly: posts small blind $1
chipmover360: posts big blind $3
*** HOLE CARDS ***
RowntreWilly: calls $2
chipmover360: checks
*** FLOP *** [As 4s Jd]
chipmover360: checks
RowntreWilly: checks
*** TURN *** [As 4s Jd] [3s]
chipmover360: checks
RowntreWilly: bets $6
chipmover360: raises $6 to $12
RowntreWilly: calls $6
*** RIVER *** [As 4s Jd 3s] [Jh]
chipmover360: bets $6
RowntreWilly: calls $6
*** SHOW DOWN ***
chipmover360: shows [Ts Js] (a flush, Ace high)
RowntreWilly: mucks hand
chipmover360 collected $41.50 from pot
*** SUMMARY ***
Total pot $42 | Rake $0.50
Board [As 4s Jd 3s Jh]
Seat 5: chipmover360 (big blind) showed [Ts Js] and won ($41.50) with a flush, Ace high
Seat 6: RowntreWilly (button) (small blind) mucked


PokerStars Hand #153584944582:  Hold'em Limit ($3/$6 USD) - 2016/05/20 10:41:29 ET
Table 'Euaimon' 6-max Seat #6 is the button
Seat 4: Agrotait ($77.76 in chips)
Seat 6: TineJ2650 ($81.51 in chips)
TineJ2650: posts small blind $1
Agrotait: posts big blind $3
*** HOLE CARDS ***
TineJ2650: raises $3 to $6
Agrotait: calls $3
*** FLOP *** [5c 5h Td]
Agrotait: checks
TineJ2650: bets $3
Agrotait: calls $3
*** TURN *** [5c 5h Td] [6d]
Agrotait: checks
TineJ2650: bets $6
Agrotait: folds
Uncalled bet ($6) returned to TineJ2650
TineJ2650 collected $17.64 from pot
TineJ2650: doesn't show hand
*** SUMMARY ***
Total pot $18 | Rake $0.36
Board [5c 5h Td 6d]
Seat 4: Agrotait (big blind) folded on the Turn
Seat 6: TineJ2650 (button) (small blind) collected ($17.64)


PokerStars Hand #153584925716:  Hold'em Limit ($3/$6 USD) - 2016/05/20 10:40:58 ET
Table 'Euaimon' 6-max Seat #4 is the button
Seat 4: Agrotait ($72 in chips)
Seat 6: TineJ2650 ($87.51 in chips)
Agrotait: posts small blind $1
TineJ2650: posts big blind $3
*** HOLE CARDS ***
Agrotait: raises $3 to $6
TineJ2650: calls $3
*** FLOP *** [2s Js 5d]
TineJ2650: checks
Agrotait: bets $3
TineJ2650: folds
Uncalled bet ($3) returned to Agrotait
Agrotait collected $11.76 from pot
Agrotait: doesn't show hand
*** SUMMARY ***
Total pot $12 | Rake $0.24
Board [2s Js 5d]
Seat 4: Agrotait (button) (small blind) collected ($11.76)
Seat 6: TineJ2650 (big blind) folded on the Flop


PokerStars Hand #153584975849:  Hold'em Limit ($3/$6 USD) - 2016/05/20 10:42:20 ET
Table 'Euaimon' 6-max Seat #6 is the button
Seat 4: Agrotait ($72 in chips)
Seat 6: TineJ2650 ($110.65 in chips)
TineJ2650: posts small blind $1
Agrotait: posts big blind $3
*** HOLE CARDS ***
TineJ2650: calls $2
Agrotait: checks
*** FLOP *** [Qh Ks 3s]
Agrotait: bets $3
TineJ2650: folds
Uncalled bet ($3) returned to Agrotait
Agrotait collected $5.88 from pot
Agrotait: doesn't show hand
*** SUMMARY ***
Total pot $6 | Rake $0.12
Board [Qh Ks 3s]
Seat 4: Agrotait (big blind) collected ($5.88)
Seat 6: TineJ2650 (button) (small blind) folded on the Flop


PokerStars Hand #153584984091:  Hold'em Limit ($3/$6 USD) - 2016/05/20 10:42:33 ET
Table 'Euaimon' 6-max Seat #4 is the button
Seat 4: Agrotait ($74.88 in chips)
Seat 6: TineJ2650 ($107.65 in chips)
Agrotait: posts small blind $1
TineJ2650: posts big blind $3
*** HOLE CARDS ***
Agrotait: raises $3 to $6
TineJ2650: calls $3
*** FLOP *** [Kh 9h 2h]
TineJ2650: checks
Minwu joins the table at seat #3
Agrotait: bets $3
TineJ2650: folds
Uncalled bet ($3) returned to Agrotait
Agrotait collected $11.76 from pot
*** SUMMARY ***
Total pot $12 | Rake $0.24
Board [Kh 9h 2h]
Seat 4: Agrotait (button) (small blind) collected ($11.76)
Seat 6: TineJ2650 (big blind) folded on the Flop


PokerStars Hand #153584963448:  Hold'em Limit ($3/$6 USD) - 2016/05/20 10:42:00 ET
Table 'Euaimon' 6-max Seat #4 is the button
Seat 4: Agrotait ($68.76 in chips)
Seat 6: TineJ2650 ($90.15 in chips)
Agrotait: posts small blind $1
TineJ2650: posts big blind $3
*** HOLE CARDS ***
Agrotait: raises $3 to $6
TineJ2650: calls $3
*** FLOP *** [Qh Ts 4d]
TineJ2650: checks
Agrotait: bets $3
TineJ2650: calls $3
*** TURN *** [Qh Ts 4d] [3h]
TineJ2650: checks
Agrotait: bets $6
TineJ2650: calls $6
*** RIVER *** [Qh Ts 4d 3h] [Qs]
TineJ2650: checks
Agrotait: bets $6
TineJ2650: calls $6
*** SHOW DOWN ***
Agrotait: shows [5c Th] (two pair, Queens and Tens)
TineJ2650: shows [Tc 9c] (two pair, Queens and Tens - Nine kicker)
TineJ2650 collected $41.50 from pot
*** SUMMARY ***
Total pot $42 | Rake $0.50
Board [Qh Ts 4d 3h Qs]
Seat 4: Agrotait (button) (small blind) showed [5c Th] and lost with two pair, Queens and Tens
Seat 6: TineJ2650 (big blind) showed [Tc 9c] and won ($41.50) with two pair, Queens and Tens


PokerStars Hand #153604202225:  Hold'em Limit ($3/$6 USD) - 2016/05/20 17:23:00 ET
Table 'Euaimon' 6-max Seat #6 is the button
Seat 4: lin1rabbit ($207.53 in chips)
Seat 6: vestimokrec ($224.71 in chips)
vestimokrec: posts small blind $1
lin1rabbit: posts big blind $3
*** HOLE CARDS ***
vestimokrec: raises $3 to $6
lin1rabbit: calls $3
*** FLOP *** [As 8s Th]
lin1rabbit: checks
vestimokrec: checks
*** TURN *** [As 8s Th] [9c]
lin1rabbit: bets $6
vestimokrec: calls $6
*** RIVER *** [As 8s Th 9c] [4c]
lin1rabbit: checks
vestimokrec: bets $6
lin1rabbit: folds
Uncalled bet ($6) returned to vestimokrec
vestimokrec collected $23.52 from pot
vestimokrec: doesn't show hand
*** SUMMARY ***
Total pot $24 | Rake $0.48
Board [As 8s Th 9c 4c]
Seat 4: lin1rabbit (big blind) folded on the River
Seat 6: vestimokrec (button) (small blind) collected ($23.52)


