PokerStars Hand #147977451387:  Hold'em Limit ($3/$6 USD) - 2016/01/31 3:38:08 ET
Table 'Euanthe II' 2-max Seat #1 is the button
Seat 1: hudecam ($31 in chips)
Seat 2: mdif ($120 in chips)
hudecam: posts small blind $1
mdif: posts big blind $3
*** HOLE CARDS ***
hudecam: folds
Uncalled bet ($2) returned to mdif
mdif collected $2 from pot
mdif: doesn't show hand
*** SUMMARY ***
Total pot $2 | Rake $0
Seat 1: hudecam (button) (small blind) folded before Flop
Seat 2: mdif (big blind) collected ($2)


PokerStars Hand #147977446097:  Hold'em Limit ($3/$6 USD) - 2016/01/31 3:37:55 ET
Table 'Euanthe II' 2-max Seat #2 is the button
Seat 1: hudecam ($30 in chips)
Seat 2: mdif ($120 in chips)
mdif: posts small blind $1
hudecam: posts big blind $3
*** HOLE CARDS ***
mdif: folds
Uncalled bet ($2) returned to hudecam
hudecam collected $2 from pot
hudecam: doesn't show hand
*** SUMMARY ***
Total pot $2 | Rake $0
Seat 1: hudecam (big blind) collected ($2)
Seat 2: mdif (button) (small blind) folded before Flop


PokerStars Hand #147977453501:  Hold'em Limit ($3/$6 USD) - 2016/01/31 3:38:14 ET
Table 'Euanthe II' 2-max Seat #2 is the button
Seat 1: hudecam ($30 in chips)
Seat 2: mdif ($121 in chips)
mdif: posts small blind $1
hudecam: posts big blind $3
*** HOLE CARDS ***
mdif: raises $3 to $6
hudecam: calls $3
*** FLOP *** [Qh Td Js]
hudecam: checks
mdif: bets $3
hudecam: calls $3
*** TURN *** [Qh Td Js] [5h]
hudecam: checks
mdif: bets $6
hudecam: calls $6
*** RIVER *** [Qh Td Js 5h] [6h]
hudecam: checks
mdif: bets $6
hudecam: calls $6
*** SHOW DOWN ***
mdif: shows [Qs Kd] (a pair of Queens)
hudecam: mucks hand
mdif collected $41.50 from pot
*** SUMMARY ***
Total pot $42 | Rake $0.50
Board [Qh Td Js 5h 6h]
Seat 1: hudecam (big blind) mucked
Seat 2: mdif (button) (small blind) showed [Qs Kd] and won ($41.50) with a pair of Queens


PokerStars Hand #147977459775:  Hold'em Limit ($3/$6 USD) - 2016/01/31 3:38:30 ET
Table 'Euanthe II' 2-max Seat #1 is the button
Seat 1: hudecam ($9 in chips)
Seat 2: mdif ($141.50 in chips)
hudecam: posts small blind $1
mdif: posts big blind $3
*** HOLE CARDS ***
hudecam: raises $3 to $6
mdif: calls $3
*** FLOP *** [9c 6s Qs]
mdif: bets $3
hudecam: calls $3 and is all-in
*** TURN *** [9c 6s Qs] [As]
*** RIVER *** [9c 6s Qs As] [5h]
*** SHOW DOWN ***
mdif: shows [Js Qd] (a pair of Queens)
hudecam: shows [9s 7d] (a pair of Nines)
mdif collected $17.64 from pot
hudecam leaves the table
*** SUMMARY ***
Total pot $18 | Rake $0.36
Board [9c 6s Qs As 5h]
Seat 1: hudecam (button) (small blind) showed [9s 7d] and lost with a pair of Nines
Seat 2: mdif (big blind) showed [Js Qd] and won ($17.64) with a pair of Queens


PokerStars Hand #147977530106:  Hold'em Limit ($3/$6 USD) - 2016/01/31 3:41:27 ET
Table 'Euanthe II' 2-max Seat #2 is the button
Seat 1: hudecam ($30 in chips)
Seat 2: mdif ($150.14 in chips)
mdif: posts small blind $1
hudecam: posts big blind $3
*** HOLE CARDS ***
mdif: raises $3 to $6
hudecam: calls $3
*** FLOP *** [7s Jc 4c]
hudecam: checks
mdif: bets $3
hudecam: calls $3
*** TURN *** [7s Jc 4c] [9d]
hudecam: checks
mdif: checks
*** RIVER *** [7s Jc 4c 9d] [2s]
hudecam: bets $6
mdif: calls $6
*** SHOW DOWN ***
hudecam: shows [8c Ts] (a straight, Seven to Jack)
mdif: mucks hand
hudecam collected $29.50 from pot
*** SUMMARY ***
Total pot $30 | Rake $0.50
Board [7s Jc 4c 9d 2s]
Seat 1: hudecam (big blind) showed [8c Ts] and won ($29.50) with a straight, Seven to Jack
Seat 2: mdif (button) (small blind) mucked


PokerStars Hand #147977554868:  Hold'em Limit ($3/$6 USD) - 2016/01/31 3:42:28 ET
Table 'Euanthe II' 2-max Seat #1 is the button
Seat 1: hudecam ($63.78 in chips)
Seat 2: mdif ($120 in chips)
hudecam: posts small blind $1
mdif: posts big blind $3
*** HOLE CARDS ***
hudecam: raises $3 to $6
mdif: calls $3
*** FLOP *** [7d 5h 3s]
mdif: checks
hudecam: checks
*** TURN *** [7d 5h 3s] [Ad]
mdif: checks
hudecam: checks
*** RIVER *** [7d 5h 3s Ad] [8c]
mdif: bets $6
hudecam: calls $6
*** SHOW DOWN ***
mdif: shows [Jd 7h] (a pair of Sevens)
hudecam: mucks hand
mdif collected $23.52 from pot
*** SUMMARY ***
Total pot $24 | Rake $0.48
Board [7d 5h 3s Ad 8c]
Seat 1: hudecam (button) (small blind) mucked
Seat 2: mdif (big blind) showed [Jd 7h] and won ($23.52) with a pair of Sevens


PokerStars Hand #147977549481:  Hold'em Limit ($3/$6 USD) - 2016/01/31 3:42:15 ET
Table 'Euanthe II' 2-max Seat #2 is the button
Seat 1: hudecam ($55.14 in chips)
Seat 2: mdif ($124.14 in chips)
mdif: posts small blind $1
hudecam: posts big blind $3
*** HOLE CARDS ***
mdif: raises $3 to $6
hudecam: calls $3
*** FLOP *** [Ac 7h 4d]
hudecam: checks
mdif: bets $3
hudecam: raises $3 to $6
mdif: folds
Uncalled bet ($3) returned to hudecam
hudecam collected $17.64 from pot
hudecam: doesn't show hand
*** SUMMARY ***
Total pot $18 | Rake $0.36
Board [Ac 7h 4d]
Seat 1: hudecam (big blind) collected ($17.64)
Seat 2: mdif (button) (small blind) folded on the Flop


PokerStars Hand #147977547708:  Hold'em Limit ($3/$6 USD) - 2016/01/31 3:42:11 ET
Table 'Euanthe II' 2-max Seat #1 is the button
Seat 1: hudecam ($56.14 in chips)
Seat 2: mdif ($123.14 in chips)
hudecam: posts small blind $1
mdif: posts big blind $3
*** HOLE CARDS ***
hudecam: folds
Uncalled bet ($2) returned to mdif
mdif collected $2 from pot
mdif: doesn't show hand
*** SUMMARY ***
Total pot $2 | Rake $0
Seat 1: hudecam (button) (small blind) folded before Flop
Seat 2: mdif (big blind) collected ($2)


PokerStars Hand #147977545833:  Hold'em Limit ($3/$6 USD) - 2016/01/31 3:42:06 ET
Table 'Euanthe II' 2-max Seat #2 is the button
Seat 1: hudecam ($55.14 in chips)
Seat 2: mdif ($124.14 in chips)
mdif: posts small blind $1
hudecam: posts big blind $3
*** HOLE CARDS ***
mdif: folds
Uncalled bet ($2) returned to hudecam
hudecam collected $2 from pot
hudecam: doesn't show hand
*** SUMMARY ***
Total pot $2 | Rake $0
Seat 1: hudecam (big blind) collected ($2)
Seat 2: mdif (button) (small blind) folded before Flop


PokerStars Hand #147977542597:  Hold'em Limit ($3/$6 USD) - 2016/01/31 3:41:58 ET
Table 'Euanthe II' 2-max Seat #1 is the button
Seat 1: hudecam ($56.14 in chips)
Seat 2: mdif ($123.14 in chips)
hudecam: posts small blind $1
mdif: posts big blind $3
*** HOLE CARDS ***
hudecam: folds
Uncalled bet ($2) returned to mdif
mdif collected $2 from pot
mdif: doesn't show hand
*** SUMMARY ***
Total pot $2 | Rake $0
Seat 1: hudecam (button) (small blind) folded before Flop
Seat 2: mdif (big blind) collected ($2)


PokerStars Hand #147977538906:  Hold'em Limit ($3/$6 USD) - 2016/01/31 3:41:49 ET
Table 'Euanthe II' 2-max Seat #2 is the button
Seat 1: hudecam ($47.50 in chips)
Seat 2: mdif ($132.14 in chips)
mdif: posts small blind $1
hudecam: posts big blind $3
*** HOLE CARDS ***
mdif: raises $3 to $6
hudecam: raises $3 to $9
mdif: calls $3
*** FLOP *** [8s 6c Qs]
hudecam: bets $3
mdif: folds
Uncalled bet ($3) returned to hudecam
hudecam collected $17.64 from pot
hudecam: doesn't show hand
*** SUMMARY ***
Total pot $18 | Rake $0.36
Board [8s 6c Qs]
Seat 1: hudecam (big blind) collected ($17.64)
Seat 2: mdif (button) (small blind) folded on the Flop


PokerStars Hand #147977536861:  Hold'em Limit ($3/$6 USD) - 2016/01/31 3:41:44 ET
Table 'Euanthe II' 2-max Seat #1 is the button
Seat 1: hudecam ($44.50 in chips)
Seat 2: mdif ($135.14 in chips)
hudecam: posts small blind $1
mdif: posts big blind $3
*** HOLE CARDS ***
hudecam: raises $3 to $6
mdif: folds
Uncalled bet ($3) returned to hudecam
hudecam collected $6 from pot
hudecam: doesn't show hand
*** SUMMARY ***
Total pot $6 | Rake $0
Seat 1: hudecam (button) (small blind) collected ($6)
Seat 2: mdif (big blind) folded before Flop


PokerStars Hand #147977579112:  Hold'em Limit ($3/$6 USD) - 2016/01/31 3:43:28 ET
Table 'Euanthe II' 2-max Seat #1 is the button
Seat 1: hudecam ($53.06 in chips)
Seat 2: mdif ($128.92 in chips)
hudecam: posts small blind $1
mdif: posts big blind $3
*** HOLE CARDS ***
hudecam: folds
Uncalled bet ($2) returned to mdif
mdif collected $2 from pot
mdif: doesn't show hand
*** SUMMARY ***
Total pot $2 | Rake $0
Seat 1: hudecam (button) (small blind) folded before Flop
Seat 2: mdif (big blind) collected ($2)


PokerStars Hand #147977573890:  Hold'em Limit ($3/$6 USD) - 2016/01/31 3:43:15 ET
Table 'Euanthe II' 2-max Seat #2 is the button
Seat 1: hudecam ($44.42 in chips)
Seat 2: mdif ($137.92 in chips)
mdif: posts small blind $1
hudecam: posts big blind $3
*** HOLE CARDS ***
mdif: raises $3 to $6
hudecam: calls $3
*** FLOP *** [Th Ts 7s]
hudecam: checks
mdif: bets $3
hudecam: calls $3
*** TURN *** [Th Ts 7s] [3c]
hudecam: checks
mdif: checks
*** RIVER *** [Th Ts 7s 3c] [4c]
hudecam: checks
mdif: checks
*** SHOW DOWN ***
hudecam: shows [8d Kh] (a pair of Tens)
mdif: mucks hand
hudecam collected $17.64 from pot
*** SUMMARY ***
Total pot $18 | Rake $0.36
Board [Th Ts 7s 3c 4c]
Seat 1: hudecam (big blind) showed [8d Kh] and won ($17.64) with a pair of Tens
Seat 2: mdif (button) (small blind) mucked


PokerStars Hand #147977583797:  Hold'em Limit ($3/$6 USD) - 2016/01/31 3:43:39 ET
Table 'Euanthe II' 2-max Seat #1 is the button
Seat 1: hudecam ($46.06 in chips)
Seat 2: mdif ($135.68 in chips)
hudecam: posts small blind $1
mdif: posts big blind $3
*** HOLE CARDS ***
hudecam: raises $3 to $6
mdif: folds
Uncalled bet ($3) returned to hudecam
hudecam collected $6 from pot
hudecam: doesn't show hand
*** SUMMARY ***
Total pot $6 | Rake $0
Seat 1: hudecam (button) (small blind) collected ($6)
Seat 2: mdif (big blind) folded before Flop


PokerStars Hand #147977580856:  Hold'em Limit ($3/$6 USD) - 2016/01/31 3:43:32 ET
Table 'Euanthe II' 2-max Seat #2 is the button
Seat 1: hudecam ($52.06 in chips)
Seat 2: mdif ($129.92 in chips)
mdif: posts small blind $1
hudecam: posts big blind $3
*** HOLE CARDS ***
mdif: raises $3 to $6
hudecam: calls $3
*** FLOP *** [Kh Qc 2h]
hudecam: checks
mdif: bets $3
hudecam: folds
Uncalled bet ($3) returned to mdif
mdif collected $11.76 from pot
mdif: doesn't show hand
*** SUMMARY ***
Total pot $12 | Rake $0.24
Board [Kh Qc 2h]
Seat 1: hudecam (big blind) folded on the Flop
Seat 2: mdif (button) (small blind) collected ($11.76)


PokerStars Hand #147977572043:  Hold'em Limit ($3/$6 USD) - 2016/01/31 3:43:10 ET
Table 'Euanthe II' 2-max Seat #1 is the button
Seat 1: hudecam ($45.42 in chips)
Seat 2: mdif ($136.92 in chips)
hudecam: posts small blind $1
mdif: posts big blind $3
*** HOLE CARDS ***
hudecam: folds
Uncalled bet ($2) returned to mdif
mdif collected $2 from pot
mdif: doesn't show hand
*** SUMMARY ***
Total pot $2 | Rake $0
Seat 1: hudecam (button) (small blind) folded before Flop
Seat 2: mdif (big blind) collected ($2)


PokerStars Hand #147977568691:  Hold'em Limit ($3/$6 USD) - 2016/01/31 3:43:02 ET
Table 'Euanthe II' 2-max Seat #2 is the button
Seat 1: hudecam ($36.78 in chips)
Seat 2: mdif ($145.92 in chips)
mdif: posts small blind $1
hudecam: posts big blind $3
*** HOLE CARDS ***
mdif: raises $3 to $6
hudecam: raises $3 to $9
mdif: calls $3
*** FLOP *** [8c 6c 2c]
hudecam: bets $3
mdif: folds
Uncalled bet ($3) returned to hudecam
hudecam collected $17.64 from pot
hudecam: doesn't show hand
*** SUMMARY ***
Total pot $18 | Rake $0.36
Board [8c 6c 2c]
Seat 1: hudecam (big blind) collected ($17.64)
Seat 2: mdif (button) (small blind) folded on the Flop


PokerStars Hand #147977564008:  Hold'em Limit ($3/$6 USD) - 2016/01/31 3:42:51 ET
Table 'Euanthe II' 2-max Seat #1 is the button
Seat 1: hudecam ($45.78 in chips)
Seat 2: mdif ($137.28 in chips)
hudecam: posts small blind $1
mdif: posts big blind $3
*** HOLE CARDS ***
hudecam: raises $3 to $6
mdif: calls $3
*** FLOP *** [Jh 6s 9d]
mdif: bets $3
hudecam: calls $3
*** TURN *** [Jh 6s 9d] [7h]
mdif: bets $6
hudecam: folds
Uncalled bet ($6) returned to mdif
mdif collected $17.64 from pot
mdif: doesn't show hand
*** SUMMARY ***
Total pot $18 | Rake $0.36
Board [Jh 6s 9d 7h]
Seat 1: hudecam (button) (small blind) folded on the Turn
Seat 2: mdif (big blind) collected ($17.64)


PokerStars Hand #147977560502:  Hold'em Limit ($3/$6 USD) - 2016/01/31 3:42:42 ET
Table 'Euanthe II' 2-max Seat #2 is the button
Seat 1: hudecam ($51.78 in chips)
Seat 2: mdif ($131.52 in chips)
mdif: posts small blind $1
hudecam: posts big blind $3
*** HOLE CARDS ***
mdif: raises $3 to $6
hudecam: calls $3
*** FLOP *** [Kd Th 4d]
hudecam: checks
mdif: bets $3
hudecam: folds
Uncalled bet ($3) returned to mdif
mdif collected $11.76 from pot
mdif: doesn't show hand
*** SUMMARY ***
Total pot $12 | Rake $0.24
Board [Kd Th 4d]
Seat 1: hudecam (big blind) folded on the Flop
Seat 2: mdif (button) (small blind) collected ($11.76)


PokerStars Hand #147977604766:  Hold'em Limit ($3/$6 USD) - 2016/01/31 3:44:32 ET
Table 'Euanthe II' 2-max Seat #1 is the button
Seat 1: hudecam ($65.34 in chips)
Seat 2: mdif ($120 in chips)
hudecam: posts small blind $1
mdif: posts big blind $3
*** HOLE CARDS ***
hudecam: folds
Uncalled bet ($2) returned to mdif
mdif collected $2 from pot
mdif: doesn't show hand
*** SUMMARY ***
Total pot $2 | Rake $0
Seat 1: hudecam (button) (small blind) folded before Flop
Seat 2: mdif (big blind) collected ($2)


PokerStars Hand #147977598953:  Hold'em Limit ($3/$6 USD) - 2016/01/31 3:44:17 ET
Table 'Euanthe II' 2-max Seat #2 is the button
Seat 1: hudecam ($56.70 in chips)
Seat 2: mdif ($124.68 in chips)
mdif: posts small blind $1
hudecam: posts big blind $3
*** HOLE CARDS ***
mdif: raises $3 to $6
hudecam: calls $3
*** FLOP *** [9c 3d 8h]
hudecam: checks
mdif: bets $3
hudecam: calls $3
*** TURN *** [9c 3d 8h] [5s]
hudecam: checks
mdif: checks
*** RIVER *** [9c 3d 8h 5s] [2s]
hudecam: bets $6
mdif: folds
Uncalled bet ($6) returned to hudecam
hudecam collected $17.64 from pot
hudecam: doesn't show hand
*** SUMMARY ***
Total pot $18 | Rake $0.36
Board [9c 3d 8h 5s 2s]
Seat 1: hudecam (big blind) collected ($17.64)
Seat 2: mdif (button) (small blind) folded on the River


PokerStars Hand #147977606548:  Hold'em Limit ($3/$6 USD) - 2016/01/31 3:44:36 ET
Table 'Euanthe II' 2-max Seat #2 is the button
Seat 1: hudecam ($64.34 in chips)
Seat 2: mdif ($121 in chips)
mdif: posts small blind $1
hudecam: posts big blind $3
*** HOLE CARDS ***
mdif: folds
Uncalled bet ($2) returned to hudecam
hudecam collected $2 from pot
hudecam: doesn't show hand
*** SUMMARY ***
Total pot $2 | Rake $0
Seat 1: hudecam (big blind) collected ($2)
Seat 2: mdif (button) (small blind) folded before Flop


PokerStars Hand #147977596944:  Hold'em Limit ($3/$6 USD) - 2016/01/31 3:44:12 ET
Table 'Euanthe II' 2-max Seat #1 is the button
Seat 1: hudecam ($53.70 in chips)
Seat 2: mdif ($127.68 in chips)
hudecam: posts small blind $1
mdif: posts big blind $3
*** HOLE CARDS ***
hudecam: raises $3 to $6
mdif: folds
Uncalled bet ($3) returned to hudecam
hudecam collected $6 from pot
hudecam: doesn't show hand
*** SUMMARY ***
Total pot $6 | Rake $0
Seat 1: hudecam (button) (small blind) collected ($6)
Seat 2: mdif (big blind) folded before Flop


PokerStars Hand #147977585968:  Hold'em Limit ($3/$6 USD) - 2016/01/31 3:43:45 ET
Table 'Euanthe II' 2-max Seat #2 is the button
Seat 1: hudecam ($49.06 in chips)
Seat 2: mdif ($132.68 in chips)
mdif: posts small blind $1
hudecam: posts big blind $3
*** HOLE CARDS ***
mdif: raises $3 to $6
hudecam: raises $3 to $9
mdif: calls $3
*** FLOP *** [6s 6h Qh]
hudecam: bets $3
mdif: folds
Uncalled bet ($3) returned to hudecam
hudecam collected $17.64 from pot
hudecam: doesn't show hand
*** SUMMARY ***
Total pot $18 | Rake $0.36
Board [6s 6h Qh]
Seat 1: hudecam (big blind) collected ($17.64)
Seat 2: mdif (button) (small blind) folded on the Flop


PokerStars Hand #147977595029:  Hold'em Limit ($3/$6 USD) - 2016/01/31 3:44:07 ET
Table 'Euanthe II' 2-max Seat #2 is the button
Seat 1: hudecam ($52.70 in chips)
Seat 2: mdif ($128.68 in chips)
mdif: posts small blind $1
hudecam: posts big blind $3
*** HOLE CARDS ***
mdif: folds
Uncalled bet ($2) returned to hudecam
hudecam collected $2 from pot
hudecam: doesn't show hand
*** SUMMARY ***
Total pot $2 | Rake $0
Seat 1: hudecam (big blind) collected ($2)
Seat 2: mdif (button) (small blind) folded before Flop


PokerStars Hand #147977593136:  Hold'em Limit ($3/$6 USD) - 2016/01/31 3:44:03 ET
Table 'Euanthe II' 2-max Seat #1 is the button
Seat 1: hudecam ($53.70 in chips)
Seat 2: mdif ($127.68 in chips)
hudecam: posts small blind $1
mdif: posts big blind $3
*** HOLE CARDS ***
hudecam: folds
Uncalled bet ($2) returned to mdif
mdif collected $2 from pot
mdif: doesn't show hand
*** SUMMARY ***
Total pot $2 | Rake $0
Seat 1: hudecam (button) (small blind) folded before Flop
Seat 2: mdif (big blind) collected ($2)


PokerStars Hand #147977589543:  Hold'em Limit ($3/$6 USD) - 2016/01/31 3:43:54 ET
Table 'Euanthe II' 2-max Seat #1 is the button
Seat 1: hudecam ($57.70 in chips)
Seat 2: mdif ($123.68 in chips)
hudecam: posts small blind $1
mdif: posts big blind $3
*** HOLE CARDS ***
hudecam: folds
Uncalled bet ($2) returned to mdif
mdif collected $2 from pot
mdif: doesn't show hand
*** SUMMARY ***
Total pot $2 | Rake $0
Seat 1: hudecam (button) (small blind) folded before Flop
Seat 2: mdif (big blind) collected ($2)


PokerStars Hand #147977608348:  Hold'em Limit ($3/$6 USD) - 2016/01/31 3:44:40 ET
Table 'Euanthe II' 2-max Seat #1 is the button
Seat 1: hudecam ($65.34 in chips)
Seat 2: mdif ($120 in chips)
hudecam: posts small blind $1
mdif: posts big blind $3
*** HOLE CARDS ***
hudecam: raises $3 to $6
mdif: calls $3
*** FLOP *** [Qh 5c Ah]
mdif: checks
hudecam: bets $3
mdif: calls $3
*** TURN *** [Qh 5c Ah] [5s]
mdif: checks
hudecam: bets $6
mdif: folds
Uncalled bet ($6) returned to hudecam
hudecam collected $17.64 from pot
hudecam: doesn't show hand
*** SUMMARY ***
Total pot $18 | Rake $0.36
Board [Qh 5c Ah 5s]
Seat 1: hudecam (button) (small blind) collected ($17.64)
Seat 2: mdif (big blind) folded on the Turn


PokerStars Hand #147977625690:  Hold'em Limit ($3/$6 USD) - 2016/01/31 3:45:23 ET
Table 'Euanthe II' 2-max Seat #2 is the button
Seat 1: hudecam ($95.26 in chips)
Seat 2: mdif ($120 in chips)
mdif: posts small blind $1
hudecam: posts big blind $3
*** HOLE CARDS ***
mdif: raises $3 to $6
hudecam: calls $3
*** FLOP *** [8h Qc 5c]
hudecam: checks
mdif: bets $3
hudecam: folds
Uncalled bet ($3) returned to mdif
mdif collected $11.76 from pot
mdif: doesn't show hand
*** SUMMARY ***
Total pot $12 | Rake $0.24
Board [8h Qc 5c]
Seat 1: hudecam (big blind) folded on the Flop
Seat 2: mdif (button) (small blind) collected ($11.76)


PokerStars Hand #147977622012:  Hold'em Limit ($3/$6 USD) - 2016/01/31 3:45:14 ET
Table 'Euanthe II' 2-max Seat #1 is the button
Seat 1: hudecam ($89.50 in chips)
Seat 2: mdif ($120 in chips)
hudecam: posts small blind $1
mdif: posts big blind $3
*** HOLE CARDS ***
hudecam: raises $3 to $6
mdif: calls $3
*** FLOP *** [Ah 9d 2s]
mdif: checks
hudecam: bets $3
mdif: folds
Uncalled bet ($3) returned to hudecam
hudecam collected $11.76 from pot
hudecam: doesn't show hand
*** SUMMARY ***
Total pot $12 | Rake $0.24
Board [Ah 9d 2s]
Seat 1: hudecam (button) (small blind) collected ($11.76)
Seat 2: mdif (big blind) folded on the Flop


PokerStars Hand #147977617224:  Hold'em Limit ($3/$6 USD) - 2016/01/31 3:45:02 ET
Table 'Euanthe II' 2-max Seat #2 is the button
Seat 1: hudecam ($77.98 in chips)
Seat 2: mdif ($120 in chips)
mdif: posts small blind $1
hudecam: posts big blind $3
*** HOLE CARDS ***
mdif: raises $3 to $6
hudecam: raises $3 to $9
mdif: calls $3
*** FLOP *** [Jc Th Qc]
hudecam: bets $3
mdif: calls $3
*** TURN *** [Jc Th Qc] [6d]
hudecam: bets $6
mdif: folds
Uncalled bet ($6) returned to hudecam
hudecam collected $23.52 from pot
hudecam: doesn't show hand
*** SUMMARY ***
Total pot $24 | Rake $0.48
Board [Jc Th Qc 6d]
Seat 1: hudecam (big blind) collected ($23.52)
Seat 2: mdif (button) (small blind) folded on the Turn


PokerStars Hand #147977888955:  Hold'em Limit ($3/$6 USD) - 2016/01/31 3:56:04 ET
Table 'Euanthe II' 2-max Seat #1 is the button
Seat 1: dodge658 ($48.99 in chips)
Seat 2: mdif ($125.76 in chips)
dodge658: posts small blind $1
mdif: posts big blind $3
*** HOLE CARDS ***
dodge658: calls $2
mdif: checks
*** FLOP *** [7s 3h Th]
mdif: checks
dodge658: bets $3
mdif: calls $3
*** TURN *** [7s 3h Th] [8c]
mdif: checks
dodge658: bets $6
mdif: calls $6
*** RIVER *** [7s 3h Th 8c] [9d]
mdif: bets $6
dodge658: calls $6
*** SHOW DOWN ***
mdif: shows [3d 9s] (two pair, Nines and Threes)
dodge658: mucks hand
mdif collected $35.50 from pot
*** SUMMARY ***
Total pot $36 | Rake $0.50
Board [7s 3h Th 8c 9d]
Seat 1: dodge658 (button) (small blind) mucked
Seat 2: mdif (big blind) showed [3d 9s] and won ($35.50) with two pair, Nines and Threes


PokerStars Hand #147977904222:  Hold'em Limit ($3/$6 USD) - 2016/01/31 3:56:46 ET
Table 'Euanthe II' 2-max Seat #1 is the button
Seat 1: dodge658 ($31.99 in chips)
Seat 2: mdif ($142.26 in chips)
dodge658: posts small blind $1
mdif: posts big blind $3
*** HOLE CARDS ***
dodge658: raises $3 to $6
mdif: calls $3
*** FLOP *** [7c 4d 2s]
mdif: checks
dodge658: bets $3
mdif: folds
Uncalled bet ($3) returned to dodge658
dodge658 collected $11.76 from pot
dodge658: doesn't show hand
*** SUMMARY ***
Total pot $12 | Rake $0.24
Board [7c 4d 2s]
Seat 1: dodge658 (button) (small blind) collected ($11.76)
Seat 2: mdif (big blind) folded on the Flop


PokerStars Hand #147980648294:  Hold'em Limit ($3/$6 USD) - 2016/01/31 5:29:28 ET
Table 'Euanthe II' 2-max Seat #2 is the button
Seat 1: hudecam ($4 in chips)
Seat 2: mdif ($161.76 in chips)
mdif: posts small blind $1
hudecam: posts big blind $3
*** HOLE CARDS ***
mdif: raises $3 to $6
hudecam: calls $1 and is all-in
Uncalled bet ($2) returned to mdif
*** FLOP *** [5d 6h 3d]
*** TURN *** [5d 6h 3d] [Ac]
*** RIVER *** [5d 6h 3d Ac] [8h]
*** SHOW DOWN ***
hudecam: shows [Ah Ks] (a pair of Aces)
mdif: shows [Qc 7s] (high card Ace)
hudecam collected $7.84 from pot
*** SUMMARY ***
Total pot $8 | Rake $0.16
Board [5d 6h 3d Ac 8h]
Seat 1: hudecam (big blind) showed [Ah Ks] and won ($7.84) with a pair of Aces
Seat 2: mdif (button) (small blind) showed [Qc 7s] and lost with high card Ace


PokerStars Hand #147980638928:  Hold'em Limit ($3/$6 USD) - 2016/01/31 5:29:11 ET
Table 'Euanthe II' 2-max Seat #1 is the button
Seat 1: hudecam ($31 in chips)
Seat 2: mdif ($135.26 in chips)
hudecam: posts small blind $1
mdif: posts big blind $3
*** HOLE CARDS ***
hudecam: raises $3 to $6
mdif: calls $3
*** FLOP *** [7s 5d 8h]
mdif: checks
hudecam: bets $3
mdif: calls $3
*** TURN *** [7s 5d 8h] [Ac]
mdif: checks
hudecam: bets $6
mdif: raises $6 to $12
hudecam: calls $6
*** RIVER *** [7s 5d 8h Ac] [Jc]
mdif: bets $6
hudecam: calls $6
*** SHOW DOWN ***
mdif: shows [Ah 4c] (a pair of Aces)
hudecam: mucks hand
mdif collected $53.50 from pot
*** SUMMARY ***
Total pot $54 | Rake $0.50
Board [7s 5d 8h Ac Jc]
Seat 1: hudecam (button) (small blind) mucked
Seat 2: mdif (big blind) showed [Ah 4c] and won ($53.50) with a pair of Aces


PokerStars Hand #147980632803:  Hold'em Limit ($3/$6 USD) - 2016/01/31 5:29:00 ET
Table 'Euanthe II' 2-max Seat #2 is the button
Seat 1: hudecam ($30 in chips)
Seat 2: mdif ($136.26 in chips)
mdif: posts small blind $1
hudecam: posts big blind $3
*** HOLE CARDS ***
mdif: folds
Uncalled bet ($2) returned to hudecam
hudecam collected $2 from pot
hudecam: doesn't show hand
*** SUMMARY ***
Total pot $2 | Rake $0
Seat 1: hudecam (big blind) collected ($2)
Seat 2: mdif (button) (small blind) folded before Flop


PokerStars Hand #147980654677:  Hold'em Limit ($3/$6 USD) - 2016/01/31 5:29:39 ET
Table 'Euanthe II' 2-max Seat #1 is the button
Seat 1: hudecam ($7.84 in chips)
Seat 2: mdif ($157.76 in chips)
hudecam: posts small blind $1
mdif: posts big blind $3
*** HOLE CARDS ***
hudecam: raises $3 to $6
mdif: raises $3 to $9
hudecam: calls $1.84 and is all-in
Uncalled bet ($1.16) returned to mdif
*** FLOP *** [5h 4d 4h]
*** TURN *** [5h 4d 4h] [Ac]
*** RIVER *** [5h 4d 4h Ac] [7d]
*** SHOW DOWN ***
mdif: shows [Ah 2c] (two pair, Aces and Fours)
hudecam: shows [3c 6c] (a straight, Three to Seven)
hudecam collected $15.37 from pot
*** SUMMARY ***
Total pot $15.68 | Rake $0.31
Board [5h 4d 4h Ac 7d]
Seat 1: hudecam (button) (small blind) showed [3c 6c] and won ($15.37) with a straight, Three to Seven
Seat 2: mdif (big blind) showed [Ah 2c] and lost with two pair, Aces and Fours


PokerStars Hand #147980677172:  Hold'em Limit ($3/$6 USD) - 2016/01/31 5:30:19 ET
Table 'Euanthe II' 2-max Seat #2 is the button
Seat 1: hudecam ($28.89 in chips)
Seat 2: mdif ($135.92 in chips)
mdif: posts small blind $1
hudecam: posts big blind $3
*** HOLE CARDS ***
mdif: raises $3 to $6
hudecam: calls $3
*** FLOP *** [3h 4s Ad]
hudecam: checks
mdif: bets $3
hudecam: calls $3
*** TURN *** [3h 4s Ad] [Jc]
hudecam: checks
mdif: bets $6
hudecam: folds
Uncalled bet ($6) returned to mdif
mdif collected $17.64 from pot
mdif: doesn't show hand
*** SUMMARY ***
Total pot $18 | Rake $0.36
Board [3h 4s Ad Jc]
Seat 1: hudecam (big blind) folded on the Turn
Seat 2: mdif (button) (small blind) collected ($17.64)


PokerStars Hand #147980671425:  Hold'em Limit ($3/$6 USD) - 2016/01/31 5:30:09 ET
Table 'Euanthe II' 2-max Seat #1 is the button
Seat 1: hudecam ($23.13 in chips)
Seat 2: mdif ($141.92 in chips)
hudecam: posts small blind $1
mdif: posts big blind $3
*** HOLE CARDS ***
hudecam: raises $3 to $6
mdif: calls $3
*** FLOP *** [9h Qc 7s]
mdif: checks
hudecam: bets $3
mdif: folds
Uncalled bet ($3) returned to hudecam
hudecam collected $11.76 from pot
hudecam: doesn't show hand
*** SUMMARY ***
Total pot $12 | Rake $0.24
Board [9h Qc 7s]
Seat 1: hudecam (button) (small blind) collected ($11.76)
Seat 2: mdif (big blind) folded on the Flop


PokerStars Hand #147980668885:  Hold'em Limit ($3/$6 USD) - 2016/01/31 5:30:05 ET
Table 'Euanthe II' 2-max Seat #2 is the button
Seat 1: hudecam ($22.13 in chips)
Seat 2: mdif ($142.92 in chips)
mdif: posts small blind $1
hudecam: posts big blind $3
*** HOLE CARDS ***
mdif: folds
Uncalled bet ($2) returned to hudecam
hudecam collected $2 from pot
hudecam: doesn't show hand
*** SUMMARY ***
Total pot $2 | Rake $0
Seat 1: hudecam (big blind) collected ($2)
Seat 2: mdif (button) (small blind) folded before Flop


PokerStars Hand #147980682833:  Hold'em Limit ($3/$6 USD) - 2016/01/31 5:30:29 ET
Table 'Euanthe II' 2-max Seat #1 is the button
Seat 1: hudecam ($19.89 in chips)
Seat 2: mdif ($144.56 in chips)
hudecam: posts small blind $1
mdif: posts big blind $3
*** HOLE CARDS ***
hudecam: raises $3 to $6
mdif: calls $3
*** FLOP *** [3c 6c Ah]
mdif: checks
hudecam: bets $3
mdif: calls $3
*** TURN *** [3c 6c Ah] [Jc]
mdif: checks
hudecam: bets $6
mdif: folds
Uncalled bet ($6) returned to hudecam
hudecam collected $17.64 from pot
hudecam: doesn't show hand
*** SUMMARY ***
Total pot $18 | Rake $0.36
Board [3c 6c Ah Jc]
Seat 1: hudecam (button) (small blind) collected ($17.64)
Seat 2: mdif (big blind) folded on the Turn


PokerStars Hand #147980663994:  Hold'em Limit ($3/$6 USD) - 2016/01/31 5:29:56 ET
Table 'Euanthe II' 2-max Seat #1 is the button
Seat 1: hudecam ($16.37 in chips)
Seat 2: mdif ($148.92 in chips)
hudecam: posts small blind $1
mdif: posts big blind $3
*** HOLE CARDS ***
hudecam: raises $3 to $6
mdif: calls $3
*** FLOP *** [Ah 3h 6s]
mdif: checks
hudecam: bets $3
mdif: folds
Uncalled bet ($3) returned to hudecam
hudecam collected $11.76 from pot
hudecam: doesn't show hand
*** SUMMARY ***
Total pot $12 | Rake $0.24
Board [Ah 3h 6s]
Seat 1: hudecam (button) (small blind) collected ($11.76)
Seat 2: mdif (big blind) folded on the Flop


PokerStars Hand #147980661254:  Hold'em Limit ($3/$6 USD) - 2016/01/31 5:29:51 ET
Table 'Euanthe II' 2-max Seat #2 is the button
Seat 1: hudecam ($15.37 in chips)
Seat 2: mdif ($149.92 in chips)
mdif: posts small blind $1
hudecam: posts big blind $3
*** HOLE CARDS ***
mdif: folds
Uncalled bet ($2) returned to hudecam
hudecam collected $2 from pot
hudecam: doesn't show hand
*** SUMMARY ***
Total pot $2 | Rake $0
Seat 1: hudecam (big blind) collected ($2)
Seat 2: mdif (button) (small blind) folded before Flop


PokerStars Hand #147980689840:  Hold'em Limit ($3/$6 USD) - 2016/01/31 5:30:42 ET
Table 'Euanthe II' 2-max Seat #2 is the button
Seat 1: hudecam ($28.53 in chips)
Seat 2: mdif ($135.56 in chips)
mdif: posts small blind $1
hudecam: posts big blind $3
*** HOLE CARDS ***
mdif: folds
Uncalled bet ($2) returned to hudecam
hudecam collected $2 from pot
hudecam: doesn't show hand
*** SUMMARY ***
Total pot $2 | Rake $0
Seat 1: hudecam (big blind) collected ($2)
Seat 2: mdif (button) (small blind) folded before Flop


PokerStars Hand #147980697507:  Hold'em Limit ($3/$6 USD) - 2016/01/31 5:30:55 ET
Table 'Euanthe II' 2-max Seat #2 is the button
Seat 1: hudecam ($20.53 in chips)
Seat 2: mdif ($143.20 in chips)
mdif: posts small blind $1
hudecam: posts big blind $3
*** HOLE CARDS ***
mdif: raises $3 to $6
hudecam: raises $3 to $9
mdif: calls $3
*** FLOP *** [3s 5c 8c]
hudecam: bets $3
mdif: calls $3
*** TURN *** [3s 5c 8c] [Ad]
hudecam: bets $6
mdif: folds
Uncalled bet ($6) returned to hudecam
hudecam collected $23.52 from pot
hudecam: doesn't show hand
*** SUMMARY ***
Total pot $24 | Rake $0.48
Board [3s 5c 8c Ad]
Seat 1: hudecam (big blind) collected ($23.52)
Seat 2: mdif (button) (small blind) folded on the Turn


PokerStars Hand #147980692268:  Hold'em Limit ($3/$6 USD) - 2016/01/31 5:30:46 ET
Table 'Euanthe II' 2-max Seat #1 is the button
Seat 1: hudecam ($29.53 in chips)
Seat 2: mdif ($134.56 in chips)
hudecam: posts small blind $1
mdif: posts big blind $3
*** HOLE CARDS ***
hudecam: raises $3 to $6
mdif: raises $3 to $9
hudecam: calls $3
*** FLOP *** [Kc 2c As]
mdif: bets $3
hudecam: folds
Uncalled bet ($3) returned to mdif
mdif collected $17.64 from pot
mdif: doesn't show hand
*** SUMMARY ***
Total pot $18 | Rake $0.36
Board [Kc 2c As]
Seat 1: hudecam (button) (small blind) folded on the Flop
Seat 2: mdif (big blind) collected ($17.64)


PokerStars Hand #147980709144:  Hold'em Limit ($3/$6 USD) - 2016/01/31 5:31:16 ET
Table 'Euanthe II' 2-max Seat #2 is the button
Seat 1: hudecam ($37.81 in chips)
Seat 2: mdif ($125.20 in chips)
mdif: posts small blind $1
hudecam: posts big blind $3
*** HOLE CARDS ***
mdif: folds
Uncalled bet ($2) returned to hudecam
hudecam collected $2 from pot
hudecam: doesn't show hand
*** SUMMARY ***
Total pot $2 | Rake $0
Seat 1: hudecam (big blind) collected ($2)
Seat 2: mdif (button) (small blind) folded before Flop


PokerStars Hand #147980704172:  Hold'em Limit ($3/$6 USD) - 2016/01/31 5:31:07 ET
Table 'Euanthe II' 2-max Seat #1 is the button
Seat 1: hudecam ($32.05 in chips)
Seat 2: mdif ($131.20 in chips)
hudecam: posts small blind $1
mdif: posts big blind $3
*** HOLE CARDS ***
hudecam: raises $3 to $6
mdif: calls $3
*** FLOP *** [9c 5s 6d]
mdif: checks
hudecam: bets $3
mdif: folds
Uncalled bet ($3) returned to hudecam
hudecam collected $11.76 from pot
hudecam: doesn't show hand
*** SUMMARY ***
Total pot $12 | Rake $0.24
Board [9c 5s 6d]
Seat 1: hudecam (button) (small blind) collected ($11.76)
Seat 2: mdif (big blind) folded on the Flop


PokerStars Hand #147980711978:  Hold'em Limit ($3/$6 USD) - 2016/01/31 5:31:21 ET
Table 'Euanthe II' 2-max Seat #1 is the button
Seat 1: hudecam ($38.81 in chips)
Seat 2: mdif ($124.20 in chips)
hudecam: posts small blind $1
mdif: posts big blind $3
*** HOLE CARDS ***
hudecam: raises $3 to $6
mdif: calls $3
*** FLOP *** [Tc 3d 9s]
mdif: checks
hudecam: bets $3
mdif: calls $3
*** TURN *** [Tc 3d 9s] [Kd]
mdif: checks
hudecam: checks
*** RIVER *** [Tc 3d 9s Kd] [Ah]
mdif: checks
hudecam: bets $6
mdif: calls $6
*** SHOW DOWN ***
hudecam: shows [As 3h] (two pair, Aces and Threes)
mdif: mucks hand
hudecam collected $29.50 from pot
*** SUMMARY ***
Total pot $30 | Rake $0.50
Board [Tc 3d 9s Kd Ah]
Seat 1: hudecam (button) (small blind) showed [As 3h] and won ($29.50) with two pair, Aces and Threes
Seat 2: mdif (big blind) mucked


PokerStars Hand #147980756854:  Hold'em Limit ($3/$6 USD) - 2016/01/31 5:32:41 ET
Table 'Euanthe II' 2-max Seat #2 is the button
Seat 1: hudecam ($30.45 in chips)
Seat 2: mdif ($156.26 in chips)
mdif: posts small blind $1
hudecam: posts big blind $3
*** HOLE CARDS ***
mdif: folds
Uncalled bet ($2) returned to hudecam
hudecam collected $2 from pot
hudecam: doesn't show hand
*** SUMMARY ***
Total pot $2 | Rake $0
Seat 1: hudecam (big blind) collected ($2)
Seat 2: mdif (button) (small blind) folded before Flop


PokerStars Hand #147980748646:  Hold'em Limit ($3/$6 USD) - 2016/01/31 5:32:26 ET
Table 'Euanthe II' 2-max Seat #1 is the button
Seat 1: hudecam ($60.45 in chips)
Seat 2: mdif ($126.76 in chips)
hudecam: posts small blind $1
mdif: posts big blind $3
*** HOLE CARDS ***
hudecam: raises $3 to $6
mdif: raises $3 to $9
hudecam: raises $3 to $12
Betting is capped
mdif: calls $3
*** FLOP *** [8c 6d 6h]
mdif: checks
hudecam: bets $3
mdif: raises $3 to $6
hudecam: calls $3
*** TURN *** [8c 6d 6h] [Kc]
mdif: bets $6
hudecam: calls $6
*** RIVER *** [8c 6d 6h Kc] [Kh]
mdif: bets $6
hudecam: calls $6
*** SHOW DOWN ***
mdif: shows [As Ah] (two pair, Aces and Kings)
hudecam: mucks hand
mdif collected $59.50 from pot
*** SUMMARY ***
Total pot $60 | Rake $0.50
Board [8c 6d 6h Kc Kh]
Seat 1: hudecam (button) (small blind) mucked
Seat 2: mdif (big blind) showed [As Ah] and won ($59.50) with two pair, Aces and Kings


PokerStars Hand #147980733954:  Hold'em Limit ($3/$6 USD) - 2016/01/31 5:32:00 ET
Table 'Euanthe II' 2-max Seat #2 is the button
Seat 1: hudecam ($43.95 in chips)
Seat 2: mdif ($137.50 in chips)
mdif: posts small blind $1
hudecam: posts big blind $3
*** HOLE CARDS ***
mdif: raises $3 to $6
hudecam: raises $3 to $9
mdif: calls $3
*** FLOP *** [4c 3h 7h]
hudecam: bets $3
mdif: calls $3
*** TURN *** [4c 3h 7h] [7d]
hudecam: bets $6
mdif: calls $6
*** RIVER *** [4c 3h 7h 7d] [Ac]
hudecam: bets $6
mdif: calls $6
*** SHOW DOWN ***
hudecam: shows [Kh Jh] (a pair of Sevens)
mdif: mucks hand
hudecam collected $47.50 from pot
*** SUMMARY ***
Total pot $48 | Rake $0.50
Board [4c 3h 7h 7d Ac]
Seat 1: hudecam (big blind) showed [Kh Jh] and won ($47.50) with a pair of Sevens
Seat 2: mdif (button) (small blind) mucked


PokerStars Hand #147980726051:  Hold'em Limit ($3/$6 USD) - 2016/01/31 5:31:46 ET
Table 'Euanthe II' 2-max Seat #1 is the button
Seat 1: hudecam ($61.95 in chips)
Seat 2: mdif ($120 in chips)
hudecam: posts small blind $1
mdif: posts big blind $3
*** HOLE CARDS ***
hudecam: raises $3 to $6
mdif: calls $3
*** FLOP *** [8s 9s 7s]
mdif: checks
hudecam: bets $3
mdif: raises $3 to $6
hudecam: calls $3
*** TURN *** [8s 9s 7s] [Kd]
mdif: bets $6
hudecam: calls $6
*** RIVER *** [8s 9s 7s Kd] [Jc]
mdif: bets $6
hudecam: folds
Uncalled bet ($6) returned to mdif
mdif collected $35.50 from pot
mdif: doesn't show hand
*** SUMMARY ***
Total pot $36 | Rake $0.50
Board [8s 9s 7s Kd Jc]
Seat 1: hudecam (button) (small blind) folded on the River
Seat 2: mdif (big blind) collected ($35.50)


PokerStars Hand #147980744599:  Hold'em Limit ($3/$6 USD) - 2016/01/31 5:32:19 ET
Table 'Euanthe II' 2-max Seat #2 is the button
Seat 1: hudecam ($66.45 in chips)
Seat 2: mdif ($121 in chips)
mdif: posts small blind $1
hudecam: posts big blind $3
*** HOLE CARDS ***
mdif: raises $3 to $6
hudecam: calls $3
*** FLOP *** [3c As 6h]
hudecam: checks
mdif: bets $3
hudecam: folds
Uncalled bet ($3) returned to mdif
mdif collected $11.76 from pot
mdif: doesn't show hand
*** SUMMARY ***
Total pot $12 | Rake $0.24
Board [3c As 6h]
Seat 1: hudecam (big blind) folded on the Flop
Seat 2: mdif (button) (small blind) collected ($11.76)


PokerStars Hand #147980721042:  Hold'em Limit ($3/$6 USD) - 2016/01/31 5:31:37 ET
Table 'Euanthe II' 2-max Seat #2 is the button
Seat 1: hudecam ($53.31 in chips)
Seat 2: mdif ($120 in chips)
mdif: posts small blind $1
hudecam: posts big blind $3
*** HOLE CARDS ***
mdif: raises $3 to $6
hudecam: raises $3 to $9
mdif: calls $3
*** FLOP *** [4s 9s 2d]
hudecam: bets $3
mdif: folds
Uncalled bet ($3) returned to hudecam
hudecam collected $17.64 from pot
hudecam: doesn't show hand
*** SUMMARY ***
Total pot $18 | Rake $0.36
Board [4s 9s 2d]
Seat 1: hudecam (big blind) collected ($17.64)
Seat 2: mdif (button) (small blind) folded on the Flop


PokerStars Hand #147980766885:  Hold'em Limit ($3/$6 USD) - 2016/01/31 5:32:58 ET
Table 'Euanthe II' 2-max Seat #2 is the button
Seat 1: hudecam ($7.45 in chips)
Seat 2: mdif ($178.76 in chips)
mdif: posts small blind $1
hudecam: posts big blind $3
*** HOLE CARDS ***
mdif: raises $3 to $6
hudecam: raises $1.45 to $7.45 and is all-in
mdif: calls $1.45
*** FLOP *** [3d 6s Ad]
*** TURN *** [3d 6s Ad] [Qc]
*** RIVER *** [3d 6s Ad Qc] [6h]
*** SHOW DOWN ***
hudecam: shows [4s Tc] (a pair of Sixes)
mdif: shows [Th As] (two pair, Aces and Sixes)
hudecam leaves the table
mdif collected $14.60 from pot
*** SUMMARY ***
Total pot $14.90 | Rake $0.30
Board [3d 6s Ad Qc 6h]
Seat 1: hudecam (big blind) showed [4s Tc] and lost with a pair of Sixes
Seat 2: mdif (button) (small blind) showed [Th As] and won ($14.60) with two pair, Aces and Sixes


PokerStars Hand #147980759513:  Hold'em Limit ($3/$6 USD) - 2016/01/31 5:32:45 ET
Table 'Euanthe II' 2-max Seat #1 is the button
Seat 1: hudecam ($31.45 in chips)
Seat 2: mdif ($155.26 in chips)
hudecam: posts small blind $1
mdif: posts big blind $3
*** HOLE CARDS ***
hudecam: raises $3 to $6
mdif: calls $3
*** FLOP *** [5d Qc Ah]
mdif: checks
hudecam: bets $3
mdif: raises $3 to $6
hudecam: calls $3
*** TURN *** [5d Qc Ah] [Ks]
mdif: bets $6
hudecam: calls $6
*** RIVER *** [5d Qc Ah Ks] [2h]
mdif: bets $6
hudecam: calls $6
*** SHOW DOWN ***
mdif: shows [Qd 5h] (two pair, Queens and Fives)
hudecam: mucks hand
mdif collected $47.50 from pot
*** SUMMARY ***
Total pot $48 | Rake $0.50
Board [5d Qc Ah Ks 2h]
Seat 1: hudecam (button) (small blind) mucked
Seat 2: mdif (big blind) showed [Qd 5h] and won ($47.50) with two pair, Queens and Fives


