PokerStars Hand #144290115381:  Hold'em Limit ($3/$6 USD) - 2015/11/23 19:02:17 ET
Table 'Euanthe' 2-max Seat #2 is the button
Seat 1: permafrost07 ($30.07 in chips)
Seat 2: xRauIx ($140.50 in chips)
xRauIx: posts small blind $1
permafrost07: posts big blind $3
*** HOLE CARDS ***
xRauIx: raises $3 to $6
permafrost07: raises $3 to $9
xRauIx: calls $3
*** FLOP *** [Th 7c 9d]
permafrost07: bets $3
xRauIx: calls $3
*** TURN *** [Th 7c 9d] [6h]
permafrost07: bets $6
xRauIx: calls $6
*** RIVER *** [Th 7c 9d 6h] [9c]
permafrost07: bets $6
xRauIx: raises $6 to $12
permafrost07: raises $0.07 to $12.07 and is all-in
xRauIx: calls $0.07
*** SHOW DOWN ***
permafrost07: shows [8c Kc] (a straight, Six to Ten)
xRauIx: shows [9h 5h] (three of a kind, Nines)
permafrost07 collected $59.64 from pot
*** SUMMARY ***
Total pot $60.14 | Rake $0.50
Board [Th 7c 9d 6h 9c]
Seat 1: permafrost07 (big blind) showed [8c Kc] and won ($59.64) with a straight, Six to Ten
Seat 2: xRauIx (button) (small blind) showed [9h 5h] and lost with three of a kind, Nines


PokerStars Hand #144290110589:  Hold'em Limit ($3/$6 USD) - 2015/11/23 19:02:10 ET
Table 'Euanthe' 2-max Seat #1 is the button
Seat 1: permafrost07 ($27.07 in chips)
Seat 2: xRauIx ($143.50 in chips)
permafrost07: posts small blind $1
xRauIx: posts big blind $3
*** HOLE CARDS ***
permafrost07: raises $3 to $6
xRauIx: folds
Uncalled bet ($3) returned to permafrost07
permafrost07 collected $6 from pot
permafrost07: doesn't show hand
*** SUMMARY ***
Total pot $6 | Rake $0
Seat 1: permafrost07 (button) (small blind) collected ($6)
Seat 2: xRauIx (big blind) folded before Flop


PokerStars Hand #144290166115:  Hold'em Limit ($3/$6 USD) - 2015/11/23 19:03:35 ET
Table 'Euanthe' 2-max Seat #2 is the button
Seat 1: permafrost07 ($47.14 in chips)
Seat 2: xRauIx ($121.45 in chips)
xRauIx: posts small blind $1
permafrost07: posts big blind $3
*** HOLE CARDS ***
xRauIx: raises $3 to $6
permafrost07: raises $3 to $9
xRauIx: calls $3
*** FLOP *** [7s Qh 4s]
permafrost07: bets $3
xRauIx: calls $3
*** TURN *** [7s Qh 4s] [Ac]
permafrost07: checks
xRauIx: checks
*** RIVER *** [7s Qh 4s Ac] [3d]
permafrost07: checks
xRauIx: checks
*** SHOW DOWN ***
permafrost07: shows [9s 9d] (a pair of Nines)
xRauIx: mucks hand
permafrost07 collected $23.52 from pot
*** SUMMARY ***
Total pot $24 | Rake $0.48
Board [7s Qh 4s Ac 3d]
Seat 1: permafrost07 (big blind) showed [9s 9d] and won ($23.52) with a pair of Nines
Seat 2: xRauIx (button) (small blind) mucked


PokerStars Hand #144290154863:  Hold'em Limit ($3/$6 USD) - 2015/11/23 19:03:18 ET
Table 'Euanthe' 2-max Seat #1 is the button
Seat 1: permafrost07 ($71.14 in chips)
Seat 2: xRauIx ($97.95 in chips)
permafrost07: posts small blind $1
xRauIx: posts big blind $3
*** HOLE CARDS ***
permafrost07: raises $3 to $6
xRauIx: raises $3 to $9
permafrost07: raises $3 to $12
Betting is capped
xRauIx: calls $3
*** FLOP *** [7s 5s Js]
xRauIx: checks
permafrost07: checks
*** TURN *** [7s 5s Js] [Td]
xRauIx: bets $6
permafrost07: calls $6
*** RIVER *** [7s 5s Js Td] [Qh]
xRauIx: bets $6
permafrost07: calls $6
*** SHOW DOWN ***
xRauIx: shows [As Th] (a pair of Tens)
permafrost07: mucks hand
xRauIx collected $47.50 from pot
*** SUMMARY ***
Total pot $48 | Rake $0.50
Board [7s 5s Js Td Qh]
Seat 1: permafrost07 (button) (small blind) mucked
Seat 2: xRauIx (big blind) showed [As Th] and won ($47.50) with a pair of Tens


PokerStars Hand #144290131326:  Hold'em Limit ($3/$6 USD) - 2015/11/23 19:02:42 ET
Table 'Euanthe' 2-max Seat #1 is the button
Seat 1: permafrost07 ($59.64 in chips)
Seat 2: xRauIx ($110.43 in chips)
permafrost07: posts small blind $1
xRauIx: posts big blind $3
*** HOLE CARDS ***
permafrost07: raises $3 to $6
xRauIx: raises $3 to $9
permafrost07: calls $3
*** FLOP *** [5h Tc 7s]
xRauIx: bets $3
permafrost07: calls $3
*** TURN *** [5h Tc 7s] [9d]
xRauIx: checks
permafrost07: checks
*** RIVER *** [5h Tc 7s 9d] [Th]
xRauIx: checks
permafrost07: checks
*** SHOW DOWN ***
xRauIx: shows [Qh Kd] (a pair of Tens)
permafrost07: mucks hand
xRauIx collected $23.52 from pot
*** SUMMARY ***
Total pot $24 | Rake $0.48
Board [5h Tc 7s 9d Th]
Seat 1: permafrost07 (button) (small blind) mucked
Seat 2: xRauIx (big blind) showed [Qh Kd] and won ($23.52) with a pair of Tens


PokerStars Hand #144290143251:  Hold'em Limit ($3/$6 USD) - 2015/11/23 19:03:00 ET
Table 'Euanthe' 2-max Seat #2 is the button
Seat 1: permafrost07 ($47.64 in chips)
Seat 2: xRauIx ($121.95 in chips)
xRauIx: posts small blind $1
permafrost07: posts big blind $3
*** HOLE CARDS ***
xRauIx: raises $3 to $6
permafrost07: raises $3 to $9
xRauIx: calls $3
*** FLOP *** [Ac 4h Qd]
permafrost07: bets $3
xRauIx: calls $3
*** TURN *** [Ac 4h Qd] [Qc]
permafrost07: bets $6
xRauIx: calls $6
*** RIVER *** [Ac 4h Qd Qc] [Qs]
permafrost07: bets $6
xRauIx: calls $6
*** SHOW DOWN ***
permafrost07: shows [8h As] (a full house, Queens full of Aces)
xRauIx: mucks hand
permafrost07 collected $47.50 from pot
*** SUMMARY ***
Total pot $48 | Rake $0.50
Board [Ac 4h Qd Qc Qs]
Seat 1: permafrost07 (big blind) showed [8h As] and won ($47.50) with a full house, Queens full of Aces
Seat 2: xRauIx (button) (small blind) mucked


PokerStars Hand #144290176588:  Hold'em Limit ($3/$6 USD) - 2015/11/23 19:03:51 ET
Table 'Euanthe' 2-max Seat #1 is the button
Seat 1: permafrost07 ($58.66 in chips)
Seat 2: xRauIx ($109.45 in chips)
permafrost07: posts small blind $1
xRauIx: posts big blind $3
*** HOLE CARDS ***
permafrost07: raises $3 to $6
xRauIx: raises $3 to $9
permafrost07: calls $3
*** FLOP *** [Ts Jd Jh]
xRauIx: bets $3
permafrost07: calls $3
*** TURN *** [Ts Jd Jh] [Qc]
xRauIx: checks
permafrost07: bets $6
xRauIx: calls $6
*** RIVER *** [Ts Jd Jh Qc] [7d]
xRauIx: checks
permafrost07: checks
*** SHOW DOWN ***
xRauIx: shows [9d 9c] (two pair, Jacks and Nines)
permafrost07: shows [Qs 2s] (two pair, Queens and Jacks)
permafrost07 collected $35.50 from pot
*** SUMMARY ***
Total pot $36 | Rake $0.50
Board [Ts Jd Jh Qc 7d]
Seat 1: permafrost07 (button) (small blind) showed [Qs 2s] and won ($35.50) with two pair, Queens and Jacks
Seat 2: xRauIx (big blind) showed [9d 9c] and lost with two pair, Jacks and Nines


PokerStars Hand #144290188455:  Hold'em Limit ($3/$6 USD) - 2015/11/23 19:04:09 ET
Table 'Euanthe' 2-max Seat #2 is the button
Seat 1: permafrost07 ($76.16 in chips)
Seat 2: xRauIx ($91.45 in chips)
xRauIx: posts small blind $1
permafrost07: posts big blind $3
*** HOLE CARDS ***
xRauIx: folds
Uncalled bet ($2) returned to permafrost07
permafrost07 collected $2 from pot
permafrost07: doesn't show hand
*** SUMMARY ***
Total pot $2 | Rake $0
Seat 1: permafrost07 (big blind) collected ($2)
Seat 2: xRauIx (button) (small blind) folded before Flop


PokerStars Hand #144290201643:  Hold'em Limit ($3/$6 USD) - 2015/11/23 19:04:29 ET
Table 'Euanthe' 2-max Seat #2 is the button
Seat 1: permafrost07 ($71.16 in chips)
Seat 2: xRauIx ($96.21 in chips)
xRauIx: posts small blind $1
permafrost07: posts big blind $3
*** HOLE CARDS ***
xRauIx: raises $3 to $6
permafrost07: calls $3
*** FLOP *** [3d Tc 3c]
permafrost07: bets $3
xRauIx: folds
Uncalled bet ($3) returned to permafrost07
permafrost07 collected $11.76 from pot
permafrost07: doesn't show hand
*** SUMMARY ***
Total pot $12 | Rake $0.24
Board [3d Tc 3c]
Seat 1: permafrost07 (big blind) collected ($11.76)
Seat 2: xRauIx (button) (small blind) folded on the Flop


PokerStars Hand #144290191676:  Hold'em Limit ($3/$6 USD) - 2015/11/23 19:04:14 ET
Table 'Euanthe' 2-max Seat #1 is the button
Seat 1: permafrost07 ($77.16 in chips)
Seat 2: xRauIx ($90.45 in chips)
permafrost07: posts small blind $1
xRauIx: posts big blind $3
*** HOLE CARDS ***
permafrost07: raises $3 to $6
xRauIx: calls $3
*** FLOP *** [9s 4c Qc]
xRauIx: checks
permafrost07: checks
*** TURN *** [9s 4c Qc] [6d]
xRauIx: checks
permafrost07: checks
*** RIVER *** [9s 4c Qc 6d] [3c]
xRauIx: checks
permafrost07: checks
*** SHOW DOWN ***
xRauIx: shows [Jc 7h] (high card Queen)
permafrost07: mucks hand
xRauIx collected $11.76 from pot
*** SUMMARY ***
Total pot $12 | Rake $0.24
Board [9s 4c Qc 6d 3c]
Seat 1: permafrost07 (button) (small blind) mucked
Seat 2: xRauIx (big blind) showed [Jc 7h] and won ($11.76) with high card Queen


PokerStars Hand #144290207589:  Hold'em Limit ($3/$6 USD) - 2015/11/23 19:04:39 ET
Table 'Euanthe' 2-max Seat #1 is the button
Seat 1: permafrost07 ($76.92 in chips)
Seat 2: xRauIx ($90.21 in chips)
permafrost07: posts small blind $1
xRauIx: posts big blind $3
*** HOLE CARDS ***
permafrost07: raises $3 to $6
xRauIx: raises $3 to $9
permafrost07: raises $3 to $12
Betting is capped
xRauIx: calls $3
*** FLOP *** [2c Ts 5c]
xRauIx: checks
permafrost07: bets $3
xRauIx: calls $3
*** TURN *** [2c Ts 5c] [4s]
xRauIx: checks
permafrost07: bets $6
xRauIx: calls $6
*** RIVER *** [2c Ts 5c 4s] [Jh]
xRauIx: checks
permafrost07: checks
*** SHOW DOWN ***
xRauIx: shows [Ac 8d] (high card Ace)
permafrost07: shows [Ad 4h] (a pair of Fours)
permafrost07 collected $41.50 from pot
*** SUMMARY ***
Total pot $42 | Rake $0.50
Board [2c Ts 5c 4s Jh]
Seat 1: permafrost07 (button) (small blind) showed [Ad 4h] and won ($41.50) with a pair of Fours
Seat 2: xRauIx (big blind) showed [Ac 8d] and lost with high card Ace


PokerStars Hand #144290244673:  Hold'em Limit ($3/$6 USD) - 2015/11/23 19:05:35 ET
Table 'Euanthe' 2-max Seat #1 is the button
Seat 1: permafrost07 ($112.92 in chips)
Seat 2: xRauIx ($53.09 in chips)
permafrost07: posts small blind $1
xRauIx: posts big blind $3
*** HOLE CARDS ***
permafrost07: raises $3 to $6
xRauIx: folds
Uncalled bet ($3) returned to permafrost07
permafrost07 collected $6 from pot
permafrost07: doesn't show hand
*** SUMMARY ***
Total pot $6 | Rake $0
Seat 1: permafrost07 (button) (small blind) collected ($6)
Seat 2: xRauIx (big blind) folded before Flop


PokerStars Hand #144290233718:  Hold'em Limit ($3/$6 USD) - 2015/11/23 19:05:18 ET
Table 'Euanthe' 2-max Seat #2 is the button
Seat 1: permafrost07 ($95.42 in chips)
Seat 2: xRauIx ($71.09 in chips)
xRauIx: posts small blind $1
permafrost07: posts big blind $3
*** HOLE CARDS ***
xRauIx: raises $3 to $6
permafrost07: raises $3 to $9
xRauIx: calls $3
*** FLOP *** [6c Ac 7s]
permafrost07: bets $3
xRauIx: calls $3
*** TURN *** [6c Ac 7s] [Qd]
permafrost07: bets $6
xRauIx: calls $6
*** RIVER *** [6c Ac 7s Qd] [7h]
permafrost07: checks
xRauIx: checks
*** SHOW DOWN ***
permafrost07: shows [8s As] (two pair, Aces and Sevens)
xRauIx: mucks hand
permafrost07 collected $35.50 from pot
*** SUMMARY ***
Total pot $36 | Rake $0.50
Board [6c Ac 7s Qd 7h]
Seat 1: permafrost07 (big blind) showed [8s As] and won ($35.50) with two pair, Aces and Sevens
Seat 2: xRauIx (button) (small blind) mucked


PokerStars Hand #144290248847:  Hold'em Limit ($3/$6 USD) - 2015/11/23 19:05:41 ET
Table 'Euanthe' 2-max Seat #2 is the button
Seat 1: permafrost07 ($115.92 in chips)
Seat 2: xRauIx ($50.09 in chips)
xRauIx: posts small blind $1
permafrost07: posts big blind $3
*** HOLE CARDS ***
xRauIx: folds
Uncalled bet ($2) returned to permafrost07
permafrost07 collected $2 from pot
permafrost07: doesn't show hand
*** SUMMARY ***
Total pot $2 | Rake $0
Seat 1: permafrost07 (big blind) collected ($2)
Seat 2: xRauIx (button) (small blind) folded before Flop


PokerStars Hand #144290251868:  Hold'em Limit ($3/$6 USD) - 2015/11/23 19:05:46 ET
Table 'Euanthe' 2-max Seat #1 is the button
Seat 1: permafrost07 ($116.92 in chips)
Seat 2: xRauIx ($49.09 in chips)
permafrost07: posts small blind $1
xRauIx: posts big blind $3
*** HOLE CARDS ***
permafrost07: calls $2
xRauIx: checks
*** FLOP *** [8s 3h Th]
xRauIx: checks
permafrost07: bets $3
xRauIx: folds
Uncalled bet ($3) returned to permafrost07
permafrost07 collected $5.88 from pot
permafrost07: doesn't show hand
*** SUMMARY ***
Total pot $6 | Rake $0.12
Board [8s 3h Th]
Seat 1: permafrost07 (button) (small blind) collected ($5.88)
Seat 2: xRauIx (big blind) folded on the Flop


PokerStars Hand #144290220238:  Hold'em Limit ($3/$6 USD) - 2015/11/23 19:04:58 ET
Table 'Euanthe' 2-max Seat #2 is the button
Seat 1: permafrost07 ($97.42 in chips)
Seat 2: xRauIx ($69.21 in chips)
xRauIx: posts small blind $1
permafrost07: posts big blind $3
*** HOLE CARDS ***
xRauIx: folds
Uncalled bet ($2) returned to permafrost07
permafrost07 collected $2 from pot
permafrost07: doesn't show hand
*** SUMMARY ***
Total pot $2 | Rake $0
Seat 1: permafrost07 (big blind) collected ($2)
Seat 2: xRauIx (button) (small blind) folded before Flop


PokerStars Hand #144290223446:  Hold'em Limit ($3/$6 USD) - 2015/11/23 19:05:02 ET
Table 'Euanthe' 2-max Seat #1 is the button
Seat 1: permafrost07 ($98.42 in chips)
Seat 2: xRauIx ($68.21 in chips)
permafrost07: posts small blind $1
xRauIx: posts big blind $3
*** HOLE CARDS ***
permafrost07: calls $2
xRauIx: checks
*** FLOP *** [9d 7c Qc]
xRauIx: checks
permafrost07: checks
*** TURN *** [9d 7c Qc] [5c]
xRauIx: checks
permafrost07: checks
*** RIVER *** [9d 7c Qc 5c] [6d]
xRauIx: checks
permafrost07: checks
*** SHOW DOWN ***
xRauIx: shows [Ks 5h] (a pair of Fives)
permafrost07: mucks hand
xRauIx collected $5.88 from pot
*** SUMMARY ***
Total pot $6 | Rake $0.12
Board [9d 7c Qc 5c 6d]
Seat 1: permafrost07 (button) (small blind) mucked
Seat 2: xRauIx (big blind) showed [Ks 5h] and won ($5.88) with a pair of Fives


PokerStars Hand #144290276933:  Hold'em Limit ($3/$6 USD) - 2015/11/23 19:06:24 ET
Table 'Euanthe' 2-max Seat #2 is the button
Seat 1: permafrost07 ($89.80 in chips)
Seat 2: xRauIx ($75.35 in chips)
xRauIx: posts small blind $1
permafrost07: posts big blind $3
*** HOLE CARDS ***
xRauIx: raises $3 to $6
permafrost07: folds
Uncalled bet ($3) returned to xRauIx
xRauIx collected $6 from pot
xRauIx: doesn't show hand
*** SUMMARY ***
Total pot $6 | Rake $0
Seat 1: permafrost07 (big blind) folded before Flop
Seat 2: xRauIx (button) (small blind) collected ($6)


PokerStars Hand #144290269825:  Hold'em Limit ($3/$6 USD) - 2015/11/23 19:06:13 ET
Table 'Euanthe' 2-max Seat #1 is the button
Seat 1: permafrost07 ($95.80 in chips)
Seat 2: xRauIx ($69.59 in chips)
permafrost07: posts small blind $1
xRauIx: posts big blind $3
*** HOLE CARDS ***
permafrost07: raises $3 to $6
xRauIx: calls $3
*** FLOP *** [Qh Jd Kc]
xRauIx: checks
permafrost07: checks
*** TURN *** [Qh Jd Kc] [8c]
xRauIx: bets $6
permafrost07: folds
Uncalled bet ($6) returned to xRauIx
xRauIx collected $11.76 from pot
xRauIx: doesn't show hand
*** SUMMARY ***
Total pot $12 | Rake $0.24
Board [Qh Jd Kc 8c]
Seat 1: permafrost07 (button) (small blind) folded on the Turn
Seat 2: xRauIx (big blind) collected ($11.76)


PokerStars Hand #144290258023:  Hold'em Limit ($3/$6 USD) - 2015/11/23 19:05:55 ET
Table 'Euanthe' 2-max Seat #2 is the button
Seat 1: permafrost07 ($119.80 in chips)
Seat 2: xRauIx ($46.09 in chips)
xRauIx: posts small blind $1
permafrost07: posts big blind $3
*** HOLE CARDS ***
xRauIx: raises $3 to $6
permafrost07: raises $3 to $9
xRauIx: calls $3
*** FLOP *** [7h 5c 3h]
permafrost07: bets $3
xRauIx: calls $3
*** TURN *** [7h 5c 3h] [Kd]
permafrost07: checks
xRauIx: bets $6
permafrost07: calls $6
*** RIVER *** [7h 5c 3h Kd] [Qh]
permafrost07: checks
xRauIx: bets $6
permafrost07: calls $6
*** SHOW DOWN ***
xRauIx: shows [Ks 4c] (a pair of Kings)
permafrost07: mucks hand
xRauIx collected $47.50 from pot
*** SUMMARY ***
Total pot $48 | Rake $0.50
Board [7h 5c 3h Kd Qh]
Seat 1: permafrost07 (big blind) mucked
Seat 2: xRauIx (button) (small blind) showed [Ks 4c] and won ($47.50) with a pair of Kings


PokerStars Hand #144290290163:  Hold'em Limit ($3/$6 USD) - 2015/11/23 19:06:45 ET
Table 'Euanthe' 2-max Seat #2 is the button
Seat 1: permafrost07 ($80.80 in chips)
Seat 2: xRauIx ($84.11 in chips)
xRauIx: posts small blind $1
permafrost07: posts big blind $3
*** HOLE CARDS ***
xRauIx: folds
Uncalled bet ($2) returned to permafrost07
permafrost07 collected $2 from pot
permafrost07: doesn't show hand
*** SUMMARY ***
Total pot $2 | Rake $0
Seat 1: permafrost07 (big blind) collected ($2)
Seat 2: xRauIx (button) (small blind) folded before Flop


PokerStars Hand #144290280666:  Hold'em Limit ($3/$6 USD) - 2015/11/23 19:06:30 ET
Table 'Euanthe' 2-max Seat #1 is the button
Seat 1: permafrost07 ($86.80 in chips)
Seat 2: xRauIx ($78.35 in chips)
permafrost07: posts small blind $1
xRauIx: posts big blind $3
*** HOLE CARDS ***
permafrost07: raises $3 to $6
xRauIx: calls $3
*** FLOP *** [Js 9d 5s]
xRauIx: checks
permafrost07: checks
*** TURN *** [Js 9d 5s] [4c]
xRauIx: checks
permafrost07: checks
*** RIVER *** [Js 9d 5s 4c] [8d]
xRauIx: checks
permafrost07: checks
*** SHOW DOWN ***
xRauIx: shows [Kc 2c] (high card King)
permafrost07: mucks hand
xRauIx collected $11.76 from pot
*** SUMMARY ***
Total pot $12 | Rake $0.24
Board [Js 9d 5s 4c 8d]
Seat 1: permafrost07 (button) (small blind) mucked
Seat 2: xRauIx (big blind) showed [Kc 2c] and won ($11.76) with high card King


PokerStars Hand #144290302757:  Hold'em Limit ($3/$6 USD) - 2015/11/23 19:07:04 ET
Table 'Euanthe' 2-max Seat #2 is the button
Seat 1: permafrost07 ($63.80 in chips)
Seat 2: xRauIx ($100.61 in chips)
xRauIx: posts small blind $1
permafrost07: posts big blind $3
*** HOLE CARDS ***
xRauIx: raises $3 to $6
permafrost07: raises $3 to $9
xRauIx: calls $3
*** FLOP *** [6h 9h Ah]
permafrost07: bets $3
xRauIx: calls $3
*** TURN *** [6h 9h Ah] [2s]
permafrost07: checks
xRauIx: bets $6
permafrost07: calls $6
*** RIVER *** [6h 9h Ah 2s] [4h]
permafrost07: checks
xRauIx: bets $6
permafrost07: raises $6 to $12
xRauIx: calls $6
*** SHOW DOWN ***
permafrost07: shows [Js Kh] (a flush, Ace high)
xRauIx: mucks hand
permafrost07 collected $59.50 from pot
*** SUMMARY ***
Total pot $60 | Rake $0.50
Board [6h 9h Ah 2s 4h]
Seat 1: permafrost07 (big blind) showed [Js Kh] and won ($59.50) with a flush, Ace high
Seat 2: xRauIx (button) (small blind) mucked


PokerStars Hand #144290293478:  Hold'em Limit ($3/$6 USD) - 2015/11/23 19:06:50 ET
Table 'Euanthe' 2-max Seat #1 is the button
Seat 1: permafrost07 ($81.80 in chips)
Seat 2: xRauIx ($83.11 in chips)
permafrost07: posts small blind $1
xRauIx: posts big blind $3
*** HOLE CARDS ***
permafrost07: raises $3 to $6
xRauIx: calls $3
*** FLOP *** [Js Jc 2s]
xRauIx: checks
permafrost07: checks
*** TURN *** [Js Jc 2s] [Qh]
xRauIx: bets $6
permafrost07: calls $6
*** RIVER *** [Js Jc 2s Qh] [8s]
xRauIx: bets $6
permafrost07: calls $6
*** SHOW DOWN ***
xRauIx: shows [Qc 5d] (two pair, Queens and Jacks)
permafrost07: mucks hand
xRauIx collected $35.50 from pot
*** SUMMARY ***
Total pot $36 | Rake $0.50
Board [Js Jc 2s Qh 8s]
Seat 1: permafrost07 (button) (small blind) mucked
Seat 2: xRauIx (big blind) showed [Qc 5d] and won ($35.50) with two pair, Queens and Jacks


PokerStars Hand #144290317036:  Hold'em Limit ($3/$6 USD) - 2015/11/23 19:07:26 ET
Table 'Euanthe' 2-max Seat #1 is the button
Seat 1: permafrost07 ($93.30 in chips)
Seat 2: xRauIx ($70.61 in chips)
permafrost07: posts small blind $1
xRauIx: posts big blind $3
*** HOLE CARDS ***
permafrost07: raises $3 to $6
xRauIx: calls $3
*** FLOP *** [Tc 3c Qd]
xRauIx: checks
permafrost07: bets $3
xRauIx: calls $3
*** TURN *** [Tc 3c Qd] [Th]
xRauIx: checks
permafrost07: checks
*** RIVER *** [Tc 3c Qd Th] [Qc]
xRauIx: bets $6
permafrost07: folds
Uncalled bet ($6) returned to xRauIx
xRauIx collected $17.64 from pot
xRauIx: doesn't show hand
*** SUMMARY ***
Total pot $18 | Rake $0.36
Board [Tc 3c Qd Th Qc]
Seat 1: permafrost07 (button) (small blind) folded on the River
Seat 2: xRauIx (big blind) collected ($17.64)


PokerStars Hand #144290340477:  Hold'em Limit ($3/$6 USD) - 2015/11/23 19:08:03 ET
Table 'Euanthe' 2-max Seat #1 is the button
Seat 1: permafrost07 ($75.30 in chips)
Seat 2: xRauIx ($87.89 in chips)
permafrost07: posts small blind $1
xRauIx: posts big blind $3
*** HOLE CARDS ***
permafrost07: raises $3 to $6
xRauIx: calls $3
*** FLOP *** [8h 4s Td]
xRauIx: checks
permafrost07: bets $3
xRauIx: folds
Uncalled bet ($3) returned to permafrost07
permafrost07 collected $11.76 from pot
permafrost07: doesn't show hand
*** SUMMARY ***
Total pot $12 | Rake $0.24
Board [8h 4s Td]
Seat 1: permafrost07 (button) (small blind) collected ($11.76)
Seat 2: xRauIx (big blind) folded on the Flop


PokerStars Hand #144290329400:  Hold'em Limit ($3/$6 USD) - 2015/11/23 19:07:45 ET
Table 'Euanthe' 2-max Seat #2 is the button
Seat 1: permafrost07 ($84.30 in chips)
Seat 2: xRauIx ($79.25 in chips)
xRauIx: posts small blind $1
permafrost07: posts big blind $3
*** HOLE CARDS ***
xRauIx: raises $3 to $6
permafrost07: calls $3
*** FLOP *** [Qh Qs 5s]
permafrost07: bets $3
xRauIx: calls $3
*** TURN *** [Qh Qs 5s] [Ac]
permafrost07: checks
xRauIx: checks
*** RIVER *** [Qh Qs 5s Ac] [8s]
permafrost07: checks
xRauIx: checks
*** SHOW DOWN ***
permafrost07: shows [6c 9h] (a pair of Queens)
xRauIx: shows [Kd 2s] (a pair of Queens - Ace+King kicker)
xRauIx collected $17.64 from pot
*** SUMMARY ***
Total pot $18 | Rake $0.36
Board [Qh Qs 5s Ac 8s]
Seat 1: permafrost07 (big blind) showed [6c 9h] and lost with a pair of Queens
Seat 2: xRauIx (button) (small blind) showed [Kd 2s] and won ($17.64) with a pair of Queens


PokerStars Hand #144290346592:  Hold'em Limit ($3/$6 USD) - 2015/11/23 19:08:12 ET
Table 'Euanthe' 2-max Seat #2 is the button
Seat 1: permafrost07 ($81.06 in chips)
Seat 2: xRauIx ($81.89 in chips)
xRauIx: posts small blind $1
permafrost07: posts big blind $3
*** HOLE CARDS ***
xRauIx: raises $3 to $6
permafrost07: raises $3 to $9
xRauIx: calls $3
*** FLOP *** [4h 8s Js]
permafrost07: bets $3
xRauIx: calls $3
*** TURN *** [4h 8s Js] [Th]
permafrost07: checks
xRauIx: checks
*** RIVER *** [4h 8s Js Th] [2d]
permafrost07: checks
xRauIx: checks
*** SHOW DOWN ***
permafrost07: shows [Ac 7s] (high card Ace)
xRauIx: mucks hand
permafrost07 collected $23.52 from pot
*** SUMMARY ***
Total pot $24 | Rake $0.48
Board [4h 8s Js Th 2d]
Seat 1: permafrost07 (big blind) showed [Ac 7s] and won ($23.52) with high card Ace
Seat 2: xRauIx (button) (small blind) mucked


PokerStars Hand #144290358401:  Hold'em Limit ($3/$6 USD) - 2015/11/23 19:08:31 ET
Table 'Euanthe' 2-max Seat #1 is the button
Seat 1: permafrost07 ($92.58 in chips)
Seat 2: xRauIx ($69.89 in chips)
permafrost07: posts small blind $1
xRauIx: posts big blind $3
*** HOLE CARDS ***
permafrost07: raises $3 to $6
xRauIx: folds
Uncalled bet ($3) returned to permafrost07
permafrost07 collected $6 from pot
permafrost07: doesn't show hand
*** SUMMARY ***
Total pot $6 | Rake $0
Seat 1: permafrost07 (button) (small blind) collected ($6)
Seat 2: xRauIx (big blind) folded before Flop


PokerStars Hand #144290362269:  Hold'em Limit ($3/$6 USD) - 2015/11/23 19:08:37 ET
Table 'Euanthe' 2-max Seat #2 is the button
Seat 1: permafrost07 ($95.58 in chips)
Seat 2: xRauIx ($66.89 in chips)
xRauIx: posts small blind $1
permafrost07: posts big blind $3
*** HOLE CARDS ***
xRauIx: raises $3 to $6
permafrost07: raises $3 to $9
xRauIx: calls $3
*** FLOP *** [Ks 7s 4c]
permafrost07: bets $3
xRauIx: calls $3
*** TURN *** [Ks 7s 4c] [6s]
permafrost07: bets $6
xRauIx: calls $6
*** RIVER *** [Ks 7s 4c 6s] [Jh]
permafrost07: checks
xRauIx: checks
*** SHOW DOWN ***
permafrost07: shows [5s Ah] (high card Ace)
xRauIx: shows [8c As] (high card Ace - King+Jack+Eight kicker)
xRauIx collected $35.50 from pot
*** SUMMARY ***
Total pot $36 | Rake $0.50
Board [Ks 7s 4c 6s Jh]
Seat 1: permafrost07 (big blind) showed [5s Ah] and lost with high card Ace
Seat 2: xRauIx (button) (small blind) showed [8c As] and won ($35.50) with high card Ace


PokerStars Hand #144290374932:  Hold'em Limit ($3/$6 USD) - 2015/11/23 19:08:57 ET
Table 'Euanthe' 2-max Seat #1 is the button
Seat 1: permafrost07 ($77.58 in chips)
Seat 2: xRauIx ($84.39 in chips)
permafrost07: posts small blind $1
xRauIx: posts big blind $3
*** HOLE CARDS ***
permafrost07: raises $3 to $6
xRauIx: raises $3 to $9
permafrost07: raises $3 to $12
Betting is capped
xRauIx: calls $3
*** FLOP *** [8h Ks 9c]
xRauIx: checks
permafrost07: checks
*** TURN *** [8h Ks 9c] [Ad]
xRauIx: checks
permafrost07: checks
*** RIVER *** [8h Ks 9c Ad] [Tc]
xRauIx: checks
permafrost07: bets $6
xRauIx: calls $6
*** SHOW DOWN ***
permafrost07: shows [2h 6h] (high card Ace)
xRauIx: shows [7h 7c] (a pair of Sevens)
xRauIx collected $35.50 from pot
*** SUMMARY ***
Total pot $36 | Rake $0.50
Board [8h Ks 9c Ad Tc]
Seat 1: permafrost07 (button) (small blind) showed [2h 6h] and lost with high card Ace
Seat 2: xRauIx (big blind) showed [7h 7c] and won ($35.50) with a pair of Sevens


PokerStars Hand #144290386897:  Hold'em Limit ($3/$6 USD) - 2015/11/23 19:09:16 ET
Table 'Euanthe' 2-max Seat #2 is the button
Seat 1: permafrost07 ($59.58 in chips)
Seat 2: xRauIx ($101.89 in chips)
xRauIx: posts small blind $1
permafrost07: posts big blind $3
*** HOLE CARDS ***
xRauIx: raises $3 to $6
permafrost07: calls $3
*** FLOP *** [2c Jc Ah]
permafrost07: checks
xRauIx: bets $3
permafrost07: folds
Uncalled bet ($3) returned to xRauIx
xRauIx collected $11.76 from pot
xRauIx: doesn't show hand
*** SUMMARY ***
Total pot $12 | Rake $0.24
Board [2c Jc Ah]
Seat 1: permafrost07 (big blind) folded on the Flop
Seat 2: xRauIx (button) (small blind) collected ($11.76)


PokerStars Hand #144290393321:  Hold'em Limit ($3/$6 USD) - 2015/11/23 19:09:26 ET
Table 'Euanthe' 2-max Seat #1 is the button
Seat 1: permafrost07 ($53.58 in chips)
Seat 2: xRauIx ($107.65 in chips)
permafrost07: posts small blind $1
xRauIx: posts big blind $3
*** HOLE CARDS ***
permafrost07: raises $3 to $6
xRauIx: calls $3
*** FLOP *** [4s Tc 3d]
xRauIx: checks
permafrost07: checks
*** TURN *** [4s Tc 3d] [4c]
xRauIx: bets $6
permafrost07: folds
Uncalled bet ($6) returned to xRauIx
xRauIx collected $11.76 from pot
xRauIx: doesn't show hand
*** SUMMARY ***
Total pot $12 | Rake $0.24
Board [4s Tc 3d 4c]
Seat 1: permafrost07 (button) (small blind) folded on the Turn
Seat 2: xRauIx (big blind) collected ($11.76)


PokerStars Hand #144290401243:  Hold'em Limit ($3/$6 USD) - 2015/11/23 19:09:38 ET
Table 'Euanthe' 2-max Seat #2 is the button
Seat 1: permafrost07 ($47.58 in chips)
Seat 2: xRauIx ($113.41 in chips)
xRauIx: posts small blind $1
permafrost07: posts big blind $3
*** HOLE CARDS ***
xRauIx: raises $3 to $6
permafrost07: calls $3
*** FLOP *** [8c 7s 6c]
permafrost07: bets $3
xRauIx: calls $3
*** TURN *** [8c 7s 6c] [Td]
permafrost07: checks
xRauIx: checks
*** RIVER *** [8c 7s 6c Td] [Qs]
permafrost07: checks
xRauIx: checks
*** SHOW DOWN ***
permafrost07: shows [4d Kh] (high card King)
xRauIx: shows [Ah 5c] (high card Ace)
xRauIx collected $17.64 from pot
*** SUMMARY ***
Total pot $18 | Rake $0.36
Board [8c 7s 6c Td Qs]
Seat 1: permafrost07 (big blind) showed [4d Kh] and lost with high card King
Seat 2: xRauIx (button) (small blind) showed [Ah 5c] and won ($17.64) with high card Ace


PokerStars Hand #144290415146:  Hold'em Limit ($3/$6 USD) - 2015/11/23 19:10:00 ET
Table 'Euanthe' 2-max Seat #2 is the button
Seat 1: permafrost07 ($41.58 in chips)
Seat 2: xRauIx ($119.05 in chips)
xRauIx: posts small blind $1
permafrost07: posts big blind $3
*** HOLE CARDS ***
xRauIx: raises $3 to $6
permafrost07: raises $3 to $9
xRauIx: calls $3
*** FLOP *** [As 8d 7d]
permafrost07: bets $3
xRauIx: folds
Uncalled bet ($3) returned to permafrost07
permafrost07 collected $17.64 from pot
permafrost07: doesn't show hand
*** SUMMARY ***
Total pot $18 | Rake $0.36
Board [As 8d 7d]
Seat 1: permafrost07 (big blind) collected ($17.64)
Seat 2: xRauIx (button) (small blind) folded on the Flop


PokerStars Hand #144290411296:  Hold'em Limit ($3/$6 USD) - 2015/11/23 19:09:54 ET
Table 'Euanthe' 2-max Seat #1 is the button
Seat 1: permafrost07 ($38.58 in chips)
Seat 2: xRauIx ($122.05 in chips)
permafrost07: posts small blind $1
xRauIx: posts big blind $3
*** HOLE CARDS ***
permafrost07: raises $3 to $6
xRauIx: folds
Uncalled bet ($3) returned to permafrost07
permafrost07 collected $6 from pot
permafrost07: doesn't show hand
*** SUMMARY ***
Total pot $6 | Rake $0
Seat 1: permafrost07 (button) (small blind) collected ($6)
Seat 2: xRauIx (big blind) folded before Flop


PokerStars Hand #144290439884:  Hold'em Limit ($3/$6 USD) - 2015/11/23 19:10:39 ET
Table 'Euanthe' 2-max Seat #2 is the button
Seat 1: permafrost07 ($14.22 in chips)
Seat 2: xRauIx ($145.55 in chips)
xRauIx: posts small blind $1
permafrost07: posts big blind $3
*** HOLE CARDS ***
xRauIx: folds
Uncalled bet ($2) returned to permafrost07
permafrost07 collected $2 from pot
permafrost07: doesn't show hand
*** SUMMARY ***
Total pot $2 | Rake $0
Seat 1: permafrost07 (big blind) collected ($2)
Seat 2: xRauIx (button) (small blind) folded before Flop


PokerStars Hand #144290424007:  Hold'em Limit ($3/$6 USD) - 2015/11/23 19:10:14 ET
Table 'Euanthe' 2-max Seat #1 is the button
Seat 1: permafrost07 ($50.22 in chips)
Seat 2: xRauIx ($110.05 in chips)
permafrost07: posts small blind $1
xRauIx: posts big blind $3
*** HOLE CARDS ***
permafrost07: raises $3 to $6
xRauIx: raises $3 to $9
permafrost07: raises $3 to $12
Betting is capped
xRauIx: calls $3
*** FLOP *** [9c Ad 4h]
xRauIx: bets $3
permafrost07: raises $3 to $6
xRauIx: calls $3
*** TURN *** [9c Ad 4h] [Qd]
xRauIx: checks
permafrost07: bets $6
xRauIx: raises $6 to $12
permafrost07: calls $6
*** RIVER *** [9c Ad 4h Qd] [As]
xRauIx: bets $6
permafrost07: calls $6
*** SHOW DOWN ***
xRauIx: shows [Qh Ah] (a full house, Aces full of Queens)
permafrost07: mucks hand
xRauIx collected $71.50 from pot
*** SUMMARY ***
Total pot $72 | Rake $0.50
Board [9c Ad 4h Qd As]
Seat 1: permafrost07 (button) (small blind) mucked
Seat 2: xRauIx (big blind) showed [Qh Ah] and won ($71.50) with a full house, Aces full of Queens


PokerStars Hand #144290444077:  Hold'em Limit ($3/$6 USD) - 2015/11/23 19:10:46 ET
Table 'Euanthe' 2-max Seat #1 is the button
Seat 1: permafrost07 ($15.22 in chips)
Seat 2: xRauIx ($144.55 in chips)
permafrost07: posts small blind $1
xRauIx: posts big blind $3
*** HOLE CARDS ***
permafrost07: calls $2
xRauIx: checks
*** FLOP *** [2d 6s 3s]
xRauIx: bets $3
permafrost07: raises $3 to $6
xRauIx: raises $3 to $9
permafrost07: raises $3 to $12
Betting is capped
xRauIx: calls $3
*** TURN *** [2d 6s 3s] [Ts]
xRauIx: bets $6
permafrost07: calls $0.22 and is all-in
Uncalled bet ($5.78) returned to xRauIx
*** RIVER *** [2d 6s 3s Ts] [2c]
*** SHOW DOWN ***
xRauIx: shows [3h 2s] (a full house, Deuces full of Threes)
permafrost07: shows [2h 4d] (three of a kind, Deuces)
xRauIx collected $29.94 from pot
*** SUMMARY ***
Total pot $30.44 | Rake $0.50
Board [2d 6s 3s Ts 2c]
Seat 1: permafrost07 (button) (small blind) showed [2h 4d] and lost with three of a kind, Deuces
Seat 2: xRauIx (big blind) showed [3h 2s] and won ($29.94) with a full house, Deuces full of Threes


