PokerStars Hand #152575289098:  Hold'em Limit ($3/$6 USD) - 2016/04/28 15:13:09 ET
Table 'Euanthe II' 6-max Seat #3 is the button
Seat 3: AllandAllAA ($85.33 in chips)
Seat 4: MTails ($72.76 in chips)
AllandAllAA: posts small blind $1
MTails: posts big blind $3
*** HOLE CARDS ***
AllandAllAA: folds
Uncalled bet ($2) returned to MTails
MTails collected $2 from pot
*** SUMMARY ***
Total pot $2 | Rake $0
Seat 3: AllandAllAA (button) (small blind) folded before Flop
Seat 4: MTails (big blind) collected ($2)


PokerStars Hand #152575278781:  Hold'em Limit ($3/$6 USD) - 2016/04/28 15:12:58 ET
Table 'Euanthe II' 6-max Seat #4 is the button
Seat 3: AllandAllAA ($91.33 in chips)
Seat 4: MTails ($67 in chips)
MTails: posts small blind $1
AllandAllAA: posts big blind $3
*** HOLE CARDS ***
MTails: raises $3 to $6
AllandAllAA: calls $3
*** FLOP *** [Jh Tc 8h]
AllandAllAA: checks
MTails: bets $3
AllandAllAA: folds
Uncalled bet ($3) returned to MTails
MTails collected $11.76 from pot
*** SUMMARY ***
Total pot $12 | Rake $0.24
Board [Jh Tc 8h]
Seat 3: AllandAllAA (big blind) folded on the Flop
Seat 4: MTails (button) (small blind) collected ($11.76)


PokerStars Hand #152575274825:  Hold'em Limit ($3/$6 USD) - 2016/04/28 15:12:54 ET
Table 'Euanthe II' 6-max Seat #3 is the button
Seat 3: AllandAllAA ($92.33 in chips)
Seat 4: MTails ($66 in chips)
AllandAllAA: posts small blind $1
MTails: posts big blind $3
*** HOLE CARDS ***
AllandAllAA: folds
Uncalled bet ($2) returned to MTails
MTails collected $2 from pot
*** SUMMARY ***
Total pot $2 | Rake $0
Seat 3: AllandAllAA (button) (small blind) folded before Flop
Seat 4: MTails (big blind) collected ($2)


PokerStars Hand #152575260473:  Hold'em Limit ($3/$6 USD) - 2016/04/28 15:12:38 ET
Table 'Euanthe II' 6-max Seat #4 is the button
Seat 3: AllandAllAA ($83.69 in chips)
Seat 4: MTails ($75 in chips)
MTails: posts small blind $1
AllandAllAA: posts big blind $3
*** HOLE CARDS ***
MTails: raises $3 to $6
AllandAllAA: calls $3
*** FLOP *** [Jh 2d 3s]
AllandAllAA: checks
MTails: bets $3
AllandAllAA: raises $3 to $6
MTails: folds
Uncalled bet ($3) returned to AllandAllAA
AllandAllAA collected $17.64 from pot
AllandAllAA: doesn't show hand
*** SUMMARY ***
Total pot $18 | Rake $0.36
Board [Jh 2d 3s]
Seat 3: AllandAllAA (big blind) collected ($17.64)
Seat 4: MTails (button) (small blind) folded on the Flop


PokerStars Hand #152575293101:  Hold'em Limit ($3/$6 USD) - 2016/04/28 15:13:13 ET
Table 'Euanthe II' 6-max Seat #4 is the button
Seat 3: AllandAllAA ($84.33 in chips)
Seat 4: MTails ($73.76 in chips)
MTails: posts small blind $1
AllandAllAA: posts big blind $3
*** HOLE CARDS ***
MTails: raises $3 to $6
AllandAllAA: calls $3
*** FLOP *** [3s Qs Th]
AllandAllAA: checks
MTails: bets $3
AllandAllAA: calls $3
*** TURN *** [3s Qs Th] [Ac]
AllandAllAA: checks
MTails: bets $6
AllandAllAA: folds
Uncalled bet ($6) returned to MTails
MTails collected $17.64 from pot
*** SUMMARY ***
Total pot $18 | Rake $0.36
Board [3s Qs Th Ac]
Seat 3: AllandAllAA (big blind) folded on the Turn
Seat 4: MTails (button) (small blind) collected ($17.64)


PokerStars Hand #152575328706:  Hold'em Limit ($3/$6 USD) - 2016/04/28 15:13:51 ET
Table 'Euanthe II' 6-max Seat #3 is the button
Seat 3: AllandAllAA ($74.97 in chips)
Seat 4: MTails ($82.04 in chips)
AllandAllAA: posts small blind $1
MTails: posts big blind $3
*** HOLE CARDS ***
AllandAllAA: raises $3 to $6
MTails: raises $3 to $9
AllandAllAA: calls $3
*** FLOP *** [2c 6c Qc]
MTails: bets $3
AllandAllAA: raises $3 to $6
MTails: calls $3
*** TURN *** [2c 6c Qc] [6h]
MTails: checks
AllandAllAA: bets $6
MTails: raises $6 to $12
AllandAllAA: raises $6 to $18
MTails: folds
Uncalled bet ($6) returned to AllandAllAA
AllandAllAA collected $53.50 from pot
AllandAllAA: doesn't show hand
*** SUMMARY ***
Total pot $54 | Rake $0.50
Board [2c 6c Qc 6h]
Seat 3: AllandAllAA (button) (small blind) collected ($53.50)
Seat 4: MTails (big blind) folded on the Turn


PokerStars Hand #152575317404:  Hold'em Limit ($3/$6 USD) - 2016/04/28 15:13:39 ET
Table 'Euanthe II' 6-max Seat #4 is the button
Seat 3: AllandAllAA ($83.97 in chips)
Seat 4: MTails ($73.40 in chips)
MTails: posts small blind $1
AllandAllAA: posts big blind $3
*** HOLE CARDS ***
MTails: raises $3 to $6
AllandAllAA: calls $3
*** FLOP *** [4h 6s 4s]
AllandAllAA: checks
MTails: bets $3
AllandAllAA: calls $3
*** TURN *** [4h 6s 4s] [8h]
AllandAllAA: checks
MTails: checks
*** RIVER *** [4h 6s 4s 8h] [9d]
Ale4o joins the table at seat #5
AllandAllAA: checks
MTails: checks
*** SHOW DOWN ***
AllandAllAA: shows [3s 7d] (a pair of Fours)
MTails: shows [Kd Qd] (a pair of Fours - King kicker)
MTails collected $17.64 from pot
*** SUMMARY ***
Total pot $18 | Rake $0.36
Board [4h 6s 4s 8h 9d]
Seat 3: AllandAllAA (big blind) showed [3s 7d] and lost with a pair of Fours
Seat 4: MTails (button) (small blind) showed [Kd Qd] and won ($17.64) with a pair of Fours


PokerStars Hand #152575304960:  Hold'em Limit ($3/$6 USD) - 2016/04/28 15:13:26 ET
Table 'Euanthe II' 6-max Seat #3 is the button
Seat 3: AllandAllAA ($75.33 in chips)
Seat 4: MTails ($82.40 in chips)
AllandAllAA: posts small blind $1
MTails: posts big blind $3
*** HOLE CARDS ***
AllandAllAA: calls $2
MTails: raises $3 to $6
AllandAllAA: calls $3
*** FLOP *** [Kh 9h 3d]
MTails: bets $3
AllandAllAA: calls $3
*** TURN *** [Kh 9h 3d] [6d]
MTails: checks
AllandAllAA: bets $6
MTails: folds
Uncalled bet ($6) returned to AllandAllAA
AllandAllAA collected $17.64 from pot
AllandAllAA: doesn't show hand
*** SUMMARY ***
Total pot $18 | Rake $0.36
Board [Kh 9h 3d 6d]
Seat 3: AllandAllAA (button) (small blind) collected ($17.64)
Seat 4: MTails (big blind) folded on the Turn


PokerStars Hand #152575437203:  Hold'em Limit ($3/$6 USD) - 2016/04/28 15:15:46 ET
Table 'Euanthe II' 6-max Seat #4 is the button
Seat 4: golas 1 ($120 in chips)
Seat 6: Chessnok ($92 in chips)
golas 1: posts small blind $1
Chessnok: posts big blind $3
*** HOLE CARDS ***
golas 1: folds
Uncalled bet ($2) returned to Chessnok
Chessnok collected $2 from pot
Chessnok: doesn't show hand
*** SUMMARY ***
Total pot $2 | Rake $0
Seat 4: golas 1 (button) (small blind) folded before Flop
Seat 6: Chessnok (big blind) collected ($2)


PokerStars Hand #152575403821:  Hold'em Limit ($3/$6 USD) - 2016/04/28 15:15:11 ET
Table 'Euanthe II' 6-max Seat #6 is the button
Seat 1: golas 1 ($122.50 in chips)
Seat 6: Chessnok ($101 in chips)
Chessnok: posts small blind $1
golas 1: posts big blind $3
*** HOLE CARDS ***
Chessnok: raises $3 to $6
golas 1: raises $3 to $9
Chessnok: calls $3
*** FLOP *** [Qc 3h Qd]
golas 1: bets $3
Chessnok: folds
Uncalled bet ($3) returned to golas 1
golas 1 collected $17.64 from pot
golas 1: doesn't show hand
*** SUMMARY ***
Total pot $18 | Rake $0.36
Board [Qc 3h Qd]
Seat 1: golas 1 (big blind) collected ($17.64)
Seat 6: Chessnok (button) (small blind) folded on the Flop


PokerStars Hand #152575457352:  Hold'em Limit ($3/$6 USD) - 2016/04/28 15:16:08 ET
Table 'Euanthe II' 6-max Seat #4 is the button
Seat 4: golas 1 ($104 in chips)
Seat 6: Chessnok ($107.50 in chips)
golas 1: posts small blind $1
Chessnok: posts big blind $3
*** HOLE CARDS ***
golas 1: folds
Uncalled bet ($2) returned to Chessnok
Chessnok collected $2 from pot
Chessnok: doesn't show hand
*** SUMMARY ***
Total pot $2 | Rake $0
Seat 4: golas 1 (button) (small blind) folded before Flop
Seat 6: Chessnok (big blind) collected ($2)


PokerStars Hand #152575443098:  Hold'em Limit ($3/$6 USD) - 2016/04/28 15:15:53 ET
Table 'Euanthe II' 6-max Seat #6 is the button
Seat 4: golas 1 ($119 in chips)
Seat 6: Chessnok ($93 in chips)
Chessnok: posts small blind $1
golas 1: posts big blind $3
*** HOLE CARDS ***
Chessnok: raises $3 to $6
golas 1: calls $3
*** FLOP *** [Kc 2s Td]
golas 1: checks
Chessnok: bets $3
golas 1: calls $3
*** TURN *** [Kc 2s Td] [4h]
golas 1: checks
Chessnok: bets $6
golas 1: calls $6
*** RIVER *** [Kc 2s Td 4h] [6c]
golas 1: checks
Chessnok: bets $6
golas 1: folds
Uncalled bet ($6) returned to Chessnok
Chessnok collected $29.50 from pot
Chessnok: doesn't show hand
*** SUMMARY ***
Total pot $30 | Rake $0.50
Board [Kc 2s Td 4h 6c]
Seat 4: golas 1 (big blind) folded on the River
Seat 6: Chessnok (button) (small blind) collected ($29.50)


PokerStars Hand #152575461551:  Hold'em Limit ($3/$6 USD) - 2016/04/28 15:16:13 ET
Table 'Euanthe II' 6-max Seat #6 is the button
Seat 4: golas 1 ($103 in chips)
Seat 6: Chessnok ($108.50 in chips)
Chessnok: posts small blind $1
golas 1: posts big blind $3
*** HOLE CARDS ***
Chessnok: folds
Uncalled bet ($2) returned to golas 1
golas 1 collected $2 from pot
golas 1: doesn't show hand
*** SUMMARY ***
Total pot $2 | Rake $0
Seat 4: golas 1 (big blind) collected ($2)
Seat 6: Chessnok (button) (small blind) folded before Flop


PokerStars Hand #152575478657:  Hold'em Limit ($3/$6 USD) - 2016/04/28 15:16:31 ET
Table 'Euanthe II' 6-max Seat #6 is the button
Seat 4: golas 1 ($130.50 in chips)
Seat 6: Chessnok ($80.50 in chips)
Chessnok: posts small blind $1
golas 1: posts big blind $3
*** HOLE CARDS ***
Chessnok: raises $3 to $6
golas 1: calls $3
*** FLOP *** [Ah Ad 6d]
golas 1: checks
Chessnok: bets $3
golas 1: raises $3 to $6
Chessnok: calls $3
*** TURN *** [Ah Ad 6d] [2h]
golas 1: bets $6
Chessnok: calls $6
*** RIVER *** [Ah Ad 6d 2h] [Kd]
golas 1: bets $6
Chessnok: calls $6
*** SHOW DOWN ***
golas 1: shows [4d 7d] (a flush, Ace high)
Chessnok: mucks hand
golas 1 collected $47.50 from pot
*** SUMMARY ***
Total pot $48 | Rake $0.50
Board [Ah Ad 6d 2h Kd]
Seat 4: golas 1 (big blind) showed [4d 7d] and won ($47.50) with a flush, Ace high
Seat 6: Chessnok (button) (small blind) mucked


PokerStars Hand #152575465519:  Hold'em Limit ($3/$6 USD) - 2016/04/28 15:16:17 ET
Table 'Euanthe II' 6-max Seat #4 is the button
Seat 4: golas 1 ($104 in chips)
Seat 6: Chessnok ($107.50 in chips)
golas 1: posts small blind $1
Chessnok: posts big blind $3
*** HOLE CARDS ***
golas 1: calls $2
Chessnok: raises $3 to $6
golas 1: calls $3
*** FLOP *** [Ts 4h 2h]
Chessnok: bets $3
golas 1: calls $3
*** TURN *** [Ts 4h 2h] [5s]
Chessnok: bets $6
golas 1: calls $6
*** RIVER *** [Ts 4h 2h 5s] [6s]
Chessnok: bets $6
golas 1: raises $6 to $12
Chessnok: calls $6
*** SHOW DOWN ***
golas 1: shows [2s 7s] (a flush, Ten high)
Chessnok: mucks hand
golas 1 collected $53.50 from pot
*** SUMMARY ***
Total pot $54 | Rake $0.50
Board [Ts 4h 2h 5s 6s]
Seat 4: golas 1 (button) (small blind) showed [2s 7s] and won ($53.50) with a flush, Ten high
Seat 6: Chessnok (big blind) mucked


PokerStars Hand #152575503560:  Hold'em Limit ($3/$6 USD) - 2016/04/28 15:16:57 ET
Table 'Euanthe II' 6-max Seat #4 is the button
Seat 4: golas 1 ($154 in chips)
Seat 6: Chessnok ($60 in chips)
golas 1: posts small blind $1
Chessnok: posts big blind $3
*** HOLE CARDS ***
golas 1: calls $2
Chessnok: raises $3 to $6
golas 1: calls $3
*** FLOP *** [2d 6h 9s]
Chessnok: bets $3
golas 1: calls $3
*** TURN *** [2d 6h 9s] [4h]
Chessnok: bets $6
golas 1: calls $6
*** RIVER *** [2d 6h 9s 4h] [Qs]
Chessnok: checks
golas 1: bets $6
Chessnok: folds
Uncalled bet ($6) returned to golas 1
golas 1 collected $29.50 from pot
golas 1: doesn't show hand
*** SUMMARY ***
Total pot $30 | Rake $0.50
Board [2d 6h 9s 4h Qs]
Seat 4: golas 1 (button) (small blind) collected ($29.50)
Seat 6: Chessnok (big blind) folded on the River


PokerStars Hand #152575525203:  Hold'em Limit ($3/$6 USD) - 2016/04/28 15:17:21 ET
Table 'Euanthe II' 6-max Seat #6 is the button
Seat 4: golas 1 ($168.50 in chips)
Seat 6: Chessnok ($60 in chips)
Chessnok: posts small blind $1
golas 1: posts big blind $3
*** HOLE CARDS ***
Chessnok: raises $3 to $6
golas 1: folds
Uncalled bet ($3) returned to Chessnok
Chessnok collected $6 from pot
Chessnok: doesn't show hand
*** SUMMARY ***
Total pot $6 | Rake $0
Seat 4: golas 1 (big blind) folded before Flop
Seat 6: Chessnok (button) (small blind) collected ($6)


