PokerStars Hand #147632478682:  Hold'em Limit ($3/$6 USD) - 2016/01/24 21:35:09 ET
Table 'Euanthe III' 2-max Seat #1 is the button
Seat 1: kotimabe ($33 in chips)
Seat 2: oklaha ($45.40 in chips)
kotimabe: posts small blind $1
oklaha: posts big blind $3
*** HOLE CARDS ***
kotimabe: raises $3 to $6
oklaha: raises $3 to $9
kotimabe: raises $3 to $12
Betting is capped
oklaha: calls $3
*** FLOP *** [As 9h 2c]
oklaha: bets $3
kotimabe: raises $3 to $6
oklaha: calls $3
*** TURN *** [As 9h 2c] [9d]
oklaha: bets $6
kotimabe: raises $6 to $12
oklaha: calls $6
*** RIVER *** [As 9h 2c 9d] [Tc]
oklaha: bets $6
kotimabe: calls $3 and is all-in
Uncalled bet ($3) returned to oklaha
*** SHOW DOWN ***
oklaha: shows [Ac 5h] (two pair, Aces and Nines)
kotimabe: shows [6c Qc] (a pair of Nines)
oklaha collected $65.50 from pot
oklaha leaves the table
*** SUMMARY ***
Total pot $66 | Rake $0.50
Board [As 9h 2c 9d Tc]
Seat 1: kotimabe (button) (small blind) showed [6c Qc] and lost with a pair of Nines
Seat 2: oklaha (big blind) showed [Ac 5h] and won ($65.50) with two pair, Aces and Nines


PokerStars Hand #147632475668:  Hold'em Limit ($3/$6 USD) - 2016/01/24 21:35:02 ET
Table 'Euanthe III' 2-max Seat #2 is the button
Seat 1: kotimabe ($36 in chips)
Seat 2: oklaha ($42.40 in chips)
oklaha: posts small blind $1
kotimabe: posts big blind $3
*** HOLE CARDS ***
oklaha: raises $3 to $6
kotimabe: folds
Uncalled bet ($3) returned to oklaha
oklaha collected $6 from pot
oklaha: doesn't show hand
*** SUMMARY ***
Total pot $6 | Rake $0
Seat 1: kotimabe (big blind) folded before Flop
Seat 2: oklaha (button) (small blind) collected ($6)


PokerStars Hand #147632473231:  Hold'em Limit ($3/$6 USD) - 2016/01/24 21:34:56 ET
Table 'Euanthe III' 2-max Seat #1 is the button
Seat 1: kotimabe ($37 in chips)
Seat 2: oklaha ($41.40 in chips)
kotimabe: posts small blind $1
oklaha: posts big blind $3
*** HOLE CARDS ***
kotimabe: folds
Uncalled bet ($2) returned to oklaha
oklaha collected $2 from pot
oklaha: doesn't show hand
*** SUMMARY ***
Total pot $2 | Rake $0
Seat 1: kotimabe (button) (small blind) folded before Flop
Seat 2: oklaha (big blind) collected ($2)


