PokerStars Hand #172801805240:  Hold'em Limit ($3/$6 USD) - 2017/07/09 9:07:02 ET
Table 'Euanthe' 6-max Seat #4 is the button
Seat 4: Anchig ($120 in chips)
Seat 5: juustmuckit1 ($56 in chips)
Anchig: posts small blind $1
juustmuckit1: posts big blind $3
*** HOLE CARDS ***
Anchig: raises $3 to $6
juustmuckit1: calls $3
*** FLOP *** [5s Ah Qd]
juustmuckit1: checks
Anchig: bets $3
juustmuckit1: folds
Uncalled bet ($3) returned to Anchig
Anchig collected $11.76 from pot
Anchig: doesn't show hand
*** SUMMARY ***
Total pot $12 | Rake $0.24
Board [5s Ah Qd]
Seat 4: Anchig (button) (small blind) collected ($11.76)
Seat 5: juustmuckit1 (big blind) folded on the Flop


PokerStars Hand #172801822672:  Hold'em Limit ($3/$6 USD) - 2017/07/09 9:07:32 ET
Table 'Euanthe' 6-max Seat #5 is the button
Seat 4: Anchig ($117.76 in chips)
Seat 5: juustmuckit1 ($57.64 in chips)
juustmuckit1: posts small blind $1
Anchig: posts big blind $3
*** HOLE CARDS ***
juustmuckit1: raises $3 to $6
Anchig: folds
Uncalled bet ($3) returned to juustmuckit1
juustmuckit1 collected $6 from pot
juustmuckit1: doesn't show hand
*** SUMMARY ***
Total pot $6 | Rake $0
Seat 4: Anchig (big blind) folded before Flop
Seat 5: juustmuckit1 (button) (small blind) collected ($6)


PokerStars Hand #172801815490:  Hold'em Limit ($3/$6 USD) - 2017/07/09 9:07:19 ET
Table 'Euanthe' 6-max Seat #4 is the button
Seat 4: Anchig ($126.76 in chips)
Seat 5: juustmuckit1 ($49 in chips)
Anchig: posts small blind $1
juustmuckit1: posts big blind $3
*** HOLE CARDS ***
Anchig: raises $3 to $6
juustmuckit1: calls $3
*** FLOP *** [7s 2h 5c]
juustmuckit1: checks
Anchig: bets $3
juustmuckit1: raises $3 to $6
Anchig: folds
Uncalled bet ($3) returned to juustmuckit1
juustmuckit1 collected $17.64 from pot
*** SUMMARY ***
Total pot $18 | Rake $0.36
Board [7s 2h 5c]
Seat 4: Anchig (button) (small blind) folded on the Flop
Seat 5: juustmuckit1 (big blind) collected ($17.64)


PokerStars Hand #172801825905:  Hold'em Limit ($3/$6 USD) - 2017/07/09 9:07:37 ET
Table 'Euanthe' 6-max Seat #4 is the button
Seat 4: Anchig ($114.76 in chips)
Seat 5: juustmuckit1 ($60.64 in chips)
Anchig: posts small blind $1
juustmuckit1: posts big blind $3
*** HOLE CARDS ***
Anchig: raises $3 to $6
juustmuckit1: calls $3
*** FLOP *** [Qs 6h 6c]
juustmuckit1: checks
Anchig: bets $3
juustmuckit1: raises $3 to $6
Anchig: raises $3 to $9
juustmuckit1: raises $3 to $12
Betting is capped
Anchig: folds
Uncalled bet ($3) returned to juustmuckit1
juustmuckit1 collected $29.50 from pot
juustmuckit1: doesn't show hand
*** SUMMARY ***
Total pot $30 | Rake $0.50
Board [Qs 6h 6c]
Seat 4: Anchig (button) (small blind) folded on the Flop
Seat 5: juustmuckit1 (big blind) collected ($29.50)


PokerStars Hand #172801836573:  Hold'em Limit ($3/$6 USD) - 2017/07/09 9:07:56 ET
Table 'Euanthe' 6-max Seat #5 is the button
Seat 4: Anchig ($99.76 in chips)
Seat 5: juustmuckit1 ($75.14 in chips)
juustmuckit1: posts small blind $1
Anchig: posts big blind $3
*** HOLE CARDS ***
juustmuckit1: raises $3 to $6
Anchig: folds
Uncalled bet ($3) returned to juustmuckit1
juustmuckit1 collected $6 from pot
juustmuckit1: doesn't show hand
*** SUMMARY ***
Total pot $6 | Rake $0
Seat 4: Anchig (big blind) folded before Flop
Seat 5: juustmuckit1 (button) (small blind) collected ($6)


PokerStars Hand #172801847793:  Hold'em Limit ($3/$6 USD) - 2017/07/09 9:08:15 ET
Table 'Euanthe' 6-max Seat #5 is the button
Seat 4: Anchig ($87.76 in chips)
Seat 5: juustmuckit1 ($86.78 in chips)
juustmuckit1: posts small blind $1
Anchig: posts big blind $3
*** HOLE CARDS ***
juustmuckit1: folds
Uncalled bet ($2) returned to Anchig
Anchig collected $2 from pot
Anchig: doesn't show hand
*** SUMMARY ***
Total pot $2 | Rake $0
Seat 4: Anchig (big blind) collected ($2)
Seat 5: juustmuckit1 (button) (small blind) folded before Flop


PokerStars Hand #172801839537:  Hold'em Limit ($3/$6 USD) - 2017/07/09 9:08:01 ET
Table 'Euanthe' 6-max Seat #4 is the button
Seat 4: Anchig ($96.76 in chips)
Seat 5: juustmuckit1 ($78.14 in chips)
Anchig: posts small blind $1
juustmuckit1: posts big blind $3
*** HOLE CARDS ***
Anchig: raises $3 to $6
juustmuckit1: calls $3
*** FLOP *** [9s Kd 8c]
juustmuckit1: checks
Anchig: bets $3
juustmuckit1: calls $3
*** TURN *** [9s Kd 8c] [Td]
juustmuckit1: checks
Anchig: checks
*** RIVER *** [9s Kd 8c Td] [Jh]
juustmuckit1: bets $6
Anchig: folds
Uncalled bet ($6) returned to juustmuckit1
juustmuckit1 collected $17.64 from pot
*** SUMMARY ***
Total pot $18 | Rake $0.36
Board [9s Kd 8c Td Jh]
Seat 4: Anchig (button) (small blind) folded on the River
Seat 5: juustmuckit1 (big blind) collected ($17.64)


PokerStars Hand #172801850635:  Hold'em Limit ($3/$6 USD) - 2017/07/09 9:08:20 ET
Table 'Euanthe' 6-max Seat #4 is the button
Seat 4: Anchig ($88.76 in chips)
Seat 5: juustmuckit1 ($85.78 in chips)
Anchig: posts small blind $1
juustmuckit1: posts big blind $3
*** HOLE CARDS ***
Anchig: raises $3 to $6
juustmuckit1: calls $3
*** FLOP *** [Ts 8s Tc]
juustmuckit1: checks
Anchig: bets $3
juustmuckit1: raises $3 to $6
Anchig: calls $3
*** TURN *** [Ts 8s Tc] [Jc]
juustmuckit1: bets $6
Anchig: calls $6
*** RIVER *** [Ts 8s Tc Jc] [Jh]
juustmuckit1: checks
Anchig: bets $6
juustmuckit1: calls $6
*** SHOW DOWN ***
Anchig: shows [9c 5c] (two pair, Jacks and Tens)
juustmuckit1: shows [8d Ad] (two pair, Jacks and Tens - Ace kicker)
juustmuckit1 collected $47.50 from pot
*** SUMMARY ***
Total pot $48 | Rake $0.50
Board [Ts 8s Tc Jc Jh]
Seat 4: Anchig (button) (small blind) showed [9c 5c] and lost with two pair, Jacks and Tens
Seat 5: juustmuckit1 (big blind) showed [8d Ad] and won ($47.50) with two pair, Jacks and Tens


PokerStars Hand #172801865711:  Hold'em Limit ($3/$6 USD) - 2017/07/09 9:08:46 ET
Table 'Euanthe' 6-max Seat #5 is the button
Seat 4: Anchig ($64.76 in chips)
Seat 5: juustmuckit1 ($109.28 in chips)
juustmuckit1: posts small blind $1
Anchig: posts big blind $3
*** HOLE CARDS ***
juustmuckit1: folds
Uncalled bet ($2) returned to Anchig
Anchig collected $2 from pot
Anchig: doesn't show hand
*** SUMMARY ***
Total pot $2 | Rake $0
Seat 4: Anchig (big blind) collected ($2)
Seat 5: juustmuckit1 (button) (small blind) folded before Flop


PokerStars Hand #172801870400:  Hold'em Limit ($3/$6 USD) - 2017/07/09 9:08:54 ET
Table 'Euanthe' 6-max Seat #4 is the button
Seat 4: Anchig ($65.76 in chips)
Seat 5: juustmuckit1 ($108.28 in chips)
Anchig: posts small blind $1
juustmuckit1: posts big blind $3
*** HOLE CARDS ***
Anchig: raises $3 to $6
juustmuckit1: folds
Uncalled bet ($3) returned to Anchig
Anchig collected $6 from pot
Anchig: doesn't show hand
*** SUMMARY ***
Total pot $6 | Rake $0
Seat 4: Anchig (button) (small blind) collected ($6)
Seat 5: juustmuckit1 (big blind) folded before Flop


PokerStars Hand #172801886912:  Hold'em Limit ($3/$6 USD) - 2017/07/09 9:09:22 ET
Table 'Euanthe' 6-max Seat #4 is the button
Seat 4: Anchig ($47.76 in chips)
Seat 5: juustmuckit1 ($125.78 in chips)
Anchig: posts small blind $1
juustmuckit1: posts big blind $3
*** HOLE CARDS ***
Anchig: raises $3 to $6
juustmuckit1: calls $3
*** FLOP *** [Js 6s Ah]
juustmuckit1: checks
Anchig: bets $3
juustmuckit1: raises $3 to $6
masterblstr8 joins the table at seat #6
Anchig: calls $3
*** TURN *** [Js 6s Ah] [2h]
juustmuckit1: bets $6
Anchig: calls $6
*** RIVER *** [Js 6s Ah 2h] [2c]
juustmuckit1: bets $6
Anchig: calls $6
*** SHOW DOWN ***
juustmuckit1: shows [As 8c] (two pair, Aces and Deuces)
Anchig: mucks hand
juustmuckit1 collected $47.50 from pot
*** SUMMARY ***
Total pot $48 | Rake $0.50
Board [Js 6s Ah 2h 2c]
Seat 4: Anchig (button) (small blind) mucked
Seat 5: juustmuckit1 (big blind) showed [As 8c] and won ($47.50) with two pair, Aces and Deuces


PokerStars Hand #172801897432:  Hold'em Limit ($3/$6 USD) - 2017/07/09 9:09:41 ET
Table 'Euanthe' 6-max Seat #5 is the button
Seat 4: Anchig ($23.76 in chips)
Seat 5: juustmuckit1 ($149.28 in chips)
juustmuckit1: posts small blind $1
Anchig: posts big blind $3
*** HOLE CARDS ***
juustmuckit1: raises $3 to $6
Anchig: folds
Uncalled bet ($3) returned to juustmuckit1
juustmuckit1 collected $6 from pot
*** SUMMARY ***
Total pot $6 | Rake $0
Seat 4: Anchig (big blind) folded before Flop
Seat 5: juustmuckit1 (button) (small blind) collected ($6)


PokerStars Hand #172801903244:  Hold'em Limit ($3/$6 USD) - 2017/07/09 9:09:51 ET
Table 'Euanthe' 6-max Seat #4 is the button
Seat 4: Anchig ($20.76 in chips)
Seat 5: juustmuckit1 ($152.28 in chips)
Anchig: posts small blind $1
juustmuckit1: posts big blind $3
*** HOLE CARDS ***
Anchig: raises $3 to $6
juustmuckit1: calls $3
*** FLOP *** [5h 2s Td]
juustmuckit1: checks
Anchig: bets $3
juustmuckit1: calls $3
*** TURN *** [5h 2s Td] [2d]
juustmuckit1: checks
Anchig: bets $6
juustmuckit1: folds
Uncalled bet ($6) returned to Anchig
Anchig collected $17.64 from pot
Anchig: doesn't show hand
*** SUMMARY ***
Total pot $18 | Rake $0.36
Board [5h 2s Td 2d]
Seat 4: Anchig (button) (small blind) collected ($17.64)
Seat 5: juustmuckit1 (big blind) folded on the Turn


PokerStars Hand #172801876050:  Hold'em Limit ($3/$6 USD) - 2017/07/09 9:09:04 ET
Table 'Euanthe' 6-max Seat #5 is the button
Seat 4: Anchig ($68.76 in chips)
Seat 5: juustmuckit1 ($105.28 in chips)
juustmuckit1: posts small blind $1
Anchig: posts big blind $3
*** HOLE CARDS ***
juustmuckit1: raises $3 to $6
Anchig: raises $3 to $9
juustmuckit1: calls $3
*** FLOP *** [3h 3s 8h]
Anchig: bets $3
juustmuckit1: raises $3 to $6
Anchig: calls $3
*** TURN *** [3h 3s 8h] [7h]
Anchig: checks
juustmuckit1: bets $6
Anchig: calls $6
*** RIVER *** [3h 3s 8h 7h] [6c]
Anchig: checks
juustmuckit1: checks
*** SHOW DOWN ***
Anchig: shows [As Ks] (a pair of Threes)
juustmuckit1: shows [8d Ah] (two pair, Eights and Threes)
juustmuckit1 collected $41.50 from pot
*** SUMMARY ***
Total pot $42 | Rake $0.50
Board [3h 3s 8h 7h 6c]
Seat 4: Anchig (big blind) showed [As Ks] and lost with a pair of Threes
Seat 5: juustmuckit1 (button) (small blind) showed [8d Ah] and won ($41.50) with two pair, Eights and Threes


PokerStars Hand #172801916401:  Hold'em Limit ($3/$6 USD) - 2017/07/09 9:10:13 ET
Table 'Euanthe' 6-max Seat #5 is the button
Seat 4: Anchig ($29.40 in chips)
Seat 5: juustmuckit1 ($143.28 in chips)
juustmuckit1: posts small blind $1
Anchig: posts big blind $3
*** HOLE CARDS ***
juustmuckit1: raises $3 to $6
Anchig: calls $3
*** FLOP *** [7s 8s Ks]
Anchig: checks
juustmuckit1: bets $3
Anchig: raises $3 to $6
juustmuckit1: raises $3 to $9
Anchig: calls $3
*** TURN *** [7s 8s Ks] [Jc]
Anchig: checks
juustmuckit1: bets $6
Anchig: calls $6
*** RIVER *** [7s 8s Ks Jc] [5h]
Anchig: checks
juustmuckit1: bets $6
Anchig: calls $6
*** SHOW DOWN ***
juustmuckit1: shows [7h 8h] (two pair, Eights and Sevens)
Anchig: mucks hand
juustmuckit1 collected $53.50 from pot
*** SUMMARY ***
Total pot $54 | Rake $0.50
Board [7s 8s Ks Jc 5h]
Seat 4: Anchig (big blind) mucked
Seat 5: juustmuckit1 (button) (small blind) showed [7h 8h] and won ($53.50) with two pair, Eights and Sevens


PokerStars Hand #172801942101:  Hold'em Limit ($3/$6 USD) - 2017/07/09 9:10:58 ET
Table 'Euanthe' 6-max Seat #4 is the button
Seat 4: Anchig ($62.40 in chips)
Seat 5: juustmuckit1 ($169.78 in chips)
Anchig: posts small blind $1
juustmuckit1: posts big blind $3
*** HOLE CARDS ***
Anchig: raises $3 to $6
juustmuckit1: calls $3
*** FLOP *** [Ks Ac 9s]
juustmuckit1: checks
Anchig: bets $3
juustmuckit1: folds
Uncalled bet ($3) returned to Anchig
Anchig collected $11.76 from pot
Anchig: doesn't show hand
*** SUMMARY ***
Total pot $12 | Rake $0.24
Board [Ks Ac 9s]
Seat 4: Anchig (button) (small blind) collected ($11.76)
Seat 5: juustmuckit1 (big blind) folded on the Flop


PokerStars Hand #172801954992:  Hold'em Limit ($3/$6 USD) - 2017/07/09 9:11:20 ET
Table 'Euanthe' 6-max Seat #5 is the button
Seat 4: Anchig ($68.16 in chips)
Seat 5: juustmuckit1 ($163.78 in chips)
juustmuckit1: posts small blind $1
Anchig: posts big blind $3
*** HOLE CARDS ***
juustmuckit1: raises $3 to $6
Glaucon joins the table at seat #3
SLK500 joins the table at seat #2
Anchig: folds
Uncalled bet ($3) returned to juustmuckit1
juustmuckit1 collected $6 from pot
*** SUMMARY ***
Total pot $6 | Rake $0
Seat 4: Anchig (big blind) folded before Flop
Seat 5: juustmuckit1 (button) (small blind) collected ($6)


PokerStars Hand #172801970665:  Hold'em Limit ($3/$6 USD) - 2017/07/09 9:11:47 ET
Table 'Euanthe' 6-max Seat #4 is the button
Seat 4: Anchig ($65.16 in chips)
Seat 5: juustmuckit1 ($166.78 in chips)
Anchig: posts small blind $1
juustmuckit1: posts big blind $3
*** HOLE CARDS ***
Anchig: raises $3 to $6
juustmuckit1: raises $3 to $9
Anchig: calls $3
*** FLOP *** [4c Qd 3s]
juustmuckit1: bets $3
Anchig: calls $3
*** TURN *** [4c Qd 3s] [3c]
juustmuckit1: bets $6
Anchig: calls $6
*** RIVER *** [4c Qd 3s 3c] [5c]
juustmuckit1: checks
Anchig: bets $6
juustmuckit1: calls $6
*** SHOW DOWN ***
Anchig: shows [4d Ad] (two pair, Fours and Threes)
juustmuckit1: mucks hand
Anchig collected $47.50 from pot
*** SUMMARY ***
Total pot $48 | Rake $0.50
Board [4c Qd 3s 3c 5c]
Seat 4: Anchig (button) (small blind) showed [4d Ad] and won ($47.50) with two pair, Fours and Threes
Seat 5: juustmuckit1 (big blind) mucked


