PokerStars Hand #158621954039:  Hold'em Limit ($3/$6 USD) - 2016/09/15 0:47:59 ET
Table 'Euanthe' 6-max Seat #4 is the button
Seat 4: Agrotait ($73 in chips)
Seat 6: buddhasway ($87 in chips)
Agrotait: posts small blind $1
buddhasway: posts big blind $3
*** HOLE CARDS ***
Agrotait: raises $3 to $6
buddhasway: calls $3
*** FLOP *** [3d 6d 2s]
buddhasway: checks
Agrotait: bets $3
buddhasway: calls $3
*** TURN *** [3d 6d 2s] [Ts]
buddhasway: checks
Agrotait: bets $6
buddhasway: folds
Uncalled bet ($6) returned to Agrotait
Agrotait collected $17.64 from pot
Agrotait: doesn't show hand
*** SUMMARY ***
Total pot $18 | Rake $0.36
Board [3d 6d 2s Ts]
Seat 4: Agrotait (button) (small blind) collected ($17.64)
Seat 6: buddhasway (big blind) folded on the Turn


PokerStars Hand #158621952178:  Hold'em Limit ($3/$6 USD) - 2016/09/15 0:47:51 ET
Table 'Euanthe' 6-max Seat #6 is the button
Seat 4: Agrotait ($72 in chips)
Seat 6: buddhasway ($88 in chips)
buddhasway: posts small blind $1
Agrotait: posts big blind $3
*** HOLE CARDS ***
buddhasway: folds
Uncalled bet ($2) returned to Agrotait
Agrotait collected $2 from pot
Agrotait: doesn't show hand
*** SUMMARY ***
Total pot $2 | Rake $0
Seat 4: Agrotait (big blind) collected ($2)
Seat 6: buddhasway (button) (small blind) folded before Flop


PokerStars Hand #158621966944:  Hold'em Limit ($3/$6 USD) - 2016/09/15 0:48:56 ET
Table 'Euanthe' 6-max Seat #4 is the button
Seat 4: Agrotait ($84.52 in chips)
Seat 6: buddhasway ($75 in chips)
Agrotait: posts small blind $1
buddhasway: posts big blind $3
*** HOLE CARDS ***
Agrotait: raises $3 to $6
buddhasway: raises $3 to $9
Agrotait: calls $3
*** FLOP *** [6h 7d 5c]
buddhasway: bets $3
Agrotait: calls $3
*** TURN *** [6h 7d 5c] [Ac]
buddhasway: bets $6
Agrotait: calls $6
*** RIVER *** [6h 7d 5c Ac] [4d]
buddhasway: bets $6
Agrotait: raises $6 to $12
buddhasway: folds
Uncalled bet ($6) returned to Agrotait
Agrotait collected $47.50 from pot
Agrotait: doesn't show hand
*** SUMMARY ***
Total pot $48 | Rake $0.50
Board [6h 7d 5c Ac 4d]
Seat 4: Agrotait (button) (small blind) collected ($47.50)
Seat 6: buddhasway (big blind) folded on the River


PokerStars Hand #158621961024:  Hold'em Limit ($3/$6 USD) - 2016/09/15 0:48:30 ET
Table 'Euanthe' 6-max Seat #6 is the button
Seat 4: Agrotait ($81.64 in chips)
Seat 6: buddhasway ($78 in chips)
buddhasway: posts small blind $1
Agrotait: posts big blind $3
*** HOLE CARDS ***
buddhasway: calls $2
Agrotait: checks
*** FLOP *** [Qd Kh 2c]
Agrotait: bets $3
buddhasway: folds
Uncalled bet ($3) returned to Agrotait
Agrotait collected $5.88 from pot
Agrotait: doesn't show hand
*** SUMMARY ***
Total pot $6 | Rake $0.12
Board [Qd Kh 2c]
Seat 4: Agrotait (big blind) collected ($5.88)
Seat 6: buddhasway (button) (small blind) folded on the Flop


PokerStars Hand #158621976254:  Hold'em Limit ($3/$6 USD) - 2016/09/15 0:49:36 ET
Table 'Euanthe' 6-max Seat #6 is the button
Seat 4: Agrotait ($108.02 in chips)
Seat 6: buddhasway ($51 in chips)
buddhasway: posts small blind $1
Agrotait: posts big blind $3
*** HOLE CARDS ***
buddhasway: raises $3 to $6
Agrotait: calls $3
*** FLOP *** [Th 4s Tc]
Agrotait: checks
buddhasway: bets $3
Garganutuan joins the table at seat #1
Agrotait: folds
Uncalled bet ($3) returned to buddhasway
buddhasway collected $11.76 from pot
*** SUMMARY ***
Total pot $12 | Rake $0.24
Board [Th 4s Tc]
Seat 4: Agrotait (big blind) folded on the Flop
Seat 6: buddhasway (button) (small blind) collected ($11.76)


PokerStars Hand #158621988633:  Hold'em Limit ($3/$6 USD) - 2016/09/15 0:50:30 ET
Table 'Euanthe' 6-max Seat #4 is the button
Seat 4: Agrotait ($102.02 in chips)
Seat 6: buddhasway ($56.76 in chips)
Agrotait: posts small blind $1
buddhasway: posts big blind $3
*** HOLE CARDS ***
loossenup joins the table at seat #3
Agrotait: raises $3 to $6
buddhasway: raises $3 to $9
Agrotait: calls $3
*** FLOP *** [9d 4d 4h]
buddhasway: bets $3
Agrotait: calls $3
*** TURN *** [9d 4d 4h] [Ks]
yoyoma7777 joins the table at seat #5
buddhasway: bets $6
Agrotait: calls $6
*** RIVER *** [9d 4d 4h Ks] [2h]
buddhasway: bets $6
Agrotait: calls $6
*** SHOW DOWN ***
buddhasway: shows [6h 6c] (two pair, Sixes and Fours)
Agrotait: mucks hand
buddhasway collected $47.50 from pot
*** SUMMARY ***
Total pot $48 | Rake $0.50
Board [9d 4d 4h Ks 2h]
Seat 4: Agrotait (button) (small blind) mucked
Seat 6: buddhasway (big blind) showed [6h 6c] and won ($47.50) with two pair, Sixes and Fours


PokerStars Hand #158623615842:  Hold'em Limit ($3/$6 USD) - 2016/09/15 2:47:04 ET
Table 'Euanthe' 6-max Seat #2 is the button
Seat 1: samba68 ($189.41 in chips)
Seat 2: micsveDK ($23.98 in chips)
micsveDK: posts small blind $1
TAROT333: is sitting out
samba68: posts big blind $3
*** HOLE CARDS ***
TAROT333 leaves the table
micsveDK: raises $3 to $6
samba68: folds
Uncalled bet ($3) returned to micsveDK
micsveDK collected $6 from pot
micsveDK: doesn't show hand
*** SUMMARY ***
Total pot $6 | Rake $0
Seat 1: samba68 (big blind) folded before Flop
Seat 2: micsveDK (button) (small blind) collected ($6)


