PokerStars Hand #147374911709:  Hold'em Limit ($3/$6 USD) - 2016/01/20 13:01:32 ET
Table 'Euboea IV' 6-max Seat #4 is the button
Seat 3: dborys ($215.43 in chips)
Seat 4: kismespit ($133.81 in chips)
kismespit: posts small blind $1
dborys: posts big blind $3
*** HOLE CARDS ***
kismespit: raises $3 to $6
SashaYuvelir leaves the table
dborys: raises $3 to $9
kismespit: calls $3
*** FLOP *** [Kc 5s Qs]
Pokali joins the table at seat #5
dborys: bets $3
kismespit: calls $3
*** TURN *** [Kc 5s Qs] [6c]
dborys: bets $6
kismespit: calls $6
*** RIVER *** [Kc 5s Qs 6c] [9d]
dborys: bets $6
kismespit: calls $6
*** SHOW DOWN ***
dborys: shows [Ks Ad] (a pair of Kings)
kismespit: mucks hand
dborys collected $47.50 from pot
*** SUMMARY ***
Total pot $48 | Rake $0.50
Board [Kc 5s Qs 6c 9d]
Seat 3: dborys (big blind) showed [Ks Ad] and won ($47.50) with a pair of Kings
Seat 4: kismespit (button) (small blind) mucked


PokerStars Hand #147374905544:  Hold'em Limit ($3/$6 USD) - 2016/01/20 13:01:25 ET
Table 'Euboea IV' 6-max Seat #3 is the button
Seat 3: dborys ($212.43 in chips)
Seat 4: kismespit ($136.81 in chips)
dborys: posts small blind $1
kismespit: posts big blind $3
*** HOLE CARDS ***
dborys: raises $3 to $6
kismespit: folds
Uncalled bet ($3) returned to dborys
dborys collected $6 from pot
dborys: doesn't show hand
*** SUMMARY ***
Total pot $6 | Rake $0
Seat 3: dborys (button) (small blind) collected ($6)
Seat 4: kismespit (big blind) folded before Flop


PokerStars Hand #147374890263:  Hold'em Limit ($3/$6 USD) - 2016/01/20 13:01:08 ET
Table 'Euboea IV' 6-max Seat #4 is the button
Seat 3: dborys ($227.43 in chips)
Seat 4: kismespit ($122.31 in chips)
kismespit: posts small blind $1
AzureCaper: is sitting out
dborys: posts big blind $3
*** HOLE CARDS ***
AzureCaper leaves the table
kismespit: calls $2
dborys: raises $3 to $6
kismespit: calls $3
*** FLOP *** [3d Jh 9c]
dborys: bets $3
kismespit: calls $3
*** TURN *** [3d Jh 9c] [4c]
dborys: checks
kismespit: bets $6
dborys: calls $6
*** RIVER *** [3d Jh 9c 4c] [6h]
dborys: checks
kismespit: bets $6
dborys: folds
Uncalled bet ($6) returned to kismespit
kismespit collected $29.50 from pot
*** SUMMARY ***
Total pot $30 | Rake $0.50
Board [3d Jh 9c 4c 6h]
Seat 3: dborys (big blind) folded on the River
Seat 4: kismespit (button) (small blind) collected ($29.50)


PokerStars Hand #147374937493:  Hold'em Limit ($3/$6 USD) - 2016/01/20 13:02:00 ET
Table 'Euboea IV' 6-max Seat #3 is the button
Seat 3: dborys ($238.93 in chips)
Seat 4: kismespit ($109.81 in chips)
dborys: posts small blind $1
kismespit: posts big blind $3
*** HOLE CARDS ***
dborys: raises $3 to $6
kismespit: calls $3
*** FLOP *** [7c 5h 3c]
kismespit: checks
dborys: bets $3
kismespit: calls $3
*** TURN *** [7c 5h 3c] [8c]
kismespit: checks
dborys: checks
*** RIVER *** [7c 5h 3c 8c] [Ks]
kismespit: bets $6
dborys: raises $6 to $12
kismespit: calls $6
*** SHOW DOWN ***
dborys: shows [Kc Qs] (a pair of Kings)
kismespit: mucks hand
dborys collected $41.50 from pot
*** SUMMARY ***
Total pot $42 | Rake $0.50
Board [7c 5h 3c 8c Ks]
Seat 3: dborys (button) (small blind) showed [Kc Qs] and won ($41.50) with a pair of Kings
Seat 4: kismespit (big blind) mucked


PokerStars Hand #147375975328:  Hold'em Limit ($3/$6 USD) - 2016/01/20 13:18:52 ET
Table 'Euboea IV' 6-max Seat #3 is the button
Seat 1: livenuncut ($170.46 in chips)
Seat 3: dborys ($284.83 in chips)
dborys: posts small blind $1
Pokali: is sitting out
livenuncut: posts big blind $3
*** HOLE CARDS ***
dborys: raises $3 to $6
Pokali leaves the table
livenuncut: folds
Uncalled bet ($3) returned to dborys
dborys collected $6 from pot
dborys: doesn't show hand
*** SUMMARY ***
Total pot $6 | Rake $0
Seat 1: livenuncut (big blind) folded before Flop
Seat 3: dborys (button) (small blind) collected ($6)


PokerStars Hand #147375982260:  Hold'em Limit ($3/$6 USD) - 2016/01/20 13:18:59 ET
Table 'Euboea IV' 6-max Seat #1 is the button
Seat 1: livenuncut ($167.46 in chips)
Seat 3: dborys ($287.83 in chips)
livenuncut: posts small blind $1
dborys: posts big blind $3
*** HOLE CARDS ***
livenuncut: folds
Uncalled bet ($2) returned to dborys
dborys collected $2 from pot
dborys: doesn't show hand
*** SUMMARY ***
Total pot $2 | Rake $0
Seat 1: livenuncut (button) (small blind) folded before Flop
Seat 3: dborys (big blind) collected ($2)


