PokerStars Hand #159385079012:  Hold'em Limit ($3/$6 USD) - 2016/10/02 14:31:38 ET
Table 'Euboea II' 6-max Seat #3 is the button
Seat 2: 19woody58 ($233.79 in chips)
Seat 3: kolaz03 ($72 in chips)
kolaz03: posts small blind $1
19woody58: posts big blind $3
*** HOLE CARDS ***
kolaz03: folds
Uncalled bet ($2) returned to 19woody58
19woody58 collected $2 from pot
*** SUMMARY ***
Total pot $2 | Rake $0
Seat 2: 19woody58 (big blind) collected ($2)
Seat 3: kolaz03 (button) (small blind) folded before Flop


PokerStars Hand #159385065184:  Hold'em Limit ($3/$6 USD) - 2016/10/02 14:31:23 ET
Table 'Euboea II' 6-max Seat #2 is the button
Seat 2: 19woody58 ($228.03 in chips)
Seat 3: kolaz03 ($72 in chips)
19woody58: posts small blind $1
kolaz03: posts big blind $3
*** HOLE CARDS ***
19woody58: raises $3 to $6
kolaz03: calls $3
*** FLOP *** [6s Qh 6d]
kolaz03: checks
19woody58: bets $3
kolaz03: folds
Uncalled bet ($3) returned to 19woody58
19woody58 collected $11.76 from pot
*** SUMMARY ***
Total pot $12 | Rake $0.24
Board [6s Qh 6d]
Seat 2: 19woody58 (button) (small blind) collected ($11.76)
Seat 3: kolaz03 (big blind) folded on the Flop


PokerStars Hand #159385041698:  Hold'em Limit ($3/$6 USD) - 2016/10/02 14:30:57 ET
Table 'Euboea II' 6-max Seat #3 is the button
Seat 2: 19woody58 ($213.53 in chips)
Seat 3: kolaz03 ($73 in chips)
kolaz03: posts small blind $1
19woody58: posts big blind $3
*** HOLE CARDS ***
kolaz03: raises $3 to $6
19woody58: calls $3
*** FLOP *** [4s Kd 5h]
19woody58: checks
kolaz03: bets $3
19woody58: calls $3
*** TURN *** [4s Kd 5h] [6s]
19woody58: checks
kolaz03: bets $6
19woody58: calls $6
*** RIVER *** [4s Kd 5h 6s] [9s]
19woody58: checks
kolaz03: checks
*** SHOW DOWN ***
19woody58: shows [2h 2c] (a pair of Deuces)
kolaz03: mucks hand
19woody58 collected $29.50 from pot
*** SUMMARY ***
Total pot $30 | Rake $0.50
Board [4s Kd 5h 6s 9s]
Seat 2: 19woody58 (big blind) showed [2h 2c] and won ($29.50) with a pair of Deuces
Seat 3: kolaz03 (button) (small blind) mucked


PokerStars Hand #159385097011:  Hold'em Limit ($3/$6 USD) - 2016/10/02 14:31:57 ET
Table 'Euboea II' 6-max Seat #2 is the button
Seat 2: 19woody58 ($230.79 in chips)
Seat 3: kolaz03 ($76 in chips)
19woody58: posts small blind $1
kolaz03: posts big blind $3
*** HOLE CARDS ***
19woody58: raises $3 to $6
kolaz03: raises $3 to $9
19woody58: calls $3
*** FLOP *** [5c 6s Kc]
kolaz03: bets $3
19woody58: folds
Uncalled bet ($3) returned to kolaz03
kolaz03 collected $17.64 from pot
kolaz03: doesn't show hand
*** SUMMARY ***
Total pot $18 | Rake $0.36
Board [5c 6s Kc]
Seat 2: 19woody58 (button) (small blind) folded on the Flop
Seat 3: kolaz03 (big blind) collected ($17.64)


PokerStars Hand #159385088627:  Hold'em Limit ($3/$6 USD) - 2016/10/02 14:31:48 ET
Table 'Euboea II' 6-max Seat #3 is the button
Seat 2: 19woody58 ($233.79 in chips)
Seat 3: kolaz03 ($73 in chips)
kolaz03: posts small blind $1
19woody58: posts big blind $3
*** HOLE CARDS ***
kolaz03: raises $3 to $6
19woody58: folds
Uncalled bet ($3) returned to kolaz03
kolaz03 collected $6 from pot
kolaz03: doesn't show hand
*** SUMMARY ***
Total pot $6 | Rake $0
Seat 2: 19woody58 (big blind) folded before Flop
Seat 3: kolaz03 (button) (small blind) collected ($6)


PokerStars Hand #159385083724:  Hold'em Limit ($3/$6 USD) - 2016/10/02 14:31:43 ET
Table 'Euboea II' 6-max Seat #2 is the button
Seat 2: 19woody58 ($234.79 in chips)
Seat 3: kolaz03 ($72 in chips)
19woody58: posts small blind $1
kolaz03: posts big blind $3
*** HOLE CARDS ***
19woody58: folds
Uncalled bet ($2) returned to kolaz03
kolaz03 collected $2 from pot
kolaz03: doesn't show hand
*** SUMMARY ***
Total pot $2 | Rake $0
Seat 2: 19woody58 (button) (small blind) folded before Flop
Seat 3: kolaz03 (big blind) collected ($2)


PokerStars Hand #159385175161:  Hold'em Limit ($3/$6 USD) - 2016/10/02 14:33:22 ET
Table 'Euboea II' 6-max Seat #2 is the button
Seat 2: 19woody58 ($228.29 in chips)
Seat 3: kolaz03 ($79.64 in chips)
19woody58: posts small blind $1
kolaz03: posts big blind $3
*** HOLE CARDS ***
19woody58: folds
Uncalled bet ($2) returned to kolaz03
kolaz03 collected $2 from pot
kolaz03: doesn't show hand
*** SUMMARY ***
Total pot $2 | Rake $0
Seat 2: 19woody58 (button) (small blind) folded before Flop
Seat 3: kolaz03 (big blind) collected ($2)


PokerStars Hand #159385167844:  Hold'em Limit ($3/$6 USD) - 2016/10/02 14:33:14 ET
Table 'Euboea II' 6-max Seat #3 is the button
Seat 2: 19woody58 ($227.29 in chips)
Seat 3: kolaz03 ($80.64 in chips)
kolaz03: posts small blind $1
19woody58: posts big blind $3
*** HOLE CARDS ***
kolaz03: folds
Uncalled bet ($2) returned to 19woody58
19woody58 collected $2 from pot
*** SUMMARY ***
Total pot $2 | Rake $0
Seat 2: 19woody58 (big blind) collected ($2)
Seat 3: kolaz03 (button) (small blind) folded before Flop


PokerStars Hand #159385147437:  Hold'em Limit ($3/$6 USD) - 2016/10/02 14:32:52 ET
Table 'Euboea II' 6-max Seat #2 is the button
Seat 2: 19woody58 ($236.29 in chips)
Seat 3: kolaz03 ($72 in chips)
19woody58: posts small blind $1
kolaz03: posts big blind $3
*** HOLE CARDS ***
19woody58: raises $3 to $6
kolaz03: calls $3
*** FLOP *** [2h Kh 4h]
kolaz03: checks
19woody58: bets $3
kolaz03: calls $3
*** TURN *** [2h Kh 4h] [4s]
kolaz03: checks
19woody58: checks
*** RIVER *** [2h Kh 4h 4s] [Ks]
kolaz03: checks
19woody58: checks
*** SHOW DOWN ***
kolaz03: shows [5s Ac] (two pair, Kings and Fours)
19woody58: mucks hand
kolaz03 collected $17.64 from pot
*** SUMMARY ***
Total pot $18 | Rake $0.36
Board [2h Kh 4h 4s Ks]
Seat 2: 19woody58 (button) (small blind) mucked
Seat 3: kolaz03 (big blind) showed [5s Ac] and won ($17.64) with two pair, Kings and Fours


PokerStars Hand #159385115955:  Hold'em Limit ($3/$6 USD) - 2016/10/02 14:32:19 ET
Table 'Euboea II' 6-max Seat #3 is the button
Seat 2: 19woody58 ($221.79 in chips)
Seat 3: kolaz03 ($84.64 in chips)
kolaz03: posts small blind $1
19woody58: posts big blind $3
*** HOLE CARDS ***
kolaz03: raises $3 to $6
19woody58: calls $3
*** FLOP *** [6s Ts Ac]
19woody58: checks
kolaz03: bets $3
19woody58: calls $3
*** TURN *** [6s Ts Ac] [7h]
19woody58: checks
kolaz03: checks
*** RIVER *** [6s Ts Ac 7h] [Qc]
19woody58: bets $6
kolaz03: calls $6
*** SHOW DOWN ***
19woody58: shows [Ah 9s] (a pair of Aces)
kolaz03: mucks hand
19woody58 collected $29.50 from pot
*** SUMMARY ***
Total pot $30 | Rake $0.50
Board [6s Ts Ac 7h Qc]
Seat 2: 19woody58 (big blind) showed [Ah 9s] and won ($29.50) with a pair of Aces
Seat 3: kolaz03 (button) (small blind) mucked


PokerStars Hand #159385231430:  Hold'em Limit ($3/$6 USD) - 2016/10/02 14:34:23 ET
Table 'Euboea II' 6-max Seat #2 is the button
Seat 2: 19woody58 ($190.29 in chips)
Seat 3: kolaz03 ($116.64 in chips)
19woody58: posts small blind $1
kolaz03: posts big blind $3
*** HOLE CARDS ***
19woody58: folds
Uncalled bet ($2) returned to kolaz03
kolaz03 collected $2 from pot
kolaz03: doesn't show hand
*** SUMMARY ***
Total pot $2 | Rake $0
Seat 2: 19woody58 (button) (small blind) folded before Flop
Seat 3: kolaz03 (big blind) collected ($2)


PokerStars Hand #159385207913:  Hold'em Limit ($3/$6 USD) - 2016/10/02 14:33:58 ET
Table 'Euboea II' 6-max Seat #3 is the button
Seat 2: 19woody58 ($211.29 in chips)
Seat 3: kolaz03 ($96.14 in chips)
kolaz03: posts small blind $1
19woody58: posts big blind $3
*** HOLE CARDS ***
kolaz03: raises $3 to $6
19woody58: calls $3
*** FLOP *** [9s 7d 3h]
19woody58: checks
kolaz03: bets $3
19woody58: calls $3
*** TURN *** [9s 7d 3h] [Ac]
19woody58: checks
kolaz03: bets $6
19woody58: calls $6
*** RIVER *** [9s 7d 3h Ac] [4s]
19woody58: checks
kolaz03: bets $6
19woody58: calls $6
*** SHOW DOWN ***
kolaz03: shows [7c 9d] (two pair, Nines and Sevens)
19woody58: mucks hand
kolaz03 collected $41.50 from pot
*** SUMMARY ***
Total pot $42 | Rake $0.50
Board [9s 7d 3h Ac 4s]
Seat 2: 19woody58 (big blind) mucked
Seat 3: kolaz03 (button) (small blind) showed [7c 9d] and won ($41.50) with two pair, Nines and Sevens


PokerStars Hand #159385201722:  Hold'em Limit ($3/$6 USD) - 2016/10/02 14:33:51 ET
Table 'Euboea II' 6-max Seat #2 is the button
Seat 2: 19woody58 ($212.29 in chips)
Seat 3: kolaz03 ($95.14 in chips)
19woody58: posts small blind $1
kolaz03: posts big blind $3
*** HOLE CARDS ***
19woody58: folds
Uncalled bet ($2) returned to kolaz03
kolaz03 collected $2 from pot
kolaz03: doesn't show hand
*** SUMMARY ***
Total pot $2 | Rake $0
Seat 2: 19woody58 (button) (small blind) folded before Flop
Seat 3: kolaz03 (big blind) collected ($2)


PokerStars Hand #159385179947:  Hold'em Limit ($3/$6 USD) - 2016/10/02 14:33:27 ET
Table 'Euboea II' 6-max Seat #3 is the button
Seat 2: 19woody58 ($227.29 in chips)
Seat 3: kolaz03 ($80.64 in chips)
kolaz03: posts small blind $1
19woody58: posts big blind $3
*** HOLE CARDS ***
kolaz03: raises $3 to $6
19woody58: calls $3
*** FLOP *** [8c 7c 4h]
19woody58: checks
kolaz03: bets $3
19woody58: calls $3
*** TURN *** [8c 7c 4h] [Kh]
19woody58: checks
kolaz03: bets $6
19woody58: calls $6
*** RIVER *** [8c 7c 4h Kh] [Tc]
19woody58: checks
kolaz03: checks
*** SHOW DOWN ***
19woody58: shows [Jd Ah] (high card Ace)
kolaz03: shows [Ad Qs] (high card Ace - King+Queen kicker)
kolaz03 collected $29.50 from pot
*** SUMMARY ***
Total pot $30 | Rake $0.50
Board [8c 7c 4h Kh Tc]
Seat 2: 19woody58 (big blind) showed [Jd Ah] and lost with high card Ace
Seat 3: kolaz03 (button) (small blind) showed [Ad Qs] and won ($29.50) with high card Ace


PokerStars Hand #159385258558:  Hold'em Limit ($3/$6 USD) - 2016/10/02 14:34:53 ET
Table 'Euboea II' 6-max Seat #2 is the button
Seat 2: 19woody58 ($197.93 in chips)
Seat 3: kolaz03 ($108.64 in chips)
19woody58: posts small blind $1
kolaz03: posts big blind $3
*** HOLE CARDS ***
19woody58: raises $3 to $6
kolaz03: calls $3
*** FLOP *** [2s Jc 2c]
kolaz03: checks
19woody58: bets $3
kolaz03: calls $3
*** TURN *** [2s Jc 2c] [Ts]
kolaz03: checks
19woody58: checks
*** RIVER *** [2s Jc 2c Ts] [Qd]
kolaz03: checks
19woody58: bets $6
kolaz03: folds
Uncalled bet ($6) returned to 19woody58
19woody58 collected $17.64 from pot
*** SUMMARY ***
Total pot $18 | Rake $0.36
Board [2s Jc 2c Ts Qd]
Seat 2: 19woody58 (button) (small blind) collected ($17.64)
Seat 3: kolaz03 (big blind) folded on the River


PokerStars Hand #159385236008:  Hold'em Limit ($3/$6 USD) - 2016/10/02 14:34:28 ET
Table 'Euboea II' 6-max Seat #3 is the button
Seat 2: 19woody58 ($189.29 in chips)
Seat 3: kolaz03 ($117.64 in chips)
kolaz03: posts small blind $1
19woody58: posts big blind $3
*** HOLE CARDS ***
kolaz03: raises $3 to $6
19woody58: calls $3
*** FLOP *** [9s 7h 5c]
19woody58: checks
kolaz03: bets $3
19woody58: calls $3
*** TURN *** [9s 7h 5c] [4h]
19woody58: checks
kolaz03: checks
*** RIVER *** [9s 7h 5c 4h] [8d]
19woody58: bets $6
kolaz03: folds
Uncalled bet ($6) returned to 19woody58
19woody58 collected $17.64 from pot
*** SUMMARY ***
Total pot $18 | Rake $0.36
Board [9s 7h 5c 4h 8d]
Seat 2: 19woody58 (big blind) collected ($17.64)
Seat 3: kolaz03 (button) (small blind) folded on the River


PokerStars Hand #159385355900:  Hold'em Limit ($3/$6 USD) - 2016/10/02 14:36:32 ET
Table 'Euboea II' 6-max Seat #2 is the button
Seat 2: 19woody58 ($188.39 in chips)
Seat 3: kolaz03 ($116.96 in chips)
19woody58: posts small blind $1
kolaz03: posts big blind $3
*** HOLE CARDS ***
19woody58: folds
Uncalled bet ($2) returned to kolaz03
kolaz03 collected $2 from pot
kolaz03: doesn't show hand
*** SUMMARY ***
Total pot $2 | Rake $0
Seat 2: 19woody58 (button) (small blind) folded before Flop
Seat 3: kolaz03 (big blind) collected ($2)


PokerStars Hand #159385348054:  Hold'em Limit ($3/$6 USD) - 2016/10/02 14:36:23 ET
Table 'Euboea II' 6-max Seat #3 is the button
Seat 2: 19woody58 ($191.39 in chips)
Seat 3: kolaz03 ($113.96 in chips)
kolaz03: posts small blind $1
19woody58: posts big blind $3
*** HOLE CARDS ***
kolaz03: raises $3 to $6
19woody58: folds
Uncalled bet ($3) returned to kolaz03
kolaz03 collected $6 from pot
kolaz03: doesn't show hand
*** SUMMARY ***
Total pot $6 | Rake $0
Seat 2: 19woody58 (big blind) folded before Flop
Seat 3: kolaz03 (button) (small blind) collected ($6)


PokerStars Hand #159385341067:  Hold'em Limit ($3/$6 USD) - 2016/10/02 14:36:16 ET
Table 'Euboea II' 6-max Seat #2 is the button
Seat 2: 19woody58 ($188.39 in chips)
Seat 3: kolaz03 ($116.96 in chips)
19woody58: posts small blind $1
kolaz03: posts big blind $3
*** HOLE CARDS ***
19woody58: raises $3 to $6
kolaz03: folds
Uncalled bet ($3) returned to 19woody58
19woody58 collected $6 from pot
*** SUMMARY ***
Total pot $6 | Rake $0
Seat 2: 19woody58 (button) (small blind) collected ($6)
Seat 3: kolaz03 (big blind) folded before Flop


PokerStars Hand #159385327930:  Hold'em Limit ($3/$6 USD) - 2016/10/02 14:36:07 ET
Table 'Euboea II' 6-max Seat #3 is the button
Seat 2: 19woody58 ($191.39 in chips)
Seat 3: kolaz03 ($113.96 in chips)
kolaz03: posts small blind $1
19woody58: posts big blind $3
*** HOLE CARDS ***
kolaz03: raises $3 to $6
19woody58: folds
Uncalled bet ($3) returned to kolaz03
kolaz03 collected $6 from pot
kolaz03: doesn't show hand
*** SUMMARY ***
Total pot $6 | Rake $0
Seat 2: 19woody58 (big blind) folded before Flop
Seat 3: kolaz03 (button) (small blind) collected ($6)


PokerStars Hand #159385307711:  Hold'em Limit ($3/$6 USD) - 2016/10/02 14:35:46 ET
Table 'Euboea II' 6-max Seat #2 is the button
Seat 2: 19woody58 ($191.57 in chips)
Seat 3: kolaz03 ($114.14 in chips)
19woody58: posts small blind $1
kolaz03: posts big blind $3
*** HOLE CARDS ***
19woody58: raises $3 to $6
kolaz03: calls $3
*** FLOP *** [Jc Ts 7s]
kolaz03: checks
19woody58: bets $3
kolaz03: calls $3
*** TURN *** [Jc Ts 7s] [8h]
kolaz03: checks
19woody58: checks
*** RIVER *** [Jc Ts 7s 8h] [9c]
kolaz03: checks
19woody58: checks
*** SHOW DOWN ***
kolaz03: shows [8s Ad] (a straight, Seven to Jack)
19woody58: shows [Ah 2h] (a straight, Seven to Jack)
kolaz03 collected $8.82 from pot
19woody58 collected $8.82 from pot
*** SUMMARY ***
Total pot $18 | Rake $0.36
Board [Jc Ts 7s 8h 9c]
Seat 2: 19woody58 (button) (small blind) showed [Ah 2h] and won ($8.82) with a straight, Seven to Jack
Seat 3: kolaz03 (big blind) showed [8s Ad] and won ($8.82) with a straight, Seven to Jack


PokerStars Hand #159385279918:  Hold'em Limit ($3/$6 USD) - 2016/10/02 14:35:15 ET
Table 'Euboea II' 6-max Seat #3 is the button
Seat 2: 19woody58 ($206.57 in chips)
Seat 3: kolaz03 ($99.64 in chips)
kolaz03: posts small blind $1
19woody58: posts big blind $3
*** HOLE CARDS ***
kolaz03: raises $3 to $6
19woody58: calls $3
*** FLOP *** [7d Qd 4c]
19woody58: checks
kolaz03: bets $3
19woody58: calls $3
*** TURN *** [7d Qd 4c] [8h]
19woody58: checks
kolaz03: bets $6
19woody58: calls $6
*** RIVER *** [7d Qd 4c 8h] [3h]
19woody58: checks
kolaz03: bets $6
19woody58: folds
Uncalled bet ($6) returned to kolaz03
kolaz03 collected $29.50 from pot
kolaz03: doesn't show hand
*** SUMMARY ***
Total pot $30 | Rake $0.50
Board [7d Qd 4c 8h 3h]
Seat 2: 19woody58 (big blind) folded on the River
Seat 3: kolaz03 (button) (small blind) collected ($29.50)


PokerStars Hand #159385378838:  Hold'em Limit ($3/$6 USD) - 2016/10/02 14:36:57 ET
Table 'Euboea II' 6-max Seat #2 is the button
Seat 2: 19woody58 ($201.89 in chips)
Seat 3: kolaz03 ($102.96 in chips)
19woody58: posts small blind $1
kolaz03: posts big blind $3
*** HOLE CARDS ***
19woody58: calls $2
kolaz03: checks
*** FLOP *** [7s 6c 2d]
kolaz03: bets $3
19woody58: calls $3
*** TURN *** [7s 6c 2d] [Jd]
kolaz03: checks
19woody58: checks
*** RIVER *** [7s 6c 2d Jd] [Kc]
kolaz03: checks
19woody58: checks
*** SHOW DOWN ***
kolaz03: shows [8c 5h] (high card King)
19woody58: shows [Qh 6s] (a pair of Sixes)
19woody58 collected $11.76 from pot
*** SUMMARY ***
Total pot $12 | Rake $0.24
Board [7s 6c 2d Jd Kc]
Seat 2: 19woody58 (button) (small blind) showed [Qh 6s] and won ($11.76) with a pair of Sixes
Seat 3: kolaz03 (big blind) showed [8c 5h] and lost with high card King


PokerStars Hand #159385361617:  Hold'em Limit ($3/$6 USD) - 2016/10/02 14:36:38 ET
Table 'Euboea II' 6-max Seat #3 is the button
Seat 2: 19woody58 ($187.39 in chips)
Seat 3: kolaz03 ($117.96 in chips)
kolaz03: posts small blind $1
19woody58: posts big blind $3
*** HOLE CARDS ***
kolaz03: raises $3 to $6
19woody58: calls $3
*** FLOP *** [7c 2s 2h]
19woody58: checks
kolaz03: bets $3
19woody58: calls $3
*** TURN *** [7c 2s 2h] [Jc]
19woody58: checks
kolaz03: bets $6
19woody58: calls $6
*** RIVER *** [7c 2s 2h Jc] [6c]
19woody58: checks
kolaz03: checks
*** SHOW DOWN ***
19woody58: shows [Ts Js] (two pair, Jacks and Deuces)
kolaz03: mucks hand
19woody58 collected $29.50 from pot
*** SUMMARY ***
Total pot $30 | Rake $0.50
Board [7c 2s 2h Jc 6c]
Seat 2: 19woody58 (big blind) showed [Ts Js] and won ($29.50) with two pair, Jacks and Deuces
Seat 3: kolaz03 (button) (small blind) mucked


PokerStars Hand #159385394716:  Hold'em Limit ($3/$6 USD) - 2016/10/02 14:37:14 ET
Table 'Euboea II' 6-max Seat #3 is the button
Seat 2: 19woody58 ($207.65 in chips)
Seat 3: kolaz03 ($96.96 in chips)
kolaz03: posts small blind $1
19woody58: posts big blind $3
*** HOLE CARDS ***
kolaz03: folds
Uncalled bet ($2) returned to 19woody58
19woody58 collected $2 from pot
*** SUMMARY ***
Total pot $2 | Rake $0
Seat 2: 19woody58 (big blind) collected ($2)
Seat 3: kolaz03 (button) (small blind) folded before Flop


PokerStars Hand #159385399381:  Hold'em Limit ($3/$6 USD) - 2016/10/02 14:37:19 ET
Table 'Euboea II' 6-max Seat #2 is the button
Seat 2: 19woody58 ($208.65 in chips)
Seat 3: kolaz03 ($95.96 in chips)
19woody58: posts small blind $1
kolaz03: posts big blind $3
*** HOLE CARDS ***
19woody58: calls $2
kolaz03: checks
*** FLOP *** [Ac Ad Kd]
kolaz03: checks
19woody58: bets $3
kolaz03: folds
Uncalled bet ($3) returned to 19woody58
19woody58 collected $5.88 from pot
*** SUMMARY ***
Total pot $6 | Rake $0.12
Board [Ac Ad Kd]
Seat 2: 19woody58 (button) (small blind) collected ($5.88)
Seat 3: kolaz03 (big blind) folded on the Flop


PokerStars Hand #159385411212:  Hold'em Limit ($3/$6 USD) - 2016/10/02 14:37:32 ET
Table 'Euboea II' 6-max Seat #3 is the button
Seat 2: 19woody58 ($211.53 in chips)
Seat 3: kolaz03 ($92.96 in chips)
kolaz03: posts small blind $1
19woody58: posts big blind $3
*** HOLE CARDS ***
kolaz03: raises $3 to $6
19woody58: calls $3
*** FLOP *** [8s Ts 4h]
19woody58: checks
kolaz03: bets $3
19woody58: calls $3
*** TURN *** [8s Ts 4h] [Ac]
19woody58: checks
kolaz03: bets $6
19woody58: calls $6
*** RIVER *** [8s Ts 4h Ac] [2d]
19woody58: checks
kolaz03: bets $6
19woody58: calls $6
*** SHOW DOWN ***
kolaz03: shows [Ah 8c] (two pair, Aces and Eights)
19woody58: mucks hand
kolaz03 collected $41.50 from pot
*** SUMMARY ***
Total pot $42 | Rake $0.50
Board [8s Ts 4h Ac 2d]
Seat 2: 19woody58 (big blind) mucked
Seat 3: kolaz03 (button) (small blind) showed [Ah 8c] and won ($41.50) with two pair, Aces and Eights


PokerStars Hand #159385432075:  Hold'em Limit ($3/$6 USD) - 2016/10/02 14:37:55 ET
Table 'Euboea II' 6-max Seat #2 is the button
Seat 2: 19woody58 ($190.53 in chips)
Seat 3: kolaz03 ($113.46 in chips)
19woody58: posts small blind $1
kolaz03: posts big blind $3
*** HOLE CARDS ***
19woody58: folds
Uncalled bet ($2) returned to kolaz03
kolaz03 collected $2 from pot
kolaz03: doesn't show hand
*** SUMMARY ***
Total pot $2 | Rake $0
Seat 2: 19woody58 (button) (small blind) folded before Flop
Seat 3: kolaz03 (big blind) collected ($2)


PokerStars Hand #159385436749:  Hold'em Limit ($3/$6 USD) - 2016/10/02 14:38:00 ET
Table 'Euboea II' 6-max Seat #3 is the button
Seat 2: 19woody58 ($189.53 in chips)
Seat 3: kolaz03 ($114.46 in chips)
kolaz03: posts small blind $1
19woody58: posts big blind $3
*** HOLE CARDS ***
kolaz03: raises $3 to $6
19woody58: folds
Uncalled bet ($3) returned to kolaz03
kolaz03 collected $6 from pot
kolaz03: doesn't show hand
*** SUMMARY ***
Total pot $6 | Rake $0
Seat 2: 19woody58 (big blind) folded before Flop
Seat 3: kolaz03 (button) (small blind) collected ($6)


PokerStars Hand #159385443087:  Hold'em Limit ($3/$6 USD) - 2016/10/02 14:38:07 ET
Table 'Euboea II' 6-max Seat #2 is the button
Seat 2: 19woody58 ($186.53 in chips)
Seat 3: kolaz03 ($117.46 in chips)
19woody58: posts small blind $1
kolaz03: posts big blind $3
*** HOLE CARDS ***
19woody58: raises $3 to $6
kolaz03: calls $3
*** FLOP *** [8s 9h Ac]
kolaz03: checks
19woody58: bets $3
kolaz03: folds
Uncalled bet ($3) returned to 19woody58
19woody58 collected $11.76 from pot
*** SUMMARY ***
Total pot $12 | Rake $0.24
Board [8s 9h Ac]
Seat 2: 19woody58 (button) (small blind) collected ($11.76)
Seat 3: kolaz03 (big blind) folded on the Flop


PokerStars Hand #159385459173:  Hold'em Limit ($3/$6 USD) - 2016/10/02 14:38:25 ET
Table 'Euboea II' 6-max Seat #3 is the button
Seat 2: 19woody58 ($192.29 in chips)
Seat 3: kolaz03 ($111.46 in chips)
kolaz03: posts small blind $1
19woody58: posts big blind $3
*** HOLE CARDS ***
kolaz03: raises $3 to $6
19woody58: calls $3
*** FLOP *** [Kd Kc 3d]
19woody58: checks
kolaz03: bets $3
19woody58: calls $3
*** TURN *** [Kd Kc 3d] [Qc]
19woody58: checks
kolaz03: bets $6
19woody58: calls $6
*** RIVER *** [Kd Kc 3d Qc] [6h]
19woody58: checks
kolaz03: bets $6
19woody58: calls $6
*** SHOW DOWN ***
kolaz03: shows [2h 5s] (a pair of Kings)
19woody58: shows [Ac Tc] (a pair of Kings - Ace kicker)
19woody58 collected $41.50 from pot
*** SUMMARY ***
Total pot $42 | Rake $0.50
Board [Kd Kc 3d Qc 6h]
Seat 2: 19woody58 (big blind) showed [Ac Tc] and won ($41.50) with a pair of Kings
Seat 3: kolaz03 (button) (small blind) showed [2h 5s] and lost with a pair of Kings


PokerStars Hand #159385483701:  Hold'em Limit ($3/$6 USD) - 2016/10/02 14:38:51 ET
Table 'Euboea II' 6-max Seat #2 is the button
Seat 2: 19woody58 ($212.79 in chips)
Seat 3: kolaz03 ($90.46 in chips)
19woody58: posts small blind $1
kolaz03: posts big blind $3
*** HOLE CARDS ***
19woody58: folds
Uncalled bet ($2) returned to kolaz03
kolaz03 collected $2 from pot
kolaz03: doesn't show hand
*** SUMMARY ***
Total pot $2 | Rake $0
Seat 2: 19woody58 (button) (small blind) folded before Flop
Seat 3: kolaz03 (big blind) collected ($2)


PokerStars Hand #159385488321:  Hold'em Limit ($3/$6 USD) - 2016/10/02 14:38:56 ET
Table 'Euboea II' 6-max Seat #3 is the button
Seat 2: 19woody58 ($211.79 in chips)
Seat 3: kolaz03 ($91.46 in chips)
kolaz03: posts small blind $1
19woody58: posts big blind $3
*** HOLE CARDS ***
kolaz03: raises $3 to $6
19woody58: calls $3
*** FLOP *** [7d 3s 7h]
19woody58: checks
kolaz03: bets $3
19woody58: calls $3
*** TURN *** [7d 3s 7h] [5h]
19woody58: checks
kolaz03: checks
*** RIVER *** [7d 3s 7h 5h] [9c]
19woody58: bets $6
kolaz03: folds
Uncalled bet ($6) returned to 19woody58
19woody58 collected $17.64 from pot
*** SUMMARY ***
Total pot $18 | Rake $0.36
Board [7d 3s 7h 5h 9c]
Seat 2: 19woody58 (big blind) collected ($17.64)
Seat 3: kolaz03 (button) (small blind) folded on the River


PokerStars Hand #159385512074:  Hold'em Limit ($3/$6 USD) - 2016/10/02 14:39:22 ET
Table 'Euboea II' 6-max Seat #2 is the button
Seat 2: 19woody58 ($220.43 in chips)
Seat 3: kolaz03 ($82.46 in chips)
19woody58: posts small blind $1
kolaz03: posts big blind $3
*** HOLE CARDS ***
19woody58: folds
Uncalled bet ($2) returned to kolaz03
kolaz03 collected $2 from pot
kolaz03: doesn't show hand
*** SUMMARY ***
Total pot $2 | Rake $0
Seat 2: 19woody58 (button) (small blind) folded before Flop
Seat 3: kolaz03 (big blind) collected ($2)


PokerStars Hand #159385516575:  Hold'em Limit ($3/$6 USD) - 2016/10/02 14:39:27 ET
Table 'Euboea II' 6-max Seat #3 is the button
Seat 2: 19woody58 ($219.43 in chips)
Seat 3: kolaz03 ($83.46 in chips)
kolaz03: posts small blind $1
19woody58: posts big blind $3
*** HOLE CARDS ***
kolaz03: raises $3 to $6
19woody58: calls $3
*** FLOP *** [4h 2d 8s]
19woody58: checks
kolaz03: bets $3
19woody58: calls $3
*** TURN *** [4h 2d 8s] [7c]
19woody58: checks
kolaz03: bets $6
19woody58: calls $6
*** RIVER *** [4h 2d 8s 7c] [Js]
19woody58: checks
kolaz03: checks
*** SHOW DOWN ***
19woody58: shows [9h Td] (a straight, Seven to Jack)
kolaz03: mucks hand
19woody58 collected $29.50 from pot
*** SUMMARY ***
Total pot $30 | Rake $0.50
Board [4h 2d 8s 7c Js]
Seat 2: 19woody58 (big blind) showed [9h Td] and won ($29.50) with a straight, Seven to Jack
Seat 3: kolaz03 (button) (small blind) mucked


PokerStars Hand #159385570252:  Hold'em Limit ($3/$6 USD) - 2016/10/02 14:40:26 ET
Table 'Euboea II' 6-max Seat #3 is the button
Seat 2: 19woody58 ($227.93 in chips)
Seat 3: kolaz03 ($77.76 in chips)
kolaz03: posts small blind $1
19woody58: posts big blind $3
*** HOLE CARDS ***
kolaz03: raises $3 to $6
19woody58: folds
Uncalled bet ($3) returned to kolaz03
kolaz03 collected $6 from pot
kolaz03: doesn't show hand
*** SUMMARY ***
Total pot $6 | Rake $0
Seat 2: 19woody58 (big blind) folded before Flop
Seat 3: kolaz03 (button) (small blind) collected ($6)


PokerStars Hand #159385552662:  Hold'em Limit ($3/$6 USD) - 2016/10/02 14:40:06 ET
Table 'Euboea II' 6-max Seat #2 is the button
Seat 2: 19woody58 ($233.93 in chips)
Seat 3: kolaz03 ($72 in chips)
19woody58: posts small blind $1
kolaz03: posts big blind $3
*** HOLE CARDS ***
19woody58: calls $2
kolaz03: checks
*** FLOP *** [5h 2c 5c]
kolaz03: checks
19woody58: bets $3
kolaz03: calls $3
*** TURN *** [5h 2c 5c] [Kc]
kolaz03: checks
19woody58: checks
*** RIVER *** [5h 2c 5c Kc] [Jd]
kolaz03: bets $6
19woody58: folds
Uncalled bet ($6) returned to kolaz03
kolaz03 collected $11.76 from pot
kolaz03: doesn't show hand
*** SUMMARY ***
Total pot $12 | Rake $0.24
Board [5h 2c 5c Kc Jd]
Seat 2: 19woody58 (button) (small blind) folded on the River
Seat 3: kolaz03 (big blind) collected ($11.76)


PokerStars Hand #159385576289:  Hold'em Limit ($3/$6 USD) - 2016/10/02 14:40:32 ET
Table 'Euboea II' 6-max Seat #2 is the button
Seat 2: 19woody58 ($224.93 in chips)
Seat 3: kolaz03 ($80.76 in chips)
19woody58: posts small blind $1
kolaz03: posts big blind $3
*** HOLE CARDS ***
19woody58: raises $3 to $6
kolaz03: calls $3
*** FLOP *** [3d 6h 4d]
kolaz03: checks
19woody58: bets $3
kolaz03: raises $3 to $6
19woody58: calls $3
*** TURN *** [3d 6h 4d] [3h]
kolaz03: bets $6
19woody58: calls $6
*** RIVER *** [3d 6h 4d 3h] [2c]
kolaz03: bets $6
19woody58: calls $6
*** SHOW DOWN ***
kolaz03: shows [Qc 4h] (two pair, Fours and Threes)
19woody58: shows [8c 8d] (two pair, Eights and Threes)
19woody58 collected $47.50 from pot
*** SUMMARY ***
Total pot $48 | Rake $0.50
Board [3d 6h 4d 3h 2c]
Seat 2: 19woody58 (button) (small blind) showed [8c 8d] and won ($47.50) with two pair, Eights and Threes
Seat 3: kolaz03 (big blind) showed [Qc 4h] and lost with two pair, Fours and Threes


PokerStars Hand #159385605002:  Hold'em Limit ($3/$6 USD) - 2016/10/02 14:41:04 ET
Table 'Euboea II' 6-max Seat #3 is the button
Seat 2: 19woody58 ($248.43 in chips)
Seat 3: kolaz03 ($72 in chips)
kolaz03: posts small blind $1
19woody58: posts big blind $3
*** HOLE CARDS ***
kolaz03: raises $3 to $6
19woody58: calls $3
*** FLOP *** [Ah 6c 2d]
19woody58: checks
kolaz03: bets $3
19woody58: calls $3
*** TURN *** [Ah 6c 2d] [Qs]
19woody58: checks
kolaz03: checks
*** RIVER *** [Ah 6c 2d Qs] [9c]
19woody58: bets $6
kolaz03: calls $6
*** SHOW DOWN ***
19woody58: shows [Ks Jc] (high card Ace)
kolaz03: shows [9s 8h] (a pair of Nines)
kolaz03 collected $29.50 from pot
*** SUMMARY ***
Total pot $30 | Rake $0.50
Board [Ah 6c 2d Qs 9c]
Seat 2: 19woody58 (big blind) showed [Ks Jc] and lost with high card Ace
Seat 3: kolaz03 (button) (small blind) showed [9s 8h] and won ($29.50) with a pair of Nines


PokerStars Hand #159385622240:  Hold'em Limit ($3/$6 USD) - 2016/10/02 14:41:22 ET
Table 'Euboea II' 6-max Seat #2 is the button
Seat 2: 19woody58 ($233.43 in chips)
Seat 3: kolaz03 ($86.50 in chips)
19woody58: posts small blind $1
kolaz03: posts big blind $3
*** HOLE CARDS ***
19woody58: raises $3 to $6
kolaz03: calls $3
*** FLOP *** [9d 4d 4s]
kolaz03: checks
19woody58: bets $3
kolaz03: calls $3
*** TURN *** [9d 4d 4s] [6h]
kolaz03: checks
19woody58: bets $6
kolaz03: calls $6
*** RIVER *** [9d 4d 4s 6h] [7h]
kolaz03: checks
19woody58: checks
*** SHOW DOWN ***
kolaz03: shows [Kc 5d] (a pair of Fours)
19woody58: shows [5c 9c] (two pair, Nines and Fours)
19woody58 collected $29.50 from pot
*** SUMMARY ***
Total pot $30 | Rake $0.50
Board [9d 4d 4s 6h 7h]
Seat 2: 19woody58 (button) (small blind) showed [5c 9c] and won ($29.50) with two pair, Nines and Fours
Seat 3: kolaz03 (big blind) showed [Kc 5d] and lost with a pair of Fours


PokerStars Hand #159385639446:  Hold'em Limit ($3/$6 USD) - 2016/10/02 14:41:41 ET
Table 'Euboea II' 6-max Seat #3 is the button
Seat 2: 19woody58 ($247.93 in chips)
Seat 3: kolaz03 ($72 in chips)
kolaz03: posts small blind $1
19woody58: posts big blind $3
*** HOLE CARDS ***
kolaz03: raises $3 to $6
19woody58: folds
Uncalled bet ($3) returned to kolaz03
kolaz03 collected $6 from pot
kolaz03: doesn't show hand
*** SUMMARY ***
Total pot $6 | Rake $0
Seat 2: 19woody58 (big blind) folded before Flop
Seat 3: kolaz03 (button) (small blind) collected ($6)


PokerStars Hand #159385645662:  Hold'em Limit ($3/$6 USD) - 2016/10/02 14:41:48 ET
Table 'Euboea II' 6-max Seat #2 is the button
Seat 2: 19woody58 ($244.93 in chips)
Seat 3: kolaz03 ($75 in chips)
19woody58: posts small blind $1
kolaz03: posts big blind $3
*** HOLE CARDS ***
19woody58: calls $2
kolaz03: raises $3 to $6
19woody58: calls $3
*** FLOP *** [Th Ks 3d]
kolaz03: bets $3
19woody58: calls $3
*** TURN *** [Th Ks 3d] [5d]
kolaz03: bets $6
19woody58: raises $6 to $12
kolaz03: folds
Uncalled bet ($6) returned to 19woody58
19woody58 collected $29.50 from pot
*** SUMMARY ***
Total pot $30 | Rake $0.50
Board [Th Ks 3d 5d]
Seat 2: 19woody58 (button) (small blind) collected ($29.50)
Seat 3: kolaz03 (big blind) folded on the Turn


PokerStars Hand #159385661165:  Hold'em Limit ($3/$6 USD) - 2016/10/02 14:42:05 ET
Table 'Euboea II' 6-max Seat #3 is the button
Seat 2: 19woody58 ($259.43 in chips)
Seat 3: kolaz03 ($72 in chips)
kolaz03: posts small blind $1
19woody58: posts big blind $3
*** HOLE CARDS ***
kolaz03: raises $3 to $6
19woody58: calls $3
*** FLOP *** [Ks 7s 8s]
19woody58: checks
kolaz03: bets $3
19woody58: calls $3
*** TURN *** [Ks 7s 8s] [9c]
19woody58: checks
kolaz03: bets $6
19woody58: calls $6
*** RIVER *** [Ks 7s 8s 9c] [Td]
19woody58: checks
kolaz03: bets $6
19woody58: calls $6
*** SHOW DOWN ***
kolaz03: shows [Js 9h] (a straight, Seven to Jack)
19woody58: mucks hand
kolaz03 collected $41.50 from pot
*** SUMMARY ***
Total pot $42 | Rake $0.50
Board [Ks 7s 8s 9c Td]
Seat 2: 19woody58 (big blind) mucked
Seat 3: kolaz03 (button) (small blind) showed [Js 9h] and won ($41.50) with a straight, Seven to Jack


PokerStars Hand #159385696227:  Hold'em Limit ($3/$6 USD) - 2016/10/02 14:42:43 ET
Table 'Euboea II' 6-max Seat #2 is the button
Seat 2: 19woody58 ($238.43 in chips)
Seat 3: kolaz03 ($92.50 in chips)
19woody58: posts small blind $1
kolaz03: posts big blind $3
*** HOLE CARDS ***
19woody58: folds
Uncalled bet ($2) returned to kolaz03
kolaz03 collected $2 from pot
kolaz03: doesn't show hand
*** SUMMARY ***
Total pot $2 | Rake $0
Seat 2: 19woody58 (button) (small blind) folded before Flop
Seat 3: kolaz03 (big blind) collected ($2)


PokerStars Hand #159385704425:  Hold'em Limit ($3/$6 USD) - 2016/10/02 14:42:54 ET
Table 'Euboea II' 6-max Seat #3 is the button
Seat 2: 19woody58 ($237.43 in chips)
Seat 3: kolaz03 ($93.50 in chips)
kolaz03: posts small blind $1
19woody58: posts big blind $3
*** HOLE CARDS ***
kolaz03: raises $3 to $6
19woody58: calls $3
*** FLOP *** [9c 9d Qc]
19woody58: checks
kolaz03: bets $3
19woody58: calls $3
*** TURN *** [9c 9d Qc] [Kc]
19woody58: checks
kolaz03: checks
*** RIVER *** [9c 9d Qc Kc] [Ts]
19woody58: bets $6
kolaz03: calls $6
*** SHOW DOWN ***
19woody58: shows [Ks Ah] (two pair, Kings and Nines)
kolaz03: shows [Js 4d] (a straight, Nine to King)
kolaz03 collected $29.50 from pot
*** SUMMARY ***
Total pot $30 | Rake $0.50
Board [9c 9d Qc Kc Ts]
Seat 2: 19woody58 (big blind) showed [Ks Ah] and lost with two pair, Kings and Nines
Seat 3: kolaz03 (button) (small blind) showed [Js 4d] and won ($29.50) with a straight, Nine to King


PokerStars Hand #159385730187:  Hold'em Limit ($3/$6 USD) - 2016/10/02 14:43:20 ET
Table 'Euboea II' 6-max Seat #2 is the button
Seat 2: 19woody58 ($222.43 in chips)
Seat 3: kolaz03 ($108 in chips)
19woody58: posts small blind $1
kolaz03: posts big blind $3
*** HOLE CARDS ***
19woody58: raises $3 to $6
kolaz03: raises $3 to $9
19woody58: calls $3
*** FLOP *** [2c Ad 4h]
kolaz03: bets $3
19woody58: calls $3
*** TURN *** [2c Ad 4h] [Jd]
kolaz03: checks
19woody58: bets $6
kolaz03: calls $6
*** RIVER *** [2c Ad 4h Jd] [6s]
kolaz03: checks
19woody58: bets $6
kolaz03: folds
Uncalled bet ($6) returned to 19woody58
19woody58 collected $35.50 from pot
*** SUMMARY ***
Total pot $36 | Rake $0.50
Board [2c Ad 4h Jd 6s]
Seat 2: 19woody58 (button) (small blind) collected ($35.50)
Seat 3: kolaz03 (big blind) folded on the River


PokerStars Hand #159385757853:  Hold'em Limit ($3/$6 USD) - 2016/10/02 14:43:51 ET
Table 'Euboea II' 6-max Seat #3 is the button
Seat 2: 19woody58 ($239.93 in chips)
Seat 3: kolaz03 ($90 in chips)
kolaz03: posts small blind $1
19woody58: posts big blind $3
*** HOLE CARDS ***
kolaz03: folds
Uncalled bet ($2) returned to 19woody58
19woody58 collected $2 from pot
*** SUMMARY ***
Total pot $2 | Rake $0
Seat 2: 19woody58 (big blind) collected ($2)
Seat 3: kolaz03 (button) (small blind) folded before Flop


PokerStars Hand #159385763447:  Hold'em Limit ($3/$6 USD) - 2016/10/02 14:43:57 ET
Table 'Euboea II' 6-max Seat #2 is the button
Seat 2: 19woody58 ($240.93 in chips)
Seat 3: kolaz03 ($89 in chips)
19woody58: posts small blind $1
kolaz03: posts big blind $3
*** HOLE CARDS ***
19woody58: raises $3 to $6
kolaz03: raises $3 to $9
19woody58: calls $3
*** FLOP *** [3s Jh Jc]
kolaz03: bets $3
19woody58: calls $3
*** TURN *** [3s Jh Jc] [Ac]
kolaz03: bets $6
19woody58: calls $6
*** RIVER *** [3s Jh Jc Ac] [8d]
kolaz03: bets $6
19woody58: folds
Uncalled bet ($6) returned to kolaz03
kolaz03 collected $35.50 from pot
kolaz03: doesn't show hand
*** SUMMARY ***
Total pot $36 | Rake $0.50
Board [3s Jh Jc Ac 8d]
Seat 2: 19woody58 (button) (small blind) folded on the River
Seat 3: kolaz03 (big blind) collected ($35.50)


PokerStars Hand #159385786930:  Hold'em Limit ($3/$6 USD) - 2016/10/02 14:44:23 ET
Table 'Euboea II' 6-max Seat #3 is the button
Seat 2: 19woody58 ($222.93 in chips)
Seat 3: kolaz03 ($106.50 in chips)
kolaz03: posts small blind $1
19woody58: posts big blind $3
*** HOLE CARDS ***
kolaz03: raises $3 to $6
19woody58: calls $3
*** FLOP *** [2s 9s 3d]
19woody58: checks
kolaz03: bets $3
19woody58: calls $3
*** TURN *** [2s 9s 3d] [3h]
19woody58: checks
kolaz03: bets $6
19woody58: calls $6
*** RIVER *** [2s 9s 3d 3h] [6d]
19woody58: checks
kolaz03: checks
*** SHOW DOWN ***
19woody58: shows [2h Kc] (two pair, Threes and Deuces)
kolaz03: mucks hand
19woody58 collected $29.50 from pot
*** SUMMARY ***
Total pot $30 | Rake $0.50
Board [2s 9s 3d 3h 6d]
Seat 2: 19woody58 (big blind) showed [2h Kc] and won ($29.50) with two pair, Threes and Deuces
Seat 3: kolaz03 (button) (small blind) mucked


PokerStars Hand #159385808017:  Hold'em Limit ($3/$6 USD) - 2016/10/02 14:44:46 ET
Table 'Euboea II' 6-max Seat #2 is the button
Seat 2: 19woody58 ($237.43 in chips)
Seat 3: kolaz03 ($91.50 in chips)
19woody58: posts small blind $1
kolaz03: posts big blind $3
*** HOLE CARDS ***
19woody58: folds
Uncalled bet ($2) returned to kolaz03
kolaz03 collected $2 from pot
kolaz03: doesn't show hand
*** SUMMARY ***
Total pot $2 | Rake $0
Seat 2: 19woody58 (button) (small blind) folded before Flop
Seat 3: kolaz03 (big blind) collected ($2)


PokerStars Hand #159385812601:  Hold'em Limit ($3/$6 USD) - 2016/10/02 14:44:51 ET
Table 'Euboea II' 6-max Seat #3 is the button
Seat 2: 19woody58 ($236.43 in chips)
Seat 3: kolaz03 ($92.50 in chips)
kolaz03: posts small blind $1
19woody58: posts big blind $3
*** HOLE CARDS ***
kolaz03: folds
Uncalled bet ($2) returned to 19woody58
19woody58 collected $2 from pot
*** SUMMARY ***
Total pot $2 | Rake $0
Seat 2: 19woody58 (big blind) collected ($2)
Seat 3: kolaz03 (button) (small blind) folded before Flop


PokerStars Hand #159385819202:  Hold'em Limit ($3/$6 USD) - 2016/10/02 14:44:58 ET
Table 'Euboea II' 6-max Seat #2 is the button
Seat 2: 19woody58 ($237.43 in chips)
Seat 3: kolaz03 ($91.50 in chips)
19woody58: posts small blind $1
kolaz03: posts big blind $3
*** HOLE CARDS ***
19woody58: raises $3 to $6
kolaz03: calls $3
*** FLOP *** [Jh 2h 8h]
kolaz03: checks
IveGoneNuts joins the table at seat #4
19woody58: bets $3
kolaz03: raises $3 to $6
19woody58: calls $3
*** TURN *** [Jh 2h 8h] [4h]
kolaz03: bets $6
19woody58: calls $6
*** RIVER *** [Jh 2h 8h 4h] [2c]
kolaz03: bets $6
19woody58: calls $6
*** SHOW DOWN ***
kolaz03: shows [8d 2d] (a full house, Deuces full of Eights)
19woody58: mucks hand
kolaz03 collected $47.50 from pot
*** SUMMARY ***
Total pot $48 | Rake $0.50
Board [Jh 2h 8h 4h 2c]
Seat 2: 19woody58 (button) (small blind) mucked
Seat 3: kolaz03 (big blind) showed [8d 2d] and won ($47.50) with a full house, Deuces full of Eights


PokerStars Hand #159385889692:  Hold'em Limit ($3/$6 USD) - 2016/10/02 14:46:16 ET
Table 'Euboea II' 6-max Seat #3 is the button
Seat 3: kolaz03 ($99 in chips)
Seat 4: IveGoneNuts ($91.81 in chips)
kolaz03: posts small blind $1
IveGoneNuts: posts big blind $3
*** HOLE CARDS ***
kolaz03: raises $3 to $6
IveGoneNuts: raises $3 to $9
kolaz03: calls $3
*** FLOP *** [As Kc 4d]
IveGoneNuts: bets $3
19woody58 leaves the table
kolaz03: folds
Uncalled bet ($3) returned to IveGoneNuts
IveGoneNuts collected $17.64 from pot
IveGoneNuts: doesn't show hand
*** SUMMARY ***
Total pot $18 | Rake $0.36
Board [As Kc 4d]
Seat 3: kolaz03 (button) (small blind) folded on the Flop
Seat 4: IveGoneNuts (big blind) collected ($17.64)


