PokerStars Hand #163722143571:  Hold'em Limit ($3/$6 USD) - 2016/12/29 12:55:09 ET
Table 'Eucharis' 6-max Seat #4 is the button
Seat 3: IveGoneNuts ($102.62 in chips)
Seat 4: AzureCaper ($72 in chips)
AzureCaper: posts small blind $1
IveGoneNuts: posts big blind $3
*** HOLE CARDS ***
AzureCaper: raises $3 to $6
IveGoneNuts: calls $3
*** FLOP *** [4d Th 3c]
IveGoneNuts: checks
AzureCaper: bets $3
IveGoneNuts: calls $3
*** TURN *** [4d Th 3c] [4s]
IveGoneNuts: checks
AzureCaper: bets $6
IveGoneNuts: calls $6
*** RIVER *** [4d Th 3c 4s] [9c]
IveGoneNuts: checks
AzureCaper: bets $6
IveGoneNuts: calls $6
*** SHOW DOWN ***
AzureCaper: shows [9h Ac] (two pair, Nines and Fours)
IveGoneNuts: mucks hand
AzureCaper collected $41.50 from pot
*** SUMMARY ***
Total pot $42 | Rake $0.50
Board [4d Th 3c 4s 9c]
Seat 3: IveGoneNuts (big blind) mucked
Seat 4: AzureCaper (button) (small blind) showed [9h Ac] and won ($41.50) with two pair, Nines and Fours


PokerStars Hand #163722108237:  Hold'em Limit ($3/$6 USD) - 2016/12/29 12:54:31 ET
Table 'Eucharis' 6-max Seat #3 is the button
Seat 3: IveGoneNuts ($96.86 in chips)
Seat 4: AzureCaper ($72 in chips)
IveGoneNuts: posts small blind $1
AzureCaper: posts big blind $3
*** HOLE CARDS ***
IveGoneNuts: raises $3 to $6
AzureCaper: calls $3
*** FLOP *** [Ah 2s Qd]
AzureCaper: checks
IveGoneNuts: bets $3
AzureCaper: folds
Uncalled bet ($3) returned to IveGoneNuts
IveGoneNuts collected $11.76 from pot
IveGoneNuts: doesn't show hand
*** SUMMARY ***
Total pot $12 | Rake $0.24
Board [Ah 2s Qd]
Seat 3: IveGoneNuts (button) (small blind) collected ($11.76)
Seat 4: AzureCaper (big blind) folded on the Flop


PokerStars Hand #163722193421:  Hold'em Limit ($3/$6 USD) - 2016/12/29 12:56:10 ET
Table 'Eucharis' 6-max Seat #4 is the button
Seat 3: IveGoneNuts ($115.15 in chips)
Seat 4: AzureCaper ($101.14 in chips)
AzureCaper: posts small blind $1
IveGoneNuts: posts big blind $3
*** HOLE CARDS ***
AzureCaper: raises $3 to $6
IveGoneNuts: folds
Uncalled bet ($3) returned to AzureCaper
AzureCaper collected $6 from pot
AzureCaper: doesn't show hand
*** SUMMARY ***
Total pot $6 | Rake $0
Seat 3: IveGoneNuts (big blind) folded before Flop
Seat 4: AzureCaper (button) (small blind) collected ($6)


PokerStars Hand #163722161830:  Hold'em Limit ($3/$6 USD) - 2016/12/29 12:55:33 ET
Table 'Eucharis' 6-max Seat #3 is the button
Seat 3: IveGoneNuts ($81.62 in chips)
Seat 4: AzureCaper ($92.50 in chips)
IveGoneNuts: posts small blind $1
AzureCaper: posts big blind $3
*** HOLE CARDS ***
IveGoneNuts: raises $3 to $6
AzureCaper: calls $3
*** FLOP *** [Kd Ts 8s]
AzureCaper: checks
IveGoneNuts: bets $3
AzureCaper: calls $3
*** TURN *** [Kd Ts 8s] [Jd]
AzureCaper: checks
IveGoneNuts: checks
*** RIVER *** [Kd Ts 8s Jd] [Th]
AzureCaper: checks
IveGoneNuts: checks
*** SHOW DOWN ***
AzureCaper: shows [5s 5h] (two pair, Tens and Fives)
IveGoneNuts: mucks hand
AzureCaper collected $17.64 from pot
*** SUMMARY ***
Total pot $18 | Rake $0.36
Board [Kd Ts 8s Jd Th]
Seat 3: IveGoneNuts (button) (small blind) mucked
Seat 4: AzureCaper (big blind) showed [5s 5h] and won ($17.64) with two pair, Tens and Fives


PokerStars Hand #163722198422:  Hold'em Limit ($3/$6 USD) - 2016/12/29 12:56:16 ET
Table 'Eucharis' 6-max Seat #3 is the button
Seat 3: IveGoneNuts ($112.15 in chips)
Seat 4: AzureCaper ($104.14 in chips)
IveGoneNuts: posts small blind $1
AzureCaper: posts big blind $3
*** HOLE CARDS ***
IveGoneNuts: raises $3 to $6
AzureCaper: calls $3
*** FLOP *** [Js 2c 7h]
AzureCaper: bets $3
IveGoneNuts: raises $3 to $6
AzureCaper: calls $3
*** TURN *** [Js 2c 7h] [8c]
AzureCaper: bets $6
IveGoneNuts: raises $6 to $12
AzureCaper: calls $6
*** RIVER *** [Js 2c 7h 8c] [Kc]
AzureCaper: checks
IveGoneNuts: bets $6
AzureCaper: folds
Uncalled bet ($6) returned to IveGoneNuts
IveGoneNuts collected $47.50 from pot
IveGoneNuts: doesn't show hand
*** SUMMARY ***
Total pot $48 | Rake $0.50
Board [Js 2c 7h 8c Kc]
Seat 3: IveGoneNuts (button) (small blind) collected ($47.50)
Seat 4: AzureCaper (big blind) folded on the River


PokerStars Hand #163722251714:  Hold'em Limit ($3/$6 USD) - 2016/12/29 12:57:27 ET
Table 'Eucharis' 6-max Seat #3 is the button
Seat 3: IveGoneNuts ($146.29 in chips)
Seat 4: AzureCaper ($72 in chips)
IveGoneNuts: posts small blind $1
AzureCaper: posts big blind $3
*** HOLE CARDS ***
IveGoneNuts: raises $3 to $6
AzureCaper: calls $3
*** FLOP *** [7h Qd 9d]
AzureCaper: checks
IveGoneNuts: bets $3
AzureCaper: calls $3
*** TURN *** [7h Qd 9d] [Tc]
AzureCaper: checks
IveGoneNuts: checks
*** RIVER *** [7h Qd 9d Tc] [7c]
AzureCaper: bets $6
IveGoneNuts: calls $6
*** SHOW DOWN ***
AzureCaper: shows [Kd 8c] (a pair of Sevens)
IveGoneNuts: shows [5c 5h] (two pair, Sevens and Fives)
IveGoneNuts collected $29.50 from pot
ragz2riche5 joins the table at seat #2
*** SUMMARY ***
Total pot $30 | Rake $0.50
Board [7h Qd 9d Tc 7c]
Seat 3: IveGoneNuts (button) (small blind) showed [5c 5h] and won ($29.50) with two pair, Sevens and Fives
Seat 4: AzureCaper (big blind) showed [Kd 8c] and lost with a pair of Sevens


PokerStars Hand #163722247538:  Hold'em Limit ($3/$6 USD) - 2016/12/29 12:57:22 ET
Table 'Eucharis' 6-max Seat #4 is the button
Seat 3: IveGoneNuts ($145.29 in chips)
Seat 4: AzureCaper ($72 in chips)
AzureCaper: posts small blind $1
IveGoneNuts: posts big blind $3
*** HOLE CARDS ***
AzureCaper: folds
Uncalled bet ($2) returned to IveGoneNuts
IveGoneNuts collected $2 from pot
IveGoneNuts: doesn't show hand
*** SUMMARY ***
Total pot $2 | Rake $0
Seat 3: IveGoneNuts (big blind) collected ($2)
Seat 4: AzureCaper (button) (small blind) folded before Flop


PokerStars Hand #163722236191:  Hold'em Limit ($3/$6 USD) - 2016/12/29 12:57:07 ET
Table 'Eucharis' 6-max Seat #3 is the button
Seat 3: IveGoneNuts ($136.65 in chips)
Seat 4: AzureCaper ($79.14 in chips)
IveGoneNuts: posts small blind $1
AzureCaper: posts big blind $3
*** HOLE CARDS ***
IveGoneNuts: raises $3 to $6
AzureCaper: calls $3
*** FLOP *** [Kc Qs 7c]
AzureCaper: bets $3
IveGoneNuts: raises $3 to $6
AzureCaper: folds
Uncalled bet ($3) returned to IveGoneNuts
IveGoneNuts collected $17.64 from pot
IveGoneNuts: doesn't show hand
*** SUMMARY ***
Total pot $18 | Rake $0.36
Board [Kc Qs 7c]
Seat 3: IveGoneNuts (button) (small blind) collected ($17.64)
Seat 4: AzureCaper (big blind) folded on the Flop


PokerStars Hand #163722231899:  Hold'em Limit ($3/$6 USD) - 2016/12/29 12:57:01 ET
Table 'Eucharis' 6-max Seat #4 is the button
Seat 3: IveGoneNuts ($135.65 in chips)
Seat 4: AzureCaper ($80.14 in chips)
AzureCaper: posts small blind $1
IveGoneNuts: posts big blind $3
*** HOLE CARDS ***
AzureCaper: folds
Uncalled bet ($2) returned to IveGoneNuts
IveGoneNuts collected $2 from pot
IveGoneNuts: doesn't show hand
*** SUMMARY ***
Total pot $2 | Rake $0
Seat 3: IveGoneNuts (big blind) collected ($2)
Seat 4: AzureCaper (button) (small blind) folded before Flop


PokerStars Hand #163722378539:  Hold'em Limit ($3/$6 USD) - 2016/12/29 13:00:15 ET
Table 'Eucharis' 6-max Seat #3 is the button
Seat 3: IveGoneNuts ($171.96 in chips)
Seat 4: AzureCaper ($72 in chips)
IveGoneNuts: posts small blind $1
AzureCaper: posts big blind $3
*** HOLE CARDS ***
IveGoneNuts: folds
Uncalled bet ($2) returned to AzureCaper
AzureCaper collected $2 from pot
AzureCaper: doesn't show hand
*** SUMMARY ***
Total pot $2 | Rake $0
Seat 3: IveGoneNuts (button) (small blind) folded before Flop
Seat 4: AzureCaper (big blind) collected ($2)


PokerStars Hand #163722373228:  Hold'em Limit ($3/$6 USD) - 2016/12/29 13:00:08 ET
Table 'Eucharis' 6-max Seat #4 is the button
Seat 3: IveGoneNuts ($170.96 in chips)
Seat 4: AzureCaper ($72 in chips)
AzureCaper: posts small blind $1
ragz2riche5: is sitting out
IveGoneNuts: posts big blind $3
*** HOLE CARDS ***
AzureCaper: folds
Uncalled bet ($2) returned to IveGoneNuts
IveGoneNuts collected $2 from pot
IveGoneNuts: doesn't show hand
*** SUMMARY ***
Total pot $2 | Rake $0
Seat 3: IveGoneNuts (big blind) collected ($2)
Seat 4: AzureCaper (button) (small blind) folded before Flop


PokerStars Hand #163722454801:  Hold'em Limit ($3/$6 USD) - 2016/12/29 13:01:48 ET
Table 'Eucharis' 6-max Seat #4 is the button
Seat 3: IveGoneNuts ($103.96 in chips)
Seat 4: AzureCaper ($133.67 in chips)
AzureCaper: posts small blind $1
IveGoneNuts: posts big blind $3
*** HOLE CARDS ***
ragz2riche5 is disconnected
AzureCaper: folds
Uncalled bet ($2) returned to IveGoneNuts
IveGoneNuts collected $2 from pot
IveGoneNuts: doesn't show hand
*** SUMMARY ***
Total pot $2 | Rake $0
Seat 3: IveGoneNuts (big blind) collected ($2)
Seat 4: AzureCaper (button) (small blind) folded before Flop


PokerStars Hand #163722450686:  Hold'em Limit ($3/$6 USD) - 2016/12/29 13:01:43 ET
Table 'Eucharis' 6-max Seat #3 is the button
Seat 3: IveGoneNuts ($104.96 in chips)
Seat 4: AzureCaper ($132.67 in chips)
IveGoneNuts: posts small blind $1
AzureCaper: posts big blind $3
*** HOLE CARDS ***
IveGoneNuts: folds
Uncalled bet ($2) returned to AzureCaper
AzureCaper collected $2 from pot
AzureCaper: doesn't show hand
*** SUMMARY ***
Total pot $2 | Rake $0
Seat 3: IveGoneNuts (button) (small blind) folded before Flop
Seat 4: AzureCaper (big blind) collected ($2)


PokerStars Hand #163722446135:  Hold'em Limit ($3/$6 USD) - 2016/12/29 13:01:38 ET
Table 'Eucharis' 6-max Seat #4 is the button
Seat 3: IveGoneNuts ($103.96 in chips)
Seat 4: AzureCaper ($133.67 in chips)
AzureCaper: posts small blind $1
IveGoneNuts: posts big blind $3
*** HOLE CARDS ***
AzureCaper: folds
Uncalled bet ($2) returned to IveGoneNuts
IveGoneNuts collected $2 from pot
IveGoneNuts: doesn't show hand
*** SUMMARY ***
Total pot $2 | Rake $0
Seat 3: IveGoneNuts (big blind) collected ($2)
Seat 4: AzureCaper (button) (small blind) folded before Flop


PokerStars Hand #163722440228:  Hold'em Limit ($3/$6 USD) - 2016/12/29 13:01:31 ET
Table 'Eucharis' 6-max Seat #3 is the button
Seat 3: IveGoneNuts ($100.96 in chips)
Seat 4: AzureCaper ($136.67 in chips)
IveGoneNuts: posts small blind $1
AzureCaper: posts big blind $3
*** HOLE CARDS ***
IveGoneNuts: raises $3 to $6
AzureCaper: folds
Uncalled bet ($3) returned to IveGoneNuts
IveGoneNuts collected $6 from pot
IveGoneNuts: doesn't show hand
*** SUMMARY ***
Total pot $6 | Rake $0
Seat 3: IveGoneNuts (button) (small blind) collected ($6)
Seat 4: AzureCaper (big blind) folded before Flop


PokerStars Hand #163722418027:  Hold'em Limit ($3/$6 USD) - 2016/12/29 13:01:04 ET
Table 'Eucharis' 6-max Seat #4 is the button
Seat 3: IveGoneNuts ($139.96 in chips)
Seat 4: AzureCaper ($98.17 in chips)
AzureCaper: posts small blind $1
ragz2riche5: is sitting out
IveGoneNuts: posts big blind $3
*** HOLE CARDS ***
AzureCaper: raises $3 to $6
IveGoneNuts: calls $3
*** FLOP *** [2d 2s 3c]
IveGoneNuts: checks
AzureCaper: bets $3
IveGoneNuts: calls $3
*** TURN *** [2d 2s 3c] [9d]
IveGoneNuts: checks
AzureCaper: bets $6
IveGoneNuts: raises $6 to $12
AzureCaper: raises $6 to $18
IveGoneNuts: raises $6 to $24
Betting is capped
AzureCaper: calls $6
*** RIVER *** [2d 2s 3c 9d] [3h]
IveGoneNuts: bets $6
AzureCaper: raises $6 to $12
IveGoneNuts: folds
Uncalled bet ($6) returned to AzureCaper
AzureCaper collected $77.50 from pot
AzureCaper: doesn't show hand
*** SUMMARY ***
Total pot $78 | Rake $0.50
Board [2d 2s 3c 9d 3h]
Seat 3: IveGoneNuts (big blind) folded on the River
Seat 4: AzureCaper (button) (small blind) collected ($77.50)


PokerStars Hand #163722509987:  Hold'em Limit ($3/$6 USD) - 2016/12/29 13:02:47 ET
Table 'Eucharis' 6-max Seat #3 is the button
Seat 3: IveGoneNuts ($139.96 in chips)
Seat 4: AzureCaper ($96.67 in chips)
IveGoneNuts: posts small blind $1
AzureCaper: posts big blind $3
*** HOLE CARDS ***
IveGoneNuts: raises $3 to $6
AzureCaper: calls $3
*** FLOP *** [9c Ah Th]
AzureCaper: checks
IveGoneNuts: bets $3
AzureCaper: raises $3 to $6
IveGoneNuts: calls $3
*** TURN *** [9c Ah Th] [4s]
AzureCaper: bets $6
IveGoneNuts: folds
Uncalled bet ($6) returned to AzureCaper
AzureCaper collected $23.52 from pot
AzureCaper: doesn't show hand
*** SUMMARY ***
Total pot $24 | Rake $0.48
Board [9c Ah Th 4s]
Seat 3: IveGoneNuts (button) (small blind) folded on the Turn
Seat 4: AzureCaper (big blind) collected ($23.52)


PokerStars Hand #163722488718:  Hold'em Limit ($3/$6 USD) - 2016/12/29 13:02:24 ET
Table 'Eucharis' 6-max Seat #4 is the button
Seat 3: IveGoneNuts ($125.46 in chips)
Seat 4: AzureCaper ($111.67 in chips)
AzureCaper: posts small blind $1
IveGoneNuts: posts big blind $3
*** HOLE CARDS ***
AzureCaper: raises $3 to $6
IveGoneNuts: calls $3
*** FLOP *** [6c 4s Kc]
IveGoneNuts: checks
AzureCaper: bets $3
IveGoneNuts: raises $3 to $6
AzureCaper: raises $3 to $9
IveGoneNuts: calls $3
*** TURN *** [6c 4s Kc] [3s]
IveGoneNuts: checks
AzureCaper: checks
*** RIVER *** [6c 4s Kc 3s] [8h]
IveGoneNuts: bets $6
AzureCaper: folds
Uncalled bet ($6) returned to IveGoneNuts
IveGoneNuts collected $29.50 from pot
IveGoneNuts: doesn't show hand
*** SUMMARY ***
Total pot $30 | Rake $0.50
Board [6c 4s Kc 3s 8h]
Seat 3: IveGoneNuts (big blind) collected ($29.50)
Seat 4: AzureCaper (button) (small blind) folded on the River


PokerStars Hand #163722461140:  Hold'em Limit ($3/$6 USD) - 2016/12/29 13:01:55 ET
Table 'Eucharis' 6-max Seat #3 is the button
Seat 3: IveGoneNuts ($104.96 in chips)
Seat 4: AzureCaper ($132.67 in chips)
IveGoneNuts: posts small blind $1
AzureCaper: posts big blind $3
*** HOLE CARDS ***
IveGoneNuts: raises $3 to $6
AzureCaper: calls $3
*** FLOP *** [As Ad Ah]
AzureCaper: checks
IveGoneNuts: bets $3
AzureCaper: calls $3
*** TURN *** [As Ad Ah] [4d]
AzureCaper: checks
IveGoneNuts: bets $6
AzureCaper: calls $6
*** RIVER *** [As Ad Ah 4d] [9s]
AzureCaper: checks
IveGoneNuts: bets $6
AzureCaper: calls $6
*** SHOW DOWN ***
IveGoneNuts: shows [8s Ac] (four of a kind, Aces)
AzureCaper: mucks hand
IveGoneNuts collected $41.50 from pot
*** SUMMARY ***
Total pot $42 | Rake $0.50
Board [As Ad Ah 4d 9s]
Seat 3: IveGoneNuts (button) (small blind) showed [8s Ac] and won ($41.50) with four of a kind, Aces
Seat 4: AzureCaper (big blind) mucked


PokerStars Hand #163722524469:  Hold'em Limit ($3/$6 USD) - 2016/12/29 13:03:02 ET
Table 'Eucharis' 6-max Seat #4 is the button
Seat 3: IveGoneNuts ($127.96 in chips)
Seat 4: AzureCaper ($108.19 in chips)
AzureCaper: posts small blind $1
IveGoneNuts: posts big blind $3
*** HOLE CARDS ***
AzureCaper: raises $3 to $6
IveGoneNuts: calls $3
*** FLOP *** [Jh 6s Ts]
IveGoneNuts: checks
AzureCaper: bets $3
IveGoneNuts: folds
Uncalled bet ($3) returned to AzureCaper
AzureCaper collected $11.76 from pot
AzureCaper: doesn't show hand
*** SUMMARY ***
Total pot $12 | Rake $0.24
Board [Jh 6s Ts]
Seat 3: IveGoneNuts (big blind) folded on the Flop
Seat 4: AzureCaper (button) (small blind) collected ($11.76)


PokerStars Hand #163722533569:  Hold'em Limit ($3/$6 USD) - 2016/12/29 13:03:12 ET
Table 'Eucharis' 6-max Seat #3 is the button
Seat 3: IveGoneNuts ($121.96 in chips)
Seat 4: AzureCaper ($113.95 in chips)
IveGoneNuts: posts small blind $1
AzureCaper: posts big blind $3
*** HOLE CARDS ***
IveGoneNuts: raises $3 to $6
AzureCaper: raises $3 to $9
IveGoneNuts: calls $3
*** FLOP *** [Qc 3s Qd]
AzureCaper: bets $3
IveGoneNuts: raises $3 to $6
AzureCaper: raises $3 to $9
IveGoneNuts: calls $3
*** TURN *** [Qc 3s Qd] [Ad]
AzureCaper: bets $6
IveGoneNuts: calls $6
*** RIVER *** [Qc 3s Qd Ad] [Kh]
AzureCaper: checks
IveGoneNuts: checks
*** SHOW DOWN ***
AzureCaper: shows [Jc As] (two pair, Aces and Queens)
IveGoneNuts: mucks hand
AzureCaper collected $47.50 from pot
*** SUMMARY ***
Total pot $48 | Rake $0.50
Board [Qc 3s Qd Ad Kh]
Seat 3: IveGoneNuts (button) (small blind) mucked
Seat 4: AzureCaper (big blind) showed [Jc As] and won ($47.50) with two pair, Aces and Queens


PokerStars Hand #163722571542:  Hold'em Limit ($3/$6 USD) - 2016/12/29 13:03:53 ET
Table 'Eucharis' 6-max Seat #4 is the button
Seat 3: IveGoneNuts ($97.96 in chips)
Seat 4: AzureCaper ($137.45 in chips)
AzureCaper: posts small blind $1
IveGoneNuts: posts big blind $3
*** HOLE CARDS ***
AzureCaper: raises $3 to $6
IveGoneNuts: calls $3
*** FLOP *** [4s Kd 2s]
IveGoneNuts: checks
AzureCaper: bets $3
IveGoneNuts: calls $3
*** TURN *** [4s Kd 2s] [8h]
IveGoneNuts: checks
AzureCaper: checks
*** RIVER *** [4s Kd 2s 8h] [8c]
IveGoneNuts: bets $6
AzureCaper: calls $6
*** SHOW DOWN ***
IveGoneNuts: shows [4d 5s] (two pair, Eights and Fours)
AzureCaper: mucks hand
IveGoneNuts collected $29.50 from pot
*** SUMMARY ***
Total pot $30 | Rake $0.50
Board [4s Kd 2s 8h 8c]
Seat 3: IveGoneNuts (big blind) showed [4d 5s] and won ($29.50) with two pair, Eights and Fours
Seat 4: AzureCaper (button) (small blind) mucked


PokerStars Hand #163722608164:  Hold'em Limit ($3/$6 USD) - 2016/12/29 13:04:32 ET
Table 'Eucharis' 6-max Seat #4 is the button
Seat 3: IveGoneNuts ($135.96 in chips)
Seat 4: AzureCaper ($98.45 in chips)
AzureCaper: posts small blind $1
IveGoneNuts: posts big blind $3
*** HOLE CARDS ***
AzureCaper: folds
Uncalled bet ($2) returned to IveGoneNuts
IveGoneNuts collected $2 from pot
IveGoneNuts: doesn't show hand
*** SUMMARY ***
Total pot $2 | Rake $0
Seat 3: IveGoneNuts (big blind) collected ($2)
Seat 4: AzureCaper (button) (small blind) folded before Flop


PokerStars Hand #163722589979:  Hold'em Limit ($3/$6 USD) - 2016/12/29 13:04:13 ET
Table 'Eucharis' 6-max Seat #3 is the button
Seat 3: IveGoneNuts ($112.46 in chips)
Seat 4: AzureCaper ($122.45 in chips)
IveGoneNuts: posts small blind $1
AzureCaper: posts big blind $3
*** HOLE CARDS ***
IveGoneNuts: raises $3 to $6
AzureCaper: calls $3
*** FLOP *** [3c 6c 7d]
AzureCaper: checks
IveGoneNuts: bets $3
AzureCaper: raises $3 to $6
IveGoneNuts: calls $3
*** TURN *** [3c 6c 7d] [Jh]
AzureCaper: bets $6
IveGoneNuts: calls $6
*** RIVER *** [3c 6c 7d Jh] [Jc]
AzureCaper: bets $6
IveGoneNuts: calls $6
*** SHOW DOWN ***
AzureCaper: shows [4d Td] (a pair of Jacks)
IveGoneNuts: shows [Ad Qs] (a pair of Jacks - Ace kicker)
IveGoneNuts collected $47.50 from pot
*** SUMMARY ***
Total pot $48 | Rake $0.50
Board [3c 6c 7d Jh Jc]
Seat 3: IveGoneNuts (button) (small blind) showed [Ad Qs] and won ($47.50) with a pair of Jacks
Seat 4: AzureCaper (big blind) showed [4d Td] and lost with a pair of Jacks


PokerStars Hand #163722644839:  Hold'em Limit ($3/$6 USD) - 2016/12/29 13:05:09 ET
Table 'Eucharis' 6-max Seat #4 is the button
Seat 3: IveGoneNuts ($112.96 in chips)
Seat 4: AzureCaper ($120.95 in chips)
AzureCaper: posts small blind $1
IveGoneNuts: posts big blind $3
*** HOLE CARDS ***
AzureCaper: folds
Uncalled bet ($2) returned to IveGoneNuts
IveGoneNuts collected $2 from pot
IveGoneNuts: doesn't show hand
*** SUMMARY ***
Total pot $2 | Rake $0
Seat 3: IveGoneNuts (big blind) collected ($2)
Seat 4: AzureCaper (button) (small blind) folded before Flop


PokerStars Hand #163722613481:  Hold'em Limit ($3/$6 USD) - 2016/12/29 13:04:37 ET
Table 'Eucharis' 6-max Seat #3 is the button
Seat 3: IveGoneNuts ($136.96 in chips)
Seat 4: AzureCaper ($97.45 in chips)
IveGoneNuts: posts small blind $1
AzureCaper: posts big blind $3
*** HOLE CARDS ***
IveGoneNuts: raises $3 to $6
AzureCaper: raises $3 to $9
IveGoneNuts: calls $3
*** FLOP *** [5s Jd 2d]
AzureCaper: bets $3
IveGoneNuts: calls $3
*** TURN *** [5s Jd 2d] [6s]
AzureCaper: bets $6
IveGoneNuts: calls $6
*** RIVER *** [5s Jd 2d 6s] [2s]
AzureCaper: bets $6
IveGoneNuts: calls $6
*** SHOW DOWN ***
AzureCaper: shows [Tc Th] (two pair, Tens and Deuces)
IveGoneNuts: mucks hand
AzureCaper collected $47.50 from pot
*** SUMMARY ***
Total pot $48 | Rake $0.50
Board [5s Jd 2d 6s 2s]
Seat 3: IveGoneNuts (button) (small blind) mucked
Seat 4: AzureCaper (big blind) showed [Tc Th] and won ($47.50) with two pair, Tens and Deuces


PokerStars Hand #163722677104:  Hold'em Limit ($3/$6 USD) - 2016/12/29 13:05:43 ET
Table 'Eucharis' 6-max Seat #4 is the button
Seat 3: IveGoneNuts ($120.96 in chips)
Seat 4: AzureCaper ($112.95 in chips)
AzureCaper: posts small blind $1
IveGoneNuts: posts big blind $3
*** HOLE CARDS ***
AzureCaper: raises $3 to $6
IveGoneNuts: raises $3 to $9
AzureCaper: raises $3 to $12
Betting is capped
IveGoneNuts: calls $3
*** FLOP *** [Ah Qc 5h]
IveGoneNuts: checks
AzureCaper: bets $3
IveGoneNuts: calls $3
*** TURN *** [Ah Qc 5h] [Jh]
IveGoneNuts: checks
AzureCaper: bets $6
IveGoneNuts: raises $6 to $12
AzureCaper: calls $6
*** RIVER *** [Ah Qc 5h Jh] [3s]
IveGoneNuts: bets $6
AzureCaper: calls $6
*** SHOW DOWN ***
IveGoneNuts: shows [Tc Kc] (a straight, Ten to Ace)
AzureCaper: mucks hand
IveGoneNuts collected $65.50 from pot
*** SUMMARY ***
Total pot $66 | Rake $0.50
Board [Ah Qc 5h Jh 3s]
Seat 3: IveGoneNuts (big blind) showed [Tc Kc] and won ($65.50) with a straight, Ten to Ace
Seat 4: AzureCaper (button) (small blind) mucked


PokerStars Hand #163722666316:  Hold'em Limit ($3/$6 USD) - 2016/12/29 13:05:31 ET
Table 'Eucharis' 6-max Seat #3 is the button
Seat 3: IveGoneNuts ($117.96 in chips)
Seat 4: AzureCaper ($115.95 in chips)
IveGoneNuts: posts small blind $1
AzureCaper: posts big blind $3
*** HOLE CARDS ***
IveGoneNuts: raises $3 to $6
AzureCaper: folds
Uncalled bet ($3) returned to IveGoneNuts
IveGoneNuts collected $6 from pot
IveGoneNuts: doesn't show hand
*** SUMMARY ***
Total pot $6 | Rake $0
Seat 3: IveGoneNuts (button) (small blind) collected ($6)
Seat 4: AzureCaper (big blind) folded before Flop


PokerStars Hand #163722661022:  Hold'em Limit ($3/$6 USD) - 2016/12/29 13:05:26 ET
Table 'Eucharis' 6-max Seat #4 is the button
Seat 3: IveGoneNuts ($116.96 in chips)
Seat 4: AzureCaper ($116.95 in chips)
AzureCaper: posts small blind $1
IveGoneNuts: posts big blind $3
*** HOLE CARDS ***
AzureCaper: folds
Uncalled bet ($2) returned to IveGoneNuts
IveGoneNuts collected $2 from pot
IveGoneNuts: doesn't show hand
*** SUMMARY ***
Total pot $2 | Rake $0
Seat 3: IveGoneNuts (big blind) collected ($2)
Seat 4: AzureCaper (button) (small blind) folded before Flop


PokerStars Hand #163722650633:  Hold'em Limit ($3/$6 USD) - 2016/12/29 13:05:15 ET
Table 'Eucharis' 6-max Seat #3 is the button
Seat 3: IveGoneNuts ($113.96 in chips)
Seat 4: AzureCaper ($119.95 in chips)
IveGoneNuts: posts small blind $1
AzureCaper: posts big blind $3
*** HOLE CARDS ***
IveGoneNuts: raises $3 to $6
AzureCaper: folds
Uncalled bet ($3) returned to IveGoneNuts
IveGoneNuts collected $6 from pot
IveGoneNuts: doesn't show hand
*** SUMMARY ***
Total pot $6 | Rake $0
Seat 3: IveGoneNuts (button) (small blind) collected ($6)
Seat 4: AzureCaper (big blind) folded before Flop


PokerStars Hand #163722733254:  Hold'em Limit ($3/$6 USD) - 2016/12/29 13:06:41 ET
Table 'Eucharis' 6-max Seat #3 is the button
Seat 3: IveGoneNuts ($124.46 in chips)
Seat 4: AzureCaper ($108.45 in chips)
IveGoneNuts: posts small blind $1
AzureCaper: posts big blind $3
*** HOLE CARDS ***
lelala joins the table at seat #5
IveGoneNuts: raises $3 to $6
AzureCaper: folds
Uncalled bet ($3) returned to IveGoneNuts
IveGoneNuts collected $6 from pot
IveGoneNuts: doesn't show hand
*** SUMMARY ***
Total pot $6 | Rake $0
Seat 3: IveGoneNuts (button) (small blind) collected ($6)
Seat 4: AzureCaper (big blind) folded before Flop


PokerStars Hand #163722724109:  Hold'em Limit ($3/$6 USD) - 2016/12/29 13:06:31 ET
Table 'Eucharis' 6-max Seat #4 is the button
Seat 3: IveGoneNuts ($123.46 in chips)
Seat 4: AzureCaper ($109.45 in chips)
AzureCaper: posts small blind $1
IveGoneNuts: posts big blind $3
*** HOLE CARDS ***
AzureCaper: folds
Uncalled bet ($2) returned to IveGoneNuts
IveGoneNuts collected $2 from pot
IveGoneNuts: doesn't show hand
*** SUMMARY ***
Total pot $2 | Rake $0
Seat 3: IveGoneNuts (big blind) collected ($2)
Seat 4: AzureCaper (button) (small blind) folded before Flop


PokerStars Hand #163722699273:  Hold'em Limit ($3/$6 USD) - 2016/12/29 13:06:06 ET
Table 'Eucharis' 6-max Seat #3 is the button
Seat 3: IveGoneNuts ($153.46 in chips)
Seat 4: AzureCaper ($79.95 in chips)
IveGoneNuts: posts small blind $1
AzureCaper: posts big blind $3
*** HOLE CARDS ***
IveGoneNuts: raises $3 to $6
AzureCaper: raises $3 to $9
IveGoneNuts: calls $3
*** FLOP *** [7c 9c Qs]
AzureCaper: bets $3
IveGoneNuts: calls $3
*** TURN *** [7c 9c Qs] [Jc]
AzureCaper: bets $6
IveGoneNuts: raises $6 to $12
AzureCaper: calls $6
*** RIVER *** [7c 9c Qs Jc] [8c]
AzureCaper: bets $6
IveGoneNuts: calls $6
*** SHOW DOWN ***
AzureCaper: shows [Qc Jh] (a flush, Queen high)
IveGoneNuts: mucks hand
AzureCaper collected $59.50 from pot
*** SUMMARY ***
Total pot $60 | Rake $0.50
Board [7c 9c Qs Jc 8c]
Seat 3: IveGoneNuts (button) (small blind) mucked
Seat 4: AzureCaper (big blind) showed [Qc Jh] and won ($59.50) with a flush, Queen high


PokerStars Hand #163723007638:  Hold'em Limit ($3/$6 USD) - 2016/12/29 13:11:25 ET
Table 'Eucharis' 6-max Seat #4 is the button
Seat 3: IveGoneNuts ($150.20 in chips)
Seat 4: AzureCaper ($73 in chips)
AzureCaper: posts small blind $1
IveGoneNuts: posts big blind $3
*** HOLE CARDS ***
AzureCaper: raises $3 to $6
IveGoneNuts: calls $3
*** FLOP *** [Tc 4c Ah]
IveGoneNuts: checks
AzureCaper: bets $3
IveGoneNuts: raises $3 to $6
AzureCaper: calls $3
*** TURN *** [Tc 4c Ah] [Jc]
IveGoneNuts: bets $6
AzureCaper: calls $6
*** RIVER *** [Tc 4c Ah Jc] [8s]
IveGoneNuts: checks
AzureCaper: checks
*** SHOW DOWN ***
IveGoneNuts: shows [4s 3c] (a pair of Fours)
AzureCaper: mucks hand
IveGoneNuts collected $35.50 from pot
*** SUMMARY ***
Total pot $36 | Rake $0.50
Board [Tc 4c Ah Jc 8s]
Seat 3: IveGoneNuts (big blind) showed [4s 3c] and won ($35.50) with a pair of Fours
Seat 4: AzureCaper (button) (small blind) mucked


PokerStars Hand #163723043400:  Hold'em Limit ($3/$6 USD) - 2016/12/29 13:12:03 ET
Table 'Eucharis' 6-max Seat #4 is the button
Seat 3: IveGoneNuts ($155.70 in chips)
Seat 4: AzureCaper ($83.52 in chips)
AzureCaper: posts small blind $1
IveGoneNuts: posts big blind $3
*** HOLE CARDS ***
AzureCaper: raises $3 to $6
IveGoneNuts: folds
Uncalled bet ($3) returned to AzureCaper
AzureCaper collected $6 from pot
AzureCaper: doesn't show hand
*** SUMMARY ***
Total pot $6 | Rake $0
Seat 3: IveGoneNuts (big blind) folded before Flop
Seat 4: AzureCaper (button) (small blind) collected ($6)


PokerStars Hand #163723027419:  Hold'em Limit ($3/$6 USD) - 2016/12/29 13:11:46 ET
Table 'Eucharis' 6-max Seat #3 is the button
Seat 3: IveGoneNuts ($167.70 in chips)
Seat 4: AzureCaper ($72 in chips)
IveGoneNuts: posts small blind $1
AzureCaper: posts big blind $3
*** HOLE CARDS ***
IveGoneNuts: raises $3 to $6
AzureCaper: raises $3 to $9
ragz2riche5 was removed from the table for failing to post
IveGoneNuts: calls $3
*** FLOP *** [8s 4s 5d]
AzureCaper: bets $3
IveGoneNuts: calls $3
*** TURN *** [8s 4s 5d] [3d]
AzureCaper: bets $6
IveGoneNuts: folds
Uncalled bet ($6) returned to AzureCaper
AzureCaper collected $23.52 from pot
AzureCaper: doesn't show hand
*** SUMMARY ***
Total pot $24 | Rake $0.48
Board [8s 4s 5d 3d]
Seat 3: IveGoneNuts (button) (small blind) folded on the Turn
Seat 4: AzureCaper (big blind) collected ($23.52)


PokerStars Hand #163723002672:  Hold'em Limit ($3/$6 USD) - 2016/12/29 13:11:20 ET
Table 'Eucharis' 6-max Seat #3 is the button
Seat 3: IveGoneNuts ($151.20 in chips)
Seat 4: AzureCaper ($72 in chips)
IveGoneNuts: posts small blind $1
AzureCaper: posts big blind $3
*** HOLE CARDS ***
IveGoneNuts: folds
Uncalled bet ($2) returned to AzureCaper
AzureCaper collected $2 from pot
AzureCaper: doesn't show hand
*** SUMMARY ***
Total pot $2 | Rake $0
Seat 3: IveGoneNuts (button) (small blind) folded before Flop
Seat 4: AzureCaper (big blind) collected ($2)


PokerStars Hand #163722977924:  Hold'em Limit ($3/$6 USD) - 2016/12/29 13:10:54 ET
Table 'Eucharis' 6-max Seat #4 is the button
Seat 3: IveGoneNuts ($127.70 in chips)
Seat 4: AzureCaper ($78.43 in chips)
AzureCaper: posts small blind $1
lelala: is sitting out
IveGoneNuts: posts big blind $3
*** HOLE CARDS ***
lelala leaves the table
AzureCaper: raises $3 to $6
IveGoneNuts: raises $3 to $9
AzureCaper: calls $3
*** FLOP *** [6c 5h Kh]
IveGoneNuts: bets $3
AzureCaper: calls $3
*** TURN *** [6c 5h Kh] [Ac]
IveGoneNuts: bets $6
AzureCaper: calls $6
*** RIVER *** [6c 5h Kh Ac] [Qh]
IveGoneNuts: bets $6
AzureCaper: calls $6
*** SHOW DOWN ***
IveGoneNuts: shows [Kd Ad] (two pair, Aces and Kings)
AzureCaper: mucks hand
IveGoneNuts collected $47.50 from pot
*** SUMMARY ***
Total pot $48 | Rake $0.50
Board [6c 5h Kh Ac Qh]
Seat 3: IveGoneNuts (big blind) showed [Kd Ad] and won ($47.50) with two pair, Aces and Kings
Seat 4: AzureCaper (button) (small blind) mucked


PokerStars Hand #163723048806:  Hold'em Limit ($3/$6 USD) - 2016/12/29 13:12:08 ET
Table 'Eucharis' 6-max Seat #3 is the button
Seat 3: IveGoneNuts ($152.70 in chips)
Seat 4: AzureCaper ($86.52 in chips)
IveGoneNuts: posts small blind $1
AzureCaper: posts big blind $3
*** HOLE CARDS ***
IveGoneNuts: raises $3 to $6
AzureCaper: calls $3
*** FLOP *** [8d 7s Jh]
AzureCaper: checks
IveGoneNuts: bets $3
AzureCaper: raises $3 to $6
IveGoneNuts: calls $3
*** TURN *** [8d 7s Jh] [Th]
AzureCaper: bets $6
IveGoneNuts: calls $6
*** RIVER *** [8d 7s Jh Th] [2c]
AzureCaper: bets $6
IveGoneNuts: calls $6
*** SHOW DOWN ***
AzureCaper: shows [Js 9d] (a straight, Seven to Jack)
IveGoneNuts: mucks hand
AzureCaper collected $47.50 from pot
*** SUMMARY ***
Total pot $48 | Rake $0.50
Board [8d 7s Jh Th 2c]
Seat 3: IveGoneNuts (button) (small blind) mucked
Seat 4: AzureCaper (big blind) showed [Js 9d] and won ($47.50) with a straight, Seven to Jack


PokerStars Hand #163723071922:  Hold'em Limit ($3/$6 USD) - 2016/12/29 13:12:33 ET
Table 'Eucharis' 6-max Seat #4 is the button
Seat 3: IveGoneNuts ($128.70 in chips)
Seat 4: AzureCaper ($110.02 in chips)
AzureCaper: posts small blind $1
IveGoneNuts: posts big blind $3
*** HOLE CARDS ***
AzureCaper: raises $3 to $6
IveGoneNuts: raises $3 to $9
AzureCaper: calls $3
*** FLOP *** [8c Jc Qs]
IveGoneNuts: bets $3
AzureCaper: folds
Uncalled bet ($3) returned to IveGoneNuts
IveGoneNuts collected $17.64 from pot
IveGoneNuts: doesn't show hand
*** SUMMARY ***
Total pot $18 | Rake $0.36
Board [8c Jc Qs]
Seat 3: IveGoneNuts (big blind) collected ($17.64)
Seat 4: AzureCaper (button) (small blind) folded on the Flop


PokerStars Hand #163723089077:  Hold'em Limit ($3/$6 USD) - 2016/12/29 13:12:51 ET
Table 'Eucharis' 6-max Seat #4 is the button
Seat 3: IveGoneNuts ($140.34 in chips)
Seat 4: AzureCaper ($98.02 in chips)
AzureCaper: posts small blind $1
IveGoneNuts: posts big blind $3
*** HOLE CARDS ***
AzureCaper: raises $3 to $6
IveGoneNuts: folds
Uncalled bet ($3) returned to AzureCaper
AzureCaper collected $6 from pot
AzureCaper: doesn't show hand
*** SUMMARY ***
Total pot $6 | Rake $0
Seat 3: IveGoneNuts (big blind) folded before Flop
Seat 4: AzureCaper (button) (small blind) collected ($6)


PokerStars Hand #163723081515:  Hold'em Limit ($3/$6 USD) - 2016/12/29 13:12:43 ET
Table 'Eucharis' 6-max Seat #3 is the button
Seat 3: IveGoneNuts ($137.34 in chips)
Seat 4: AzureCaper ($101.02 in chips)
IveGoneNuts: posts small blind $1
AzureCaper: posts big blind $3
*** HOLE CARDS ***
IveGoneNuts: raises $3 to $6
AzureCaper: folds
Uncalled bet ($3) returned to IveGoneNuts
IveGoneNuts collected $6 from pot
IveGoneNuts: doesn't show hand
*** SUMMARY ***
Total pot $6 | Rake $0
Seat 3: IveGoneNuts (button) (small blind) collected ($6)
Seat 4: AzureCaper (big blind) folded before Flop


PokerStars Hand #163723135739:  Hold'em Limit ($3/$6 USD) - 2016/12/29 13:13:40 ET
Table 'Eucharis' 6-max Seat #3 is the button
Seat 3: IveGoneNuts ($110.10 in chips)
Seat 4: AzureCaper ($127.52 in chips)
IveGoneNuts: posts small blind $1
AzureCaper: posts big blind $3
*** HOLE CARDS ***
IveGoneNuts: raises $3 to $6
AzureCaper: folds
Uncalled bet ($3) returned to IveGoneNuts
IveGoneNuts collected $6 from pot
IveGoneNuts: doesn't show hand
*** SUMMARY ***
Total pot $6 | Rake $0
Seat 3: IveGoneNuts (button) (small blind) collected ($6)
Seat 4: AzureCaper (big blind) folded before Flop


PokerStars Hand #163723109767:  Hold'em Limit ($3/$6 USD) - 2016/12/29 13:13:13 ET
Table 'Eucharis' 6-max Seat #4 is the button
Seat 3: IveGoneNuts ($143.10 in chips)
Seat 4: AzureCaper ($95.02 in chips)
AzureCaper: posts small blind $1
IveGoneNuts: posts big blind $3
*** HOLE CARDS ***
AzureCaper: raises $3 to $6
IveGoneNuts: calls $3
*** FLOP *** [Ts 9d 6h]
IveGoneNuts: checks
AzureCaper: bets $3
IveGoneNuts: calls $3
*** TURN *** [Ts 9d 6h] [4d]
IveGoneNuts: checks
AzureCaper: bets $6
IveGoneNuts: calls $6
*** RIVER *** [Ts 9d 6h 4d] [Qd]
IveGoneNuts: checks
AzureCaper: bets $6
IveGoneNuts: raises $6 to $12
AzureCaper: raises $6 to $18
IveGoneNuts: calls $6
*** SHOW DOWN ***
AzureCaper: shows [Ad 8d] (a flush, Ace high)
IveGoneNuts: mucks hand
AzureCaper collected $65.50 from pot
*** SUMMARY ***
Total pot $66 | Rake $0.50
Board [Ts 9d 6h 4d Qd]
Seat 3: IveGoneNuts (big blind) mucked
Seat 4: AzureCaper (button) (small blind) showed [Ad 8d] and won ($65.50) with a flush, Ace high


PokerStars Hand #163723140819:  Hold'em Limit ($3/$6 USD) - 2016/12/29 13:13:46 ET
Table 'Eucharis' 6-max Seat #4 is the button
Seat 3: IveGoneNuts ($113.10 in chips)
Seat 4: AzureCaper ($124.52 in chips)
AzureCaper: posts small blind $1
IveGoneNuts: posts big blind $3
*** HOLE CARDS ***
AzureCaper: raises $3 to $6
IveGoneNuts: raises $3 to $9
AzureCaper: calls $3
*** FLOP *** [Qs Ks 2c]
IveGoneNuts: bets $3
AzureCaper: folds
Uncalled bet ($3) returned to IveGoneNuts
IveGoneNuts collected $17.64 from pot
IveGoneNuts: doesn't show hand
*** SUMMARY ***
Total pot $18 | Rake $0.36
Board [Qs Ks 2c]
Seat 3: IveGoneNuts (big blind) collected ($17.64)
Seat 4: AzureCaper (button) (small blind) folded on the Flop


PokerStars Hand #163723152415:  Hold'em Limit ($3/$6 USD) - 2016/12/29 13:13:58 ET
Table 'Eucharis' 6-max Seat #3 is the button
Seat 3: IveGoneNuts ($121.74 in chips)
Seat 4: AzureCaper ($115.52 in chips)
IveGoneNuts: posts small blind $1
AzureCaper: posts big blind $3
*** HOLE CARDS ***
IveGoneNuts: raises $3 to $6
AzureCaper: folds
Uncalled bet ($3) returned to IveGoneNuts
IveGoneNuts collected $6 from pot
IveGoneNuts: doesn't show hand
*** SUMMARY ***
Total pot $6 | Rake $0
Seat 3: IveGoneNuts (button) (small blind) collected ($6)
Seat 4: AzureCaper (big blind) folded before Flop


PokerStars Hand #163723096261:  Hold'em Limit ($3/$6 USD) - 2016/12/29 13:12:58 ET
Table 'Eucharis' 6-max Seat #3 is the button
Seat 3: IveGoneNuts ($137.34 in chips)
Seat 4: AzureCaper ($101.02 in chips)
IveGoneNuts: posts small blind $1
AzureCaper: posts big blind $3
*** HOLE CARDS ***
IveGoneNuts: raises $3 to $6
AzureCaper: calls $3
*** FLOP *** [2s Qd Qc]
AzureCaper: checks
IveGoneNuts: bets $3
AzureCaper: folds
Uncalled bet ($3) returned to IveGoneNuts
IveGoneNuts collected $11.76 from pot
IveGoneNuts: doesn't show hand
*** SUMMARY ***
Total pot $12 | Rake $0.24
Board [2s Qd Qc]
Seat 3: IveGoneNuts (button) (small blind) collected ($11.76)
Seat 4: AzureCaper (big blind) folded on the Flop


PokerStars Hand #163723182568:  Hold'em Limit ($3/$6 USD) - 2016/12/29 13:14:30 ET
Table 'Eucharis' 6-max Seat #3 is the button
Seat 3: IveGoneNuts ($97.74 in chips)
Seat 4: AzureCaper ($139.02 in chips)
IveGoneNuts: posts small blind $1
AzureCaper: posts big blind $3
*** HOLE CARDS ***
IveGoneNuts: raises $3 to $6
AzureCaper: folds
Uncalled bet ($3) returned to IveGoneNuts
IveGoneNuts collected $6 from pot
IveGoneNuts: doesn't show hand
*** SUMMARY ***
Total pot $6 | Rake $0
Seat 3: IveGoneNuts (button) (small blind) collected ($6)
Seat 4: AzureCaper (big blind) folded before Flop


PokerStars Hand #163723158030:  Hold'em Limit ($3/$6 USD) - 2016/12/29 13:14:04 ET
Table 'Eucharis' 6-max Seat #4 is the button
Seat 3: IveGoneNuts ($124.74 in chips)
Seat 4: AzureCaper ($112.52 in chips)
AzureCaper: posts small blind $1
IveGoneNuts: posts big blind $3
*** HOLE CARDS ***
AzureCaper: raises $3 to $6
IveGoneNuts: raises $3 to $9
AzureCaper: raises $3 to $12
Betting is capped
IveGoneNuts: calls $3
*** FLOP *** [Qs 3h 2d]
IveGoneNuts: checks
AzureCaper: bets $3
IveGoneNuts: calls $3
*** TURN *** [Qs 3h 2d] [Qh]
IveGoneNuts: checks
AzureCaper: bets $6
IveGoneNuts: calls $6
*** RIVER *** [Qs 3h 2d Qh] [9d]
IveGoneNuts: checks
AzureCaper: bets $6
IveGoneNuts: calls $6
*** SHOW DOWN ***
AzureCaper: shows [Ac Ad] (two pair, Aces and Queens)
IveGoneNuts: mucks hand
AzureCaper collected $53.50 from pot
*** SUMMARY ***
Total pot $54 | Rake $0.50
Board [Qs 3h 2d Qh 9d]
Seat 3: IveGoneNuts (big blind) mucked
Seat 4: AzureCaper (button) (small blind) showed [Ac Ad] and won ($53.50) with two pair, Aces and Queens


PokerStars Hand #163723187967:  Hold'em Limit ($3/$6 USD) - 2016/12/29 13:14:36 ET
Table 'Eucharis' 6-max Seat #4 is the button
Seat 3: IveGoneNuts ($100.74 in chips)
Seat 4: AzureCaper ($136.02 in chips)
AzureCaper: posts small blind $1
IveGoneNuts: posts big blind $3
*** HOLE CARDS ***
AzureCaper: folds
Uncalled bet ($2) returned to IveGoneNuts
IveGoneNuts collected $2 from pot
IveGoneNuts: doesn't show hand
*** SUMMARY ***
Total pot $2 | Rake $0
Seat 3: IveGoneNuts (big blind) collected ($2)
Seat 4: AzureCaper (button) (small blind) folded before Flop


PokerStars Hand #163723193809:  Hold'em Limit ($3/$6 USD) - 2016/12/29 13:14:42 ET
Table 'Eucharis' 6-max Seat #3 is the button
Seat 3: IveGoneNuts ($101.74 in chips)
Seat 4: AzureCaper ($135.02 in chips)
IveGoneNuts: posts small blind $1
AzureCaper: posts big blind $3
*** HOLE CARDS ***
IveGoneNuts: raises $3 to $6
AzureCaper: calls $3
*** FLOP *** [5c 4c Jh]
AzureCaper: checks
IveGoneNuts: bets $3
AzureCaper: calls $3
*** TURN *** [5c 4c Jh] [5s]
AzureCaper: checks
IveGoneNuts: checks
*** RIVER *** [5c 4c Jh 5s] [7s]
AzureCaper: checks
IveGoneNuts: checks
*** SHOW DOWN ***
AzureCaper: shows [As 6h] (a pair of Fives)
IveGoneNuts: mucks hand
AzureCaper collected $17.64 from pot
*** SUMMARY ***
Total pot $18 | Rake $0.36
Board [5c 4c Jh 5s 7s]
Seat 3: IveGoneNuts (button) (small blind) mucked
Seat 4: AzureCaper (big blind) showed [As 6h] and won ($17.64) with a pair of Fives


PokerStars Hand #163723208696:  Hold'em Limit ($3/$6 USD) - 2016/12/29 13:14:58 ET
Table 'Eucharis' 6-max Seat #4 is the button
Seat 3: IveGoneNuts ($92.74 in chips)
Seat 4: AzureCaper ($143.66 in chips)
AzureCaper: posts small blind $1
IveGoneNuts: posts big blind $3
*** HOLE CARDS ***
AzureCaper: raises $3 to $6
IveGoneNuts: raises $3 to $9
AzureCaper: calls $3
*** FLOP *** [4h 3c Td]
IveGoneNuts: bets $3
AzureCaper: calls $3
*** TURN *** [4h 3c Td] [6s]
IveGoneNuts: bets $6
AzureCaper: raises $6 to $12
IveGoneNuts: raises $6 to $18
AzureCaper: calls $6
*** RIVER *** [4h 3c Td 6s] [6c]
IveGoneNuts: bets $6
AzureCaper: raises $6 to $12
IveGoneNuts: calls $6
*** SHOW DOWN ***
AzureCaper: shows [6d 8h] (three of a kind, Sixes)
IveGoneNuts: mucks hand
AzureCaper collected $83.50 from pot
*** SUMMARY ***
Total pot $84 | Rake $0.50
Board [4h 3c Td 6s 6c]
Seat 3: IveGoneNuts (big blind) mucked
Seat 4: AzureCaper (button) (small blind) showed [6d 8h] and won ($83.50) with three of a kind, Sixes


