PokerStars Hand #144258013571:  Hold'em Limit ($3/$6 USD) - 2015/11/23 7:45:02 ET
Table 'Eucharis' 6-max Seat #3 is the button
Seat 3: FourAces1818 ($60 in chips)
Seat 4: Actionni13 ($150 in chips)
FourAces1818: posts small blind $1
Actionni13: posts big blind $3
*** HOLE CARDS ***
FourAces1818: calls $2
Actionni13: raises $3 to $6
FourAces1818: calls $3
*** FLOP *** [2c Jc Kd]
Actionni13: bets $3
FourAces1818: calls $3
*** TURN *** [2c Jc Kd] [Jd]
Actionni13: checks
FourAces1818: bets $6
Actionni13: calls $6
*** RIVER *** [2c Jc Kd Jd] [Qd]
Actionni13: checks
FourAces1818: checks
*** SHOW DOWN ***
Actionni13: shows [Ts Kc] (two pair, Kings and Jacks)
FourAces1818: mucks hand
Actionni13 collected $29.50 from pot
*** SUMMARY ***
Total pot $30 | Rake $0.50
Board [2c Jc Kd Jd Qd]
Seat 3: FourAces1818 (button) (small blind) mucked
Seat 4: Actionni13 (big blind) showed [Ts Kc] and won ($29.50) with two pair, Kings and Jacks


PokerStars Hand #144258039465:  Hold'em Limit ($3/$6 USD) - 2015/11/23 7:45:53 ET
Table 'Eucharis' 6-max Seat #4 is the button
Seat 3: FourAces1818 ($45 in chips)
Seat 4: Actionni13 ($164.50 in chips)
Actionni13: posts small blind $1
FourAces1818: posts big blind $3
*** HOLE CARDS ***
Actionni13: raises $3 to $6
FourAces1818: calls $3
*** FLOP *** [2d 9s 5h]
FourAces1818: checks
Actionni13: checks
*** TURN *** [2d 9s 5h] [8h]
FourAces1818: bets $6
Actionni13: folds
Uncalled bet ($6) returned to FourAces1818
FourAces1818 collected $11.76 from pot
FourAces1818: doesn't show hand
*** SUMMARY ***
Total pot $12 | Rake $0.24
Board [2d 9s 5h 8h]
Seat 3: FourAces1818 (big blind) collected ($11.76)
Seat 4: Actionni13 (button) (small blind) folded on the Turn


PokerStars Hand #144258064748:  Hold'em Limit ($3/$6 USD) - 2015/11/23 7:46:42 ET
Table 'Eucharis' 6-max Seat #3 is the button
Seat 3: FourAces1818 ($50.76 in chips)
Seat 4: Actionni13 ($158.50 in chips)
FourAces1818: posts small blind $1
Actionni13: posts big blind $3
*** HOLE CARDS ***
FourAces1818: calls $2
Actionni13: checks
*** FLOP *** [5c Jc 2h]
Actionni13: bets $3
FourAces1818: folds
Uncalled bet ($3) returned to Actionni13
Actionni13 collected $5.88 from pot
Actionni13: doesn't show hand
*** SUMMARY ***
Total pot $6 | Rake $0.12
Board [5c Jc 2h]
Seat 3: FourAces1818 (button) (small blind) folded on the Flop
Seat 4: Actionni13 (big blind) collected ($5.88)


PokerStars Hand #144258073045:  Hold'em Limit ($3/$6 USD) - 2015/11/23 7:46:58 ET
Table 'Eucharis' 6-max Seat #4 is the button
Seat 3: FourAces1818 ($47.76 in chips)
Seat 4: Actionni13 ($161.38 in chips)
Actionni13: posts small blind $1
FourAces1818: posts big blind $3
*** HOLE CARDS ***
Actionni13: raises $3 to $6
FourAces1818: calls $3
*** FLOP *** [Ad 9d 9s]
FourAces1818: checks
Actionni13: bets $3
FourAces1818: calls $3
*** TURN *** [Ad 9d 9s] [7c]
FourAces1818: checks
Actionni13: checks
*** RIVER *** [Ad 9d 9s 7c] [8c]
FourAces1818: bets $6
Actionni13: folds
Uncalled bet ($6) returned to FourAces1818
FourAces1818 collected $17.64 from pot
FourAces1818: doesn't show hand
*** SUMMARY ***
Total pot $18 | Rake $0.36
Board [Ad 9d 9s 7c 8c]
Seat 3: FourAces1818 (big blind) collected ($17.64)
Seat 4: Actionni13 (button) (small blind) folded on the River


PokerStars Hand #144258083739:  Hold'em Limit ($3/$6 USD) - 2015/11/23 7:47:18 ET
Table 'Eucharis' 6-max Seat #3 is the button
Seat 3: FourAces1818 ($56.40 in chips)
Seat 4: Actionni13 ($152.38 in chips)
FourAces1818: posts small blind $1
Actionni13: posts big blind $3
*** HOLE CARDS ***
FourAces1818: raises $3 to $6
Actionni13: calls $3
*** FLOP *** [3c Jc 9h]
Actionni13: checks
FourAces1818: bets $3
Actionni13: calls $3
*** TURN *** [3c Jc 9h] [Jd]
Actionni13: checks
FourAces1818: bets $6
Actionni13: folds
Uncalled bet ($6) returned to FourAces1818
FourAces1818 collected $17.64 from pot
FourAces1818: doesn't show hand
*** SUMMARY ***
Total pot $18 | Rake $0.36
Board [3c Jc 9h Jd]
Seat 3: FourAces1818 (button) (small blind) collected ($17.64)
Seat 4: Actionni13 (big blind) folded on the Turn


PokerStars Hand #144258107595:  Hold'em Limit ($3/$6 USD) - 2015/11/23 7:48:04 ET
Table 'Eucharis' 6-max Seat #4 is the button
Seat 3: FourAces1818 ($71.80 in chips)
Seat 4: Actionni13 ($150 in chips)
Actionni13: posts small blind $1
FourAces1818: posts big blind $3
*** HOLE CARDS ***
Actionni13: folds
Uncalled bet ($2) returned to FourAces1818
FourAces1818 collected $2 from pot
FourAces1818: doesn't show hand
*** SUMMARY ***
Total pot $2 | Rake $0
Seat 3: FourAces1818 (big blind) collected ($2)
Seat 4: Actionni13 (button) (small blind) folded before Flop


PokerStars Hand #144258098714:  Hold'em Limit ($3/$6 USD) - 2015/11/23 7:47:47 ET
Table 'Eucharis' 6-max Seat #3 is the button
Seat 3: FourAces1818 ($66.04 in chips)
Seat 4: Actionni13 ($150 in chips)
FourAces1818: posts small blind $1
Actionni13: posts big blind $3
*** HOLE CARDS ***
FourAces1818: raises $3 to $6
Actionni13: calls $3
*** FLOP *** [4s 7h 2c]
Actionni13: checks
FourAces1818: checks
*** TURN *** [4s 7h 2c] [3d]
Actionni13: checks
FourAces1818: checks
*** RIVER *** [4s 7h 2c 3d] [2s]
Actionni13: checks
FourAces1818: bets $6
Actionni13: folds
Uncalled bet ($6) returned to FourAces1818
FourAces1818 collected $11.76 from pot
FourAces1818: doesn't show hand
*** SUMMARY ***
Total pot $12 | Rake $0.24
Board [4s 7h 2c 3d 2s]
Seat 3: FourAces1818 (button) (small blind) collected ($11.76)
Seat 4: Actionni13 (big blind) folded on the River


PokerStars Hand #144258117189:  Hold'em Limit ($3/$6 USD) - 2015/11/23 7:48:23 ET
Table 'Eucharis' 6-max Seat #4 is the button
Seat 3: FourAces1818 ($69.80 in chips)
Seat 4: Actionni13 ($152.88 in chips)
Actionni13: posts small blind $1
FourAces1818: posts big blind $3
*** HOLE CARDS ***
Actionni13: folds
Uncalled bet ($2) returned to FourAces1818
FourAces1818 collected $2 from pot
FourAces1818: doesn't show hand
*** SUMMARY ***
Total pot $2 | Rake $0
Seat 3: FourAces1818 (big blind) collected ($2)
Seat 4: Actionni13 (button) (small blind) folded before Flop


PokerStars Hand #144258111253:  Hold'em Limit ($3/$6 USD) - 2015/11/23 7:48:11 ET
Table 'Eucharis' 6-max Seat #3 is the button
Seat 3: FourAces1818 ($72.80 in chips)
Seat 4: Actionni13 ($150 in chips)
FourAces1818: posts small blind $1
Actionni13: posts big blind $3
*** HOLE CARDS ***
FourAces1818: calls $2
Actionni13: checks
*** FLOP *** [Ac 6c 4c]
Actionni13: bets $3
FourAces1818: folds
Uncalled bet ($3) returned to Actionni13
Actionni13 collected $5.88 from pot
Actionni13: doesn't show hand
*** SUMMARY ***
Total pot $6 | Rake $0.12
Board [Ac 6c 4c]
Seat 3: FourAces1818 (button) (small blind) folded on the Flop
Seat 4: Actionni13 (big blind) collected ($5.88)


PokerStars Hand #144258119535:  Hold'em Limit ($3/$6 USD) - 2015/11/23 7:48:27 ET
Table 'Eucharis' 6-max Seat #3 is the button
Seat 3: FourAces1818 ($70.80 in chips)
Seat 4: Actionni13 ($151.88 in chips)
FourAces1818: posts small blind $1
Actionni13: posts big blind $3
*** HOLE CARDS ***
FourAces1818: raises $3 to $6
Actionni13: calls $3
*** FLOP *** [3d 8c Jh]
Actionni13: checks
FourAces1818: checks
*** TURN *** [3d 8c Jh] [8s]
Actionni13: checks
FourAces1818: bets $6
Actionni13: raises $6 to $12
FourAces1818: folds
Uncalled bet ($6) returned to Actionni13
Actionni13 collected $23.52 from pot
Actionni13: doesn't show hand
*** SUMMARY ***
Total pot $24 | Rake $0.48
Board [3d 8c Jh 8s]
Seat 3: FourAces1818 (button) (small blind) folded on the Turn
Seat 4: Actionni13 (big blind) collected ($23.52)


PokerStars Hand #144258128447:  Hold'em Limit ($3/$6 USD) - 2015/11/23 7:48:44 ET
Table 'Eucharis' 6-max Seat #4 is the button
Seat 3: FourAces1818 ($58.80 in chips)
Seat 4: Actionni13 ($163.40 in chips)
Actionni13: posts small blind $1
FourAces1818: posts big blind $3
*** HOLE CARDS ***
Actionni13: raises $3 to $6
FourAces1818: calls $3
*** FLOP *** [7s 5c 7h]
schnizm joins the table at seat #5
FourAces1818: checks
Actionni13: checks
*** TURN *** [7s 5c 7h] [6c]
FourAces1818: checks
Actionni13: checks
*** RIVER *** [7s 5c 7h 6c] [8s]
FourAces1818: bets $6
Actionni13: folds
Uncalled bet ($6) returned to FourAces1818
FourAces1818 collected $11.76 from pot
FourAces1818: doesn't show hand
*** SUMMARY ***
Total pot $12 | Rake $0.24
Board [7s 5c 7h 6c 8s]
Seat 3: FourAces1818 (big blind) collected ($11.76)
Seat 4: Actionni13 (button) (small blind) folded on the River


PokerStars Hand #144258139717:  Hold'em Limit ($3/$6 USD) - 2015/11/23 7:49:06 ET
Table 'Eucharis' 6-max Seat #3 is the button
Seat 3: FourAces1818 ($64.56 in chips)
Seat 4: Actionni13 ($157.40 in chips)
FourAces1818: posts small blind $1
Actionni13: posts big blind $3
*** HOLE CARDS ***
FourAces1818: calls $2
Actionni13: raises $3 to $6
FourAces1818: calls $3
*** FLOP *** [Ts 7c 2s]
Actionni13: bets $3
FourAces1818: calls $3
*** TURN *** [Ts 7c 2s] [Ks]
Actionni13: bets $6
FourAces1818: raises $6 to $12
Actionni13: calls $6
*** RIVER *** [Ts 7c 2s Ks] [Th]
Actionni13: checks
FourAces1818: bets $6
Actionni13: raises $6 to $12
FourAces1818: calls $6
*** SHOW DOWN ***
Actionni13: shows [Jc Td] (three of a kind, Tens)
FourAces1818: shows [5s 7s] (a flush, King high)
FourAces1818 collected $65.50 from pot
*** SUMMARY ***
Total pot $66 | Rake $0.50
Board [Ts 7c 2s Ks Th]
Seat 3: FourAces1818 (button) (small blind) showed [5s 7s] and won ($65.50) with a flush, King high
Seat 4: Actionni13 (big blind) showed [Jc Td] and lost with three of a kind, Tens


PokerStars Hand #144258220786:  Hold'em Limit ($3/$6 USD) - 2015/11/23 7:51:41 ET
Table 'Eucharis' 6-max Seat #4 is the button
Seat 4: Actionni13 ($150.13 in chips)
Seat 6: korrnel ($100 in chips)
Actionni13: posts small blind $1
schnizm: is sitting out
korrnel: posts big blind $3
*** HOLE CARDS ***
Actionni13: raises $3 to $6
schnizm leaves the table
korrnel: calls $3
*** FLOP *** [Ks 6h 9c]
korrnel: checks
Actionni13: bets $3
korrnel: folds
Uncalled bet ($3) returned to Actionni13
FourAces1818 joins the table at seat #3
Actionni13 collected $11.76 from pot
Actionni13: doesn't show hand
*** SUMMARY ***
Total pot $12 | Rake $0.24
Board [Ks 6h 9c]
Seat 4: Actionni13 (button) (small blind) collected ($11.76)
Seat 6: korrnel (big blind) folded on the Flop


PokerStars Hand #144258305422:  Hold'em Limit ($3/$6 USD) - 2015/11/23 7:54:25 ET
Table 'Eucharis' 6-max Seat #6 is the button
Seat 4: Actionni13 ($166.65 in chips)
Seat 6: korrnel ($93.28 in chips)
korrnel: posts small blind $1
Actionni13: posts big blind $3
*** HOLE CARDS ***
korrnel: raises $3 to $6
Actionni13: folds
Uncalled bet ($3) returned to korrnel
korrnel collected $6 from pot
korrnel: doesn't show hand
*** SUMMARY ***
Total pot $6 | Rake $0
Seat 4: Actionni13 (big blind) folded before Flop
Seat 6: korrnel (button) (small blind) collected ($6)


PokerStars Hand #144258292080:  Hold'em Limit ($3/$6 USD) - 2015/11/23 7:53:59 ET
Table 'Eucharis' 6-max Seat #4 is the button
Seat 4: Actionni13 ($175.65 in chips)
Seat 6: korrnel ($84.64 in chips)
Actionni13: posts small blind $1
korrnel: posts big blind $3
*** HOLE CARDS ***
Actionni13: raises $3 to $6
korrnel: raises $3 to $9
Actionni13: calls $3
*** FLOP *** [6h 2c Kc]
korrnel: bets $3
Actionni13: folds
Uncalled bet ($3) returned to korrnel
korrnel collected $17.64 from pot
korrnel: doesn't show hand
*** SUMMARY ***
Total pot $18 | Rake $0.36
Board [6h 2c Kc]
Seat 4: Actionni13 (button) (small blind) folded on the Flop
Seat 6: korrnel (big blind) collected ($17.64)


