PokerStars Hand #151200200359:  Hold'em Limit ($3/$6 USD) - 2016/03/31 0:21:46 ET
Table 'Eucharis' 6-max Seat #4 is the button
Seat 2: Brama Br ($119 in chips)
Seat 4: VolkovDmitri ($121 in chips)
VolkovDmitri: posts small blind $1
Brama Br: posts big blind $3
*** HOLE CARDS ***
VolkovDmitri: raises $3 to $6
Brama Br: raises $3 to $9
Velbor107 joins the table at seat #3
VolkovDmitri: calls $3
*** FLOP *** [6s Ts 3c]
Brama Br: bets $3
VolkovDmitri: calls $3
*** TURN *** [6s Ts 3c] [4d]
Brama Br: bets $6
VolkovDmitri: folds
Uncalled bet ($6) returned to Brama Br
Brama Br collected $23.52 from pot
Brama Br: doesn't show hand
*** SUMMARY ***
Total pot $24 | Rake $0.48
Board [6s Ts 3c 4d]
Seat 2: Brama Br (big blind) collected ($23.52)
Seat 4: VolkovDmitri (button) (small blind) folded on the Turn


PokerStars Hand #151200211540:  Hold'em Limit ($3/$6 USD) - 2016/03/31 0:22:26 ET
Table 'Eucharis' 6-max Seat #4 is the button
Seat 2: Brama Br ($121.52 in chips)
Seat 4: VolkovDmitri ($128.64 in chips)
VolkovDmitri: posts small blind $1
Brama Br: posts big blind $3
*** HOLE CARDS ***
VolkovDmitri: raises $3 to $6
Brama Br: folds
Uncalled bet ($3) returned to VolkovDmitri
VolkovDmitri collected $6 from pot
VolkovDmitri: doesn't show hand
*** SUMMARY ***
Total pot $6 | Rake $0
Seat 2: Brama Br (big blind) folded before Flop
Seat 4: VolkovDmitri (button) (small blind) collected ($6)


PokerStars Hand #151200206278:  Hold'em Limit ($3/$6 USD) - 2016/03/31 0:22:07 ET
Table 'Eucharis' 6-max Seat #2 is the button
Seat 2: Brama Br ($130.52 in chips)
Seat 4: VolkovDmitri ($120 in chips)
Brama Br: posts small blind $1
VolkovDmitri: posts big blind $3
*** HOLE CARDS ***
Brama Br: raises $3 to $6
VolkovDmitri: calls $3
*** FLOP *** [Ks 9d 7d]
VolkovDmitri: checks
Brama Br: bets $3
VolkovDmitri: raises $3 to $6
Brama Br: folds
Uncalled bet ($3) returned to VolkovDmitri
VolkovDmitri collected $17.64 from pot
VolkovDmitri: doesn't show hand
*** SUMMARY ***
Total pot $18 | Rake $0.36
Board [Ks 9d 7d]
Seat 2: Brama Br (button) (small blind) folded on the Flop
Seat 4: VolkovDmitri (big blind) collected ($17.64)


PokerStars Hand #151201078188:  Hold'em Limit ($3/$6 USD) - 2016/03/31 1:15:39 ET
Table 'Eucharis' 6-max Seat #6 is the button
Seat 5: HAL9QQQ ($181.44 in chips)
Seat 6: SAMIFRANC507 ($292.96 in chips)
SAMIFRANC507: posts small blind $1
lin1rabbit: is sitting out
HAL9QQQ: posts big blind $3
*** HOLE CARDS ***
SAMIFRANC507: raises $3 to $6
lin1rabbit leaves the table
HAL9QQQ: calls $3
*** FLOP *** [3c 4h Kd]
HAL9QQQ: checks
SAMIFRANC507: bets $3
HAL9QQQ: calls $3
*** TURN *** [3c 4h Kd] [5s]
HAL9QQQ: checks
SAMIFRANC507: bets $6
HAL9QQQ: calls $6
*** RIVER *** [3c 4h Kd 5s] [5h]
HAL9QQQ: checks
Velbor107 leaves the table
SAMIFRANC507: bets $6
Velbor107 joins the table at seat #1
HAL9QQQ: calls $6
*** SHOW DOWN ***
SAMIFRANC507: shows [3d Js] (two pair, Fives and Threes)
HAL9QQQ: mucks hand
SAMIFRANC507 collected $41.50 from pot
*** SUMMARY ***
Total pot $42 | Rake $0.50
Board [3c 4h Kd 5s 5h]
Seat 5: HAL9QQQ (big blind) mucked
Seat 6: SAMIFRANC507 (button) (small blind) showed [3d Js] and won ($41.50) with two pair, Fives and Threes


PokerStars Hand #151201087355:  Hold'em Limit ($3/$6 USD) - 2016/03/31 1:16:14 ET
Table 'Eucharis' 6-max Seat #5 is the button
Seat 5: HAL9QQQ ($160.44 in chips)
Seat 6: SAMIFRANC507 ($313.46 in chips)
HAL9QQQ: posts small blind $1
SAMIFRANC507: posts big blind $3
*** HOLE CARDS ***
HAL9QQQ: raises $3 to $6
SAMIFRANC507: raises $3 to $9
HAL9QQQ: calls $3
*** FLOP *** [2s 4s 7c]
SAMIFRANC507: bets $3
HAL9QQQ: calls $3
*** TURN *** [2s 4s 7c] [8h]
SAMIFRANC507: bets $6
HAL9QQQ: calls $6
*** RIVER *** [2s 4s 7c 8h] [4d]
SAMIFRANC507: bets $6
HAL9QQQ: calls $6
*** SHOW DOWN ***
SAMIFRANC507: shows [9d Kh] (a pair of Fours)
HAL9QQQ: shows [Qd Kd] (a pair of Fours - King+Queen kicker)
HAL9QQQ collected $47.50 from pot
*** SUMMARY ***
Total pot $48 | Rake $0.50
Board [2s 4s 7c 8h 4d]
Seat 5: HAL9QQQ (button) (small blind) showed [Qd Kd] and won ($47.50) with a pair of Fours
Seat 6: SAMIFRANC507 (big blind) showed [9d Kh] and lost with a pair of Fours


