PokerStars Hand #145293804156:  Hold'em Limit ($3/$6 USD) - 2015/12/13 14:59:06 ET
Table 'Eudora III' 2-max Seat #2 is the button
Seat 1: elifnur2008 ($139.50 in chips)
Seat 2: pokerboss660 ($21.43 in chips)
pokerboss660: posts small blind $1
elifnur2008: posts big blind $3
*** HOLE CARDS ***
pokerboss660: raises $3 to $6
elifnur2008: calls $3
*** FLOP *** [Qs 6h 9c]
elifnur2008: checks
pokerboss660: bets $3
elifnur2008: calls $3
*** TURN *** [Qs 6h 9c] [2s]
elifnur2008: checks
pokerboss660: bets $6
elifnur2008: calls $6
*** RIVER *** [Qs 6h 9c 2s] [2c]
elifnur2008: checks
pokerboss660: bets $6
elifnur2008: calls $6
*** SHOW DOWN ***
pokerboss660: shows [Jc 7h] (a pair of Deuces)
elifnur2008: shows [4s 6s] (two pair, Sixes and Deuces)
elifnur2008 collected $41.50 from pot
*** SUMMARY ***
Total pot $42 | Rake $0.50
Board [Qs 6h 9c 2s 2c]
Seat 1: elifnur2008 (big blind) showed [4s 6s] and won ($41.50) with two pair, Sixes and Deuces
Seat 2: pokerboss660 (button) (small blind) showed [Jc 7h] and lost with a pair of Deuces


