PokerStars Hand #147395791120:  Hold'em Limit ($3/$6 USD) - 2016/01/20 18:47:08 ET
Table 'Eudora' 2-max Seat #1 is the button
Seat 1: elifnur2008 ($140.28 in chips)
Seat 2: leergut9 ($11.72 in chips)
elifnur2008: posts small blind $1
leergut9: posts big blind $3
*** HOLE CARDS ***
elifnur2008: folds
Uncalled bet ($2) returned to leergut9
leergut9 collected $2 from pot
leergut9: doesn't show hand
*** SUMMARY ***
Total pot $2 | Rake $0
Seat 1: elifnur2008 (button) (small blind) folded before Flop
Seat 2: leergut9 (big blind) collected ($2)


PokerStars Hand #147395779111:  Hold'em Limit ($3/$6 USD) - 2016/01/20 18:46:53 ET
Table 'Eudora' 2-max Seat #2 is the button
Seat 1: elifnur2008 ($146.26 in chips)
Seat 2: leergut9 ($5.98 in chips)
leergut9: posts small blind $1
elifnur2008: posts big blind $3
*** HOLE CARDS ***
leergut9: raises $2.98 to $5.98 and is all-in
elifnur2008: calls $2.98
*** FLOP *** [6c 5c Ad]
*** TURN *** [6c 5c Ad] [4s]
*** RIVER *** [6c 5c Ad 4s] [Js]
*** SHOW DOWN ***
elifnur2008: shows [6s 7s] (a pair of Sixes)
leergut9: shows [Jc 3d] (a pair of Jacks)
leergut9 collected $11.72 from pot
*** SUMMARY ***
Total pot $11.96 | Rake $0.24
Board [6c 5c Ad 4s Js]
Seat 1: elifnur2008 (big blind) showed [6s 7s] and lost with a pair of Sixes
Seat 2: leergut9 (button) (small blind) showed [Jc 3d] and won ($11.72) with a pair of Jacks


PokerStars Hand #147395765059:  Hold'em Limit ($3/$6 USD) - 2016/01/20 18:46:35 ET
Table 'Eudora' 2-max Seat #1 is the button
Seat 1: elifnur2008 ($140.50 in chips)
Seat 2: leergut9 ($11.98 in chips)
elifnur2008: posts small blind $1
leergut9: posts big blind $3
*** HOLE CARDS ***
elifnur2008: raises $3 to $6
leergut9: calls $3
*** FLOP *** [Qd 4s 3d]
leergut9: checks
elifnur2008: bets $3
leergut9: folds
Uncalled bet ($3) returned to elifnur2008
elifnur2008 collected $11.76 from pot
elifnur2008: doesn't show hand
*** SUMMARY ***
Total pot $12 | Rake $0.24
Board [Qd 4s 3d]
Seat 1: elifnur2008 (button) (small blind) collected ($11.76)
Seat 2: leergut9 (big blind) folded on the Flop


PokerStars Hand #147395735594:  Hold'em Limit ($3/$6 USD) - 2016/01/20 18:45:59 ET
Table 'Eudora' 2-max Seat #2 is the button
Seat 1: elifnur2008 ($120 in chips)
Seat 2: leergut9 ($32.98 in chips)
leergut9: posts small blind $1
elifnur2008: posts big blind $3
*** HOLE CARDS ***
leergut9: raises $3 to $6
elifnur2008: calls $3
*** FLOP *** [Jd 4s Th]
elifnur2008: checks
leergut9: bets $3
elifnur2008: calls $3
*** TURN *** [Jd 4s Th] [7c]
elifnur2008: checks
leergut9: bets $6
elifnur2008: calls $6
*** RIVER *** [Jd 4s Th 7c] [5h]
elifnur2008: checks
leergut9: bets $6
elifnur2008: calls $6
*** SHOW DOWN ***
leergut9: shows [Ad 3s] (high card Ace)
elifnur2008: shows [Jc 2c] (a pair of Jacks)
elifnur2008 collected $41.50 from pot
*** SUMMARY ***
Total pot $42 | Rake $0.50
Board [Jd 4s Th 7c 5h]
Seat 1: elifnur2008 (big blind) showed [Jc 2c] and won ($41.50) with a pair of Jacks
Seat 2: leergut9 (button) (small blind) showed [Ad 3s] and lost with high card Ace


PokerStars Hand #147395795027:  Hold'em Limit ($3/$6 USD) - 2016/01/20 18:47:13 ET
Table 'Eudora' 2-max Seat #2 is the button
Seat 1: elifnur2008 ($139.28 in chips)
Seat 2: leergut9 ($12.72 in chips)
leergut9: posts small blind $1
elifnur2008: posts big blind $3
*** HOLE CARDS ***
leergut9: raises $3 to $6
elifnur2008: raises $3 to $9
leergut9: calls $3
*** FLOP *** [Jh 8h 7h]
elifnur2008: bets $3
leergut9: raises $0.72 to $3.72 and is all-in
elifnur2008: calls $0.72
*** TURN *** [Jh 8h 7h] [2h]
*** RIVER *** [Jh 8h 7h 2h] [Td]
*** SHOW DOWN ***
elifnur2008: shows [Qh 8s] (a flush, Queen high)
leergut9: shows [3c Jc] (a pair of Jacks)
elifnur2008 collected $24.94 from pot
*** SUMMARY ***
Total pot $25.44 | Rake $0.50
Board [Jh 8h 7h 2h Td]
Seat 1: elifnur2008 (big blind) showed [Qh 8s] and won ($24.94) with a flush, Queen high
Seat 2: leergut9 (button) (small blind) showed [3c Jc] and lost with a pair of Jacks


