PokerStars Hand #172621594444:  Hold'em Limit ($3/$6 USD) - 2017/07/04 22:36:33 ET
Table 'Eudora' 6-max Seat #6 is the button
Seat 4: slamtown1 ($164.76 in chips)
Seat 6: BunnyFizness ($9.59 in chips)
BunnyFizness: posts small blind $1
EVBET: is sitting out
EVBET leaves the table
slamtown1: posts big blind $3
*** HOLE CARDS ***
BunnyFizness said, "slamtown...are u on drugs?"
BunnyFizness: raises $3 to $6
slamtown1: folds
Uncalled bet ($3) returned to BunnyFizness
BunnyFizness said, "just curious"
BunnyFizness collected $6 from pot
BunnyFizness: doesn't show hand
slamtown1 leaves the table
*** SUMMARY ***
Total pot $6 | Rake $0
Seat 4: slamtown1 (big blind) folded before Flop
Seat 6: BunnyFizness (button) (small blind) collected ($6)


PokerStars Hand #172622920130:  Hold'em Limit ($3/$6 USD) - 2017/07/04 23:52:27 ET
Table 'Eudora' 6-max Seat #6 is the button
Seat 2: EVBET ($303.02 in chips)
Seat 6: BAD-Chri$$y ($115.14 in chips)
BAD-Chri$$y: posts small blind $1
EVBET: posts big blind $3
*** HOLE CARDS ***
BAD-Chri$$y: calls $2
EVBET: raises $3 to $6
BAD-Chri$$y: calls $3
*** FLOP *** [3s 5c 3h]
EVBET: bets $3
BAD-Chri$$y: raises $3 to $6
EVBET: calls $3
*** TURN *** [3s 5c 3h] [8h]
EVBET: checks
BAD-Chri$$y: checks
*** RIVER *** [3s 5c 3h 8h] [2d]
EVBET: checks
BAD-Chri$$y: checks
*** SHOW DOWN ***
EVBET: shows [Qs Ts] (a pair of Threes)
BAD-Chri$$y: mucks hand
EVBET collected $23.52 from pot
*** SUMMARY ***
Total pot $24 | Rake $0.48
Board [3s 5c 3h 8h 2d]
Seat 2: EVBET (big blind) showed [Qs Ts] and won ($23.52) with a pair of Threes
Seat 6: BAD-Chri$$y (button) (small blind) mucked


PokerStars Hand #172622913151:  Hold'em Limit ($3/$6 USD) - 2017/07/04 23:52:01 ET
Table 'Eudora' 6-max Seat #6 is the button
Seat 2: EVBET ($322.02 in chips)
Seat 6: BAD-Chri$$y ($96.64 in chips)
BAD-Chri$$y: posts small blind $1
EVBET: posts big blind $3
*** HOLE CARDS ***
BAD-Chri$$y: calls $2
EVBET: checks
*** FLOP *** [Ad 9d Ac]
EVBET: bets $3
BAD-Chri$$y: calls $3
*** TURN *** [Ad 9d Ac] [2c]
EVBET: bets $6
BAD-Chri$$y: calls $6
*** RIVER *** [Ad 9d Ac 2c] [Ah]
EVBET: bets $6
BAD-Chri$$y: calls $6
*** SHOW DOWN ***
EVBET: shows [Jd 5d] (three of a kind, Aces)
BAD-Chri$$y: shows [4c Qd] (three of a kind, Aces - Queen kicker)
BAD-Chri$$y collected $35.50 from pot
*** SUMMARY ***
Total pot $36 | Rake $0.50
Board [Ad 9d Ac 2c Ah]
Seat 2: EVBET (big blind) showed [Jd 5d] and lost with three of a kind, Aces
Seat 6: BAD-Chri$$y (button) (small blind) showed [4c Qd] and won ($35.50) with three of a kind, Aces


PokerStars Hand #172622924828:  Hold'em Limit ($3/$6 USD) - 2017/07/04 23:52:45 ET
Table 'Eudora' 6-max Seat #2 is the button
Seat 2: EVBET ($314.54 in chips)
Seat 6: BAD-Chri$$y ($103.14 in chips)
EVBET: posts small blind $1
BAD-Chri$$y: posts big blind $3
*** HOLE CARDS ***
EVBET: raises $3 to $6
BAD-Chri$$y: calls $3
*** FLOP *** [6d 9d Th]
BAD-Chri$$y: checks
EVBET: bets $3
BAD-Chri$$y: raises $3 to $6
EVBET: raises $3 to $9
BAD-Chri$$y: calls $3
*** TURN *** [6d 9d Th] [Ts]
BAD-Chri$$y: checks
EVBET: bets $6
BAD-Chri$$y: calls $6
*** RIVER *** [6d 9d Th Ts] [7h]
BAD-Chri$$y: checks
EVBET: checks
*** SHOW DOWN ***
BAD-Chri$$y: shows [Tc 5h] (three of a kind, Tens)
EVBET: mucks hand
BAD-Chri$$y collected $41.50 from pot
*** SUMMARY ***
Total pot $42 | Rake $0.50
Board [6d 9d Th Ts 7h]
Seat 2: EVBET (button) (small blind) mucked
Seat 6: BAD-Chri$$y (big blind) showed [Tc 5h] and won ($41.50) with three of a kind, Tens


PokerStars Hand #172622931940:  Hold'em Limit ($3/$6 USD) - 2017/07/04 23:53:13 ET
Table 'Eudora' 6-max Seat #6 is the button
Seat 2: EVBET ($293.54 in chips)
Seat 6: BAD-Chri$$y ($123.64 in chips)
BAD-Chri$$y: posts small blind $1
EVBET: posts big blind $3
*** HOLE CARDS ***
BAD-Chri$$y: calls $2
EVBET: checks
*** FLOP *** [Ts 9s 9d]
EVBET: checks
BAD-Chri$$y: checks
*** TURN *** [Ts 9s 9d] [Qd]
EVBET: checks
BAD-Chri$$y: bets $6
EVBET: calls $6
*** RIVER *** [Ts 9s 9d Qd] [3s]
EVBET: checks
BAD-Chri$$y: checks
*** SHOW DOWN ***
EVBET: shows [6d Kd] (a pair of Nines)
BAD-Chri$$y: shows [Qh 6c] (two pair, Queens and Nines)
BAD-Chri$$y collected $17.64 from pot
*** SUMMARY ***
Total pot $18 | Rake $0.36
Board [Ts 9s 9d Qd 3s]
Seat 2: EVBET (big blind) showed [6d Kd] and lost with a pair of Nines
Seat 6: BAD-Chri$$y (button) (small blind) showed [Qh 6c] and won ($17.64) with two pair, Queens and Nines


PokerStars Hand #172622941861:  Hold'em Limit ($3/$6 USD) - 2017/07/04 23:53:51 ET
Table 'Eudora' 6-max Seat #2 is the button
Seat 2: EVBET ($284.54 in chips)
Seat 6: BAD-Chri$$y ($132.28 in chips)
EVBET: posts small blind $1
BAD-Chri$$y: posts big blind $3
*** HOLE CARDS ***
EVBET: raises $3 to $6
BAD-Chri$$y: calls $3
*** FLOP *** [3h Ah Ac]
BAD-Chri$$y: checks
EVBET: bets $3
BAD-Chri$$y: raises $3 to $6
EVBET: calls $3
*** TURN *** [3h Ah Ac] [9c]
BAD-Chri$$y: bets $6
EVBET: raises $6 to $12
BAD-Chri$$y: calls $6
*** RIVER *** [3h Ah Ac 9c] [Qs]
BAD-Chri$$y: checks
EVBET: bets $6
BAD-Chri$$y: calls $6
*** SHOW DOWN ***
EVBET: shows [Ad 8h] (three of a kind, Aces)
BAD-Chri$$y: mucks hand
EVBET collected $59.50 from pot
*** SUMMARY ***
Total pot $60 | Rake $0.50
Board [3h Ah Ac 9c Qs]
Seat 2: EVBET (button) (small blind) showed [Ad 8h] and won ($59.50) with three of a kind, Aces
Seat 6: BAD-Chri$$y (big blind) mucked


PokerStars Hand #172622950552:  Hold'em Limit ($3/$6 USD) - 2017/07/04 23:54:24 ET
Table 'Eudora' 6-max Seat #6 is the button
Seat 2: EVBET ($314.04 in chips)
Seat 6: BAD-Chri$$y ($102.28 in chips)
BAD-Chri$$y: posts small blind $1
EVBET: posts big blind $3
*** HOLE CARDS ***
BAD-Chri$$y: calls $2
EVBET: checks
*** FLOP *** [5s Td 9d]
EVBET: checks
BAD-Chri$$y: checks
*** TURN *** [5s Td 9d] [9h]
EVBET: checks
BAD-Chri$$y: bets $6
EVBET: folds
Uncalled bet ($6) returned to BAD-Chri$$y
BAD-Chri$$y collected $5.88 from pot
BAD-Chri$$y: doesn't show hand
*** SUMMARY ***
Total pot $6 | Rake $0.12
Board [5s Td 9d 9h]
Seat 2: EVBET (big blind) folded on the Turn
Seat 6: BAD-Chri$$y (button) (small blind) collected ($5.88)


PokerStars Hand #172622969614:  Hold'em Limit ($3/$6 USD) - 2017/07/04 23:55:43 ET
Table 'Eudora' 6-max Seat #2 is the button
Seat 2: EVBET ($301.79 in chips)
Seat 6: BAD-Chri$$y ($113.55 in chips)
EVBET: posts small blind $1
BAD-Chri$$y: posts big blind $3
*** HOLE CARDS ***
EVBET: raises $3 to $6
BAD-Chri$$y: folds
Uncalled bet ($3) returned to EVBET
EVBET collected $6 from pot
EVBET: doesn't show hand
*** SUMMARY ***
Total pot $6 | Rake $0
Seat 2: EVBET (button) (small blind) collected ($6)
Seat 6: BAD-Chri$$y (big blind) folded before Flop


PokerStars Hand #172622965855:  Hold'em Limit ($3/$6 USD) - 2017/07/04 23:55:27 ET
Table 'Eudora' 6-max Seat #6 is the button
Seat 2: EVBET ($302.04 in chips)
Seat 6: BAD-Chri$$y ($113.80 in chips)
BAD-Chri$$y: posts small blind $1
EVBET: posts big blind $3
*** HOLE CARDS ***
BAD-Chri$$y: calls $2
EVBET: raises $3 to $6
BAD-Chri$$y: calls $3
*** FLOP *** [9h 5s 5c]
EVBET: bets $3
BAD-Chri$$y: calls $3
*** TURN *** [9h 5s 5c] [9d]
EVBET: bets $6
BAD-Chri$$y: calls $6
*** RIVER *** [9h 5s 5c 9d] [9s]
EVBET: checks
BAD-Chri$$y: checks
*** SHOW DOWN ***
EVBET: shows [6d Ad] (a full house, Nines full of Fives)
BAD-Chri$$y: shows [Td 7h] (a full house, Nines full of Fives)
EVBET collected $14.75 from pot
BAD-Chri$$y collected $14.75 from pot
*** SUMMARY ***
Total pot $30 | Rake $0.50
Board [9h 5s 5c 9d 9s]
Seat 2: EVBET (big blind) showed [6d Ad] and won ($14.75) with a full house, Nines full of Fives
Seat 6: BAD-Chri$$y (button) (small blind) showed [Td 7h] and won ($14.75) with a full house, Nines full of Fives


PokerStars Hand #172622959195:  Hold'em Limit ($3/$6 USD) - 2017/07/04 23:54:58 ET
Table 'Eudora' 6-max Seat #2 is the button
Seat 2: EVBET ($311.04 in chips)
Seat 6: BAD-Chri$$y ($105.16 in chips)
EVBET: posts small blind $1
BAD-Chri$$y: posts big blind $3
*** HOLE CARDS ***
EVBET: raises $3 to $6
BAD-Chri$$y: raises $3 to $9
EVBET: calls $3
*** FLOP *** [8c 5h 2d]
BAD-Chri$$y: bets $3
EVBET: folds
Uncalled bet ($3) returned to BAD-Chri$$y
BAD-Chri$$y collected $17.64 from pot
BAD-Chri$$y: doesn't show hand
*** SUMMARY ***
Total pot $18 | Rake $0.36
Board [8c 5h 2d]
Seat 2: EVBET (button) (small blind) folded on the Flop
Seat 6: BAD-Chri$$y (big blind) collected ($17.64)


PokerStars Hand #172622970810:  Hold'em Limit ($3/$6 USD) - 2017/07/04 23:55:48 ET
Table 'Eudora' 6-max Seat #6 is the button
Seat 2: EVBET ($304.79 in chips)
Seat 6: BAD-Chri$$y ($110.55 in chips)
BAD-Chri$$y: posts small blind $1
EVBET: posts big blind $3
*** HOLE CARDS ***
BAD-Chri$$y: raises $3 to $6
EVBET: folds
Uncalled bet ($3) returned to BAD-Chri$$y
BAD-Chri$$y collected $6 from pot
BAD-Chri$$y: doesn't show hand
*** SUMMARY ***
Total pot $6 | Rake $0
Seat 2: EVBET (big blind) folded before Flop
Seat 6: BAD-Chri$$y (button) (small blind) collected ($6)


PokerStars Hand #172622973427:  Hold'em Limit ($3/$6 USD) - 2017/07/04 23:55:59 ET
Table 'Eudora' 6-max Seat #6 is the button
Seat 2: EVBET ($300.79 in chips)
Seat 6: BAD-Chri$$y ($114.55 in chips)
BAD-Chri$$y: posts small blind $1
EVBET: posts big blind $3
*** HOLE CARDS ***
BAD-Chri$$y: folds
Uncalled bet ($2) returned to EVBET
EVBET collected $2 from pot
EVBET: doesn't show hand
*** SUMMARY ***
Total pot $2 | Rake $0
Seat 2: EVBET (big blind) collected ($2)
Seat 6: BAD-Chri$$y (button) (small blind) folded before Flop


PokerStars Hand #172622978440:  Hold'em Limit ($3/$6 USD) - 2017/07/04 23:56:21 ET
Table 'Eudora' 6-max Seat #6 is the button
Seat 2: EVBET ($300.79 in chips)
Seat 6: BAD-Chri$$y ($114.55 in chips)
BAD-Chri$$y: posts small blind $1
EVBET: posts big blind $3
*** HOLE CARDS ***
BAD-Chri$$y: calls $2
EVBET: checks
*** FLOP *** [4h As 7c]
EVBET: checks
BAD-Chri$$y: checks
*** TURN *** [4h As 7c] [Ad]
EVBET: checks
BAD-Chri$$y: bets $6
EVBET: folds
Uncalled bet ($6) returned to BAD-Chri$$y
BAD-Chri$$y collected $5.88 from pot
BAD-Chri$$y: doesn't show hand
*** SUMMARY ***
Total pot $6 | Rake $0.12
Board [4h As 7c Ad]
Seat 2: EVBET (big blind) folded on the Turn
Seat 6: BAD-Chri$$y (button) (small blind) collected ($5.88)


PokerStars Hand #172622975104:  Hold'em Limit ($3/$6 USD) - 2017/07/04 23:56:07 ET
Table 'Eudora' 6-max Seat #2 is the button
Seat 2: EVBET ($301.79 in chips)
Seat 6: BAD-Chri$$y ($113.55 in chips)
EVBET: posts small blind $1
BAD-Chri$$y: posts big blind $3
*** HOLE CARDS ***
EVBET: folds
Uncalled bet ($2) returned to BAD-Chri$$y
BAD-Chri$$y collected $2 from pot
BAD-Chri$$y: doesn't show hand
*** SUMMARY ***
Total pot $2 | Rake $0
Seat 2: EVBET (button) (small blind) folded before Flop
Seat 6: BAD-Chri$$y (big blind) collected ($2)


PokerStars Hand #172622989774:  Hold'em Limit ($3/$6 USD) - 2017/07/04 23:57:11 ET
Table 'Eudora' 6-max Seat #2 is the button
Seat 2: EVBET ($292.79 in chips)
Seat 6: BAD-Chri$$y ($122.19 in chips)
EVBET: posts small blind $1
BAD-Chri$$y: posts big blind $3
*** HOLE CARDS ***
EVBET: raises $3 to $6
BAD-Chri$$y: raises $3 to $9
EVBET: calls $3
*** FLOP *** [4d 7h 8h]
BAD-Chri$$y: checks
EVBET: bets $3
BAD-Chri$$y: calls $3
*** TURN *** [4d 7h 8h] [6c]
BAD-Chri$$y: checks
EVBET: bets $6
BAD-Chri$$y: calls $6
*** RIVER *** [4d 7h 8h 6c] [3s]
BAD-Chri$$y: checks
EVBET: checks
*** SHOW DOWN ***
BAD-Chri$$y: shows [Tc Kc] (high card King)
EVBET: shows [7c Jc] (a pair of Sevens)
EVBET collected $35.50 from pot
*** SUMMARY ***
Total pot $36 | Rake $0.50
Board [4d 7h 8h 6c 3s]
Seat 2: EVBET (button) (small blind) showed [7c Jc] and won ($35.50) with a pair of Sevens
Seat 6: BAD-Chri$$y (big blind) showed [Tc Kc] and lost with high card King


PokerStars Hand #172622988441:  Hold'em Limit ($3/$6 USD) - 2017/07/04 23:57:05 ET
Table 'Eudora' 6-max Seat #6 is the button
Seat 2: EVBET ($291.79 in chips)
Seat 6: BAD-Chri$$y ($123.19 in chips)
BAD-Chri$$y: posts small blind $1
EVBET: posts big blind $3
*** HOLE CARDS ***
BAD-Chri$$y: folds
Uncalled bet ($2) returned to EVBET
EVBET collected $2 from pot
EVBET: doesn't show hand
*** SUMMARY ***
Total pot $2 | Rake $0
Seat 2: EVBET (big blind) collected ($2)
Seat 6: BAD-Chri$$y (button) (small blind) folded before Flop


PokerStars Hand #172622982498:  Hold'em Limit ($3/$6 USD) - 2017/07/04 23:56:39 ET
Table 'Eudora' 6-max Seat #2 is the button
Seat 2: EVBET ($297.79 in chips)
Seat 6: BAD-Chri$$y ($117.43 in chips)
EVBET: posts small blind $1
BAD-Chri$$y: posts big blind $3
*** HOLE CARDS ***
EVBET: raises $3 to $6
BAD-Chri$$y: calls $3
*** FLOP *** [Jd 6s 5s]
BAD-Chri$$y: checks
EVBET: checks
*** TURN *** [Jd 6s 5s] [8h]
BAD-Chri$$y: checks
EVBET: checks
*** RIVER *** [Jd 6s 5s 8h] [6d]
BAD-Chri$$y: bets $6
EVBET: folds
Uncalled bet ($6) returned to BAD-Chri$$y
BAD-Chri$$y collected $11.76 from pot
BAD-Chri$$y: doesn't show hand
*** SUMMARY ***
Total pot $12 | Rake $0.24
Board [Jd 6s 5s 8h 6d]
Seat 2: EVBET (button) (small blind) folded on the River
Seat 6: BAD-Chri$$y (big blind) collected ($11.76)


PokerStars Hand #172622996912:  Hold'em Limit ($3/$6 USD) - 2017/07/04 23:57:43 ET
Table 'Eudora' 6-max Seat #6 is the button
Seat 2: EVBET ($310.29 in chips)
Seat 6: BAD-Chri$$y ($104.19 in chips)
BAD-Chri$$y: posts small blind $1
EVBET: posts big blind $3
*** HOLE CARDS ***
BAD-Chri$$y: raises $3 to $6
EVBET: calls $3
*** FLOP *** [Js Qd 4s]
EVBET: checks
BAD-Chri$$y: bets $3
EVBET: folds
Uncalled bet ($3) returned to BAD-Chri$$y
BAD-Chri$$y collected $11.76 from pot
BAD-Chri$$y: doesn't show hand
*** SUMMARY ***
Total pot $12 | Rake $0.24
Board [Js Qd 4s]
Seat 2: EVBET (big blind) folded on the Flop
Seat 6: BAD-Chri$$y (button) (small blind) collected ($11.76)


PokerStars Hand #172623000087:  Hold'em Limit ($3/$6 USD) - 2017/07/04 23:57:56 ET
Table 'Eudora' 6-max Seat #2 is the button
Seat 2: EVBET ($304.29 in chips)
Seat 6: BAD-Chri$$y ($109.95 in chips)
EVBET: posts small blind $1
BAD-Chri$$y: posts big blind $3
*** HOLE CARDS ***
EVBET: folds
Uncalled bet ($2) returned to BAD-Chri$$y
BAD-Chri$$y collected $2 from pot
BAD-Chri$$y: doesn't show hand
*** SUMMARY ***
Total pot $2 | Rake $0
Seat 2: EVBET (button) (small blind) folded before Flop
Seat 6: BAD-Chri$$y (big blind) collected ($2)


PokerStars Hand #172623001358:  Hold'em Limit ($3/$6 USD) - 2017/07/04 23:58:02 ET
Table 'Eudora' 6-max Seat #6 is the button
Seat 2: EVBET ($303.29 in chips)
Seat 6: BAD-Chri$$y ($110.95 in chips)
BAD-Chri$$y: posts small blind $1
EVBET: posts big blind $3
*** HOLE CARDS ***
BAD-Chri$$y: raises $3 to $6
EVBET: raises $3 to $9
BAD-Chri$$y: raises $3 to $12
Betting is capped
EVBET: calls $3
*** FLOP *** [As Kd Ac]
EVBET: checks
BAD-Chri$$y: bets $3
EVBET: calls $3
*** TURN *** [As Kd Ac] [9h]
EVBET: checks
BAD-Chri$$y: bets $6
EVBET: calls $6
*** RIVER *** [As Kd Ac 9h] [7h]
EVBET: checks
BAD-Chri$$y: bets $6
EVBET: calls $6
*** SHOW DOWN ***
BAD-Chri$$y: shows [Ts Ad] (three of a kind, Aces)
EVBET: mucks hand
BAD-Chri$$y collected $53.50 from pot
*** SUMMARY ***
Total pot $54 | Rake $0.50
Board [As Kd Ac 9h 7h]
Seat 2: EVBET (big blind) mucked
Seat 6: BAD-Chri$$y (button) (small blind) showed [Ts Ad] and won ($53.50) with three of a kind, Aces


PokerStars Hand #172623019538:  Hold'em Limit ($3/$6 USD) - 2017/07/04 23:59:13 ET
Table 'Eudora' 6-max Seat #6 is the button
Seat 2: EVBET ($282.05 in chips)
Seat 6: BAD-Chri$$y ($131.45 in chips)
BAD-Chri$$y: posts small blind $1
EVBET: posts big blind $3
*** HOLE CARDS ***
BAD-Chri$$y: raises $3 to $6
EVBET: calls $3
*** FLOP *** [6s 2d 8h]
EVBET: checks
BAD-Chri$$y: checks
*** TURN *** [6s 2d 8h] [Th]
EVBET: checks
BAD-Chri$$y: bets $6
EVBET: calls $6
*** RIVER *** [6s 2d 8h Th] [Qh]
EVBET: checks
BAD-Chri$$y: bets $6
EVBET: raises $6 to $12
BAD-Chri$$y: calls $6
*** SHOW DOWN ***
EVBET: shows [Js Qd] (a pair of Queens)
BAD-Chri$$y: mucks hand
EVBET collected $47.50 from pot
*** SUMMARY ***
Total pot $48 | Rake $0.50
Board [6s 2d 8h Th Qh]
Seat 2: EVBET (big blind) showed [Js Qd] and won ($47.50) with a pair of Queens
Seat 6: BAD-Chri$$y (button) (small blind) mucked


PokerStars Hand #172623024154:  Hold'em Limit ($3/$6 USD) - 2017/07/04 23:59:33 ET
Table 'Eudora' 6-max Seat #2 is the button
Seat 2: EVBET ($305.55 in chips)
Seat 6: BAD-Chri$$y ($107.45 in chips)
EVBET: posts small blind $1
BAD-Chri$$y: posts big blind $3
*** HOLE CARDS ***
EVBET: raises $3 to $6
BAD-Chri$$y: calls $3
*** FLOP *** [2h 6d Ts]
BAD-Chri$$y: checks
EVBET: bets $3
BAD-Chri$$y: folds
Uncalled bet ($3) returned to EVBET
EVBET collected $11.76 from pot
dmonr joins the table at seat #3
EVBET: doesn't show hand
*** SUMMARY ***
Total pot $12 | Rake $0.24
Board [2h 6d Ts]
Seat 2: EVBET (button) (small blind) collected ($11.76)
Seat 6: BAD-Chri$$y (big blind) folded on the Flop


PokerStars Hand #172623018343:  Hold'em Limit ($3/$6 USD) - 2017/07/04 23:59:08 ET
Table 'Eudora' 6-max Seat #2 is the button
Seat 2: EVBET ($283.05 in chips)
Seat 6: BAD-Chri$$y ($130.45 in chips)
EVBET: posts small blind $1
BAD-Chri$$y: posts big blind $3
*** HOLE CARDS ***
EVBET: folds
Uncalled bet ($2) returned to BAD-Chri$$y
BAD-Chri$$y collected $2 from pot
BAD-Chri$$y: doesn't show hand
*** SUMMARY ***
Total pot $2 | Rake $0
Seat 2: EVBET (button) (small blind) folded before Flop
Seat 6: BAD-Chri$$y (big blind) collected ($2)


PokerStars Hand #172623017064:  Hold'em Limit ($3/$6 USD) - 2017/07/04 23:59:02 ET
Table 'Eudora' 6-max Seat #6 is the button
Seat 2: EVBET ($282.05 in chips)
Seat 6: BAD-Chri$$y ($131.45 in chips)
BAD-Chri$$y: posts small blind $1
EVBET: posts big blind $3
*** HOLE CARDS ***
BAD-Chri$$y: folds
Uncalled bet ($2) returned to EVBET
EVBET collected $2 from pot
EVBET: doesn't show hand
*** SUMMARY ***
Total pot $2 | Rake $0
Seat 2: EVBET (big blind) collected ($2)
Seat 6: BAD-Chri$$y (button) (small blind) folded before Flop


PokerStars Hand #172623012403:  Hold'em Limit ($3/$6 USD) - 2017/07/04 23:58:43 ET
Table 'Eudora' 6-max Seat #2 is the button
Seat 2: EVBET ($276.29 in chips)
Seat 6: BAD-Chri$$y ($137.45 in chips)
EVBET: posts small blind $1
BAD-Chri$$y: posts big blind $3
*** HOLE CARDS ***
EVBET: raises $3 to $6
BAD-Chri$$y: calls $3
*** FLOP *** [Td Qs 3c]
BAD-Chri$$y: checks
EVBET: bets $3
BAD-Chri$$y: folds
Uncalled bet ($3) returned to EVBET
EVBET collected $11.76 from pot
EVBET: doesn't show hand
*** SUMMARY ***
Total pot $12 | Rake $0.24
Board [Td Qs 3c]
Seat 2: EVBET (button) (small blind) collected ($11.76)
Seat 6: BAD-Chri$$y (big blind) folded on the Flop


PokerStars Hand #172623026783:  Hold'em Limit ($3/$6 USD) - 2017/07/04 23:59:45 ET
Table 'Eudora' 6-max Seat #6 is the button
Seat 2: EVBET ($311.31 in chips)
Seat 6: BAD-Chri$$y ($101.45 in chips)
BAD-Chri$$y: posts small blind $1
EVBET: posts big blind $3
*** HOLE CARDS ***
BAD-Chri$$y: raises $3 to $6
EVBET: folds
Uncalled bet ($3) returned to BAD-Chri$$y
BAD-Chri$$y collected $6 from pot
BAD-Chri$$y: doesn't show hand
*** SUMMARY ***
Total pot $6 | Rake $0
Seat 2: EVBET (big blind) folded before Flop
Seat 6: BAD-Chri$$y (button) (small blind) collected ($6)


