PokerStars Hand #149443939062:  Hold'em Limit ($3/$6 USD) - 2016/02/26 10:33:44 ET
Table 'Euforbo' 6-max Seat #6 is the button
Seat 3: TTBN ($79.39 in chips)
Seat 6: Chefred ($167.96 in chips)
Günni1959 will be allowed to play after the button
Chefred: posts small blind $1
veterankwu: is sitting out
harrydonkey was removed from the table for failing to post
TTBN: posts big blind $3
*** HOLE CARDS ***
Chefred: folds
Uncalled bet ($2) returned to TTBN
TTBN collected $2 from pot
TTBN: doesn't show hand
veterankwu leaves the table
*** SUMMARY ***
Total pot $2 | Rake $0
Seat 3: TTBN (big blind) collected ($2)
Seat 6: Chefred (button) (small blind) folded before Flop


PokerStars Hand #149448909283:  Hold'em Limit ($3/$6 USD) - 2016/02/26 12:18:56 ET
Table 'Euforbo' 6-max Seat #4 is the button
Seat 1: Kosova1968 ($94.27 in chips)
Seat 4: Azrarn ($99.07 in chips)
Azrarn: posts small blind $1
Kosova1968: posts big blind $3
*** HOLE CARDS ***
Azrarn: raises $3 to $6
Kosova1968: raises $3 to $9
Azrarn: calls $3
*** FLOP *** [Ah 3s 2c]
Kosova1968: bets $3
Azrarn: folds
Uncalled bet ($3) returned to Kosova1968
Kosova1968 collected $17.64 from pot
*** SUMMARY ***
Total pot $18 | Rake $0.36
Board [Ah 3s 2c]
Seat 1: Kosova1968 (big blind) collected ($17.64)
Seat 4: Azrarn (button) (small blind) folded on the Flop


PokerStars Hand #149448978180:  Hold'em Limit ($3/$6 USD) - 2016/02/26 12:20:17 ET
Table 'Euforbo' 6-max Seat #4 is the button
Seat 1: Kosova1968 ($90.91 in chips)
Seat 4: Azrarn ($101.59 in chips)
Azrarn: posts small blind $1
Kosova1968: posts big blind $3
*** HOLE CARDS ***
Azrarn: raises $3 to $6
Kosova1968: calls $3
*** FLOP *** [2s 5c Kd]
Kosova1968: checks
Azrarn: bets $3
Kosova1968: calls $3
*** TURN *** [2s 5c Kd] [2c]
Kosova1968: checks
Azrarn: checks
*** RIVER *** [2s 5c Kd 2c] [3c]
Kosova1968: bets $6
Azrarn: calls $6
*** SHOW DOWN ***
Kosova1968: shows [Jd 3h] (two pair, Threes and Deuces)
Azrarn: mucks hand
Kosova1968 collected $29.50 from pot
*** SUMMARY ***
Total pot $30 | Rake $0.50
Board [2s 5c Kd 2c 3c]
Seat 1: Kosova1968 (big blind) showed [Jd 3h] and won ($29.50) with two pair, Threes and Deuces
Seat 4: Azrarn (button) (small blind) mucked


PokerStars Hand #149448944515:  Hold'em Limit ($3/$6 USD) - 2016/02/26 12:19:37 ET
Table 'Euforbo' 6-max Seat #1 is the button
Seat 1: Kosova1968 ($102.91 in chips)
Seat 4: Azrarn ($90.07 in chips)
Kosova1968: posts small blind $1
Azrarn: posts big blind $3
*** HOLE CARDS ***
Kosova1968: raises $3 to $6
Azrarn: raises $3 to $9
Kosova1968: calls $3
*** FLOP *** [3s Jd 5c]
Azrarn: bets $3
Kosova1968: calls $3
*** TURN *** [3s Jd 5c] [Qc]
Azrarn: bets $6
Kosova1968: folds
Uncalled bet ($6) returned to Azrarn
Azrarn collected $23.52 from pot
Azrarn: doesn't show hand
*** SUMMARY ***
Total pot $24 | Rake $0.48
Board [3s Jd 5c Qc]
Seat 1: Kosova1968 (button) (small blind) folded on the Turn
Seat 4: Azrarn (big blind) collected ($23.52)


PokerStars Hand #149449019722:  Hold'em Limit ($3/$6 USD) - 2016/02/26 12:21:06 ET
Table 'Euforbo' 6-max Seat #4 is the button
Seat 1: Kosova1968 ($108.41 in chips)
Seat 4: Azrarn ($83.59 in chips)
Azrarn: posts small blind $1
Kosova1968: posts big blind $3
*** HOLE CARDS ***
Azrarn: raises $3 to $6
Kosova1968: raises $3 to $9
Azrarn: calls $3
*** FLOP *** [9d Js 4h]
Kosova1968: checks
Azrarn: checks
*** TURN *** [9d Js 4h] [Td]
Kosova1968: bets $6
Azrarn: folds
Uncalled bet ($6) returned to Kosova1968
Kosova1968 collected $17.64 from pot
*** SUMMARY ***
Total pot $18 | Rake $0.36
Board [9d Js 4h Td]
Seat 1: Kosova1968 (big blind) collected ($17.64)
Seat 4: Azrarn (button) (small blind) folded on the Turn


PokerStars Hand #149449011671:  Hold'em Limit ($3/$6 USD) - 2016/02/26 12:20:57 ET
Table 'Euforbo' 6-max Seat #1 is the button
Seat 1: Kosova1968 ($105.41 in chips)
Seat 4: Azrarn ($86.59 in chips)
Kosova1968: posts small blind $1
Azrarn: posts big blind $3
*** HOLE CARDS ***
Kosova1968: raises $3 to $6
Azrarn: folds
Uncalled bet ($3) returned to Kosova1968
Kosova1968 collected $6 from pot
*** SUMMARY ***
Total pot $6 | Rake $0
Seat 1: Kosova1968 (button) (small blind) collected ($6)
Seat 4: Azrarn (big blind) folded before Flop


PokerStars Hand #149449080946:  Hold'em Limit ($3/$6 USD) - 2016/02/26 12:22:19 ET
Table 'Euforbo' 6-max Seat #4 is the button
Seat 1: Kosova1968 ($140.55 in chips)
Seat 4: Azrarn ($72 in chips)
Azrarn: posts small blind $1
Kosova1968: posts big blind $3
*** HOLE CARDS ***
Azrarn: raises $3 to $6
Kosova1968: raises $3 to $9
Azrarn: calls $3
*** FLOP *** [9h 2d 6c]
Kosova1968: bets $3
Azrarn: folds
Uncalled bet ($3) returned to Kosova1968
Kosova1968 collected $17.64 from pot
*** SUMMARY ***
Total pot $18 | Rake $0.36
Board [9h 2d 6c]
Seat 1: Kosova1968 (big blind) collected ($17.64)
Seat 4: Azrarn (button) (small blind) folded on the Flop


PokerStars Hand #149449046542:  Hold'em Limit ($3/$6 USD) - 2016/02/26 12:21:38 ET
Table 'Euforbo' 6-max Seat #1 is the button
Seat 1: Kosova1968 ($117.05 in chips)
Seat 4: Azrarn ($74.59 in chips)
Kosova1968: posts small blind $1
Azrarn: posts big blind $3
*** HOLE CARDS ***
Kosova1968: raises $3 to $6
Azrarn: raises $3 to $9
Kosova1968: calls $3
*** FLOP *** [2h 5s 2c]
Azrarn: bets $3
Kosova1968: calls $3
*** TURN *** [2h 5s 2c] [6d]
Azrarn: checks
Kosova1968: bets $6
Azrarn: calls $6
*** RIVER *** [2h 5s 2c 6d] [7d]
Azrarn: checks
Kosova1968: bets $6
Azrarn: calls $6
*** SHOW DOWN ***
Kosova1968: shows [5h 8h] (two pair, Fives and Deuces)
Azrarn: mucks hand
Kosova1968 collected $47.50 from pot
*** SUMMARY ***
Total pot $48 | Rake $0.50
Board [2h 5s 2c 6d 7d]
Seat 1: Kosova1968 (button) (small blind) showed [5h 8h] and won ($47.50) with two pair, Fives and Deuces
Seat 4: Azrarn (big blind) mucked


PokerStars Hand #149449101974:  Hold'em Limit ($3/$6 USD) - 2016/02/26 12:22:44 ET
Table 'Euforbo' 6-max Seat #1 is the button
Seat 1: Kosova1968 ($149.19 in chips)
Seat 4: Azrarn ($72 in chips)
Kosova1968: posts small blind $1
Azrarn: posts big blind $3
*** HOLE CARDS ***
Kosova1968: raises $3 to $6
Azrarn: calls $3
*** FLOP *** [Tc 9s 3h]
Azrarn: checks
Kosova1968: bets $3
Azrarn: calls $3
*** TURN *** [Tc 9s 3h] [5s]
Azrarn: checks
Kosova1968: bets $6
Azrarn: calls $6
*** RIVER *** [Tc 9s 3h 5s] [8d]
Azrarn: checks
Kosova1968: bets $6
Azrarn: folds
Uncalled bet ($6) returned to Kosova1968
Kosova1968 collected $29.50 from pot
*** SUMMARY ***
Total pot $30 | Rake $0.50
Board [Tc 9s 3h 5s 8d]
Seat 1: Kosova1968 (button) (small blind) collected ($29.50)
Seat 4: Azrarn (big blind) folded on the River


PokerStars Hand #149449176701:  Hold'em Limit ($3/$6 USD) - 2016/02/26 12:24:12 ET
Table 'Euforbo' 6-max Seat #1 is the button
Seat 1: Kosova1968 ($172.33 in chips)
Seat 4: Azrarn ($72 in chips)
Kosova1968: posts small blind $1
Azrarn: posts big blind $3
*** HOLE CARDS ***
Kosova1968: raises $3 to $6
Azrarn: calls $3
*** FLOP *** [Ac Jd Ah]
Azrarn: checks
Kosova1968: checks
*** TURN *** [Ac Jd Ah] [2s]
Azrarn: checks
Kosova1968: bets $6
Azrarn: folds
Uncalled bet ($6) returned to Kosova1968
Kosova1968 collected $11.76 from pot
*** SUMMARY ***
Total pot $12 | Rake $0.24
Board [Ac Jd Ah 2s]
Seat 1: Kosova1968 (button) (small blind) collected ($11.76)
Seat 4: Azrarn (big blind) folded on the Turn


PokerStars Hand #149449145157:  Hold'em Limit ($3/$6 USD) - 2016/02/26 12:23:34 ET
Table 'Euforbo' 6-max Seat #4 is the button
Seat 1: Kosova1968 ($163.69 in chips)
Seat 4: Azrarn ($72 in chips)
Azrarn: posts small blind $1
Kosova1968: posts big blind $3
*** HOLE CARDS ***
Azrarn: raises $3 to $6
Kosova1968: raises $3 to $9
Azrarn: calls $3
*** FLOP *** [5h Jh 5c]
Kosova1968: checks
Azrarn: checks
*** TURN *** [5h Jh 5c] [Kd]
Kosova1968: checks
Azrarn: checks
*** RIVER *** [5h Jh 5c Kd] [Jc]
Kosova1968: bets $6
Azrarn: folds
Uncalled bet ($6) returned to Kosova1968
Kosova1968 collected $17.64 from pot
*** SUMMARY ***
Total pot $18 | Rake $0.36
Board [5h Jh 5c Kd Jc]
Seat 1: Kosova1968 (big blind) collected ($17.64)
Seat 4: Azrarn (button) (small blind) folded on the River


PokerStars Hand #149449197798:  Hold'em Limit ($3/$6 USD) - 2016/02/26 12:24:36 ET
Table 'Euforbo' 6-max Seat #4 is the button
Seat 1: Kosova1968 ($178.09 in chips)
Seat 4: Azrarn ($72 in chips)
Azrarn: posts small blind $1
Kosova1968: posts big blind $3
*** HOLE CARDS ***
Azrarn: raises $3 to $6
Kosova1968: calls $3
*** FLOP *** [Kd Qc Jc]
Kosova1968: bets $3
Azrarn: calls $3
*** TURN *** [Kd Qc Jc] [8c]
Kosova1968: bets $6
Azrarn: calls $6
*** RIVER *** [Kd Qc Jc 8c] [As]
Kosova1968: checks
Azrarn: checks
*** SHOW DOWN ***
Kosova1968: shows [2c Ac] (a flush, Ace high)
Azrarn: mucks hand
Kosova1968 collected $29.50 from pot
*** SUMMARY ***
Total pot $30 | Rake $0.50
Board [Kd Qc Jc 8c As]
Seat 1: Kosova1968 (big blind) showed [2c Ac] and won ($29.50) with a flush, Ace high
Seat 4: Azrarn (button) (small blind) mucked


PokerStars Hand #149449232510:  Hold'em Limit ($3/$6 USD) - 2016/02/26 12:25:17 ET
Table 'Euforbo' 6-max Seat #1 is the button
Seat 1: Kosova1968 ($192.59 in chips)
Seat 4: Azrarn ($72 in chips)
Kosova1968: posts small blind $1
Azrarn: posts big blind $3
*** HOLE CARDS ***
Kosova1968: raises $3 to $6
Azrarn: calls $3
*** FLOP *** [6d Td 4h]
Azrarn: bets $3
Kosova1968: calls $3
*** TURN *** [6d Td 4h] [7d]
Azrarn: bets $6
Kosova1968: folds [4s]
Uncalled bet ($6) returned to Azrarn
Azrarn collected $17.64 from pot
Azrarn: doesn't show hand
*** SUMMARY ***
Total pot $18 | Rake $0.36
Board [6d Td 4h 7d]
Seat 1: Kosova1968 (button) (small blind) folded on the Turn
Seat 4: Azrarn (big blind) collected ($17.64)


PokerStars Hand #149449257178:  Hold'em Limit ($3/$6 USD) - 2016/02/26 12:25:47 ET
Table 'Euforbo' 6-max Seat #4 is the button
Seat 1: Kosova1968 ($183.59 in chips)
Seat 4: Azrarn ($80.64 in chips)
Azrarn: posts small blind $1
Kosova1968: posts big blind $3
*** HOLE CARDS ***
Azrarn: folds
Uncalled bet ($2) returned to Kosova1968
Kosova1968 collected $2 from pot
*** SUMMARY ***
Total pot $2 | Rake $0
Seat 1: Kosova1968 (big blind) collected ($2)
Seat 4: Azrarn (button) (small blind) folded before Flop


PokerStars Hand #149449296325:  Hold'em Limit ($3/$6 USD) - 2016/02/26 12:26:33 ET
Table 'Euforbo' 6-max Seat #4 is the button
Seat 1: Kosova1968 ($175.59 in chips)
Seat 4: Azrarn ($88.28 in chips)
Azrarn: posts small blind $1
Kosova1968: posts big blind $3
*** HOLE CARDS ***
Azrarn: raises $3 to $6
Kosova1968: calls $3
*** FLOP *** [8d Js 2d]
Kosova1968: checks
Azrarn: bets $3
Kosova1968: raises $3 to $6
Azrarn: folds
Uncalled bet ($3) returned to Kosova1968
Kosova1968 collected $17.64 from pot
*** SUMMARY ***
Total pot $18 | Rake $0.36
Board [8d Js 2d]
Seat 1: Kosova1968 (big blind) collected ($17.64)
Seat 4: Azrarn (button) (small blind) folded on the Flop


PokerStars Hand #149449365824:  Hold'em Limit ($3/$6 USD) - 2016/02/26 12:27:56 ET
Table 'Euforbo' 6-max Seat #4 is the button
Seat 1: Kosova1968 ($200.51 in chips)
Seat 4: Azrarn ($73 in chips)
Azrarn: posts small blind $1
Kosova1968: posts big blind $3
*** HOLE CARDS ***
Azrarn: folds
Uncalled bet ($2) returned to Kosova1968
Kosova1968 collected $2 from pot
*** SUMMARY ***
Total pot $2 | Rake $0
Seat 1: Kosova1968 (big blind) collected ($2)
Seat 4: Azrarn (button) (small blind) folded before Flop


PokerStars Hand #149449362240:  Hold'em Limit ($3/$6 USD) - 2016/02/26 12:27:51 ET
Table 'Euforbo' 6-max Seat #1 is the button
Seat 1: Kosova1968 ($201.51 in chips)
Seat 4: Azrarn ($72 in chips)
Kosova1968: posts small blind $1
Azrarn: posts big blind $3
*** HOLE CARDS ***
Kosova1968: folds
Uncalled bet ($2) returned to Azrarn
Azrarn collected $2 from pot
Azrarn: doesn't show hand
*** SUMMARY ***
Total pot $2 | Rake $0
Seat 1: Kosova1968 (button) (small blind) folded before Flop
Seat 4: Azrarn (big blind) collected ($2)


PokerStars Hand #149449341636:  Hold'em Limit ($3/$6 USD) - 2016/02/26 12:27:27 ET
Table 'Euforbo' 6-max Seat #4 is the button
Seat 1: Kosova1968 ($189.99 in chips)
Seat 4: Azrarn ($73.28 in chips)
Azrarn: posts small blind $1
Kosova1968: posts big blind $3
*** HOLE CARDS ***
Azrarn: raises $3 to $6
Kosova1968: raises $3 to $9
Azrarn: calls $3
*** FLOP *** [2d 5h 5s]
Kosova1968: bets $3
Azrarn: calls $3
*** TURN *** [2d 5h 5s] [Ad]
Kosova1968: checks
Azrarn: checks
*** RIVER *** [2d 5h 5s Ad] [As]
Kosova1968: bets $6
Azrarn: folds
Uncalled bet ($6) returned to Kosova1968
Kosova1968 collected $23.52 from pot
*** SUMMARY ***
Total pot $24 | Rake $0.48
Board [2d 5h 5s Ad As]
Seat 1: Kosova1968 (big blind) collected ($23.52)
Seat 4: Azrarn (button) (small blind) folded on the River


PokerStars Hand #149449329216:  Hold'em Limit ($3/$6 USD) - 2016/02/26 12:27:12 ET
Table 'Euforbo' 6-max Seat #1 is the button
Seat 1: Kosova1968 ($184.23 in chips)
Seat 4: Azrarn ($79.28 in chips)
Kosova1968: posts small blind $1
Azrarn: posts big blind $3
*** HOLE CARDS ***
Kosova1968: raises $3 to $6
Azrarn: calls $3
*** FLOP *** [Qd Ts 8d]
Azrarn: checks
Kosova1968: bets $3
Azrarn: folds
Uncalled bet ($3) returned to Kosova1968
Kosova1968 collected $11.76 from pot
*** SUMMARY ***
Total pot $12 | Rake $0.24
Board [Qd Ts 8d]
Seat 1: Kosova1968 (button) (small blind) collected ($11.76)
Seat 4: Azrarn (big blind) folded on the Flop


PokerStars Hand #149449396253:  Hold'em Limit ($3/$6 USD) - 2016/02/26 12:28:32 ET
Table 'Euforbo' 6-max Seat #4 is the button
Seat 1: Kosova1968 ($174.51 in chips)
Seat 4: Azrarn ($98.50 in chips)
Azrarn: posts small blind $1
Kosova1968: posts big blind $3
*** HOLE CARDS ***
Azrarn: folds
Uncalled bet ($2) returned to Kosova1968
Kosova1968 collected $2 from pot
*** SUMMARY ***
Total pot $2 | Rake $0
Seat 1: Kosova1968 (big blind) collected ($2)
Seat 4: Azrarn (button) (small blind) folded before Flop


PokerStars Hand #149449370207:  Hold'em Limit ($3/$6 USD) - 2016/02/26 12:28:01 ET
Table 'Euforbo' 6-max Seat #1 is the button
Seat 1: Kosova1968 ($201.51 in chips)
Seat 4: Azrarn ($72 in chips)
Kosova1968: posts small blind $1
Azrarn: posts big blind $3
*** HOLE CARDS ***
Kosova1968: calls $2
Azrarn: raises $3 to $6
Kosova1968: raises $3 to $9
Azrarn: raises $3 to $12
Betting is capped
Kosova1968: calls $3
*** FLOP *** [3h 5c Jc]
Azrarn: bets $3
Kosova1968: calls $3
*** TURN *** [3h 5c Jc] [Js]
Azrarn: bets $6
Kosova1968: calls $6
*** RIVER *** [3h 5c Jc Js] [9c]
Azrarn: bets $6
Kosova1968: calls $6
*** SHOW DOWN ***
Azrarn: shows [Jd Jh] (four of a kind, Jacks)
Kosova1968: shows [Kh 5d] (two pair, Jacks and Fives)
Azrarn collected $53.50 from pot
*** SUMMARY ***
Total pot $54 | Rake $0.50
Board [3h 5c Jc Js 9c]
Seat 1: Kosova1968 (button) (small blind) showed [Kh 5d] and lost with two pair, Jacks and Fives
Seat 4: Azrarn (big blind) showed [Jd Jh] and won ($53.50) with four of a kind, Jacks


PokerStars Hand #149449451653:  Hold'em Limit ($3/$6 USD) - 2016/02/26 12:29:37 ET
Table 'Euforbo' 6-max Seat #4 is the button
Seat 1: Kosova1968 ($160.51 in chips)
Seat 4: Azrarn ($112 in chips)
Azrarn: posts small blind $1
Kosova1968: posts big blind $3
*** HOLE CARDS ***
Azrarn: raises $3 to $6
Kosova1968: raises $3 to $9
Azrarn: calls $3
*** FLOP *** [2c Jc Js]
Kosova1968: bets $3
Azrarn: folds
Uncalled bet ($3) returned to Kosova1968
Kosova1968 collected $17.64 from pot
*** SUMMARY ***
Total pot $18 | Rake $0.36
Board [2c Jc Js]
Seat 1: Kosova1968 (big blind) collected ($17.64)
Seat 4: Azrarn (button) (small blind) folded on the Flop


PokerStars Hand #149449447698:  Hold'em Limit ($3/$6 USD) - 2016/02/26 12:29:33 ET
Table 'Euforbo' 6-max Seat #1 is the button
Seat 1: Kosova1968 ($161.51 in chips)
Seat 4: Azrarn ($111 in chips)
Kosova1968: posts small blind $1
Azrarn: posts big blind $3
*** HOLE CARDS ***
Kosova1968: folds
Uncalled bet ($2) returned to Azrarn
Azrarn collected $2 from pot
Azrarn: doesn't show hand
*** SUMMARY ***
Total pot $2 | Rake $0
Seat 1: Kosova1968 (button) (small blind) folded before Flop
Seat 4: Azrarn (big blind) collected ($2)


PokerStars Hand #149449443413:  Hold'em Limit ($3/$6 USD) - 2016/02/26 12:29:28 ET
Table 'Euforbo' 6-max Seat #4 is the button
Seat 1: Kosova1968 ($160.51 in chips)
Seat 4: Azrarn ($112 in chips)
Azrarn: posts small blind $1
Kosova1968: posts big blind $3
*** HOLE CARDS ***
Azrarn: folds
Uncalled bet ($2) returned to Kosova1968
Kosova1968 collected $2 from pot
*** SUMMARY ***
Total pot $2 | Rake $0
Seat 1: Kosova1968 (big blind) collected ($2)
Seat 4: Azrarn (button) (small blind) folded before Flop


PokerStars Hand #149449406603:  Hold'em Limit ($3/$6 USD) - 2016/02/26 12:28:44 ET
Table 'Euforbo' 6-max Seat #1 is the button
Seat 1: Kosova1968 ($175.51 in chips)
Seat 4: Azrarn ($97.50 in chips)
Kosova1968: posts small blind $1
Azrarn: posts big blind $3
*** HOLE CARDS ***
Kosova1968: raises $3 to $6
Azrarn: calls $3
*** FLOP *** [7h 5d Kd]
Azrarn: checks
Kosova1968: bets $3
Azrarn: calls $3
*** TURN *** [7h 5d Kd] [8c]
Azrarn: checks
Kosova1968: checks
*** RIVER *** [7h 5d Kd 8c] [As]
Azrarn: checks
Kosova1968: bets $6
Azrarn: calls $6
*** SHOW DOWN ***
Kosova1968: shows [6s 8s] (a pair of Eights)
Azrarn: shows [Ac 2d] (a pair of Aces)
Azrarn collected $29.50 from pot
*** SUMMARY ***
Total pot $30 | Rake $0.50
Board [7h 5d Kd 8c As]
Seat 1: Kosova1968 (button) (small blind) showed [6s 8s] and lost with a pair of Eights
Seat 4: Azrarn (big blind) showed [Ac 2d] and won ($29.50) with a pair of Aces


PokerStars Hand #149449514300:  Hold'em Limit ($3/$6 USD) - 2016/02/26 12:30:51 ET
Table 'Euforbo' 6-max Seat #1 is the button
Seat 1: Kosova1968 ($187.55 in chips)
Seat 4: Azrarn ($84 in chips)
Kosova1968: posts small blind $1
Azrarn: posts big blind $3
*** HOLE CARDS ***
Kosova1968: folds
Uncalled bet ($2) returned to Azrarn
Azrarn collected $2 from pot
Azrarn: doesn't show hand
*** SUMMARY ***
Total pot $2 | Rake $0
Seat 1: Kosova1968 (button) (small blind) folded before Flop
Seat 4: Azrarn (big blind) collected ($2)


PokerStars Hand #149449508973:  Hold'em Limit ($3/$6 USD) - 2016/02/26 12:30:45 ET
Table 'Euforbo' 6-max Seat #4 is the button
Seat 1: Kosova1968 ($186.55 in chips)
Seat 4: Azrarn ($85 in chips)
Azrarn: posts small blind $1
Kosova1968: posts big blind $3
*** HOLE CARDS ***
Azrarn: folds
Uncalled bet ($2) returned to Kosova1968
Kosova1968 collected $2 from pot
*** SUMMARY ***
Total pot $2 | Rake $0
Seat 1: Kosova1968 (big blind) collected ($2)
Seat 4: Azrarn (button) (small blind) folded before Flop


PokerStars Hand #149449502970:  Hold'em Limit ($3/$6 USD) - 2016/02/26 12:30:38 ET
Table 'Euforbo' 6-max Seat #1 is the button
Seat 1: Kosova1968 ($183.55 in chips)
Seat 4: Azrarn ($88 in chips)
Kosova1968: posts small blind $1
Azrarn: posts big blind $3
*** HOLE CARDS ***
CatPuppy1999 joins the table at seat #5
Kosova1968: raises $3 to $6
CatPuppy1999 leaves the table
Azrarn: folds
Uncalled bet ($3) returned to Kosova1968
Kosova1968 collected $6 from pot
*** SUMMARY ***
Total pot $6 | Rake $0
Seat 1: Kosova1968 (button) (small blind) collected ($6)
Seat 4: Azrarn (big blind) folded before Flop


PokerStars Hand #149449485846:  Hold'em Limit ($3/$6 USD) - 2016/02/26 12:30:18 ET
Table 'Euforbo' 6-max Seat #4 is the button
Seat 1: Kosova1968 ($174.91 in chips)
Seat 4: Azrarn ($97 in chips)
Azrarn: posts small blind $1
Kosova1968: posts big blind $3
*** HOLE CARDS ***
Azrarn: raises $3 to $6
Kosova1968: calls $3
*** FLOP *** [Th Js Jd]
Kosova1968: bets $3
Azrarn: calls $3
*** TURN *** [Th Js Jd] [8d]
Kosova1968: checks
Azrarn: checks
*** RIVER *** [Th Js Jd 8d] [7s]
Kosova1968: bets $6
Azrarn: folds
Uncalled bet ($6) returned to Kosova1968
Kosova1968 collected $17.64 from pot
*** SUMMARY ***
Total pot $18 | Rake $0.36
Board [Th Js Jd 8d 7s]
Seat 1: Kosova1968 (big blind) collected ($17.64)
Seat 4: Azrarn (button) (small blind) folded on the River


PokerStars Hand #149449472098:  Hold'em Limit ($3/$6 USD) - 2016/02/26 12:30:02 ET
Table 'Euforbo' 6-max Seat #1 is the button
Seat 1: Kosova1968 ($169.15 in chips)
Seat 4: Azrarn ($103 in chips)
Kosova1968: posts small blind $1
Azrarn: posts big blind $3
*** HOLE CARDS ***
Kosova1968: raises $3 to $6
Azrarn: calls $3
*** FLOP *** [Jc 6c 3c]
Azrarn: checks
Kosova1968: bets $3
Azrarn: folds
Uncalled bet ($3) returned to Kosova1968
Kosova1968 collected $11.76 from pot
*** SUMMARY ***
Total pot $12 | Rake $0.24
Board [Jc 6c 3c]
Seat 1: Kosova1968 (button) (small blind) collected ($11.76)
Seat 4: Azrarn (big blind) folded on the Flop


PokerStars Hand #149449557567:  Hold'em Limit ($3/$6 USD) - 2016/02/26 12:31:42 ET
Table 'Euforbo' 6-max Seat #1 is the button
Seat 1: Kosova1968 ($168.55 in chips)
Seat 4: Azrarn ($102.50 in chips)
Kosova1968: posts small blind $1
Azrarn: posts big blind $3
*** HOLE CARDS ***
Kosova1968: folds
Uncalled bet ($2) returned to Azrarn
Azrarn collected $2 from pot
Azrarn: doesn't show hand
*** SUMMARY ***
Total pot $2 | Rake $0
Seat 1: Kosova1968 (button) (small blind) folded before Flop
Seat 4: Azrarn (big blind) collected ($2)


PokerStars Hand #149449518798:  Hold'em Limit ($3/$6 USD) - 2016/02/26 12:30:56 ET
Table 'Euforbo' 6-max Seat #4 is the button
Seat 1: Kosova1968 ($186.55 in chips)
Seat 4: Azrarn ($85 in chips)
Azrarn: posts small blind $1
Kosova1968: posts big blind $3
*** HOLE CARDS ***
Azrarn: raises $3 to $6
Kosova1968: raises $3 to $9
Azrarn: raises $3 to $12
Betting is capped
Kosova1968: calls $3
*** FLOP *** [Tc Ks 4c]
Kosova1968: checks
Azrarn: bets $3
Kosova1968: raises $3 to $6
Azrarn: raises $3 to $9
Kosova1968: folds
Uncalled bet ($3) returned to Azrarn
Azrarn collected $35.50 from pot
Azrarn: doesn't show hand
*** SUMMARY ***
Total pot $36 | Rake $0.50
Board [Tc Ks 4c]
Seat 1: Kosova1968 (big blind) folded on the Flop
Seat 4: Azrarn (button) (small blind) collected ($35.50)


PokerStars Hand #149449563495:  Hold'em Limit ($3/$6 USD) - 2016/02/26 12:31:49 ET
Table 'Euforbo' 6-max Seat #4 is the button
Seat 1: Kosova1968 ($167.55 in chips)
Seat 4: Azrarn ($103.50 in chips)
Azrarn: posts small blind $1
Kosova1968: posts big blind $3
*** HOLE CARDS ***
Azrarn: raises $3 to $6
Kosova1968: calls $3
*** FLOP *** [7h 6s 6d]
Kosova1968: checks
Azrarn: bets $3
Kosova1968: calls $3
*** TURN *** [7h 6s 6d] [7d]
Kosova1968: checks
Azrarn: bets $6
Kosova1968: calls $6
*** RIVER *** [7h 6s 6d 7d] [5h]
Kosova1968: checks
Azrarn: bets $6
Kosova1968: calls $6
*** SHOW DOWN ***
Azrarn: shows [4h 6h] (a full house, Sixes full of Sevens)
Kosova1968: mucks hand
Azrarn collected $41.50 from pot
*** SUMMARY ***
Total pot $42 | Rake $0.50
Board [7h 6s 6d 7d 5h]
Seat 1: Kosova1968 (big blind) mucked
Seat 4: Azrarn (button) (small blind) showed [4h 6h] and won ($41.50) with a full house, Sixes full of Sevens


PokerStars Hand #149449732439:  Hold'em Limit ($3/$6 USD) - 2016/02/26 12:35:06 ET
Table 'Euforbo' 6-max Seat #1 is the button
Seat 1: Kosova1968 ($125.05 in chips)
Seat 4: Azrarn ($144 in chips)
Kosova1968: posts small blind $1
Azrarn: posts big blind $3
*** HOLE CARDS ***
Kosova1968: raises $3 to $6
Azrarn: folds
Uncalled bet ($3) returned to Kosova1968
Kosova1968 collected $6 from pot
*** SUMMARY ***
Total pot $6 | Rake $0
Seat 1: Kosova1968 (button) (small blind) collected ($6)
Seat 4: Azrarn (big blind) folded before Flop


PokerStars Hand #149449686113:  Hold'em Limit ($3/$6 USD) - 2016/02/26 12:34:12 ET
Table 'Euforbo' 6-max Seat #4 is the button
Seat 1: Kosova1968 ($104.55 in chips)
Seat 4: Azrarn ($165 in chips)
Azrarn: posts small blind $1
Kosova1968: posts big blind $3
*** HOLE CARDS ***
Azrarn: raises $3 to $6
Kosova1968: raises $3 to $9
Azrarn: raises $3 to $12
Betting is capped
Kosova1968: calls $3
*** FLOP *** [Kd 4s Qs]
Kosova1968: checks
Azrarn: bets $3
Kosova1968: calls $3
*** TURN *** [Kd 4s Qs] [4h]
Kosova1968: checks
Azrarn: checks
*** RIVER *** [Kd 4s Qs 4h] [9h]
Kosova1968: bets $6
Azrarn: calls $6
*** SHOW DOWN ***
Kosova1968: shows [Ks 2d] (two pair, Kings and Fours)
Azrarn: mucks hand
Kosova1968 collected $41.50 from pot
*** SUMMARY ***
Total pot $42 | Rake $0.50
Board [Kd 4s Qs 4h 9h]
Seat 1: Kosova1968 (big blind) showed [Ks 2d] and won ($41.50) with two pair, Kings and Fours
Seat 4: Azrarn (button) (small blind) mucked


PokerStars Hand #149449618176:  Hold'em Limit ($3/$6 USD) - 2016/02/26 12:32:53 ET
Table 'Euforbo' 6-max Seat #1 is the button
Seat 1: Kosova1968 ($146.55 in chips)
Seat 4: Azrarn ($124 in chips)
Kosova1968: posts small blind $1
Azrarn: posts big blind $3
*** HOLE CARDS ***
Kosova1968: raises $3 to $6
Azrarn: calls $3
*** FLOP *** [Qd 9d 8d]
Azrarn: bets $3
Kosova1968: calls $3
*** TURN *** [Qd 9d 8d] [Th]
Azrarn: bets $6
Kosova1968: calls $6
*** RIVER *** [Qd 9d 8d Th] [Jc]
Azrarn: bets $6
Kosova1968: calls $6
*** SHOW DOWN ***
Azrarn: shows [Td 5d] (a flush, Queen high)
Kosova1968: shows [Qs 9h] (a straight, Eight to Queen)
Azrarn collected $41.50 from pot
*** SUMMARY ***
Total pot $42 | Rake $0.50
Board [Qd 9d 8d Th Jc]
Seat 1: Kosova1968 (button) (small blind) showed [Qs 9h] and lost with a straight, Eight to Queen
Seat 4: Azrarn (big blind) showed [Td 5d] and won ($41.50) with a flush, Queen high


PokerStars Hand #149449641431:  Hold'em Limit ($3/$6 USD) - 2016/02/26 12:33:20 ET
Table 'Euforbo' 6-max Seat #4 is the button
Seat 1: Kosova1968 ($125.55 in chips)
Seat 4: Azrarn ($144.50 in chips)
Azrarn: posts small blind $1
Kosova1968: posts big blind $3
*** HOLE CARDS ***
Azrarn: raises $3 to $6
Kosova1968: folds
Uncalled bet ($3) returned to Azrarn
Azrarn collected $6 from pot
Azrarn: doesn't show hand
*** SUMMARY ***
Total pot $6 | Rake $0
Seat 1: Kosova1968 (big blind) folded before Flop
Seat 4: Azrarn (button) (small blind) collected ($6)


PokerStars Hand #149449651801:  Hold'em Limit ($3/$6 USD) - 2016/02/26 12:33:32 ET
Table 'Euforbo' 6-max Seat #1 is the button
Seat 1: Kosova1968 ($122.55 in chips)
Seat 4: Azrarn ($147.50 in chips)
Kosova1968: posts small blind $1
Azrarn: posts big blind $3
*** HOLE CARDS ***
Kosova1968: raises $3 to $6
Azrarn: calls $3
*** FLOP *** [2s 3d Jd]
Azrarn: checks
Kosova1968: checks
*** TURN *** [2s 3d Jd] [8h]
Azrarn: bets $6
Kosova1968: calls $6
*** RIVER *** [2s 3d Jd 8h] [Qd]
Azrarn: bets $6
Kosova1968: calls $6
*** SHOW DOWN ***
Azrarn: shows [Qc 3c] (two pair, Queens and Threes)
Kosova1968: mucks hand
Azrarn collected $35.50 from pot
*** SUMMARY ***
Total pot $36 | Rake $0.50
Board [2s 3d Jd 8h Qd]
Seat 1: Kosova1968 (button) (small blind) mucked
Seat 4: Azrarn (big blind) showed [Qc 3c] and won ($35.50) with two pair, Queens and Threes


PokerStars Hand #149449783474:  Hold'em Limit ($3/$6 USD) - 2016/02/26 12:36:05 ET
Table 'Euforbo' 6-max Seat #1 is the button
Seat 1: Kosova1968 ($113.05 in chips)
Seat 4: Azrarn ($155.50 in chips)
Kosova1968: posts small blind $1
Azrarn: posts big blind $3
*** HOLE CARDS ***
Kosova1968: raises $3 to $6
Azrarn: raises $3 to $9
Kosova1968: raises $3 to $12
Betting is capped
Azrarn: calls $3
*** FLOP *** [4h 4c 9c]
Azrarn: bets $3
Kosova1968: calls $3
*** TURN *** [4h 4c 9c] [6h]
Azrarn: bets $6
Kosova1968: calls $6
*** RIVER *** [4h 4c 9c 6h] [2d]
Azrarn: bets $6
Kosova1968: calls $6
*** SHOW DOWN ***
Azrarn: shows [Kh Kc] (two pair, Kings and Fours)
Kosova1968: shows [6c 5d] (two pair, Sixes and Fours)
Azrarn collected $53.50 from pot
*** SUMMARY ***
Total pot $54 | Rake $0.50
Board [4h 4c 9c 6h 2d]
Seat 1: Kosova1968 (button) (small blind) showed [6c 5d] and lost with two pair, Sixes and Fours
Seat 4: Azrarn (big blind) showed [Kh Kc] and won ($53.50) with two pair, Kings and Fours


PokerStars Hand #149449740677:  Hold'em Limit ($3/$6 USD) - 2016/02/26 12:35:16 ET
Table 'Euforbo' 6-max Seat #4 is the button
Seat 1: Kosova1968 ($128.05 in chips)
Seat 4: Azrarn ($141 in chips)
Azrarn: posts small blind $1
Kosova1968: posts big blind $3
*** HOLE CARDS ***
Azrarn: raises $3 to $6
Kosova1968: calls $3
*** FLOP *** [2s 6c Jh]
Kosova1968: checks
Azrarn: bets $3
Kosova1968: calls $3
*** TURN *** [2s 6c Jh] [6s]
Kosova1968: checks
Azrarn: bets $6
Kosova1968: calls $6
*** RIVER *** [2s 6c Jh 6s] [Ac]
Kosova1968: checks
Azrarn: bets $6
Kosova1968: folds
Uncalled bet ($6) returned to Azrarn
Azrarn collected $29.50 from pot
Azrarn: doesn't show hand
*** SUMMARY ***
Total pot $30 | Rake $0.50
Board [2s 6c Jh 6s Ac]
Seat 1: Kosova1968 (big blind) folded on the River
Seat 4: Azrarn (button) (small blind) collected ($29.50)


PokerStars Hand #149449832440:  Hold'em Limit ($3/$6 USD) - 2016/02/26 12:37:02 ET
Table 'Euforbo' 6-max Seat #4 is the button
Seat 1: Kosova1968 ($88.81 in chips)
Seat 4: Azrarn ($179 in chips)
Azrarn: posts small blind $1
Kosova1968: posts big blind $3
*** HOLE CARDS ***
Azrarn: folds
Uncalled bet ($2) returned to Kosova1968
Kosova1968 collected $2 from pot
*** SUMMARY ***
Total pot $2 | Rake $0
Seat 1: Kosova1968 (big blind) collected ($2)
Seat 4: Azrarn (button) (small blind) folded before Flop


PokerStars Hand #149449814883:  Hold'em Limit ($3/$6 USD) - 2016/02/26 12:36:42 ET
Table 'Euforbo' 6-max Seat #1 is the button
Seat 1: Kosova1968 ($83.05 in chips)
Seat 4: Azrarn ($185 in chips)
Kosova1968: posts small blind $1
Azrarn: posts big blind $3
*** HOLE CARDS ***
Kosova1968: raises $3 to $6
Azrarn: calls $3
*** FLOP *** [Kc Jd Jc]
Azrarn: checks
Kosova1968: bets $3
Azrarn: folds
Uncalled bet ($3) returned to Kosova1968
Kosova1968 collected $11.76 from pot
*** SUMMARY ***
Total pot $12 | Rake $0.24
Board [Kc Jd Jc]
Seat 1: Kosova1968 (button) (small blind) collected ($11.76)
Seat 4: Azrarn (big blind) folded on the Flop


PokerStars Hand #149449809394:  Hold'em Limit ($3/$6 USD) - 2016/02/26 12:36:36 ET
Table 'Euforbo' 6-max Seat #4 is the button
Seat 1: Kosova1968 ($86.05 in chips)
Seat 4: Azrarn ($182 in chips)
Azrarn: posts small blind $1
Kosova1968: posts big blind $3
*** HOLE CARDS ***
Azrarn: raises $3 to $6
Kosova1968: folds
Uncalled bet ($3) returned to Azrarn
Azrarn collected $6 from pot
Azrarn: doesn't show hand
*** SUMMARY ***
Total pot $6 | Rake $0
Seat 1: Kosova1968 (big blind) folded before Flop
Seat 4: Azrarn (button) (small blind) collected ($6)


PokerStars Hand #149449884332:  Hold'em Limit ($3/$6 USD) - 2016/02/26 12:38:04 ET
Table 'Euforbo' 6-max Seat #1 is the button
Seat 1: Kosova1968 ($65.45 in chips)
Seat 4: Azrarn ($201.50 in chips)
Kosova1968: posts small blind $1
Azrarn: posts big blind $3
*** HOLE CARDS ***
Kosova1968: raises $3 to $6
Azrarn: calls $3
*** FLOP *** [4s 2c 8s]
Azrarn: bets $3
Kosova1968: calls $3
*** TURN *** [4s 2c 8s] [Ts]
Azrarn: checks
Kosova1968: bets $6
Azrarn: calls $6
*** RIVER *** [4s 2c 8s Ts] [Ks]
Azrarn: checks
Kosova1968: bets $6
Azrarn: calls $6
*** SHOW DOWN ***
Kosova1968: shows [Jc Qd] (high card King)
Azrarn: shows [2s Kh] (a flush, King high)
Azrarn collected $41.50 from pot
*** SUMMARY ***
Total pot $42 | Rake $0.50
Board [4s 2c 8s Ts Ks]
Seat 1: Kosova1968 (button) (small blind) showed [Jc Qd] and lost with high card King
Seat 4: Azrarn (big blind) showed [2s Kh] and won ($41.50) with a flush, King high


PokerStars Hand #149449871052:  Hold'em Limit ($3/$6 USD) - 2016/02/26 12:37:50 ET
Table 'Euforbo' 6-max Seat #4 is the button
Seat 1: Kosova1968 ($56.81 in chips)
Seat 4: Azrarn ($210.50 in chips)
Azrarn: posts small blind $1
Kosova1968: posts big blind $3
*** HOLE CARDS ***
Azrarn: raises $3 to $6
Kosova1968: raises $3 to $9
Azrarn: calls $3
*** FLOP *** [8h Ac Tc]
Kosova1968: bets $3
Azrarn: folds
Uncalled bet ($3) returned to Kosova1968
Kosova1968 collected $17.64 from pot
*** SUMMARY ***
Total pot $18 | Rake $0.36
Board [8h Ac Tc]
Seat 1: Kosova1968 (big blind) collected ($17.64)
Seat 4: Azrarn (button) (small blind) folded on the Flop


PokerStars Hand #149449844038:  Hold'em Limit ($3/$6 USD) - 2016/02/26 12:37:16 ET
Table 'Euforbo' 6-max Seat #1 is the button
Seat 1: Kosova1968 ($89.81 in chips)
Seat 4: Azrarn ($178 in chips)
Kosova1968: posts small blind $1
Azrarn: posts big blind $3
*** HOLE CARDS ***
Kosova1968: raises $3 to $6
Azrarn: raises $3 to $9
Kosova1968: calls $3
*** FLOP *** [4d Qc Jh]
Azrarn: bets $3
Kosova1968: raises $3 to $6
Azrarn: calls $3
*** TURN *** [4d Qc Jh] [4s]
Azrarn: checks
Kosova1968: bets $6
Azrarn: calls $6
*** RIVER *** [4d Qc Jh 4s] [Ks]
Azrarn: checks
Kosova1968: bets $6
Azrarn: raises $6 to $12
Kosova1968: calls $6
*** SHOW DOWN ***
Azrarn: shows [Kh Js] (two pair, Kings and Jacks)
Kosova1968: shows [Jd 5h] (two pair, Jacks and Fours)
Azrarn collected $65.50 from pot
*** SUMMARY ***
Total pot $66 | Rake $0.50
Board [4d Qc Jh 4s Ks]
Seat 1: Kosova1968 (button) (small blind) showed [Jd 5h] and lost with two pair, Jacks and Fours
Seat 4: Azrarn (big blind) showed [Kh Js] and won ($65.50) with two pair, Kings and Jacks


PokerStars Hand #149449926456:  Hold'em Limit ($3/$6 USD) - 2016/02/26 12:38:53 ET
Table 'Euforbo' 6-max Seat #1 is the button
Seat 1: Kosova1968 ($49.45 in chips)
Seat 4: Azrarn ($217 in chips)
Kosova1968: posts small blind $1
Azrarn: posts big blind $3
*** HOLE CARDS ***
Kosova1968: raises $3 to $6
Azrarn: raises $3 to $9
Kosova1968: calls $3
*** FLOP *** [7c Th Ts]
Azrarn: bets $3
Kosova1968: calls $3
*** TURN *** [7c Th Ts] [7h]
Azrarn: checks
Kosova1968: checks
*** RIVER *** [7c Th Ts 7h] [7d]
Azrarn: checks
Kosova1968: bets $6
Azrarn: calls $6
*** SHOW DOWN ***
Kosova1968: shows [5h 6c] (a full house, Sevens full of Tens)
Azrarn: shows [Ad Jh] (a full house, Sevens full of Tens)
Azrarn collected $17.75 from pot
Kosova1968 collected $17.75 from pot
*** SUMMARY ***
Total pot $36 | Rake $0.50
Board [7c Th Ts 7h 7d]
Seat 1: Kosova1968 (button) (small blind) showed [5h 6c] and won ($17.75) with a full house, Sevens full of Tens
Seat 4: Azrarn (big blind) showed [Ad Jh] and won ($17.75) with a full house, Sevens full of Tens


PokerStars Hand #149449921324:  Hold'em Limit ($3/$6 USD) - 2016/02/26 12:38:47 ET
Table 'Euforbo' 6-max Seat #4 is the button
Seat 1: Kosova1968 ($48.45 in chips)
Seat 4: Azrarn ($218 in chips)
Azrarn: posts small blind $1
Kosova1968: posts big blind $3
*** HOLE CARDS ***
Azrarn: folds
Uncalled bet ($2) returned to Kosova1968
Kosova1968 collected $2 from pot
*** SUMMARY ***
Total pot $2 | Rake $0
Seat 1: Kosova1968 (big blind) collected ($2)
Seat 4: Azrarn (button) (small blind) folded before Flop


PokerStars Hand #149449909460:  Hold'em Limit ($3/$6 USD) - 2016/02/26 12:38:33 ET
Table 'Euforbo' 6-max Seat #4 is the button
Seat 1: Kosova1968 ($44.45 in chips)
Seat 4: Azrarn ($222 in chips)
Azrarn: posts small blind $1
Kosova1968: posts big blind $3
*** HOLE CARDS ***
Azrarn: folds
Uncalled bet ($2) returned to Kosova1968
Kosova1968 collected $2 from pot
*** SUMMARY ***
Total pot $2 | Rake $0
Seat 1: Kosova1968 (big blind) collected ($2)
Seat 4: Azrarn (button) (small blind) folded before Flop


PokerStars Hand #149449959329:  Hold'em Limit ($3/$6 USD) - 2016/02/26 12:39:30 ET
Table 'Euforbo' 6-max Seat #4 is the button
Seat 1: Kosova1968 ($49.20 in chips)
Seat 4: Azrarn ($216.75 in chips)
Azrarn: posts small blind $1
Kosova1968: posts big blind $3
*** HOLE CARDS ***
Azrarn: raises $3 to $6
Kosova1968: raises $3 to $9
Azrarn: raises $3 to $12
Betting is capped
Kosova1968: calls $3
*** FLOP *** [As 8d 9h]
Kosova1968: checks
Azrarn: bets $3
Kosova1968: calls $3
*** TURN *** [As 8d 9h] [6c]
Kosova1968: checks
Azrarn: bets $6
Kosova1968: calls $6
*** RIVER *** [As 8d 9h 6c] [2c]
Kosova1968: checks
Azrarn: bets $6
Kosova1968: calls $6
*** SHOW DOWN ***
Azrarn: shows [Th Tc] (a pair of Tens)
Kosova1968: mucks hand
Azrarn collected $53.50 from pot
*** SUMMARY ***
Total pot $54 | Rake $0.50
Board [As 8d 9h 6c 2c]
Seat 1: Kosova1968 (big blind) mucked
Seat 4: Azrarn (button) (small blind) showed [Th Tc] and won ($53.50) with a pair of Tens


PokerStars Hand #149450064817:  Hold'em Limit ($3/$6 USD) - 2016/02/26 12:41:32 ET
Table 'Euforbo' 6-max Seat #1 is the button
Seat 1: Kosova1968 ($9.98 in chips)
Seat 4: Azrarn ($254.56 in chips)
Kosova1968: posts small blind $1
Azrarn: posts big blind $3
*** HOLE CARDS ***
Kosova1968: folds
Uncalled bet ($2) returned to Azrarn
Azrarn collected $2 from pot
Azrarn: doesn't show hand
*** SUMMARY ***
Total pot $2 | Rake $0
Seat 1: Kosova1968 (button) (small blind) folded before Flop
Seat 4: Azrarn (big blind) collected ($2)


PokerStars Hand #149450054338:  Hold'em Limit ($3/$6 USD) - 2016/02/26 12:41:20 ET
Table 'Euforbo' 6-max Seat #4 is the button
Seat 1: Kosova1968 ($5.09 in chips)
Seat 4: Azrarn ($259.65 in chips)
Azrarn: posts small blind $1
Kosova1968: posts big blind $3
*** HOLE CARDS ***
Azrarn: raises $3 to $6
Kosova1968: calls $2.09 and is all-in
Uncalled bet ($0.91) returned to Azrarn
*** FLOP *** [6s Ac 2h]
*** TURN *** [6s Ac 2h] [3d]
*** RIVER *** [6s Ac 2h 3d] [5d]
*** SHOW DOWN ***
Kosova1968: shows [Qd 5h] (a pair of Fives)
Azrarn: shows [8d Jh] (high card Ace)
Kosova1968 collected $9.98 from pot
*** SUMMARY ***
Total pot $10.18 | Rake $0.20
Board [6s Ac 2h 3d 5d]
Seat 1: Kosova1968 (big blind) showed [Qd 5h] and won ($9.98) with a pair of Fives
Seat 4: Azrarn (button) (small blind) showed [8d Jh] and lost with high card Ace


PokerStars Hand #149450040351:  Hold'em Limit ($3/$6 USD) - 2016/02/26 12:41:04 ET
Table 'Euforbo' 6-max Seat #1 is the button
Seat 1: Kosova1968 ($5.20 in chips)
Seat 4: Azrarn ($259.75 in chips)
Kosova1968: posts small blind $1
Azrarn: posts big blind $3
*** HOLE CARDS ***
Kosova1968: raises $2.20 to $5.20 and is all-in
Azrarn: calls $2.20
*** FLOP *** [Ac 2h 2s]
*** TURN *** [Ac 2h 2s] [Ah]
*** RIVER *** [Ac 2h 2s Ah] [Qh]
*** SHOW DOWN ***
Azrarn: shows [4d 9c] (two pair, Aces and Deuces)
Kosova1968: shows [6c 7h] (two pair, Aces and Deuces)
Azrarn collected $5.10 from pot
Kosova1968 collected $5.09 from pot
*** SUMMARY ***
Total pot $10.40 | Rake $0.21
Board [Ac 2h 2s Ah Qh]
Seat 1: Kosova1968 (button) (small blind) showed [6c 7h] and won ($5.09) with two pair, Aces and Deuces
Seat 4: Azrarn (big blind) showed [4d 9c] and won ($5.10) with two pair, Aces and Deuces


PokerStars Hand #149450034428:  Hold'em Limit ($3/$6 USD) - 2016/02/26 12:40:57 ET
Table 'Euforbo' 6-max Seat #4 is the button
Seat 1: Kosova1968 ($4.20 in chips)
Seat 4: Azrarn ($260.75 in chips)
Azrarn: posts small blind $1
Kosova1968: posts big blind $3
*** HOLE CARDS ***
Azrarn: folds
Uncalled bet ($2) returned to Kosova1968
Kosova1968 collected $2 from pot
*** SUMMARY ***
Total pot $2 | Rake $0
Seat 1: Kosova1968 (big blind) collected ($2)
Seat 4: Azrarn (button) (small blind) folded before Flop


PokerStars Hand #149450005656:  Hold'em Limit ($3/$6 USD) - 2016/02/26 12:40:24 ET
Table 'Euforbo' 6-max Seat #1 is the button
Seat 1: Kosova1968 ($22.20 in chips)
Seat 4: Azrarn ($243.25 in chips)
Kosova1968: posts small blind $1
Azrarn: posts big blind $3
*** HOLE CARDS ***
Kosova1968: raises $3 to $6
Azrarn: calls $3
*** FLOP *** [3d Ac 2s]
Azrarn: checks
Kosova1968: checks
*** TURN *** [3d Ac 2s] [7h]
Azrarn: checks
Kosova1968: bets $6
Azrarn: raises $6 to $12
Kosova1968: calls $6
*** RIVER *** [3d Ac 2s 7h] [8s]
Azrarn: bets $6
Kosova1968: folds
Uncalled bet ($6) returned to Azrarn
Azrarn collected $35.50 from pot
Azrarn: doesn't show hand
*** SUMMARY ***
Total pot $36 | Rake $0.50
Board [3d Ac 2s 7h 8s]
Seat 1: Kosova1968 (button) (small blind) folded on the River
Seat 4: Azrarn (big blind) collected ($35.50)


PokerStars Hand #149450088671:  Hold'em Limit ($3/$6 USD) - 2016/02/26 12:42:00 ET
Table 'Euforbo' 6-max Seat #1 is the button
Seat 1: Kosova1968 ($17.60 in chips)
Seat 4: Azrarn ($246.58 in chips)
Kosova1968: posts small blind $1
Azrarn: posts big blind $3
*** HOLE CARDS ***
Kosova1968: raises $3 to $6
Azrarn: raises $3 to $9
Kosova1968: calls $3
*** FLOP *** [Kh Jc Ks]
Azrarn: bets $3
Kosova1968: raises $3 to $6
Azrarn: raises $3 to $9
Kosova1968: calls $2.60 and is all-in
Uncalled bet ($0.40) returned to Azrarn
*** TURN *** [Kh Jc Ks] [6c]
*** RIVER *** [Kh Jc Ks 6c] [5s]
*** SHOW DOWN ***
Azrarn: shows [Kd Ah] (three of a kind, Kings)
Kosova1968: shows [Kc 9h] (three of a kind, Kings - lower kicker)
Azrarn collected $34.70 from pot
*** SUMMARY ***
Total pot $35.20 | Rake $0.50
Board [Kh Jc Ks 6c 5s]
Seat 1: Kosova1968 (button) (small blind) showed [Kc 9h] and lost with three of a kind, Kings
Seat 4: Azrarn (big blind) showed [Kd Ah] and won ($34.70) with three of a kind, Kings


PokerStars Hand #149450070362:  Hold'em Limit ($3/$6 USD) - 2016/02/26 12:41:39 ET
Table 'Euforbo' 6-max Seat #4 is the button
Seat 1: Kosova1968 ($8.98 in chips)
Seat 4: Azrarn ($255.56 in chips)
Azrarn: posts small blind $1
Kosova1968: posts big blind $3
*** HOLE CARDS ***
Azrarn: raises $3 to $6
Kosova1968: raises $2.98 to $8.98 and is all-in
Azrarn: calls $2.98
*** FLOP *** [8c 9d 4c]
*** TURN *** [8c 9d 4c] [Kh]
*** RIVER *** [8c 9d 4c Kh] [6c]
*** SHOW DOWN ***
Kosova1968: shows [6d 7s] (a pair of Sixes)
Azrarn: shows [Qc Ad] (high card Ace)
Kosova1968 collected $17.60 from pot
*** SUMMARY ***
Total pot $17.96 | Rake $0.36
Board [8c 9d 4c Kh 6c]
Seat 1: Kosova1968 (big blind) showed [6d 7s] and won ($17.60) with a pair of Sixes
Seat 4: Azrarn (button) (small blind) showed [Qc Ad] and lost with high card Ace


