PokerStars Hand #168692845588:  Hold'em Limit ($3/$6 USD) - 2017/04/07 4:25:24 ET
Table 'Euforbo' 6-max Seat #3 is the button
Seat 3: hairy1961 ($50 in chips)
Seat 4: MTails ($120 in chips)
hairy1961: posts small blind $1
MTails: posts big blind $3
*** HOLE CARDS ***
hairy1961: raises $3 to $6
MTails: calls $3
*** FLOP *** [Ad 3h Jh]
MTails: checks
hairy1961: bets $3
MTails: calls $3
*** TURN *** [Ad 3h Jh] [Qh]
MTails: checks
hairy1961: checks
*** RIVER *** [Ad 3h Jh Qh] [9c]
MTails: bets $6
hairy1961: folds
Uncalled bet ($6) returned to MTails
MTails collected $17.64 from pot
MTails: doesn't show hand
*** SUMMARY ***
Total pot $18 | Rake $0.36
Board [Ad 3h Jh Qh 9c]
Seat 3: hairy1961 (button) (small blind) folded on the River
Seat 4: MTails (big blind) collected ($17.64)


PokerStars Hand #168692868106:  Hold'em Limit ($3/$6 USD) - 2017/04/07 4:26:34 ET
Table 'Euforbo' 6-max Seat #4 is the button
Seat 3: hairy1961 ($54.50 in chips)
Seat 4: MTails ($114.64 in chips)
MTails: posts small blind $1
hairy1961: posts big blind $3
*** HOLE CARDS ***
MTails: raises $3 to $6
hairy1961: folds
Uncalled bet ($3) returned to MTails
MTails collected $6 from pot
*** SUMMARY ***
Total pot $6 | Rake $0
Seat 3: hairy1961 (big blind) folded before Flop
Seat 4: MTails (button) (small blind) collected ($6)


PokerStars Hand #168692856424:  Hold'em Limit ($3/$6 USD) - 2017/04/07 4:25:58 ET
Table 'Euforbo' 6-max Seat #4 is the button
Seat 3: hairy1961 ($41 in chips)
Seat 4: MTails ($128.64 in chips)
MTails: posts small blind $1
hairy1961: posts big blind $3
*** HOLE CARDS ***
MTails: raises $3 to $6
hairy1961: calls $3
*** FLOP *** [6d 8c Kc]
hairy1961: checks
MTails: bets $3
hairy1961: calls $3
*** TURN *** [6d 8c Kc] [9c]
hairy1961: checks
MTails: bets $6
hairy1961: calls $6
*** RIVER *** [6d 8c Kc 9c] [4c]
hairy1961: checks
MTails: checks
*** SHOW DOWN ***
hairy1961: shows [9h 7c] (a flush, King high)
MTails: mucks hand
hairy1961 collected $29.50 from pot
*** SUMMARY ***
Total pot $30 | Rake $0.50
Board [6d 8c Kc 9c 4c]
Seat 3: hairy1961 (big blind) showed [9h 7c] and won ($29.50) with a flush, King high
Seat 4: MTails (button) (small blind) mucked


PokerStars Hand #168692865304:  Hold'em Limit ($3/$6 USD) - 2017/04/07 4:26:25 ET
Table 'Euforbo' 6-max Seat #3 is the button
Seat 3: hairy1961 ($55.50 in chips)
Seat 4: MTails ($113.64 in chips)
hairy1961: posts small blind $1
MTails: posts big blind $3
*** HOLE CARDS ***
hairy1961: folds
Uncalled bet ($2) returned to MTails
MTails collected $2 from pot
MTails: doesn't show hand
*** SUMMARY ***
Total pot $2 | Rake $0
Seat 3: hairy1961 (button) (small blind) folded before Flop
Seat 4: MTails (big blind) collected ($2)


PokerStars Hand #168692880785:  Hold'em Limit ($3/$6 USD) - 2017/04/07 4:27:13 ET
Table 'Euforbo' 6-max Seat #4 is the button
Seat 3: hairy1961 ($36.50 in chips)
Seat 4: MTails ($132.14 in chips)
MTails: posts small blind $1
hairy1961: posts big blind $3
*** HOLE CARDS ***
MTails: raises $3 to $6
hairy1961: folds
Uncalled bet ($3) returned to MTails
MTails collected $6 from pot
*** SUMMARY ***
Total pot $6 | Rake $0
Seat 3: hairy1961 (big blind) folded before Flop
Seat 4: MTails (button) (small blind) collected ($6)


PokerStars Hand #168692872913:  Hold'em Limit ($3/$6 USD) - 2017/04/07 4:26:49 ET
Table 'Euforbo' 6-max Seat #3 is the button
Seat 3: hairy1961 ($51.50 in chips)
Seat 4: MTails ($117.64 in chips)
hairy1961: posts small blind $1
MTails: posts big blind $3
*** HOLE CARDS ***
hairy1961: raises $3 to $6
MTails: raises $3 to $9
hairy1961: calls $3
*** FLOP *** [7c 5h Kc]
MTails: bets $3
hairy1961: raises $3 to $6
MTails: calls $3
*** TURN *** [7c 5h Kc] [8c]
MTails: checks
hairy1961: checks
*** RIVER *** [7c 5h Kc 8c] [8h]
MTails: bets $6
hairy1961: folds
Uncalled bet ($6) returned to MTails
MTails collected $29.50 from pot
MTails: doesn't show hand
*** SUMMARY ***
Total pot $30 | Rake $0.50
Board [7c 5h Kc 8c 8h]
Seat 3: hairy1961 (button) (small blind) folded on the River
Seat 4: MTails (big blind) collected ($29.50)


PokerStars Hand #168692882860:  Hold'em Limit ($3/$6 USD) - 2017/04/07 4:27:19 ET
Table 'Euforbo' 6-max Seat #3 is the button
Seat 3: hairy1961 ($33.50 in chips)
Seat 4: MTails ($135.14 in chips)
hairy1961: posts small blind $1
MTails: posts big blind $3
*** HOLE CARDS ***
hairy1961: calls $2
MTails: raises $3 to $6
hairy1961: calls $3
*** FLOP *** [Tc 2c 5s]
MTails: bets $3
hairy1961: raises $3 to $6
MTails: calls $3
*** TURN *** [Tc 2c 5s] [5h]
MTails: checks
hairy1961: bets $6
MTails: calls $6
*** RIVER *** [Tc 2c 5s 5h] [8d]
MTails: checks
hairy1961: bets $6
MTails: calls $6
*** SHOW DOWN ***
hairy1961: shows [Qc 9c] (a pair of Fives)
MTails: shows [8h Qd] (two pair, Eights and Fives)
MTails collected $47.50 from pot
*** SUMMARY ***
Total pot $48 | Rake $0.50
Board [Tc 2c 5s 5h 8d]
Seat 3: hairy1961 (button) (small blind) showed [Qc 9c] and lost with a pair of Fives
Seat 4: MTails (big blind) showed [8h Qd] and won ($47.50) with two pair, Eights and Fives


PokerStars Hand #168692897979:  Hold'em Limit ($3/$6 USD) - 2017/04/07 4:28:06 ET
Table 'Euforbo' 6-max Seat #4 is the button
Seat 3: hairy1961 ($9.50 in chips)
Seat 4: MTails ($158.64 in chips)
MTails: posts small blind $1
hairy1961: posts big blind $3
*** HOLE CARDS ***
MTails: raises $3 to $6
hairy1961: raises $3 to $9
MTails: raises $3 to $12
Betting is capped
hairy1961: calls $0.50 and is all-in
Uncalled bet ($2.50) returned to MTails
*** FLOP *** [Ah 8d Ts]
*** TURN *** [Ah 8d Ts] [9c]
*** RIVER *** [Ah 8d Ts 9c] [8s]
*** SHOW DOWN ***
hairy1961: shows [Kc 3s] (a pair of Eights)
MTails: shows [7h 9d] (two pair, Nines and Eights)
MTails collected $18.62 from pot
*** SUMMARY ***
Total pot $19 | Rake $0.38
Board [Ah 8d Ts 9c 8s]
Seat 3: hairy1961 (big blind) showed [Kc 3s] and lost with a pair of Eights
Seat 4: MTails (button) (small blind) showed [7h 9d] and won ($18.62) with two pair, Nines and Eights


PokerStars Hand #168692895956:  Hold'em Limit ($3/$6 USD) - 2017/04/07 4:27:59 ET
Table 'Euforbo' 6-max Seat #3 is the button
Seat 3: hairy1961 ($10.50 in chips)
Seat 4: MTails ($157.64 in chips)
hairy1961: posts small blind $1
MTails: posts big blind $3
*** HOLE CARDS ***
hairy1961: folds
Uncalled bet ($2) returned to MTails
MTails collected $2 from pot
*** SUMMARY ***
Total pot $2 | Rake $0
Seat 3: hairy1961 (button) (small blind) folded before Flop
Seat 4: MTails (big blind) collected ($2)


PokerStars Hand #168692894236:  Hold'em Limit ($3/$6 USD) - 2017/04/07 4:27:54 ET
Table 'Euforbo' 6-max Seat #4 is the button
Seat 3: hairy1961 ($9.50 in chips)
Seat 4: MTails ($158.64 in chips)
MTails: posts small blind $1
hairy1961: posts big blind $3
*** HOLE CARDS ***
MTails: folds
Uncalled bet ($2) returned to hairy1961
hairy1961 collected $2 from pot
*** SUMMARY ***
Total pot $2 | Rake $0
Seat 3: hairy1961 (big blind) collected ($2)
Seat 4: MTails (button) (small blind) folded before Flop


