PokerStars Hand #151672043790:  Hold'em Limit ($3/$6 USD) - 2016/04/09 14:01:49 ET
Table 'Eugenia II' 6-max Seat #3 is the button
Seat 3: @92gara42@ ($56.05 in chips)
Seat 4: AzureCaper ($72 in chips)
@92gara42@: posts small blind $1
AzureCaper: posts big blind $3
*** HOLE CARDS ***
@92gara42@: calls $2
AzureCaper: checks
*** FLOP *** [8d 2h 2s]
AzureCaper: bets $3
@92gara42@: calls $3
*** TURN *** [8d 2h 2s] [8h]
AzureCaper: bets $6
@92gara42@: calls $6
*** RIVER *** [8d 2h 2s 8h] [4s]
AzureCaper: bets $6
@92gara42@: calls $6
*** SHOW DOWN ***
AzureCaper: shows [5h 4h] (two pair, Eights and Fours)
@92gara42@: shows [6d 6s] (two pair, Eights and Sixes)
@92gara42@ collected $35.50 from pot
*** SUMMARY ***
Total pot $36 | Rake $0.50
Board [8d 2h 2s 8h 4s]
Seat 3: @92gara42@ (button) (small blind) showed [6d 6s] and won ($35.50) with two pair, Eights and Sixes
Seat 4: AzureCaper (big blind) showed [5h 4h] and lost with two pair, Eights and Fours


PokerStars Hand #151672105962:  Hold'em Limit ($3/$6 USD) - 2016/04/09 14:03:07 ET
Table 'Eugenia II' 6-max Seat #3 is the button
Seat 3: @92gara42@ ($81.69 in chips)
Seat 4: AzureCaper ($72 in chips)
@92gara42@: posts small blind $1
AzureCaper: posts big blind $3
*** HOLE CARDS ***
@92gara42@: raises $3 to $6
AzureCaper: folds
Uncalled bet ($3) returned to @92gara42@
@92gara42@ collected $6 from pot
@92gara42@: doesn't show hand
*** SUMMARY ***
Total pot $6 | Rake $0
Seat 3: @92gara42@ (button) (small blind) collected ($6)
Seat 4: AzureCaper (big blind) folded before Flop


PokerStars Hand #151672090655:  Hold'em Limit ($3/$6 USD) - 2016/04/09 14:02:48 ET
Table 'Eugenia II' 6-max Seat #4 is the button
Seat 3: @92gara42@ ($55.19 in chips)
Seat 4: AzureCaper ($89.50 in chips)
AzureCaper: posts small blind $1
@92gara42@: posts big blind $3
*** HOLE CARDS ***
AzureCaper: raises $3 to $6
@92gara42@: calls $3
*** FLOP *** [Tc 7h 2c]
@92gara42@: bets $3
AzureCaper: calls $3
*** TURN *** [Tc 7h 2c] [8c]
@92gara42@: bets $6
AzureCaper: raises $6 to $12
@92gara42@: calls $6
*** RIVER *** [Tc 7h 2c 8c] [8s]
@92gara42@: bets $6
AzureCaper: calls $6
*** SHOW DOWN ***
@92gara42@: shows [7c 5c] (a flush, Ten high)
AzureCaper: mucks hand
@92gara42@ collected $53.50 from pot
*** SUMMARY ***
Total pot $54 | Rake $0.50
Board [Tc 7h 2c 8c 8s]
Seat 3: @92gara42@ (big blind) showed [7c 5c] and won ($53.50) with a flush, Ten high
Seat 4: AzureCaper (button) (small blind) mucked


PokerStars Hand #151672078863:  Hold'em Limit ($3/$6 USD) - 2016/04/09 14:02:34 ET
Table 'Eugenia II' 6-max Seat #3 is the button
Seat 3: @92gara42@ ($46.55 in chips)
Seat 4: AzureCaper ($98.50 in chips)
@92gara42@: posts small blind $1
AzureCaper: posts big blind $3
*** HOLE CARDS ***
@92gara42@: calls $2
AzureCaper: raises $3 to $6
@92gara42@: calls $3
*** FLOP *** [9c Qd Js]
AzureCaper: bets $3
@92gara42@: calls $3
*** TURN *** [9c Qd Js] [Jh]
AzureCaper: checks
@92gara42@: checks
*** RIVER *** [9c Qd Js Jh] [Th]
AzureCaper: checks
@92gara42@: bets $6
AzureCaper: folds
Uncalled bet ($6) returned to @92gara42@
@92gara42@ collected $17.64 from pot
@92gara42@: doesn't show hand
*** SUMMARY ***
Total pot $18 | Rake $0.36
Board [9c Qd Js Jh Th]
Seat 3: @92gara42@ (button) (small blind) collected ($17.64)
Seat 4: AzureCaper (big blind) folded on the River


PokerStars Hand #151672062793:  Hold'em Limit ($3/$6 USD) - 2016/04/09 14:02:14 ET
Table 'Eugenia II' 6-max Seat #4 is the button
Seat 3: @92gara42@ ($73.55 in chips)
Seat 4: AzureCaper ($72 in chips)
AzureCaper: posts small blind $1
@92gara42@: posts big blind $3
*** HOLE CARDS ***
AzureCaper: raises $3 to $6
@92gara42@: calls $3
*** FLOP *** [5h Ts 6d]
@92gara42@: bets $3
AzureCaper: calls $3
*** TURN *** [5h Ts 6d] [5s]
@92gara42@: bets $6
AzureCaper: raises $6 to $12
@92gara42@: calls $6
*** RIVER *** [5h Ts 6d 5s] [Qs]
@92gara42@: checks
AzureCaper: bets $6
@92gara42@: calls $6
*** SHOW DOWN ***
AzureCaper: shows [Jd 5d] (three of a kind, Fives)
@92gara42@: mucks hand
AzureCaper collected $53.50 from pot
*** SUMMARY ***
Total pot $54 | Rake $0.50
Board [5h Ts 6d 5s Qs]
Seat 3: @92gara42@ (big blind) mucked
Seat 4: AzureCaper (button) (small blind) showed [Jd 5d] and won ($53.50) with three of a kind, Fives


PokerStars Hand #151672113345:  Hold'em Limit ($3/$6 USD) - 2016/04/09 14:03:16 ET
Table 'Eugenia II' 6-max Seat #4 is the button
Seat 3: @92gara42@ ($84.69 in chips)
Seat 4: AzureCaper ($72 in chips)
AzureCaper: posts small blind $1
@92gara42@: posts big blind $3
*** HOLE CARDS ***
AzureCaper: raises $3 to $6
@92gara42@: calls $3
*** FLOP *** [6s 3c 4s]
@92gara42@: checks
AzureCaper: bets $3
@92gara42@: calls $3
*** TURN *** [6s 3c 4s] [Tc]
@92gara42@: checks
AzureCaper: bets $6
@92gara42@: calls $6
*** RIVER *** [6s 3c 4s Tc] [6d]
Pelurile joins the table at seat #5
@92gara42@: checks
AzureCaper: bets $6
@92gara42@: folds
Uncalled bet ($6) returned to AzureCaper
AzureCaper collected $29.50 from pot
AzureCaper: doesn't show hand
*** SUMMARY ***
Total pot $30 | Rake $0.50
Board [6s 3c 4s Tc 6d]
Seat 3: @92gara42@ (big blind) folded on the River
Seat 4: AzureCaper (button) (small blind) collected ($29.50)


PokerStars Hand #151672128637:  Hold'em Limit ($3/$6 USD) - 2016/04/09 14:03:35 ET
Table 'Eugenia II' 6-max Seat #3 is the button
Seat 3: @92gara42@ ($69.69 in chips)
Seat 4: AzureCaper ($86.50 in chips)
@92gara42@: posts small blind $1
AzureCaper: posts big blind $3
*** HOLE CARDS ***
@92gara42@: calls $2
AzureCaper: raises $3 to $6
@92gara42@: calls $3
*** FLOP *** [5d 8h Kd]
AzureCaper: bets $3
@92gara42@: folds
Uncalled bet ($3) returned to AzureCaper
AzureCaper collected $11.76 from pot
AzureCaper: doesn't show hand
*** SUMMARY ***
Total pot $12 | Rake $0.24
Board [5d 8h Kd]
Seat 3: @92gara42@ (button) (small blind) folded on the Flop
Seat 4: AzureCaper (big blind) collected ($11.76)


PokerStars Hand #151677322415:  Hold'em Limit ($3/$6 USD) - 2016/04/09 15:45:51 ET
Table 'Eugenia II' 6-max Seat #4 is the button
Seat 4: GlamDragon ($331.72 in chips)
Seat 6: ChawkDee ($116 in chips)
GlamDragon: posts small blind $1
ChawkDee: posts big blind $3
*** HOLE CARDS ***
Yuriy Ceza11 leaves the table
GlamDragon: folds
Uncalled bet ($2) returned to ChawkDee
ChawkDee collected $2 from pot
ChawkDee: doesn't show hand
*** SUMMARY ***
Total pot $2 | Rake $0
Seat 4: GlamDragon (button) (small blind) folded before Flop
Seat 6: ChawkDee (big blind) collected ($2)


PokerStars Hand #151677331181:  Hold'em Limit ($3/$6 USD) - 2016/04/09 15:46:01 ET
Table 'Eugenia II' 6-max Seat #6 is the button
Seat 4: GlamDragon ($330.72 in chips)
Seat 6: ChawkDee ($117 in chips)
ChawkDee: posts small blind $1
GlamDragon: posts big blind $3
*** HOLE CARDS ***
ChawkDee: raises $3 to $6
GlamDragon: folds
Uncalled bet ($3) returned to ChawkDee
ChawkDee collected $6 from pot
ChawkDee: doesn't show hand
*** SUMMARY ***
Total pot $6 | Rake $0
Seat 4: GlamDragon (big blind) folded before Flop
Seat 6: ChawkDee (button) (small blind) collected ($6)


