PokerStars Hand #170736173178:  Hold'em Limit ($3/$6 USD) - 2017/05/21 16:31:20 ET
Table 'Eugenisis III' 6-max Seat #3 is the button
Seat 1: Velbor107 ($291 in chips)
Seat 3: Auge72 ($49.81 in chips)
Auge72: posts small blind $1
Velbor107: posts big blind $3
*** HOLE CARDS ***
Auge72: folds
Uncalled bet ($2) returned to Velbor107
Velbor107 collected $2 from pot
*** SUMMARY ***
Total pot $2 | Rake $0
Seat 1: Velbor107 (big blind) collected ($2)
Seat 3: Auge72 (button) (small blind) folded before Flop


PokerStars Hand #170736118601:  Hold'em Limit ($3/$6 USD) - 2017/05/21 16:30:25 ET
Table 'Eugenisis III' 6-max Seat #1 is the button
Seat 1: Velbor107 ($300 in chips)
Seat 3: Auge72 ($41.17 in chips)
Velbor107: posts small blind $1
Auge72: posts big blind $3
*** HOLE CARDS ***
Velbor107: raises $3 to $6
Auge72: raises $3 to $9
Velbor107: calls $3
*** FLOP *** [6h 3s 7s]
Auge72: bets $3
Velbor107: folds
Uncalled bet ($3) returned to Auge72
Auge72 collected $17.64 from pot
Auge72: doesn't show hand
*** SUMMARY ***
Total pot $18 | Rake $0.36
Board [6h 3s 7s]
Seat 1: Velbor107 (button) (small blind) folded on the Flop
Seat 3: Auge72 (big blind) collected ($17.64)


PokerStars Hand #170736177432:  Hold'em Limit ($3/$6 USD) - 2017/05/21 16:31:25 ET
Table 'Eugenisis III' 6-max Seat #1 is the button
Seat 1: Velbor107 ($292 in chips)
Seat 3: Auge72 ($48.81 in chips)
Velbor107: posts small blind $1
Auge72: posts big blind $3
*** HOLE CARDS ***
Velbor107: folds
Uncalled bet ($2) returned to Auge72
Auge72 collected $2 from pot
Auge72: doesn't show hand
*** SUMMARY ***
Total pot $2 | Rake $0
Seat 1: Velbor107 (button) (small blind) folded before Flop
Seat 3: Auge72 (big blind) collected ($2)


PokerStars Hand #170736185139:  Hold'em Limit ($3/$6 USD) - 2017/05/21 16:31:33 ET
Table 'Eugenisis III' 6-max Seat #3 is the button
Seat 1: Velbor107 ($291 in chips)
Seat 3: Auge72 ($49.81 in chips)
Auge72: posts small blind $1
Velbor107: posts big blind $3
*** HOLE CARDS ***
Auge72: raises $3 to $6
Velbor107: calls $3
*** FLOP *** [7c 3d Jh]
Velbor107: checks
Auge72: checks
*** TURN *** [7c 3d Jh] [8h]
belik555 joins the table at seat #4
Velbor107: checks
Auge72: bets $6
Velbor107: folds
Uncalled bet ($6) returned to Auge72
Auge72 collected $11.76 from pot
Auge72: doesn't show hand
*** SUMMARY ***
Total pot $12 | Rake $0.24
Board [7c 3d Jh 8h]
Seat 1: Velbor107 (big blind) folded on the Turn
Seat 3: Auge72 (button) (small blind) collected ($11.76)


PokerStars Hand #170736199673:  Hold'em Limit ($3/$6 USD) - 2017/05/21 16:31:48 ET
Table 'Eugenisis III' 6-max Seat #1 is the button
Seat 1: Velbor107 ($285 in chips)
Seat 3: Auge72 ($55.57 in chips)
Velbor107: posts small blind $1
Auge72: posts big blind $3
*** HOLE CARDS ***
Velbor107: raises $3 to $6
Auge72: raises $3 to $9
Velbor107: calls $3
*** FLOP *** [Th 3h 6d]
Auge72: checks
Velbor107: checks
*** TURN *** [Th 3h 6d] [7h]
Auge72: checks
Velbor107: checks
*** RIVER *** [Th 3h 6d 7h] [Ac]
Auge72: bets $6
Velbor107: folds
Uncalled bet ($6) returned to Auge72
Auge72 collected $17.64 from pot
Auge72: doesn't show hand
*** SUMMARY ***
Total pot $18 | Rake $0.36
Board [Th 3h 6d 7h Ac]
Seat 1: Velbor107 (button) (small blind) folded on the River
Seat 3: Auge72 (big blind) collected ($17.64)


PokerStars Hand #170736641346:  Hold'em Limit ($3/$6 USD) - 2017/05/21 16:39:23 ET
Table 'Eugenisis III' 6-max Seat #1 is the button
Seat 1: Velbor107 ($321.43 in chips)
Seat 5: Chessnok ($120 in chips)
Velbor107: posts small blind $1
Chessnok: posts big blind $3
*** HOLE CARDS ***
Velbor107: raises $3 to $6
belik555 leaves the table
Chessnok: raises $3 to $9
Velbor107: calls $3
*** FLOP *** [Kh 5c 3d]
Chessnok: bets $3
Velbor107: calls $3
*** TURN *** [Kh 5c 3d] [Th]
Chessnok: bets $6
Velbor107: folds
Uncalled bet ($6) returned to Chessnok
Chessnok collected $23.52 from pot
Chessnok: doesn't show hand
*** SUMMARY ***
Total pot $24 | Rake $0.48
Board [Kh 5c 3d Th]
Seat 1: Velbor107 (button) (small blind) folded on the Turn
Seat 5: Chessnok (big blind) collected ($23.52)


PokerStars Hand #170736658628:  Hold'em Limit ($3/$6 USD) - 2017/05/21 16:39:41 ET
Table 'Eugenisis III' 6-max Seat #5 is the button
Seat 1: Velbor107 ($309.43 in chips)
Seat 5: Chessnok ($131.52 in chips)
Chessnok: posts small blind $1
Velbor107: posts big blind $3
*** HOLE CARDS ***
Chessnok: raises $3 to $6
Velbor107: calls $3
*** FLOP *** [4c Qd 5d]
Velbor107: checks
Chessnok: bets $3
Velbor107: calls $3
*** TURN *** [4c Qd 5d] [Jc]
Velbor107: checks
Chessnok: checks
*** RIVER *** [4c Qd 5d Jc] [9d]
Velbor107: checks
Chessnok: bets $6
nedo1414 joins the table at seat #3
pro_gosy joins the table at seat #2
Velbor107: folds
Uncalled bet ($6) returned to Chessnok
Chessnok collected $17.64 from pot
Chessnok: doesn't show hand
*** SUMMARY ***
Total pot $18 | Rake $0.36
Board [4c Qd 5d Jc 9d]
Seat 1: Velbor107 (big blind) folded on the River
Seat 5: Chessnok (button) (small blind) collected ($17.64)


PokerStars Hand #170740237624:  Hold'em Limit ($3/$6 USD) - 2017/05/21 17:44:37 ET
Table 'Eugenisis III' 6-max Seat #1 is the button
Seat 1: belik555 ($91 in chips)
Seat 6: dobber888 ($44.95 in chips)
belik555: posts small blind $1
dobber888: posts big blind $3
*** HOLE CARDS ***
belik555: folds
Uncalled bet ($2) returned to dobber888
dobber888 collected $2 from pot
dobber888: doesn't show hand
*** SUMMARY ***
Total pot $2 | Rake $0
Seat 1: belik555 (button) (small blind) folded before Flop
Seat 6: dobber888 (big blind) collected ($2)


