PokerStars Hand #144665100512:  Hold'em Limit ($3/$6 USD) - 2015/12/01 12:08:06 ET
Table 'Eugenia IV' 6-max Seat #5 is the button
Seat 5: Icecold ($173.78 in chips)
Seat 6: LolDnkaments ($175.64 in chips)
Icecold: posts small blind $1
LolDnkaments: posts big blind $3
*** HOLE CARDS ***
Icecold: raises $3 to $6
LolDnkaments: raises $3 to $9
Icecold: calls $3
*** FLOP *** [8h As 6d]
LolDnkaments: bets $3
Icecold: calls $3
*** TURN *** [8h As 6d] [6c]
LolDnkaments: bets $6
Icecold: folds
Uncalled bet ($6) returned to LolDnkaments
LolDnkaments collected $23.52 from pot
LolDnkaments: doesn't show hand
*** SUMMARY ***
Total pot $24 | Rake $0.48
Board [8h As 6d 6c]
Seat 5: Icecold (button) (small blind) folded on the Turn
Seat 6: LolDnkaments (big blind) collected ($23.52)


PokerStars Hand #144665071837:  Hold'em Limit ($3/$6 USD) - 2015/12/01 12:07:32 ET
Table 'Eugenia IV' 6-max Seat #6 is the button
Seat 5: Icecold ($182.78 in chips)
Seat 6: LolDnkaments ($167 in chips)
LolDnkaments: posts small blind $1
assitoni: is sitting out
B_loJkl: is sitting out
SashaYuvelir: is sitting out
Icecold: posts big blind $3
*** HOLE CARDS ***
assitoni leaves the table
LolDnkaments: raises $3 to $6
Icecold: calls $3
*** FLOP *** [6d 7h Js]
SashaYuvelir leaves the table
Icecold: checks
SashaYuvelir joins the table at seat #1
LolDnkaments: bets $3
Icecold: calls $3
*** TURN *** [6d 7h Js] [6s]
Icecold: checks
LolDnkaments: checks
*** RIVER *** [6d 7h Js 6s] [Kd]
Icecold: checks
LolDnkaments: checks
*** SHOW DOWN ***
Icecold: shows [9s Ts] (a pair of Sixes)
LolDnkaments: shows [3s Ah] (a pair of Sixes - Ace kicker)
LolDnkaments collected $17.64 from pot
*** SUMMARY ***
Total pot $18 | Rake $0.36
Board [6d 7h Js 6s Kd]
Seat 5: Icecold (big blind) showed [9s Ts] and lost with a pair of Sixes
Seat 6: LolDnkaments (button) (small blind) showed [3s Ah] and won ($17.64) with a pair of Sixes


PokerStars Hand #144667297304:  Hold'em Limit ($3/$6 USD) - 2015/12/01 12:51:13 ET
Table 'Eugenia IV' 6-max Seat #5 is the button
Seat 5: Icecold ($186.51 in chips)
Seat 6: LolDnkaments ($330.43 in chips)
Icecold: posts small blind $1
LolDnkaments: posts big blind $3
*** HOLE CARDS ***
Icecold: raises $3 to $6
LolDnkaments: calls $3
*** FLOP *** [Qh 8s Js]
LolDnkaments: checks
Icecold: bets $3
LolDnkaments: folds
Uncalled bet ($3) returned to Icecold
Icecold collected $11.76 from pot
*** SUMMARY ***
Total pot $12 | Rake $0.24
Board [Qh 8s Js]
Seat 5: Icecold (button) (small blind) collected ($11.76)
Seat 6: LolDnkaments (big blind) folded on the Flop


PokerStars Hand #144667282073:  Hold'em Limit ($3/$6 USD) - 2015/12/01 12:50:56 ET
Table 'Eugenia IV' 6-max Seat #6 is the button
Seat 5: Icecold ($207.51 in chips)
Seat 6: LolDnkaments ($309.93 in chips)
LolDnkaments: posts small blind $1
alexslep: is sitting out
Icecold: posts big blind $3
*** HOLE CARDS ***
LolDnkaments: raises $3 to $6
Icecold: calls $3
*** FLOP *** [Jh Jd 7s]
Icecold: checks
LolDnkaments: bets $3
Icecold: calls $3
*** TURN *** [Jh Jd 7s] [9s]
Icecold: checks
LolDnkaments: bets $6
Icecold: calls $6
*** RIVER *** [Jh Jd 7s 9s] [4h]
Icecold: checks
LolDnkaments: bets $6
Icecold: calls $6
*** SHOW DOWN ***
LolDnkaments: shows [9c Kd] (two pair, Jacks and Nines)
Icecold: mucks hand
LolDnkaments collected $41.50 from pot
*** SUMMARY ***
Total pot $42 | Rake $0.50
Board [Jh Jd 7s 9s 4h]
Seat 5: Icecold (big blind) mucked
Seat 6: LolDnkaments (button) (small blind) showed [9c Kd] and won ($41.50) with two pair, Jacks and Nines


PokerStars Hand #144667336184:  Hold'em Limit ($3/$6 USD) - 2015/12/01 12:51:57 ET
Table 'Eugenia IV' 6-max Seat #6 is the button
Seat 5: Icecold ($191.91 in chips)
Seat 6: LolDnkaments ($324.07 in chips)
LolDnkaments: posts small blind $1
Icecold: posts big blind $3
*** HOLE CARDS ***
LolDnkaments: raises $3 to $6
Icecold: calls $3
*** FLOP *** [Qc 7d 2s]
Icecold: checks
LolDnkaments: bets $3
Icecold: calls $3
*** TURN *** [Qc 7d 2s] [9s]
Icecold: checks
LolDnkaments: checks
*** RIVER *** [Qc 7d 2s 9s] [4d]
Icecold: bets $6
LolDnkaments: folds
Uncalled bet ($6) returned to Icecold
Icecold collected $17.64 from pot
*** SUMMARY ***
Total pot $18 | Rake $0.36
Board [Qc 7d 2s 9s 4d]
Seat 5: Icecold (big blind) collected ($17.64)
Seat 6: LolDnkaments (button) (small blind) folded on the River


PokerStars Hand #144667320716:  Hold'em Limit ($3/$6 USD) - 2015/12/01 12:51:40 ET
Table 'Eugenia IV' 6-max Seat #5 is the button
Seat 5: Icecold ($200.91 in chips)
Seat 6: LolDnkaments ($315.43 in chips)
Icecold: posts small blind $1
LolDnkaments: posts big blind $3
*** HOLE CARDS ***
Icecold: raises $3 to $6
LolDnkaments: calls $3
*** FLOP *** [Ad 6d 5d]
LolDnkaments: checks
Icecold: bets $3
LolDnkaments: calls $3
*** TURN *** [Ad 6d 5d] [Ks]
LolDnkaments: checks
Icecold: checks
*** RIVER *** [Ad 6d 5d Ks] [4d]
LolDnkaments: bets $6
Icecold: folds
Uncalled bet ($6) returned to LolDnkaments
LolDnkaments collected $17.64 from pot
LolDnkaments: doesn't show hand
*** SUMMARY ***
Total pot $18 | Rake $0.36
Board [Ad 6d 5d Ks 4d]
Seat 5: Icecold (button) (small blind) folded on the River
Seat 6: LolDnkaments (big blind) collected ($17.64)


PokerStars Hand #144667307015:  Hold'em Limit ($3/$6 USD) - 2015/12/01 12:51:24 ET
Table 'Eugenia IV' 6-max Seat #6 is the button
Seat 5: Icecold ($192.27 in chips)
Seat 6: LolDnkaments ($324.43 in chips)
alexslep leaves the table
LolDnkaments: posts small blind $1
Icecold: posts big blind $3
*** HOLE CARDS ***
LolDnkaments: raises $3 to $6
Icecold: calls $3
*** FLOP *** [3d Tc 5c]
Icecold: checks
LolDnkaments: bets $3
Icecold: calls $3
*** TURN *** [3d Tc 5c] [4d]
Icecold: checks
LolDnkaments: checks
*** RIVER *** [3d Tc 5c 4d] [Ah]
Icecold: checks
LolDnkaments: checks
*** SHOW DOWN ***
Icecold: shows [Td 7h] (a pair of Tens)
LolDnkaments: mucks hand
Icecold collected $17.64 from pot
*** SUMMARY ***
Total pot $18 | Rake $0.36
Board [3d Tc 5c 4d Ah]
Seat 5: Icecold (big blind) showed [Td 7h] and won ($17.64) with a pair of Tens
Seat 6: LolDnkaments (button) (small blind) mucked


PokerStars Hand #144667393460:  Hold'em Limit ($3/$6 USD) - 2015/12/01 12:53:03 ET
Table 'Eugenia IV' 6-max Seat #5 is the button
Seat 5: Icecold ($191.30 in chips)
Seat 6: LolDnkaments ($323.46 in chips)
Icecold: posts small blind $1
LolDnkaments: posts big blind $3
*** HOLE CARDS ***
Icecold: raises $3 to $6
LolDnkaments: calls $3
*** FLOP *** [8c 3s 8d]
LolDnkaments: checks
Icecold: checks
*** TURN *** [8c 3s 8d] [2s]
LolDnkaments: checks
Icecold: bets $6
LolDnkaments: folds
Uncalled bet ($6) returned to Icecold
Icecold collected $11.76 from pot
*** SUMMARY ***
Total pot $12 | Rake $0.24
Board [8c 3s 8d 2s]
Seat 5: Icecold (button) (small blind) collected ($11.76)
Seat 6: LolDnkaments (big blind) folded on the Turn


PokerStars Hand #144667379212:  Hold'em Limit ($3/$6 USD) - 2015/12/01 12:52:47 ET
Table 'Eugenia IV' 6-max Seat #6 is the button
Seat 5: Icecold ($200.30 in chips)
Seat 6: LolDnkaments ($314.82 in chips)
LolDnkaments: posts small blind $1
Icecold: posts big blind $3
*** HOLE CARDS ***
LolDnkaments: raises $3 to $6
Icecold: calls $3
*** FLOP *** [8d 4s Qh]
Icecold: checks
LolDnkaments: bets $3
Icecold: calls $3
*** TURN *** [8d 4s Qh] [2d]
Icecold: checks
LolDnkaments: bets $6
Icecold: folds
Uncalled bet ($6) returned to LolDnkaments
LolDnkaments collected $17.64 from pot
LolDnkaments: doesn't show hand
*** SUMMARY ***
Total pot $18 | Rake $0.36
Board [8d 4s Qh 2d]
Seat 5: Icecold (big blind) folded on the Turn
Seat 6: LolDnkaments (button) (small blind) collected ($17.64)


PokerStars Hand #144667352650:  Hold'em Limit ($3/$6 USD) - 2015/12/01 12:52:16 ET
Table 'Eugenia IV' 6-max Seat #5 is the button
Seat 5: Icecold ($200.55 in chips)
Seat 6: LolDnkaments ($315.07 in chips)
Icecold: posts small blind $1
LolDnkaments: posts big blind $3
*** HOLE CARDS ***
Icecold: raises $3 to $6
LolDnkaments: calls $3
*** FLOP *** [8h Ks 5h]
LolDnkaments: checks
Icecold: bets $3
LolDnkaments: raises $3 to $6
Icecold: calls $3
*** TURN *** [8h Ks 5h] [7c]
LolDnkaments: bets $6
Icecold: raises $6 to $12
LolDnkaments: raises $6 to $18
Icecold: raises $6 to $24
Betting is capped
LolDnkaments: calls $6
*** RIVER *** [8h Ks 5h 7c] [2c]
LolDnkaments: checks
Icecold: bets $6
LolDnkaments: raises $6 to $12
Icecold: raises $6 to $18
LolDnkaments: raises $6 to $24
Betting is capped
Icecold: calls $6
*** SHOW DOWN ***
LolDnkaments: shows [6d 9s] (a straight, Five to Nine)
Icecold: shows [6s 9h] (a straight, Five to Nine)
LolDnkaments collected $59.75 from pot
Icecold collected $59.75 from pot
*** SUMMARY ***
Total pot $120 | Rake $0.50
Board [8h Ks 5h 7c 2c]
Seat 5: Icecold (button) (small blind) showed [6s 9h] and won ($59.75) with a straight, Five to Nine
Seat 6: LolDnkaments (big blind) showed [6d 9s] and won ($59.75) with a straight, Five to Nine


PokerStars Hand #144667447266:  Hold'em Limit ($3/$6 USD) - 2015/12/01 12:54:05 ET
Table 'Eugenia IV' 6-max Seat #6 is the button
Seat 5: Icecold ($232.06 in chips)
Seat 6: LolDnkaments ($281.22 in chips)
LolDnkaments: posts small blind $1
Icecold: posts big blind $3
*** HOLE CARDS ***
LolDnkaments: raises $3 to $6
Icecold: calls $3
*** FLOP *** [Th 6s 9h]
Icecold: checks
LolDnkaments: bets $3
Icecold: folds
Uncalled bet ($3) returned to LolDnkaments
LolDnkaments collected $11.76 from pot
LolDnkaments: doesn't show hand
*** SUMMARY ***
Total pot $12 | Rake $0.24
Board [Th 6s 9h]
Seat 5: Icecold (big blind) folded on the Flop
Seat 6: LolDnkaments (button) (small blind) collected ($11.76)


PokerStars Hand #144667442214:  Hold'em Limit ($3/$6 USD) - 2015/12/01 12:54:00 ET
Table 'Eugenia IV' 6-max Seat #5 is the button
Seat 5: Icecold ($229.06 in chips)
Seat 6: LolDnkaments ($284.22 in chips)
Icecold: posts small blind $1
LolDnkaments: posts big blind $3
*** HOLE CARDS ***
Icecold: raises $3 to $6
LolDnkaments: folds
Uncalled bet ($3) returned to Icecold
Icecold collected $6 from pot
*** SUMMARY ***
Total pot $6 | Rake $0
Seat 5: Icecold (button) (small blind) collected ($6)
Seat 6: LolDnkaments (big blind) folded before Flop


PokerStars Hand #144667433235:  Hold'em Limit ($3/$6 USD) - 2015/12/01 12:53:49 ET
Table 'Eugenia IV' 6-max Seat #6 is the button
Seat 5: Icecold ($235.06 in chips)
Seat 6: LolDnkaments ($278.46 in chips)
LolDnkaments: posts small blind $1
Icecold: posts big blind $3
*** HOLE CARDS ***
LolDnkaments: raises $3 to $6
Icecold: calls $3
*** FLOP *** [Td Qc Kd]
Icecold: checks
LolDnkaments: bets $3
Icecold: folds
Uncalled bet ($3) returned to LolDnkaments
LolDnkaments collected $11.76 from pot
LolDnkaments: doesn't show hand
*** SUMMARY ***
Total pot $12 | Rake $0.24
Board [Td Qc Kd]
Seat 5: Icecold (big blind) folded on the Flop
Seat 6: LolDnkaments (button) (small blind) collected ($11.76)


PokerStars Hand #144667420837:  Hold'em Limit ($3/$6 USD) - 2015/12/01 12:53:35 ET
Table 'Eugenia IV' 6-max Seat #5 is the button
Seat 5: Icecold ($217.56 in chips)
Seat 6: LolDnkaments ($296.46 in chips)
Icecold: posts small blind $1
LolDnkaments: posts big blind $3
*** HOLE CARDS ***
Icecold: raises $3 to $6
LolDnkaments: calls $3
*** FLOP *** [8c Th Qh]
LolDnkaments: checks
Icecold: checks
*** TURN *** [8c Th Qh] [2h]
LolDnkaments: bets $6
Icecold: calls $6
*** RIVER *** [8c Th Qh 2h] [6d]
LolDnkaments: bets $6
Icecold: calls $6
*** SHOW DOWN ***
LolDnkaments: shows [9s 5h] (high card Queen)
Icecold: shows [6h 3s] (a pair of Sixes)
Icecold collected $35.50 from pot
*** SUMMARY ***
Total pot $36 | Rake $0.50
Board [8c Th Qh 2h 6d]
Seat 5: Icecold (button) (small blind) showed [6h 3s] and won ($35.50) with a pair of Sixes
Seat 6: LolDnkaments (big blind) showed [9s 5h] and lost with high card Queen


PokerStars Hand #144667407832:  Hold'em Limit ($3/$6 USD) - 2015/12/01 12:53:20 ET
Table 'Eugenia IV' 6-max Seat #6 is the button
Seat 5: Icecold ($197.06 in chips)
Seat 6: LolDnkaments ($317.46 in chips)
LolDnkaments: posts small blind $1
Icecold: posts big blind $3
*** HOLE CARDS ***
LolDnkaments: raises $3 to $6
Icecold: calls $3
*** FLOP *** [Qc 6h 8c]
Icecold: checks
LolDnkaments: bets $3
Icecold: calls $3
*** TURN *** [Qc 6h 8c] [9h]
Icecold: checks
LolDnkaments: bets $6
Icecold: calls $6
*** RIVER *** [Qc 6h 8c 9h] [8h]
Icecold: checks
LolDnkaments: bets $6
Icecold: calls $6
*** SHOW DOWN ***
LolDnkaments: shows [4h Tc] (a pair of Eights)
Icecold: shows [3c As] (a pair of Eights - Ace kicker)
Icecold collected $41.50 from pot
*** SUMMARY ***
Total pot $42 | Rake $0.50
Board [Qc 6h 8c 9h 8h]
Seat 5: Icecold (big blind) showed [3c As] and won ($41.50) with a pair of Eights
Seat 6: LolDnkaments (button) (small blind) showed [4h Tc] and lost with a pair of Eights


PokerStars Hand #144667503847:  Hold'em Limit ($3/$6 USD) - 2015/12/01 12:55:12 ET
Table 'Eugenia IV' 6-max Seat #6 is the button
Seat 5: Icecold ($201.56 in chips)
Seat 6: LolDnkaments ($309.98 in chips)
LolDnkaments: posts small blind $1
Icecold: posts big blind $3
*** HOLE CARDS ***
LolDnkaments: raises $3 to $6
Icecold: calls $3
*** FLOP *** [2d 7s 5h]
Icecold: checks
LolDnkaments: bets $3
Icecold: calls $3
*** TURN *** [2d 7s 5h] [2c]
Icecold: checks
LolDnkaments: checks
*** RIVER *** [2d 7s 5h 2c] [Kh]
Icecold: bets $6
LolDnkaments: calls $6
*** SHOW DOWN ***
Icecold: shows [7c 4c] (two pair, Sevens and Deuces)
LolDnkaments: mucks hand
Icecold collected $29.50 from pot
*** SUMMARY ***
Total pot $30 | Rake $0.50
Board [2d 7s 5h 2c Kh]
Seat 5: Icecold (big blind) showed [7c 4c] and won ($29.50) with two pair, Sevens and Deuces
Seat 6: LolDnkaments (button) (small blind) mucked


PokerStars Hand #144667483766:  Hold'em Limit ($3/$6 USD) - 2015/12/01 12:54:48 ET
Table 'Eugenia IV' 6-max Seat #5 is the button
Seat 5: Icecold ($228.56 in chips)
Seat 6: LolDnkaments ($283.48 in chips)
Icecold: posts small blind $1
LolDnkaments: posts big blind $3
*** HOLE CARDS ***
Icecold: raises $3 to $6
LolDnkaments: calls $3
*** FLOP *** [3h Qd Qc]
LolDnkaments: checks
Icecold: bets $3
LolDnkaments: calls $3
*** TURN *** [3h Qd Qc] [8c]
LolDnkaments: checks
Icecold: bets $6
LolDnkaments: raises $6 to $12
Icecold: calls $6
*** RIVER *** [3h Qd Qc 8c] [3c]
LolDnkaments: bets $6
Icecold: calls $6
*** SHOW DOWN ***
LolDnkaments: shows [8s 5s] (two pair, Queens and Eights)
Icecold: mucks hand
LolDnkaments collected $53.50 from pot
*** SUMMARY ***
Total pot $54 | Rake $0.50
Board [3h Qd Qc 8c 3c]
Seat 5: Icecold (button) (small blind) mucked
Seat 6: LolDnkaments (big blind) showed [8s 5s] and won ($53.50) with two pair, Queens and Eights


PokerStars Hand #144667470095:  Hold'em Limit ($3/$6 USD) - 2015/12/01 12:54:32 ET
Table 'Eugenia IV' 6-max Seat #6 is the button
Seat 5: Icecold ($202.06 in chips)
Seat 6: LolDnkaments ($310.48 in chips)
LolDnkaments: posts small blind $1
Icecold: posts big blind $3
*** HOLE CARDS ***
LolDnkaments: raises $3 to $6
Icecold: raises $3 to $9
LolDnkaments: calls $3
*** FLOP *** [7h 2s 5d]
Icecold: bets $3
LolDnkaments: raises $3 to $6
Icecold: calls $3
*** TURN *** [7h 2s 5d] [As]
Icecold: bets $6
LolDnkaments: calls $6
*** RIVER *** [7h 2s 5d As] [Ac]
Icecold: bets $6
LolDnkaments: calls $6
*** SHOW DOWN ***
Icecold: shows [Ks Ad] (three of a kind, Aces)
LolDnkaments: mucks hand
Icecold collected $53.50 from pot
*** SUMMARY ***
Total pot $54 | Rake $0.50
Board [7h 2s 5d As Ac]
Seat 5: Icecold (big blind) showed [Ks Ad] and won ($53.50) with three of a kind, Aces
Seat 6: LolDnkaments (button) (small blind) mucked


PokerStars Hand #144667458830:  Hold'em Limit ($3/$6 USD) - 2015/12/01 12:54:19 ET
Table 'Eugenia IV' 6-max Seat #5 is the button
Seat 5: Icecold ($226.06 in chips)
Seat 6: LolDnkaments ($286.98 in chips)
Icecold: posts small blind $1
LolDnkaments: posts big blind $3
*** HOLE CARDS ***
Icecold: raises $3 to $6
LolDnkaments: calls $3
*** FLOP *** [8s 7d 9h]
LolDnkaments: checks
Icecold: bets $3
LolDnkaments: raises $3 to $6
Icecold: calls $3
*** TURN *** [8s 7d 9h] [Jh]
LolDnkaments: bets $6
Icecold: calls $6
*** RIVER *** [8s 7d 9h Jh] [As]
LolDnkaments: bets $6
Icecold: calls $6
*** SHOW DOWN ***
LolDnkaments: shows [7h 9c] (two pair, Nines and Sevens)
Icecold: mucks hand
LolDnkaments collected $47.50 from pot
*** SUMMARY ***
Total pot $48 | Rake $0.50
Board [8s 7d 9h Jh As]
Seat 5: Icecold (button) (small blind) mucked
Seat 6: LolDnkaments (big blind) showed [7h 9c] and won ($47.50) with two pair, Nines and Sevens


PokerStars Hand #144667552291:  Hold'em Limit ($3/$6 USD) - 2015/12/01 12:56:22 ET
Table 'Eugenia IV' 6-max Seat #6 is the button
Seat 5: Icecold ($224.22 in chips)
Seat 6: LolDnkaments ($285.62 in chips)
LolDnkaments: posts small blind $1
Icecold: posts big blind $3
*** HOLE CARDS ***
LolDnkaments: folds
Uncalled bet ($2) returned to Icecold
Icecold collected $2 from pot
*** SUMMARY ***
Total pot $2 | Rake $0
Seat 5: Icecold (big blind) collected ($2)
Seat 6: LolDnkaments (button) (small blind) folded before Flop


PokerStars Hand #144667543494:  Hold'em Limit ($3/$6 USD) - 2015/12/01 12:56:09 ET
Table 'Eugenia IV' 6-max Seat #5 is the button
Seat 5: Icecold ($233.22 in chips)
Seat 6: LolDnkaments ($276.98 in chips)
Icecold: posts small blind $1
LolDnkaments: posts big blind $3
*** HOLE CARDS ***
Icecold: raises $3 to $6
LolDnkaments: calls $3
*** FLOP *** [3c Ah Qh]
LolDnkaments: checks
Icecold: bets $3
LolDnkaments: calls $3
*** TURN *** [3c Ah Qh] [7s]
LolDnkaments: checks
Icecold: checks
*** RIVER *** [3c Ah Qh 7s] [Kh]
LolDnkaments: bets $6
Icecold: folds
Uncalled bet ($6) returned to LolDnkaments
LolDnkaments collected $17.64 from pot
LolDnkaments: doesn't show hand
*** SUMMARY ***
Total pot $18 | Rake $0.36
Board [3c Ah Qh 7s Kh]
Seat 5: Icecold (button) (small blind) folded on the River
Seat 6: LolDnkaments (big blind) collected ($17.64)


PokerStars Hand #144667539644:  Hold'em Limit ($3/$6 USD) - 2015/12/01 12:56:04 ET
Table 'Eugenia IV' 6-max Seat #6 is the button
Seat 5: Icecold ($236.22 in chips)
Seat 6: LolDnkaments ($273.98 in chips)
LolDnkaments: posts small blind $1
Icecold: posts big blind $3
*** HOLE CARDS ***
LolDnkaments: raises $3 to $6
Icecold: folds
Uncalled bet ($3) returned to LolDnkaments
LolDnkaments collected $6 from pot
LolDnkaments: doesn't show hand
*** SUMMARY ***
Total pot $6 | Rake $0
Seat 5: Icecold (big blind) folded before Flop
Seat 6: LolDnkaments (button) (small blind) collected ($6)


PokerStars Hand #144667530434:  Hold'em Limit ($3/$6 USD) - 2015/12/01 12:55:50 ET
Table 'Eugenia IV' 6-max Seat #5 is the button
Seat 5: Icecold ($230.46 in chips)
Seat 6: LolDnkaments ($279.98 in chips)
Icecold: posts small blind $1
LolDnkaments: posts big blind $3
*** HOLE CARDS ***
Icecold: raises $3 to $6
LolDnkaments: calls $3
*** FLOP *** [Ks Jh 2s]
LolDnkaments: checks
Icecold: bets $3
LolDnkaments: folds
Uncalled bet ($3) returned to Icecold
Icecold collected $11.76 from pot
*** SUMMARY ***
Total pot $12 | Rake $0.24
Board [Ks Jh 2s]
Seat 5: Icecold (button) (small blind) collected ($11.76)
Seat 6: LolDnkaments (big blind) folded on the Flop


PokerStars Hand #144667520385:  Hold'em Limit ($3/$6 USD) - 2015/12/01 12:55:36 ET
Table 'Eugenia IV' 6-max Seat #6 is the button
Seat 5: Icecold ($221.82 in chips)
Seat 6: LolDnkaments ($288.98 in chips)
LolDnkaments: posts small blind $1
Icecold: posts big blind $3
*** HOLE CARDS ***
LolDnkaments: raises $3 to $6
Icecold: calls $3
*** FLOP *** [7s As Ts]
Icecold: checks
LolDnkaments: bets $3
Icecold: calls $3
*** TURN *** [7s As Ts] [8c]
Icecold: checks
LolDnkaments: checks
*** RIVER *** [7s As Ts 8c] [8d]
Icecold: checks
LolDnkaments: checks
*** SHOW DOWN ***
Icecold: shows [3s Qh] (a pair of Eights)
LolDnkaments: mucks hand
Icecold collected $17.64 from pot
*** SUMMARY ***
Total pot $18 | Rake $0.36
Board [7s As Ts 8c 8d]
Seat 5: Icecold (big blind) showed [3s Qh] and won ($17.64) with a pair of Eights
Seat 6: LolDnkaments (button) (small blind) mucked


PokerStars Hand #144667512610:  Hold'em Limit ($3/$6 USD) - 2015/12/01 12:55:24 ET
Table 'Eugenia IV' 6-max Seat #5 is the button
Seat 5: Icecold ($216.06 in chips)
Seat 6: LolDnkaments ($294.98 in chips)
Icecold: posts small blind $1
LolDnkaments: posts big blind $3
*** HOLE CARDS ***
Icecold: raises $3 to $6
LolDnkaments: calls $3
*** FLOP *** [Js 7d 3c]
LolDnkaments: checks
Icecold: bets $3
LolDnkaments: folds
Uncalled bet ($3) returned to Icecold
Icecold collected $11.76 from pot
*** SUMMARY ***
Total pot $12 | Rake $0.24
Board [Js 7d 3c]
Seat 5: Icecold (button) (small blind) collected ($11.76)
Seat 6: LolDnkaments (big blind) folded on the Flop


PokerStars Hand #144667583458:  Hold'em Limit ($3/$6 USD) - 2015/12/01 12:57:06 ET
Table 'Eugenia IV' 6-max Seat #6 is the button
Seat 5: Icecold ($200.98 in chips)
Seat 6: LolDnkaments ($307.76 in chips)
LolDnkaments: posts small blind $1
Icecold: posts big blind $3
*** HOLE CARDS ***
LolDnkaments: raises $3 to $6
Icecold: calls $3
*** FLOP *** [8c 5d 7c]
Icecold: checks
LolDnkaments: bets $3
Icecold: calls $3
*** TURN *** [8c 5d 7c] [3h]
Icecold: checks
LolDnkaments: checks
*** RIVER *** [8c 5d 7c 3h] [5c]
Icecold: bets $6
LolDnkaments: raises $6 to $12
Icecold: calls $6
*** SHOW DOWN ***
LolDnkaments: shows [5s 6h] (three of a kind, Fives)
Icecold: shows [2h 5h] (three of a kind, Fives)
Icecold collected $20.75 from pot
LolDnkaments collected $20.75 from pot
*** SUMMARY ***
Total pot $42 | Rake $0.50
Board [8c 5d 7c 3h 5c]
Seat 5: Icecold (big blind) showed [2h 5h] and won ($20.75) with three of a kind, Fives
Seat 6: LolDnkaments (button) (small blind) showed [5s 6h] and won ($20.75) with three of a kind, Fives


PokerStars Hand #144667573163:  Hold'em Limit ($3/$6 USD) - 2015/12/01 12:56:51 ET
Table 'Eugenia IV' 6-max Seat #5 is the button
Seat 5: Icecold ($195.22 in chips)
Seat 6: LolDnkaments ($313.76 in chips)
Icecold: posts small blind $1
LolDnkaments: posts big blind $3
*** HOLE CARDS ***
Icecold: raises $3 to $6
LolDnkaments: calls $3
*** FLOP *** [Tc 8h Qs]
LolDnkaments: checks
Icecold: checks
*** TURN *** [Tc 8h Qs] [9h]
LolDnkaments: checks
Icecold: bets $6
LolDnkaments: folds
Uncalled bet ($6) returned to Icecold
Icecold collected $11.76 from pot
*** SUMMARY ***
Total pot $12 | Rake $0.24
Board [Tc 8h Qs 9h]
Seat 5: Icecold (button) (small blind) collected ($11.76)
Seat 6: LolDnkaments (big blind) folded on the Turn


PokerStars Hand #144667565637:  Hold'em Limit ($3/$6 USD) - 2015/12/01 12:56:41 ET
Table 'Eugenia IV' 6-max Seat #6 is the button
Seat 5: Icecold ($204.22 in chips)
Seat 6: LolDnkaments ($305.12 in chips)
LolDnkaments: posts small blind $1
Icecold: posts big blind $3
*** HOLE CARDS ***
LolDnkaments: raises $3 to $6
Icecold: calls $3
*** FLOP *** [4s 7s 9h]
Icecold: checks
LolDnkaments: bets $3
Icecold: calls $3
*** TURN *** [4s 7s 9h] [Ac]
Icecold: checks
LolDnkaments: bets $6
Icecold: folds
Uncalled bet ($6) returned to LolDnkaments
LolDnkaments collected $17.64 from pot
LolDnkaments: doesn't show hand
*** SUMMARY ***
Total pot $18 | Rake $0.36
Board [4s 7s 9h Ac]
Seat 5: Icecold (big blind) folded on the Turn
Seat 6: LolDnkaments (button) (small blind) collected ($17.64)


PokerStars Hand #144667556158:  Hold'em Limit ($3/$6 USD) - 2015/12/01 12:56:27 ET
Table 'Eugenia IV' 6-max Seat #5 is the button
Seat 5: Icecold ($225.22 in chips)
Seat 6: LolDnkaments ($284.62 in chips)
Icecold: posts small blind $1
LolDnkaments: posts big blind $3
*** HOLE CARDS ***
Icecold: raises $3 to $6
LolDnkaments: calls $3
*** FLOP *** [2h Qd Kc]
LolDnkaments: checks
Icecold: bets $3
LolDnkaments: calls $3
*** TURN *** [2h Qd Kc] [8s]
LolDnkaments: checks
Icecold: bets $6
LolDnkaments: calls $6
*** RIVER *** [2h Qd Kc 8s] [4h]
LolDnkaments: checks
Icecold: bets $6
LolDnkaments: calls $6
*** SHOW DOWN ***
Icecold: shows [6c Qc] (a pair of Queens)
LolDnkaments: shows [Qs 7s] (a pair of Queens - King+Eight+Seven kicker)
LolDnkaments collected $41.50 from pot
*** SUMMARY ***
Total pot $42 | Rake $0.50
Board [2h Qd Kc 8s 4h]
Seat 5: Icecold (button) (small blind) showed [6c Qc] and lost with a pair of Queens
Seat 6: LolDnkaments (big blind) showed [Qs 7s] and won ($41.50) with a pair of Queens


PokerStars Hand #144667627230:  Hold'em Limit ($3/$6 USD) - 2015/12/01 12:58:08 ET
Table 'Eugenia IV' 6-max Seat #5 is the button
Seat 5: Icecold ($228.73 in chips)
Seat 6: LolDnkaments ($278.01 in chips)
Icecold: posts small blind $1
LolDnkaments: posts big blind $3
*** HOLE CARDS ***
Icecold: raises $3 to $6
LolDnkaments: calls $3
*** FLOP *** [9c 7h Td]
LolDnkaments: checks
Icecold: checks
*** TURN *** [9c 7h Td] [6c]
LolDnkaments: bets $6
Icecold: calls $6
*** RIVER *** [9c 7h Td 6c] [8s]
LolDnkaments: checks
Icecold: checks
*** SHOW DOWN ***
LolDnkaments: shows [5s Th] (a straight, Six to Ten)
Icecold: shows [2c Kc] (a straight, Six to Ten)
LolDnkaments collected $11.76 from pot
Icecold collected $11.76 from pot
*** SUMMARY ***
Total pot $24 | Rake $0.48
Board [9c 7h Td 6c 8s]
Seat 5: Icecold (button) (small blind) showed [2c Kc] and won ($11.76) with a straight, Six to Ten
Seat 6: LolDnkaments (big blind) showed [5s Th] and won ($11.76) with a straight, Six to Ten


PokerStars Hand #144667618159:  Hold'em Limit ($3/$6 USD) - 2015/12/01 12:57:55 ET
Table 'Eugenia IV' 6-max Seat #6 is the button
Seat 5: Icecold ($243.73 in chips)
Seat 6: LolDnkaments ($263.51 in chips)
LolDnkaments: posts small blind $1
Icecold: posts big blind $3
*** HOLE CARDS ***
LolDnkaments: raises $3 to $6
Icecold: calls $3
*** FLOP *** [Qh Kc 9d]
Icecold: checks
LolDnkaments: bets $3
Icecold: calls $3
*** TURN *** [Qh Kc 9d] [7h]
Icecold: checks
LolDnkaments: checks
*** RIVER *** [Qh Kc 9d 7h] [Kh]
Icecold: checks
LolDnkaments: bets $6
Icecold: calls $6
*** SHOW DOWN ***
LolDnkaments: shows [4h 9s] (two pair, Kings and Nines)
Icecold: mucks hand
LolDnkaments collected $29.50 from pot
*** SUMMARY ***
Total pot $30 | Rake $0.50
Board [Qh Kc 9d 7h Kh]
Seat 5: Icecold (big blind) mucked
Seat 6: LolDnkaments (button) (small blind) showed [4h 9s] and won ($29.50) with two pair, Kings and Nines


PokerStars Hand #144667615100:  Hold'em Limit ($3/$6 USD) - 2015/12/01 12:57:51 ET
Table 'Eugenia IV' 6-max Seat #5 is the button
Seat 5: Icecold ($244.73 in chips)
Seat 6: LolDnkaments ($262.51 in chips)
Icecold: posts small blind $1
LolDnkaments: posts big blind $3
*** HOLE CARDS ***
Icecold: folds
Uncalled bet ($2) returned to LolDnkaments
LolDnkaments collected $2 from pot
LolDnkaments: doesn't show hand
*** SUMMARY ***
Total pot $2 | Rake $0
Seat 5: Icecold (button) (small blind) folded before Flop
Seat 6: LolDnkaments (big blind) collected ($2)


PokerStars Hand #144667605203:  Hold'em Limit ($3/$6 USD) - 2015/12/01 12:57:37 ET
Table 'Eugenia IV' 6-max Seat #6 is the button
Seat 5: Icecold ($218.23 in chips)
Seat 6: LolDnkaments ($289.51 in chips)
LolDnkaments: posts small blind $1
Icecold: posts big blind $3
*** HOLE CARDS ***
LolDnkaments: raises $3 to $6
Icecold: calls $3
*** FLOP *** [Qs 7d 9c]
Icecold: checks
LolDnkaments: bets $3
Icecold: calls $3
*** TURN *** [Qs 7d 9c] [8h]
Icecold: checks
LolDnkaments: bets $6
Icecold: raises $6 to $12
LolDnkaments: calls $6
*** RIVER *** [Qs 7d 9c 8h] [9h]
Icecold: bets $6
LolDnkaments: calls $6
*** SHOW DOWN ***
Icecold: shows [8d 9d] (a full house, Nines full of Eights)
LolDnkaments: mucks hand
Icecold collected $53.50 from pot
*** SUMMARY ***
Total pot $54 | Rake $0.50
Board [Qs 7d 9c 8h 9h]
Seat 5: Icecold (big blind) showed [8d 9d] and won ($53.50) with a full house, Nines full of Eights
Seat 6: LolDnkaments (button) (small blind) mucked


PokerStars Hand #144667593342:  Hold'em Limit ($3/$6 USD) - 2015/12/01 12:57:20 ET
Table 'Eugenia IV' 6-max Seat #5 is the button
Seat 5: Icecold ($200.73 in chips)
Seat 6: LolDnkaments ($307.51 in chips)
Icecold: posts small blind $1
LolDnkaments: posts big blind $3
*** HOLE CARDS ***
Icecold: raises $3 to $6
LolDnkaments: raises $3 to $9
Icecold: calls $3
*** FLOP *** [Js 5d Kh]
LolDnkaments: bets $3
Icecold: calls $3
*** TURN *** [Js 5d Kh] [8d]
LolDnkaments: bets $6
Icecold: calls $6
*** RIVER *** [Js 5d Kh 8d] [3d]
LolDnkaments: checks
Icecold: checks
*** SHOW DOWN ***
LolDnkaments: shows [As Td] (high card Ace)
Icecold: shows [Qc 5s] (a pair of Fives)
Icecold collected $35.50 from pot
*** SUMMARY ***
Total pot $36 | Rake $0.50
Board [Js 5d Kh 8d 3d]
Seat 5: Icecold (button) (small blind) showed [Qc 5s] and won ($35.50) with a pair of Fives
Seat 6: LolDnkaments (big blind) showed [As Td] and lost with high card Ace


PokerStars Hand #144667666812:  Hold'em Limit ($3/$6 USD) - 2015/12/01 12:59:04 ET
Table 'Eugenia IV' 6-max Seat #6 is the button
Seat 5: Icecold ($254.99 in chips)
Seat 6: LolDnkaments ($250.41 in chips)
LolDnkaments: posts small blind $1
Icecold: posts big blind $3
*** HOLE CARDS ***
LolDnkaments: raises $3 to $6
Icecold: calls $3
*** FLOP *** [Kh 7d 2c]
Icecold: checks
LolDnkaments: bets $3
Icecold: calls $3
*** TURN *** [Kh 7d 2c] [6d]
Icecold: checks
LolDnkaments: checks
*** RIVER *** [Kh 7d 2c 6d] [Js]
Icecold: checks
LolDnkaments: checks
*** SHOW DOWN ***
Icecold: shows [3c 7h] (a pair of Sevens)
LolDnkaments: mucks hand
Icecold collected $17.64 from pot
*** SUMMARY ***
Total pot $18 | Rake $0.36
Board [Kh 7d 2c 6d Js]
Seat 5: Icecold (big blind) showed [3c 7h] and won ($17.64) with a pair of Sevens
Seat 6: LolDnkaments (button) (small blind) mucked


PokerStars Hand #144667648336:  Hold'em Limit ($3/$6 USD) - 2015/12/01 12:58:38 ET
Table 'Eugenia IV' 6-max Seat #5 is the button
Seat 5: Icecold ($219.49 in chips)
Seat 6: LolDnkaments ($286.41 in chips)
Icecold: posts small blind $1
LolDnkaments: posts big blind $3
*** HOLE CARDS ***
Icecold: raises $3 to $6
LolDnkaments: raises $3 to $9
Icecold: calls $3
*** FLOP *** [Qd Td Kc]
LolDnkaments: bets $3
Icecold: raises $3 to $6
LolDnkaments: raises $3 to $9
Icecold: calls $3
*** TURN *** [Qd Td Kc] [5d]
LolDnkaments: bets $6
Icecold: raises $6 to $12
LolDnkaments: calls $6
*** RIVER *** [Qd Td Kc 5d] [6h]
LolDnkaments: checks
Icecold: bets $6
LolDnkaments: calls $6
*** SHOW DOWN ***
Icecold: shows [2d 6d] (a flush, Queen high)
LolDnkaments: mucks hand
Icecold collected $71.50 from pot
*** SUMMARY ***
Total pot $72 | Rake $0.50
Board [Qd Td Kc 5d 6h]
Seat 5: Icecold (button) (small blind) showed [2d 6d] and won ($71.50) with a flush, Queen high
Seat 6: LolDnkaments (big blind) mucked


PokerStars Hand #144667638282:  Hold'em Limit ($3/$6 USD) - 2015/12/01 12:58:24 ET
Table 'Eugenia IV' 6-max Seat #6 is the button
Seat 5: Icecold ($228.49 in chips)
Seat 6: LolDnkaments ($277.77 in chips)
LolDnkaments: posts small blind $1
Icecold: posts big blind $3
*** HOLE CARDS ***
LolDnkaments: raises $3 to $6
Icecold: calls $3
*** FLOP *** [9d Jc 4c]
Icecold: checks
LolDnkaments: bets $3
Icecold: calls $3
*** TURN *** [9d Jc 4c] [3d]
Icecold: checks
LolDnkaments: checks
*** RIVER *** [9d Jc 4c 3d] [Kd]
Icecold: checks
LolDnkaments: checks
*** SHOW DOWN ***
Icecold: shows [Ac 6h] (high card Ace)
LolDnkaments: shows [4h Tc] (a pair of Fours)
LolDnkaments collected $17.64 from pot
*** SUMMARY ***
Total pot $18 | Rake $0.36
Board [9d Jc 4c 3d Kd]
Seat 5: Icecold (big blind) showed [Ac 6h] and lost with high card Ace
Seat 6: LolDnkaments (button) (small blind) showed [4h Tc] and won ($17.64) with a pair of Fours


PokerStars Hand #144667708706:  Hold'em Limit ($3/$6 USD) - 2015/12/01 13:00:03 ET
Table 'Eugenia IV' 6-max Seat #5 is the button
Seat 5: Icecold ($243.39 in chips)
Seat 6: LolDnkaments ($260.67 in chips)
Icecold: posts small blind $1
LolDnkaments: posts big blind $3
*** HOLE CARDS ***
Icecold: raises $3 to $6
LolDnkaments: folds
Uncalled bet ($3) returned to Icecold
Icecold collected $6 from pot
*** SUMMARY ***
Total pot $6 | Rake $0
Seat 5: Icecold (button) (small blind) collected ($6)
Seat 6: LolDnkaments (big blind) folded before Flop


PokerStars Hand #144667697778:  Hold'em Limit ($3/$6 USD) - 2015/12/01 12:59:48 ET
Table 'Eugenia IV' 6-max Seat #6 is the button
Seat 5: Icecold ($264.39 in chips)
Seat 6: LolDnkaments ($240.17 in chips)
LolDnkaments: posts small blind $1
Icecold: posts big blind $3
*** HOLE CARDS ***
LolDnkaments: raises $3 to $6
Icecold: calls $3
*** FLOP *** [4c Tc 3d]
Icecold: checks
LolDnkaments: bets $3
Icecold: calls $3
*** TURN *** [4c Tc 3d] [5d]
Icecold: checks
LolDnkaments: bets $6
Icecold: calls $6
*** RIVER *** [4c Tc 3d 5d] [4h]
Icecold: checks
LolDnkaments: bets $6
Icecold: calls $6
*** SHOW DOWN ***
LolDnkaments: shows [Qd Ts] (two pair, Tens and Fours)
Icecold: mucks hand
LolDnkaments collected $41.50 from pot
*** SUMMARY ***
Total pot $42 | Rake $0.50
Board [4c Tc 3d 5d 4h]
Seat 5: Icecold (big blind) mucked
Seat 6: LolDnkaments (button) (small blind) showed [Qd Ts] and won ($41.50) with two pair, Tens and Fours


PokerStars Hand #144667691229:  Hold'em Limit ($3/$6 USD) - 2015/12/01 12:59:39 ET
Table 'Eugenia IV' 6-max Seat #5 is the button
Seat 5: Icecold ($258.63 in chips)
Seat 6: LolDnkaments ($246.17 in chips)
Icecold: posts small blind $1
LolDnkaments: posts big blind $3
*** HOLE CARDS ***
Icecold: raises $3 to $6
LolDnkaments: calls $3
*** FLOP *** [Th Qc Qd]
LolDnkaments: checks
Icecold: bets $3
LolDnkaments: folds
Uncalled bet ($3) returned to Icecold
Icecold collected $11.76 from pot
*** SUMMARY ***
Total pot $12 | Rake $0.24
Board [Th Qc Qd]
Seat 5: Icecold (button) (small blind) collected ($11.76)
Seat 6: LolDnkaments (big blind) folded on the Flop


PokerStars Hand #144667688322:  Hold'em Limit ($3/$6 USD) - 2015/12/01 12:59:34 ET
Table 'Eugenia IV' 6-max Seat #6 is the button
Seat 5: Icecold ($257.63 in chips)
Seat 6: LolDnkaments ($247.17 in chips)
LolDnkaments: posts small blind $1
Icecold: posts big blind $3
*** HOLE CARDS ***
LolDnkaments: folds
Uncalled bet ($2) returned to Icecold
Icecold collected $2 from pot
*** SUMMARY ***
Total pot $2 | Rake $0
Seat 5: Icecold (big blind) collected ($2)
Seat 6: LolDnkaments (button) (small blind) folded before Flop


PokerStars Hand #144667678749:  Hold'em Limit ($3/$6 USD) - 2015/12/01 12:59:21 ET
Table 'Eugenia IV' 6-max Seat #5 is the button
Seat 5: Icecold ($263.63 in chips)
Seat 6: LolDnkaments ($241.41 in chips)
Icecold: posts small blind $1
LolDnkaments: posts big blind $3
*** HOLE CARDS ***
Icecold: raises $3 to $6
LolDnkaments: calls $3
*** FLOP *** [7c 5s 8c]
LolDnkaments: checks
Icecold: checks
*** TURN *** [7c 5s 8c] [8s]
LolDnkaments: bets $6
Icecold: folds
Uncalled bet ($6) returned to LolDnkaments
LolDnkaments collected $11.76 from pot
LolDnkaments: doesn't show hand
*** SUMMARY ***
Total pot $12 | Rake $0.24
Board [7c 5s 8c 8s]
Seat 5: Icecold (button) (small blind) folded on the Turn
Seat 6: LolDnkaments (big blind) collected ($11.76)


PokerStars Hand #144667728359:  Hold'em Limit ($3/$6 USD) - 2015/12/01 13:00:28 ET
Table 'Eugenia IV' 6-max Seat #5 is the button
Seat 5: Icecold ($255.03 in chips)
Seat 6: LolDnkaments ($248.67 in chips)
Icecold: posts small blind $1
LolDnkaments: posts big blind $3
*** HOLE CARDS ***
Icecold: raises $3 to $6
LolDnkaments: calls $3
*** FLOP *** [8s 4c Qh]
LolDnkaments: checks
Icecold: checks
*** TURN *** [8s 4c Qh] [2c]
LolDnkaments: bets $6
Icecold: raises $6 to $12
LolDnkaments: folds
Uncalled bet ($6) returned to Icecold
Icecold collected $23.52 from pot
*** SUMMARY ***
Total pot $24 | Rake $0.48
Board [8s 4c Qh 2c]
Seat 5: Icecold (button) (small blind) collected ($23.52)
Seat 6: LolDnkaments (big blind) folded on the Turn


PokerStars Hand #144667737847:  Hold'em Limit ($3/$6 USD) - 2015/12/01 13:00:40 ET
Table 'Eugenia IV' 6-max Seat #6 is the button
Seat 5: Icecold ($266.55 in chips)
Seat 6: LolDnkaments ($236.67 in chips)
LolDnkaments: posts small blind $1
Icecold: posts big blind $3
*** HOLE CARDS ***
LolDnkaments: raises $3 to $6
Icecold: calls $3
*** FLOP *** [Ks Qd 9d]
Icecold: checks
LolDnkaments: bets $3
Icecold: folds
Uncalled bet ($3) returned to LolDnkaments
LolDnkaments collected $11.76 from pot
LolDnkaments: doesn't show hand
*** SUMMARY ***
Total pot $12 | Rake $0.24
Board [Ks Qd 9d]
Seat 5: Icecold (big blind) folded on the Flop
Seat 6: LolDnkaments (button) (small blind) collected ($11.76)


PokerStars Hand #144667745051:  Hold'em Limit ($3/$6 USD) - 2015/12/01 13:00:50 ET
Table 'Eugenia IV' 6-max Seat #5 is the button
Seat 5: Icecold ($260.55 in chips)
Seat 6: LolDnkaments ($242.43 in chips)
Icecold: posts small blind $1
LolDnkaments: posts big blind $3
*** HOLE CARDS ***
Icecold: raises $3 to $6
LolDnkaments: calls $3
*** FLOP *** [4c 6d 2h]
LolDnkaments: checks
Icecold: checks
*** TURN *** [4c 6d 2h] [Tc]
LolDnkaments: bets $6
Icecold: folds
Uncalled bet ($6) returned to LolDnkaments
LolDnkaments collected $11.76 from pot
LolDnkaments: doesn't show hand
*** SUMMARY ***
Total pot $12 | Rake $0.24
Board [4c 6d 2h Tc]
Seat 5: Icecold (button) (small blind) folded on the Turn
Seat 6: LolDnkaments (big blind) collected ($11.76)


PokerStars Hand #144667756118:  Hold'em Limit ($3/$6 USD) - 2015/12/01 13:01:04 ET
Table 'Eugenia IV' 6-max Seat #6 is the button
Seat 5: Icecold ($254.55 in chips)
Seat 6: LolDnkaments ($248.19 in chips)
LolDnkaments: posts small blind $1
Icecold: posts big blind $3
*** HOLE CARDS ***
LolDnkaments: raises $3 to $6
Icecold: calls $3
*** FLOP *** [2h 5s 7h]
Icecold: checks
LolDnkaments: bets $3
Icecold: calls $3
*** TURN *** [2h 5s 7h] [5d]
Icecold: checks
LolDnkaments: checks
*** RIVER *** [2h 5s 7h 5d] [Kd]
Icecold: checks
LolDnkaments: checks
*** SHOW DOWN ***
Icecold: shows [Qh Tc] (a pair of Fives)
LolDnkaments: mucks hand
Icecold collected $17.64 from pot
*** SUMMARY ***
Total pot $18 | Rake $0.36
Board [2h 5s 7h 5d Kd]
Seat 5: Icecold (big blind) showed [Qh Tc] and won ($17.64) with a pair of Fives
Seat 6: LolDnkaments (button) (small blind) mucked


PokerStars Hand #144667767954:  Hold'em Limit ($3/$6 USD) - 2015/12/01 13:01:18 ET
Table 'Eugenia IV' 6-max Seat #5 is the button
Seat 5: Icecold ($263.19 in chips)
Seat 6: LolDnkaments ($239.19 in chips)
Icecold: posts small blind $1
LolDnkaments: posts big blind $3
*** HOLE CARDS ***
Icecold: raises $3 to $6
LolDnkaments: calls $3
*** FLOP *** [3h 9h 5s]
LolDnkaments: checks
Icecold: bets $3
LolDnkaments: calls $3
*** TURN *** [3h 9h 5s] [9d]
LolDnkaments: checks
Icecold: bets $6
LolDnkaments: folds
Uncalled bet ($6) returned to Icecold
Icecold collected $17.64 from pot
*** SUMMARY ***
Total pot $18 | Rake $0.36
Board [3h 9h 5s 9d]
Seat 5: Icecold (button) (small blind) collected ($17.64)
Seat 6: LolDnkaments (big blind) folded on the Turn


PokerStars Hand #144667779376:  Hold'em Limit ($3/$6 USD) - 2015/12/01 13:01:32 ET
Table 'Eugenia IV' 6-max Seat #6 is the button
Seat 5: Icecold ($271.83 in chips)
Seat 6: LolDnkaments ($230.19 in chips)
LolDnkaments: posts small blind $1
Icecold: posts big blind $3
*** HOLE CARDS ***
LolDnkaments: raises $3 to $6
Icecold: raises $3 to $9
LolDnkaments: calls $3
*** FLOP *** [Td 8s Kd]
Icecold: bets $3
LolDnkaments: calls $3
*** TURN *** [Td 8s Kd] [3h]
Icecold: bets $6
LolDnkaments: folds
Uncalled bet ($6) returned to Icecold
Icecold collected $23.52 from pot
*** SUMMARY ***
Total pot $24 | Rake $0.48
Board [Td 8s Kd 3h]
Seat 5: Icecold (big blind) collected ($23.52)
Seat 6: LolDnkaments (button) (small blind) folded on the Turn


PokerStars Hand #144667806093:  Hold'em Limit ($3/$6 USD) - 2015/12/01 13:02:03 ET
Table 'Eugenia IV' 6-max Seat #6 is the button
Seat 5: Icecold ($291.99 in chips)
Seat 6: LolDnkaments ($209.19 in chips)
LolDnkaments: posts small blind $1
Icecold: posts big blind $3
*** HOLE CARDS ***
LolDnkaments: raises $3 to $6
Icecold: folds
Uncalled bet ($3) returned to LolDnkaments
LolDnkaments collected $6 from pot
LolDnkaments: doesn't show hand
*** SUMMARY ***
Total pot $6 | Rake $0
Seat 5: Icecold (big blind) folded before Flop
Seat 6: LolDnkaments (button) (small blind) collected ($6)


PokerStars Hand #144667792395:  Hold'em Limit ($3/$6 USD) - 2015/12/01 13:01:47 ET
Table 'Eugenia IV' 6-max Seat #5 is the button
Seat 5: Icecold ($283.35 in chips)
Seat 6: LolDnkaments ($218.19 in chips)
Icecold: posts small blind $1
LolDnkaments: posts big blind $3
*** HOLE CARDS ***
Icecold: raises $3 to $6
LolDnkaments: calls $3
*** FLOP *** [3s Td 7c]
LolDnkaments: checks
Icecold: bets $3
LolDnkaments: calls $3
*** TURN *** [3s Td 7c] [8c]
LolDnkaments: checks
Icecold: checks
*** RIVER *** [3s Td 7c 8c] [As]
LolDnkaments: checks
Icecold: checks
*** SHOW DOWN ***
LolDnkaments: shows [3c 6s] (a pair of Threes)
Icecold: shows [7d Kd] (a pair of Sevens)
Icecold collected $17.64 from pot
*** SUMMARY ***
Total pot $18 | Rake $0.36
Board [3s Td 7c 8c As]
Seat 5: Icecold (button) (small blind) showed [7d Kd] and won ($17.64) with a pair of Sevens
Seat 6: LolDnkaments (big blind) showed [3c 6s] and lost with a pair of Threes


PokerStars Hand #144667810839:  Hold'em Limit ($3/$6 USD) - 2015/12/01 13:02:09 ET
Table 'Eugenia IV' 6-max Seat #5 is the button
Seat 5: Icecold ($288.99 in chips)
Seat 6: LolDnkaments ($212.19 in chips)
Icecold: posts small blind $1
LolDnkaments: posts big blind $3
*** HOLE CARDS ***
Icecold: raises $3 to $6
LolDnkaments: calls $3
*** FLOP *** [Qc 4s 8s]
LolDnkaments: checks
Icecold: bets $3
LolDnkaments: calls $3
*** TURN *** [Qc 4s 8s] [Ts]
LolDnkaments: checks
Icecold: checks
*** RIVER *** [Qc 4s 8s Ts] [3d]
LolDnkaments: bets $6
Icecold: calls $6
*** SHOW DOWN ***
LolDnkaments: shows [Ks 4d] (a pair of Fours)
Icecold: shows [5h 5s] (a pair of Fives)
Icecold collected $29.50 from pot
*** SUMMARY ***
Total pot $30 | Rake $0.50
Board [Qc 4s 8s Ts 3d]
Seat 5: Icecold (button) (small blind) showed [5h 5s] and won ($29.50) with a pair of Fives
Seat 6: LolDnkaments (big blind) showed [Ks 4d] and lost with a pair of Fours


PokerStars Hand #144667853259:  Hold'em Limit ($3/$6 USD) - 2015/12/01 13:02:57 ET
Table 'Eugenia IV' 6-max Seat #5 is the button
Seat 5: Icecold ($297.49 in chips)
Seat 6: LolDnkaments ($202.95 in chips)
Icecold: posts small blind $1
LolDnkaments: posts big blind $3
*** HOLE CARDS ***
Icecold: folds
Uncalled bet ($2) returned to LolDnkaments
LolDnkaments collected $2 from pot
LolDnkaments: doesn't show hand
*** SUMMARY ***
Total pot $2 | Rake $0
Seat 5: Icecold (button) (small blind) folded before Flop
Seat 6: LolDnkaments (big blind) collected ($2)


PokerStars Hand #144667829339:  Hold'em Limit ($3/$6 USD) - 2015/12/01 13:02:30 ET
Table 'Eugenia IV' 6-max Seat #6 is the button
Seat 5: Icecold ($303.49 in chips)
Seat 6: LolDnkaments ($197.19 in chips)
LolDnkaments: posts small blind $1
Icecold: posts big blind $3
*** HOLE CARDS ***
LolDnkaments: raises $3 to $6
Icecold: calls $3
*** FLOP *** [7c Ks Ac]
Icecold: checks
LolDnkaments: bets $3
Icecold: folds
Uncalled bet ($3) returned to LolDnkaments
LolDnkaments collected $11.76 from pot
LolDnkaments: doesn't show hand
*** SUMMARY ***
Total pot $12 | Rake $0.24
Board [7c Ks Ac]
Seat 5: Icecold (big blind) folded on the Flop
Seat 6: LolDnkaments (button) (small blind) collected ($11.76)


PokerStars Hand #144667870725:  Hold'em Limit ($3/$6 USD) - 2015/12/01 13:03:17 ET
Table 'Eugenia IV' 6-max Seat #5 is the button
Seat 5: Icecold ($308.01 in chips)
Seat 6: LolDnkaments ($191.95 in chips)
Icecold: posts small blind $1
LolDnkaments: posts big blind $3
*** HOLE CARDS ***
Icecold: folds
Uncalled bet ($2) returned to LolDnkaments
LolDnkaments collected $2 from pot
LolDnkaments: doesn't show hand
*** SUMMARY ***
Total pot $2 | Rake $0
Seat 5: Icecold (button) (small blind) folded before Flop
Seat 6: LolDnkaments (big blind) collected ($2)


PokerStars Hand #144667857226:  Hold'em Limit ($3/$6 USD) - 2015/12/01 13:03:02 ET
Table 'Eugenia IV' 6-max Seat #6 is the button
Seat 5: Icecold ($296.49 in chips)
Seat 6: LolDnkaments ($203.95 in chips)
LolDnkaments: posts small blind $1
Icecold: posts big blind $3
*** HOLE CARDS ***
LolDnkaments: raises $3 to $6
Icecold: raises $3 to $9
LolDnkaments: calls $3
*** FLOP *** [2d 4d Js]
Icecold: bets $3
LolDnkaments: calls $3
*** TURN *** [2d 4d Js] [3h]
Icecold: bets $6
LolDnkaments: folds
Uncalled bet ($6) returned to Icecold
Icecold collected $23.52 from pot
*** SUMMARY ***
Total pot $24 | Rake $0.48
Board [2d 4d Js 3h]
Seat 5: Icecold (big blind) collected ($23.52)
Seat 6: LolDnkaments (button) (small blind) folded on the Turn


PokerStars Hand #144667932337:  Hold'em Limit ($3/$6 USD) - 2015/12/01 13:04:26 ET
Table 'Eugenia IV' 6-max Seat #5 is the button
Seat 5: Icecold ($331.01 in chips)
Seat 6: LolDnkaments ($167.45 in chips)
Icecold: posts small blind $1
LolDnkaments: posts big blind $3
*** HOLE CARDS ***
Icecold: raises $3 to $6
LolDnkaments: calls $3
*** FLOP *** [3s 7h 5s]
LolDnkaments: checks
Icecold: checks
*** TURN *** [3s 7h 5s] [4d]
LolDnkaments: bets $6
Icecold: calls $6
*** RIVER *** [3s 7h 5s 4d] [Jd]
LolDnkaments: bets $6
Icecold: calls $6
*** SHOW DOWN ***
LolDnkaments: shows [Ah 6c] (a straight, Three to Seven)
Icecold: mucks hand
LolDnkaments collected $35.50 from pot
*** SUMMARY ***
Total pot $36 | Rake $0.50
Board [3s 7h 5s 4d Jd]
Seat 5: Icecold (button) (small blind) mucked
Seat 6: LolDnkaments (big blind) showed [Ah 6c] and won ($35.50) with a straight, Three to Seven


PokerStars Hand #144667915021:  Hold'em Limit ($3/$6 USD) - 2015/12/01 13:04:06 ET
Table 'Eugenia IV' 6-max Seat #6 is the button
Seat 5: Icecold ($346.01 in chips)
Seat 6: LolDnkaments ($152.95 in chips)
LolDnkaments: posts small blind $1
Icecold: posts big blind $3
*** HOLE CARDS ***
LolDnkaments: raises $3 to $6
Icecold: calls $3
*** FLOP *** [Jh 7c 6h]
Icecold: checks
LolDnkaments: bets $3
Icecold: calls $3
*** TURN *** [Jh 7c 6h] [5d]
Icecold: checks
LolDnkaments: bets $6
Icecold: calls $6
*** RIVER *** [Jh 7c 6h 5d] [4d]
Icecold: checks
LolDnkaments: checks
*** SHOW DOWN ***
Icecold: shows [7h 9d] (a pair of Sevens)
LolDnkaments: shows [7s Ac] (a pair of Sevens - Ace kicker)
LolDnkaments collected $29.50 from pot
*** SUMMARY ***
Total pot $30 | Rake $0.50
Board [Jh 7c 6h 5d 4d]
Seat 5: Icecold (big blind) showed [7h 9d] and lost with a pair of Sevens
Seat 6: LolDnkaments (button) (small blind) showed [7s Ac] and won ($29.50) with a pair of Sevens


PokerStars Hand #144667887992:  Hold'em Limit ($3/$6 USD) - 2015/12/01 13:03:36 ET
Table 'Eugenia IV' 6-max Seat #5 is the button
Seat 5: Icecold ($321.51 in chips)
Seat 6: LolDnkaments ($177.95 in chips)
Icecold: posts small blind $1
LolDnkaments: posts big blind $3
*** HOLE CARDS ***
Icecold: folds
Uncalled bet ($2) returned to LolDnkaments
LolDnkaments collected $2 from pot
LolDnkaments: doesn't show hand
*** SUMMARY ***
Total pot $2 | Rake $0
Seat 5: Icecold (button) (small blind) folded before Flop
Seat 6: LolDnkaments (big blind) collected ($2)


PokerStars Hand #144667874813:  Hold'em Limit ($3/$6 USD) - 2015/12/01 13:03:22 ET
Table 'Eugenia IV' 6-max Seat #6 is the button
Seat 5: Icecold ($307.01 in chips)
Seat 6: LolDnkaments ($192.95 in chips)
LolDnkaments: posts small blind $1
Icecold: posts big blind $3
*** HOLE CARDS ***
LolDnkaments: raises $3 to $6
Icecold: calls $3
*** FLOP *** [As Qs 3c]
Icecold: checks
LolDnkaments: bets $3
Icecold: calls $3
*** TURN *** [As Qs 3c] [2s]
Icecold: checks
LolDnkaments: bets $6
Icecold: calls $6
*** RIVER *** [As Qs 3c 2s] [Jh]
Icecold: checks
LolDnkaments: checks
*** SHOW DOWN ***
Icecold: shows [Ad 8d] (a pair of Aces)
LolDnkaments: mucks hand
Icecold collected $29.50 from pot
*** SUMMARY ***
Total pot $30 | Rake $0.50
Board [As Qs 3c 2s Jh]
Seat 5: Icecold (big blind) showed [Ad 8d] and won ($29.50) with a pair of Aces
Seat 6: LolDnkaments (button) (small blind) mucked


PokerStars Hand #144667892724:  Hold'em Limit ($3/$6 USD) - 2015/12/01 13:03:41 ET
Table 'Eugenia IV' 6-max Seat #6 is the button
Seat 5: Icecold ($320.51 in chips)
Seat 6: LolDnkaments ($178.95 in chips)
LolDnkaments: posts small blind $1
Icecold: posts big blind $3
*** HOLE CARDS ***
LolDnkaments: raises $3 to $6
Icecold: calls $3
*** FLOP *** [4h 4d 4c]
Icecold: checks
LolDnkaments: bets $3
Icecold: calls $3
*** TURN *** [4h 4d 4c] [7s]
Icecold: checks
LolDnkaments: bets $6
Icecold: calls $6
*** RIVER *** [4h 4d 4c 7s] [9h]
Icecold: checks
LolDnkaments: bets $6
Icecold: raises $6 to $12
LolDnkaments: calls $6
*** SHOW DOWN ***
Icecold: shows [3h 4s] (four of a kind, Fours)
LolDnkaments: mucks hand
Icecold collected $53.50 from pot
*** SUMMARY ***
Total pot $54 | Rake $0.50
Board [4h 4d 4c 7s 9h]
Seat 5: Icecold (big blind) showed [3h 4s] and won ($53.50) with four of a kind, Fours
Seat 6: LolDnkaments (button) (small blind) mucked


PokerStars Hand #144667910756:  Hold'em Limit ($3/$6 USD) - 2015/12/01 13:04:01 ET
Table 'Eugenia IV' 6-max Seat #5 is the button
Seat 5: Icecold ($347.01 in chips)
Seat 6: LolDnkaments ($151.95 in chips)
Icecold: posts small blind $1
LolDnkaments: posts big blind $3
*** HOLE CARDS ***
Icecold: folds
Uncalled bet ($2) returned to LolDnkaments
LolDnkaments collected $2 from pot
LolDnkaments: doesn't show hand
*** SUMMARY ***
Total pot $2 | Rake $0
Seat 5: Icecold (button) (small blind) folded before Flop
Seat 6: LolDnkaments (big blind) collected ($2)


PokerStars Hand #144667949503:  Hold'em Limit ($3/$6 USD) - 2015/12/01 13:04:45 ET
Table 'Eugenia IV' 6-max Seat #6 is the button
Seat 5: Icecold ($313.01 in chips)
Seat 6: LolDnkaments ($184.95 in chips)
LolDnkaments: posts small blind $1
Icecold: posts big blind $3
*** HOLE CARDS ***
LolDnkaments: folds
Uncalled bet ($2) returned to Icecold
Icecold collected $2 from pot
*** SUMMARY ***
Total pot $2 | Rake $0
Seat 5: Icecold (big blind) collected ($2)
Seat 6: LolDnkaments (button) (small blind) folded before Flop


PokerStars Hand #144667955776:  Hold'em Limit ($3/$6 USD) - 2015/12/01 13:04:52 ET
Table 'Eugenia IV' 6-max Seat #5 is the button
Seat 5: Icecold ($314.01 in chips)
Seat 6: LolDnkaments ($183.95 in chips)
Icecold: posts small blind $1
LolDnkaments: posts big blind $3
*** HOLE CARDS ***
Icecold: raises $3 to $6
LolDnkaments: calls $3
*** FLOP *** [8c Ks 5s]
LolDnkaments: checks
Icecold: bets $3
LolDnkaments: calls $3
*** TURN *** [8c Ks 5s] [5c]
LolDnkaments: checks
Icecold: bets $6
LolDnkaments: calls $6
*** RIVER *** [8c Ks 5s 5c] [Kd]
LolDnkaments: checks
Icecold: bets $6
LolDnkaments: calls $6
*** SHOW DOWN ***
Icecold: shows [Td Ts] (two pair, Kings and Tens)
LolDnkaments: mucks hand
Icecold collected $41.50 from pot
*** SUMMARY ***
Total pot $42 | Rake $0.50
Board [8c Ks 5s 5c Kd]
Seat 5: Icecold (button) (small blind) showed [Td Ts] and won ($41.50) with two pair, Kings and Tens
Seat 6: LolDnkaments (big blind) mucked


PokerStars Hand #144667972298:  Hold'em Limit ($3/$6 USD) - 2015/12/01 13:05:10 ET
Table 'Eugenia IV' 6-max Seat #6 is the button
Seat 5: Icecold ($334.51 in chips)
Seat 6: LolDnkaments ($162.95 in chips)
LolDnkaments: posts small blind $1
Icecold: posts big blind $3
*** HOLE CARDS ***
LolDnkaments: raises $3 to $6
Icecold: calls $3
*** FLOP *** [As 7s 6s]
Icecold: checks
LolDnkaments: bets $3
Icecold: calls $3
*** TURN *** [As 7s 6s] [Ah]
Icecold: checks
LolDnkaments: checks
*** RIVER *** [As 7s 6s Ah] [4d]
Icecold: bets $6
LolDnkaments: folds
Uncalled bet ($6) returned to Icecold
Icecold collected $17.64 from pot
*** SUMMARY ***
Total pot $18 | Rake $0.36
Board [As 7s 6s Ah 4d]
Seat 5: Icecold (big blind) collected ($17.64)
Seat 6: LolDnkaments (button) (small blind) folded on the River


