PokerStars Hand #166493293371:  Hold'em Limit ($3/$6 USD) - 2017/02/20 6:05:34 ET
Table 'Eukrate II' 6-max Seat #1 is the button
Seat 1: LifeisagameX ($84 in chips)
Seat 2: prado777tt ($45.40 in chips)
LifeisagameX: posts small blind $1
prado777tt: posts big blind $3
*** HOLE CARDS ***
Agrotait joins the table at seat #3
LifeisagameX: raises $3 to $6
prado777tt: calls $3
*** FLOP *** [Ks Jh Tc]
prado777tt: checks
LifeisagameX: bets $3
prado777tt: calls $3
*** TURN *** [Ks Jh Tc] [As]
prado777tt: checks
LifeisagameX: bets $6
prado777tt: calls $6
*** RIVER *** [Ks Jh Tc As] [4h]
prado777tt: checks
LifeisagameX: bets $6
prado777tt: folds
Uncalled bet ($6) returned to LifeisagameX
LifeisagameX collected $29.50 from pot
LifeisagameX: doesn't show hand
*** SUMMARY ***
Total pot $30 | Rake $0.50
Board [Ks Jh Tc As 4h]
Seat 1: LifeisagameX (button) (small blind) collected ($29.50)
Seat 2: prado777tt (big blind) folded on the River


PokerStars Hand #166493371775:  Hold'em Limit ($3/$6 USD) - 2017/02/20 6:08:29 ET
Table 'Eukrate II' 6-max Seat #3 is the button
Seat 3: Agrotait ($124.16 in chips)
Seat 5: Bueffel ($26.50 in chips)
Agrotait: posts small blind $1
Bueffel: posts big blind $3
*** HOLE CARDS ***
prado777tt leaves the table
Agrotait: raises $3 to $6
Bueffel: calls $3
*** FLOP *** [Kd Ts Qs]
Bueffel: checks
Agrotait: bets $3
Bueffel: folds
Uncalled bet ($3) returned to Agrotait
Agrotait collected $11.76 from pot
Agrotait: doesn't show hand
*** SUMMARY ***
Total pot $12 | Rake $0.24
Board [Kd Ts Qs]
Seat 3: Agrotait (button) (small blind) collected ($11.76)
Seat 5: Bueffel (big blind) folded on the Flop


