PokerStars Hand #150677249706:  Hold'em Limit ($3/$6 USD) - 2016/03/20 18:15:12 ET
Table 'Eukrate II' 10-max Seat #4 is the button
Seat 1: Zubasa07 ($499 in chips)
Seat 4: PinchMaster ($108.78 in chips)
PinchMaster: posts small blind $1
Zubasa07: posts big blind $3
*** HOLE CARDS ***
PinchMaster: folds
Uncalled bet ($2) returned to Zubasa07
Zubasa07 collected $2 from pot
*** SUMMARY ***
Total pot $2 | Rake $0
Seat 1: Zubasa07 (big blind) collected ($2)
Seat 4: PinchMaster (button) (small blind) folded before Flop


PokerStars Hand #150677284861:  Hold'em Limit ($3/$6 USD) - 2016/03/20 18:15:45 ET
Table 'Eukrate II' 10-max Seat #1 is the button
Seat 1: Zubasa07 ($506.76 in chips)
Seat 4: PinchMaster ($100.78 in chips)
Zubasa07: posts small blind $1
PinchMaster: posts big blind $3
*** HOLE CARDS ***
Zubasa07: raises $3 to $6
PinchMaster: calls $3
*** FLOP *** [9c 8d Kc]
PinchMaster: checks
Zubasa07: bets $3
PinchMaster: folds
Uncalled bet ($3) returned to Zubasa07
GRAILKO joins the table at seat #5
Zubasa07 collected $11.76 from pot
Zubasa07: doesn't show hand
*** SUMMARY ***
Total pot $12 | Rake $0.24
Board [9c 8d Kc]
Seat 1: Zubasa07 (button) (small blind) collected ($11.76)
Seat 4: PinchMaster (big blind) folded on the Flop


PokerStars Hand #150677277674:  Hold'em Limit ($3/$6 USD) - 2016/03/20 18:15:38 ET
Table 'Eukrate II' 10-max Seat #4 is the button
Seat 1: Zubasa07 ($505.76 in chips)
Seat 4: PinchMaster ($101.78 in chips)
PinchMaster: posts small blind $1
Zubasa07: posts big blind $3
*** HOLE CARDS ***
PinchMaster: folds
Uncalled bet ($2) returned to Zubasa07
Zubasa07 collected $2 from pot
Zubasa07: doesn't show hand
*** SUMMARY ***
Total pot $2 | Rake $0
Seat 1: Zubasa07 (big blind) collected ($2)
Seat 4: PinchMaster (button) (small blind) folded before Flop


PokerStars Hand #150677255002:  Hold'em Limit ($3/$6 USD) - 2016/03/20 18:15:17 ET
Table 'Eukrate II' 10-max Seat #1 is the button
Seat 1: Zubasa07 ($500 in chips)
Seat 4: PinchMaster ($107.78 in chips)
Zubasa07: posts small blind $1
PinchMaster: posts big blind $3
*** HOLE CARDS ***
Zubasa07: raises $3 to $6
PinchMaster: calls $3
*** FLOP *** [2h 6h 9h]
PinchMaster: checks
Zubasa07: bets $3
PinchMaster: folds
Uncalled bet ($3) returned to Zubasa07
Zubasa07 collected $11.76 from pot
Zubasa07: doesn't show hand
*** SUMMARY ***
Total pot $12 | Rake $0.24
Board [2h 6h 9h]
Seat 1: Zubasa07 (button) (small blind) collected ($11.76)
Seat 4: PinchMaster (big blind) folded on the Flop


PokerStars Hand #150679035280:  Hold'em Limit ($3/$6 USD) - 2016/03/20 18:45:30 ET
Table 'Eukrate II' 10-max Seat #10 is the button
Seat 6: db49 ($201.62 in chips)
Seat 10: GRAILKO ($192.46 in chips)
GRAILKO: posts small blind $1
Chessnok: is sitting out
db49: posts big blind $3
*** HOLE CARDS ***
GRAILKO: folds
Uncalled bet ($2) returned to db49
db49 collected $2 from pot
db49: doesn't show hand
*** SUMMARY ***
Total pot $2 | Rake $0
Seat 6: db49 (big blind) collected ($2)
Seat 10: GRAILKO (button) (small blind) folded before Flop


