PokerStars Hand #160468378888:  Hold'em Limit ($3/$6 USD) - 2016/10/26 12:37:39 ET
Table 'Eukrate' 6-max Seat #2 is the button
Seat 2: krytalex ($242.81 in chips)
Seat 3: tchal1974 ($398.80 in chips)
krytalex: posts small blind $1
tchal1974: posts big blind $3
*** HOLE CARDS ***
krytalex: raises $3 to $6
tchal1974: folds
Uncalled bet ($3) returned to krytalex
krytalex collected $6 from pot
*** SUMMARY ***
Total pot $6 | Rake $0
Seat 2: krytalex (button) (small blind) collected ($6)
Seat 3: tchal1974 (big blind) folded before Flop


PokerStars Hand #160468363169:  Hold'em Limit ($3/$6 USD) - 2016/10/26 12:37:18 ET
Table 'Eukrate' 6-max Seat #3 is the button
Seat 2: krytalex ($248.81 in chips)
Seat 3: tchal1974 ($393.04 in chips)
tchal1974: posts small blind $1
GrumpyGonzo: is sitting out
krytalex: posts big blind $3
*** HOLE CARDS ***
tchal1974: raises $3 to $6
GrumpyGonzo leaves the table
zizonmusang said, "q heart?"
krytalex: calls $3
*** FLOP *** [8c 6s Qd]
krytalex: checks
tchal1974: bets $3
zizonmusang leaves the table
krytalex: folds
Uncalled bet ($3) returned to tchal1974
tchal1974 collected $11.76 from pot
tchal1974: doesn't show hand
*** SUMMARY ***
Total pot $12 | Rake $0.24
Board [8c 6s Qd]
Seat 2: krytalex (big blind) folded on the Flop
Seat 3: tchal1974 (button) (small blind) collected ($11.76)


PokerStars Hand #160468433835:  Hold'em Limit ($3/$6 USD) - 2016/10/26 12:38:55 ET
Table 'Eukrate' 6-max Seat #2 is the button
Seat 2: krytalex ($232.81 in chips)
Seat 3: tchal1974 ($408.44 in chips)
krytalex: posts small blind $1
tchal1974: posts big blind $3
*** HOLE CARDS ***
krytalex: raises $3 to $6
tchal1974: calls $3
*** FLOP *** [2h Ah Td]
tchal1974: checks
krytalex: bets $3
tchal1974: folds
Uncalled bet ($3) returned to krytalex
krytalex collected $11.76 from pot
*** SUMMARY ***
Total pot $12 | Rake $0.24
Board [2h Ah Td]
Seat 2: krytalex (button) (small blind) collected ($11.76)
Seat 3: tchal1974 (big blind) folded on the Flop


PokerStars Hand #160468417520:  Hold'em Limit ($3/$6 USD) - 2016/10/26 12:38:32 ET
Table 'Eukrate' 6-max Seat #3 is the button
Seat 2: krytalex ($235.81 in chips)
Seat 3: tchal1974 ($405.44 in chips)
tchal1974: posts small blind $1
krytalex: posts big blind $3
*** HOLE CARDS ***
tchal1974: raises $3 to $6
krytalex: folds
Uncalled bet ($3) returned to tchal1974
tchal1974 collected $6 from pot
tchal1974: doesn't show hand
*** SUMMARY ***
Total pot $6 | Rake $0
Seat 2: krytalex (big blind) folded before Flop
Seat 3: tchal1974 (button) (small blind) collected ($6)


PokerStars Hand #160468412453:  Hold'em Limit ($3/$6 USD) - 2016/10/26 12:38:25 ET
Table 'Eukrate' 6-max Seat #2 is the button
Seat 2: krytalex ($236.81 in chips)
Seat 3: tchal1974 ($404.44 in chips)
krytalex: posts small blind $1
tchal1974: posts big blind $3
*** HOLE CARDS ***
krytalex: folds
Uncalled bet ($2) returned to tchal1974
tchal1974 collected $2 from pot
tchal1974: doesn't show hand
*** SUMMARY ***
Total pot $2 | Rake $0
Seat 2: krytalex (button) (small blind) folded before Flop
Seat 3: tchal1974 (big blind) collected ($2)


PokerStars Hand #160468393415:  Hold'em Limit ($3/$6 USD) - 2016/10/26 12:37:59 ET
Table 'Eukrate' 6-max Seat #3 is the button
Seat 2: krytalex ($245.81 in chips)
Seat 3: tchal1974 ($395.80 in chips)
tchal1974: posts small blind $1
krytalex: posts big blind $3
*** HOLE CARDS ***
tchal1974: raises $3 to $6
krytalex: calls $3
*** FLOP *** [3h 6s 5h]
krytalex: checks
tchal1974: bets $3
krytalex: calls $3
*** TURN *** [3h 6s 5h] [5s]
krytalex: checks
tchal1974: bets $6
krytalex: folds
Uncalled bet ($6) returned to tchal1974
tchal1974 collected $17.64 from pot
tchal1974: doesn't show hand
*** SUMMARY ***
Total pot $18 | Rake $0.36
Board [3h 6s 5h 5s]
Seat 2: krytalex (big blind) folded on the Turn
Seat 3: tchal1974 (button) (small blind) collected ($17.64)


PokerStars Hand #160468489536:  Hold'em Limit ($3/$6 USD) - 2016/10/26 12:40:11 ET
Table 'Eukrate' 6-max Seat #3 is the button
Seat 2: krytalex ($230.33 in chips)
Seat 3: tchal1974 ($409.84 in chips)
tchal1974: posts small blind $1
krytalex: posts big blind $3
*** HOLE CARDS ***
tchal1974: folds
Uncalled bet ($2) returned to krytalex
krytalex collected $2 from pot
*** SUMMARY ***
Total pot $2 | Rake $0
Seat 2: krytalex (big blind) collected ($2)
Seat 3: tchal1974 (button) (small blind) folded before Flop


PokerStars Hand #160468480457:  Hold'em Limit ($3/$6 USD) - 2016/10/26 12:39:59 ET
Table 'Eukrate' 6-max Seat #2 is the button
Seat 2: krytalex ($239.33 in chips)
Seat 3: tchal1974 ($401.20 in chips)
krytalex: posts small blind $1
tchal1974: posts big blind $3
*** HOLE CARDS ***
krytalex: raises $3 to $6
tchal1974: raises $3 to $9
krytalex: calls $3
*** FLOP *** [Qh 6h 8d]
tchal1974: bets $3
krytalex: folds
Uncalled bet ($3) returned to tchal1974
tchal1974 collected $17.64 from pot
tchal1974: doesn't show hand
*** SUMMARY ***
Total pot $18 | Rake $0.36
Board [Qh 6h 8d]
Seat 2: krytalex (button) (small blind) folded on the Flop
Seat 3: tchal1974 (big blind) collected ($17.64)


PokerStars Hand #160468476765:  Hold'em Limit ($3/$6 USD) - 2016/10/26 12:39:54 ET
Table 'Eukrate' 6-max Seat #3 is the button
Seat 2: krytalex ($238.33 in chips)
Seat 3: tchal1974 ($402.20 in chips)
tchal1974: posts small blind $1
krytalex: posts big blind $3
*** HOLE CARDS ***
tchal1974: folds
Uncalled bet ($2) returned to krytalex
krytalex collected $2 from pot
*** SUMMARY ***
Total pot $2 | Rake $0
Seat 2: krytalex (big blind) collected ($2)
Seat 3: tchal1974 (button) (small blind) folded before Flop


PokerStars Hand #160468461670:  Hold'em Limit ($3/$6 USD) - 2016/10/26 12:39:33 ET
Table 'Eukrate' 6-max Seat #2 is the button
Seat 2: krytalex ($232.57 in chips)
Seat 3: tchal1974 ($408.20 in chips)
krytalex: posts small blind $1
tchal1974: posts big blind $3
*** HOLE CARDS ***
krytalex: raises $3 to $6
tchal1974: calls $3
*** FLOP *** [4d 7h 7c]
tchal1974: checks
krytalex: bets $3
tchal1974: folds
Uncalled bet ($3) returned to krytalex
krytalex collected $11.76 from pot
*** SUMMARY ***
Total pot $12 | Rake $0.24
Board [4d 7h 7c]
Seat 2: krytalex (button) (small blind) collected ($11.76)
Seat 3: tchal1974 (big blind) folded on the Flop


PokerStars Hand #160468442066:  Hold'em Limit ($3/$6 USD) - 2016/10/26 12:39:06 ET
Table 'Eukrate' 6-max Seat #3 is the button
Seat 2: krytalex ($238.57 in chips)
Seat 3: tchal1974 ($402.44 in chips)
tchal1974: posts small blind $1
krytalex: posts big blind $3
*** HOLE CARDS ***
tchal1974: raises $3 to $6
krytalex: calls $3
*** FLOP *** [Ks 8s Qh]
krytalex: checks
tchal1974: bets $3
krytalex: folds
Uncalled bet ($3) returned to tchal1974
tchal1974 collected $11.76 from pot
tchal1974: doesn't show hand
*** SUMMARY ***
Total pot $12 | Rake $0.24
Board [Ks 8s Qh]
Seat 2: krytalex (big blind) folded on the Flop
Seat 3: tchal1974 (button) (small blind) collected ($11.76)


PokerStars Hand #160468513125:  Hold'em Limit ($3/$6 USD) - 2016/10/26 12:40:43 ET
Table 'Eukrate' 6-max Seat #2 is the button
Seat 2: krytalex ($206.33 in chips)
Seat 3: tchal1974 ($433.34 in chips)
krytalex: posts small blind $1
tchal1974: posts big blind $3
*** HOLE CARDS ***
krytalex: raises $3 to $6
tchal1974: raises $3 to $9
krytalex: calls $3
*** FLOP *** [4h 6h 5c]
tchal1974: checks
krytalex: checks
*** TURN *** [4h 6h 5c] [7h]
tchal1974: bets $6
krytalex: calls $6
*** RIVER *** [4h 6h 5c 7h] [Ks]
tchal1974: checks
krytalex: checks
*** SHOW DOWN ***
tchal1974: shows [Ac Qc] (high card Ace)
krytalex: shows [9d 7d] (a pair of Sevens)
krytalex collected $29.50 from pot
*** SUMMARY ***
Total pot $30 | Rake $0.50
Board [4h 6h 5c 7h Ks]
Seat 2: krytalex (button) (small blind) showed [9d 7d] and won ($29.50) with a pair of Sevens
Seat 3: tchal1974 (big blind) showed [Ac Qc] and lost with high card Ace


PokerStars Hand #160468493755:  Hold'em Limit ($3/$6 USD) - 2016/10/26 12:40:17 ET
Table 'Eukrate' 6-max Seat #2 is the button
Seat 2: krytalex ($231.33 in chips)
Seat 3: tchal1974 ($408.84 in chips)
krytalex: posts small blind $1
tchal1974: posts big blind $3
*** HOLE CARDS ***
krytalex: folds
Uncalled bet ($2) returned to tchal1974
tchal1974 collected $2 from pot
tchal1974: doesn't show hand
*** SUMMARY ***
Total pot $2 | Rake $0
Seat 2: krytalex (button) (small blind) folded before Flop
Seat 3: tchal1974 (big blind) collected ($2)


PokerStars Hand #160468498599:  Hold'em Limit ($3/$6 USD) - 2016/10/26 12:40:23 ET
Table 'Eukrate' 6-max Seat #3 is the button
Seat 2: krytalex ($230.33 in chips)
Seat 3: tchal1974 ($409.84 in chips)
tchal1974: posts small blind $1
krytalex: posts big blind $3
*** HOLE CARDS ***
tchal1974: raises $3 to $6
krytalex: raises $3 to $9
tchal1974: calls $3
*** FLOP *** [As 8d 3s]
krytalex: bets $3
tchal1974: calls $3
*** TURN *** [As 8d 3s] [4s]
krytalex: bets $6
tchal1974: calls $6
*** RIVER *** [As 8d 3s 4s] [6d]
krytalex: bets $6
tchal1974: calls $6
*** SHOW DOWN ***
krytalex: shows [Qs Tc] (high card Ace)
tchal1974: shows [9d Ad] (a pair of Aces)
tchal1974 collected $47.50 from pot
*** SUMMARY ***
Total pot $48 | Rake $0.50
Board [As 8d 3s 4s 6d]
Seat 2: krytalex (big blind) showed [Qs Tc] and lost with high card Ace
Seat 3: tchal1974 (button) (small blind) showed [9d Ad] and won ($47.50) with a pair of Aces


PokerStars Hand #160468573136:  Hold'em Limit ($3/$6 USD) - 2016/10/26 12:42:05 ET
Table 'Eukrate' 6-max Seat #2 is the button
Seat 2: krytalex ($253.09 in chips)
Seat 3: tchal1974 ($385.34 in chips)
krytalex: posts small blind $1
tchal1974: posts big blind $3
*** HOLE CARDS ***
krytalex: folds
Uncalled bet ($2) returned to tchal1974
tchal1974 collected $2 from pot
tchal1974: doesn't show hand
*** SUMMARY ***
Total pot $2 | Rake $0
Seat 2: krytalex (button) (small blind) folded before Flop
Seat 3: tchal1974 (big blind) collected ($2)


PokerStars Hand #160468528034:  Hold'em Limit ($3/$6 USD) - 2016/10/26 12:41:04 ET
Table 'Eukrate' 6-max Seat #3 is the button
Seat 2: krytalex ($220.83 in chips)
Seat 3: tchal1974 ($418.34 in chips)
tchal1974: posts small blind $1
krytalex: posts big blind $3
*** HOLE CARDS ***
tchal1974: raises $3 to $6
krytalex: calls $3
*** FLOP *** [Jd 8c Kd]
krytalex: checks
tchal1974: checks
*** TURN *** [Jd 8c Kd] [2s]
krytalex: bets $6
tchal1974: folds
Uncalled bet ($6) returned to krytalex
krytalex collected $11.76 from pot
*** SUMMARY ***
Total pot $12 | Rake $0.24
Board [Jd 8c Kd 2s]
Seat 2: krytalex (big blind) collected ($11.76)
Seat 3: tchal1974 (button) (small blind) folded on the Turn


PokerStars Hand #160468549486:  Hold'em Limit ($3/$6 USD) - 2016/10/26 12:41:33 ET
Table 'Eukrate' 6-max Seat #2 is the button
Seat 2: krytalex ($226.59 in chips)
Seat 3: tchal1974 ($412.34 in chips)
krytalex: posts small blind $1
tchal1974: posts big blind $3
*** HOLE CARDS ***
krytalex: raises $3 to $6
tchal1974: folds
Uncalled bet ($3) returned to krytalex
krytalex collected $6 from pot
*** SUMMARY ***
Total pot $6 | Rake $0
Seat 2: krytalex (button) (small blind) collected ($6)
Seat 3: tchal1974 (big blind) folded before Flop


PokerStars Hand #160468560256:  Hold'em Limit ($3/$6 USD) - 2016/10/26 12:41:47 ET
Table 'Eukrate' 6-max Seat #3 is the button
Seat 2: krytalex ($229.59 in chips)
Seat 3: tchal1974 ($409.34 in chips)
tchal1974: posts small blind $1
krytalex: posts big blind $3
*** HOLE CARDS ***
tchal1974: raises $3 to $6
krytalex: raises $3 to $9
tchal1974: calls $3
*** FLOP *** [2d 9h 2c]
krytalex: bets $3
tchal1974: calls $3
*** TURN *** [2d 9h 2c] [8s]
krytalex: bets $6
tchal1974: calls $6
*** RIVER *** [2d 9h 2c 8s] [7h]
krytalex: bets $6
tchal1974: calls $6
*** SHOW DOWN ***
krytalex: shows [9s Js] (two pair, Nines and Deuces)
tchal1974: mucks hand
krytalex collected $47.50 from pot
*** SUMMARY ***
Total pot $48 | Rake $0.50
Board [2d 9h 2c 8s 7h]
Seat 2: krytalex (big blind) showed [9s Js] and won ($47.50) with two pair, Nines and Deuces
Seat 3: tchal1974 (button) (small blind) mucked


