PokerStars Hand #150978107063:  Hold'em Limit ($3/$6 USD) - 2016/03/26 17:25:03 ET
Table 'Eukrate' 6-max Seat #4 is the button
Seat 3: stuart1973 ($49.78 in chips)
Seat 4: AzureCaper ($94.04 in chips)
AzureCaper: posts small blind $1
stuart1973: posts big blind $3
*** HOLE CARDS ***
AzureCaper: folds
Uncalled bet ($2) returned to stuart1973
stuart1973 collected $2 from pot
stuart1973: doesn't show hand
*** SUMMARY ***
Total pot $2 | Rake $0
Seat 3: stuart1973 (big blind) collected ($2)
Seat 4: AzureCaper (button) (small blind) folded before Flop


PokerStars Hand #150978102244:  Hold'em Limit ($3/$6 USD) - 2016/03/26 17:24:58 ET
Table 'Eukrate' 6-max Seat #3 is the button
Seat 3: stuart1973 ($46.78 in chips)
Seat 4: AzureCaper ($97.04 in chips)
stuart1973: posts small blind $1
AzureCaper: posts big blind $3
*** HOLE CARDS ***
stuart1973: raises $3 to $6
AzureCaper: folds
Uncalled bet ($3) returned to stuart1973
stuart1973 collected $6 from pot
stuart1973: doesn't show hand
*** SUMMARY ***
Total pot $6 | Rake $0
Seat 3: stuart1973 (button) (small blind) collected ($6)
Seat 4: AzureCaper (big blind) folded before Flop


PokerStars Hand #150978098487:  Hold'em Limit ($3/$6 USD) - 2016/03/26 17:24:53 ET
Table 'Eukrate' 6-max Seat #4 is the button
Seat 3: stuart1973 ($45.78 in chips)
Seat 4: AzureCaper ($98.04 in chips)
AzureCaper: posts small blind $1
stuart1973: posts big blind $3
*** HOLE CARDS ***
AzureCaper: folds
Uncalled bet ($2) returned to stuart1973
stuart1973 collected $2 from pot
stuart1973: doesn't show hand
*** SUMMARY ***
Total pot $2 | Rake $0
Seat 3: stuart1973 (big blind) collected ($2)
Seat 4: AzureCaper (button) (small blind) folded before Flop


PokerStars Hand #150978083718:  Hold'em Limit ($3/$6 USD) - 2016/03/26 17:24:37 ET
Table 'Eukrate' 6-max Seat #3 is the button
Seat 3: stuart1973 ($57.78 in chips)
Seat 4: AzureCaper ($86.52 in chips)
stuart1973: posts small blind $1
AzureCaper: posts big blind $3
*** HOLE CARDS ***
stuart1973: raises $3 to $6
AzureCaper: calls $3
*** FLOP *** [6c 4d Jc]
AzureCaper: checks
stuart1973: checks
*** TURN *** [6c 4d Jc] [As]
AzureCaper: checks
stuart1973: checks
*** RIVER *** [6c 4d Jc As] [4c]
AzureCaper: bets $6
stuart1973: calls $6
*** SHOW DOWN ***
AzureCaper: shows [Qc 7c] (a flush, Queen high)
stuart1973: mucks hand
AzureCaper collected $23.52 from pot
*** SUMMARY ***
Total pot $24 | Rake $0.48
Board [6c 4d Jc As 4c]
Seat 3: stuart1973 (button) (small blind) mucked
Seat 4: AzureCaper (big blind) showed [Qc 7c] and won ($23.52) with a flush, Queen high


PokerStars Hand #150978079657:  Hold'em Limit ($3/$6 USD) - 2016/03/26 17:24:33 ET
Table 'Eukrate' 6-max Seat #4 is the button
Seat 3: stuart1973 ($56.78 in chips)
Seat 4: AzureCaper ($87.52 in chips)
AzureCaper: posts small blind $1
stuart1973: posts big blind $3
*** HOLE CARDS ***
AzureCaper: folds
Uncalled bet ($2) returned to stuart1973
stuart1973 collected $2 from pot
stuart1973: doesn't show hand
*** SUMMARY ***
Total pot $2 | Rake $0
Seat 3: stuart1973 (big blind) collected ($2)
Seat 4: AzureCaper (button) (small blind) folded before Flop


PokerStars Hand #150978075299:  Hold'em Limit ($3/$6 USD) - 2016/03/26 17:24:28 ET
Table 'Eukrate' 6-max Seat #3 is the button
Seat 3: stuart1973 ($57.78 in chips)
Seat 4: AzureCaper ($86.52 in chips)
stuart1973: posts small blind $1
AzureCaper: posts big blind $3
*** HOLE CARDS ***
stuart1973: folds
Uncalled bet ($2) returned to AzureCaper
AzureCaper collected $2 from pot
AzureCaper: doesn't show hand
*** SUMMARY ***
Total pot $2 | Rake $0
Seat 3: stuart1973 (button) (small blind) folded before Flop
Seat 4: AzureCaper (big blind) collected ($2)


PokerStars Hand #150978071098:  Hold'em Limit ($3/$6 USD) - 2016/03/26 17:24:23 ET
Table 'Eukrate' 6-max Seat #4 is the button
Seat 3: stuart1973 ($60.78 in chips)
Seat 4: AzureCaper ($83.52 in chips)
AzureCaper: posts small blind $1
stuart1973: posts big blind $3
*** HOLE CARDS ***
AzureCaper: raises $3 to $6
stuart1973: folds
Uncalled bet ($3) returned to AzureCaper
AzureCaper collected $6 from pot
AzureCaper: doesn't show hand
*** SUMMARY ***
Total pot $6 | Rake $0
Seat 3: stuart1973 (big blind) folded before Flop
Seat 4: AzureCaper (button) (small blind) collected ($6)


PokerStars Hand #150978049923:  Hold'em Limit ($3/$6 USD) - 2016/03/26 17:24:01 ET
Table 'Eukrate' 6-max Seat #3 is the button
Seat 3: stuart1973 ($72.78 in chips)
Seat 4: AzureCaper ($72 in chips)
stuart1973: posts small blind $1
AzureCaper: posts big blind $3
*** HOLE CARDS ***
stuart1973: calls $2
AzureCaper: checks
*** FLOP *** [As 6h 3c]
AzureCaper: checks
stuart1973: bets $3
AzureCaper: calls $3
*** TURN *** [As 6h 3c] [3h]
AzureCaper: checks
stuart1973: bets $6
AzureCaper: calls $6
*** RIVER *** [As 6h 3c 3h] [3d]
AzureCaper: checks
stuart1973: checks
*** SHOW DOWN ***
AzureCaper: shows [Ac 2d] (a full house, Threes full of Aces)
stuart1973: mucks hand
AzureCaper collected $23.52 from pot
*** SUMMARY ***
Total pot $24 | Rake $0.48
Board [As 6h 3c 3h 3d]
Seat 3: stuart1973 (button) (small blind) mucked
Seat 4: AzureCaper (big blind) showed [Ac 2d] and won ($23.52) with a full house, Threes full of Aces


PokerStars Hand #150978148309:  Hold'em Limit ($3/$6 USD) - 2016/03/26 17:25:48 ET
Table 'Eukrate' 6-max Seat #3 is the button
Seat 3: stuart1973 ($57.30 in chips)
Seat 4: AzureCaper ($85.80 in chips)
stuart1973: posts small blind $1
AzureCaper: posts big blind $3
*** HOLE CARDS ***
stuart1973: raises $3 to $6
AzureCaper: calls $3
*** FLOP *** [4d Qd 3c]
AzureCaper: checks
stuart1973: checks
*** TURN *** [4d Qd 3c] [5d]
AzureCaper: bets $6
stuart1973: raises $6 to $12
AzureCaper: calls $6
*** RIVER *** [4d Qd 3c 5d] [3s]
AzureCaper: checks
stuart1973: checks
*** SHOW DOWN ***
AzureCaper: shows [5h 7s] (two pair, Fives and Threes)
stuart1973: mucks hand
AzureCaper collected $35.50 from pot
*** SUMMARY ***
Total pot $36 | Rake $0.50
Board [4d Qd 3c 5d 3s]
Seat 3: stuart1973 (button) (small blind) mucked
Seat 4: AzureCaper (big blind) showed [5h 7s] and won ($35.50) with two pair, Fives and Threes


PokerStars Hand #150978144074:  Hold'em Limit ($3/$6 USD) - 2016/03/26 17:25:44 ET
Table 'Eukrate' 6-max Seat #4 is the button
Seat 3: stuart1973 ($56.30 in chips)
Seat 4: AzureCaper ($86.80 in chips)
AzureCaper: posts small blind $1
stuart1973: posts big blind $3
*** HOLE CARDS ***
AzureCaper: folds
Uncalled bet ($2) returned to stuart1973
stuart1973 collected $2 from pot
stuart1973: doesn't show hand
*** SUMMARY ***
Total pot $2 | Rake $0
Seat 3: stuart1973 (big blind) collected ($2)
Seat 4: AzureCaper (button) (small blind) folded before Flop


PokerStars Hand #150978136320:  Hold'em Limit ($3/$6 USD) - 2016/03/26 17:25:35 ET
Table 'Eukrate' 6-max Seat #3 is the button
Seat 3: stuart1973 ($50.54 in chips)
Seat 4: AzureCaper ($92.80 in chips)
stuart1973: posts small blind $1
AzureCaper: posts big blind $3
*** HOLE CARDS ***
stuart1973: raises $3 to $6
AzureCaper: calls $3
*** FLOP *** [5d 2s Ah]
AzureCaper: checks
stuart1973: bets $3
AzureCaper: folds
Uncalled bet ($3) returned to stuart1973
stuart1973 collected $11.76 from pot
stuart1973: doesn't show hand
*** SUMMARY ***
Total pot $12 | Rake $0.24
Board [5d 2s Ah]
Seat 3: stuart1973 (button) (small blind) collected ($11.76)
Seat 4: AzureCaper (big blind) folded on the Flop


PokerStars Hand #150978124283:  Hold'em Limit ($3/$6 USD) - 2016/03/26 17:25:22 ET
Table 'Eukrate' 6-max Seat #4 is the button
Seat 3: stuart1973 ($44.78 in chips)
Seat 4: AzureCaper ($98.80 in chips)
AzureCaper: posts small blind $1
stuart1973: posts big blind $3
*** HOLE CARDS ***
AzureCaper: raises $3 to $6
stuart1973: calls $3
*** FLOP *** [8h Js 9d]
stuart1973: bets $3
AzureCaper: folds
Uncalled bet ($3) returned to stuart1973
stuart1973 collected $11.76 from pot
stuart1973: doesn't show hand
*** SUMMARY ***
Total pot $12 | Rake $0.24
Board [8h Js 9d]
Seat 3: stuart1973 (big blind) collected ($11.76)
Seat 4: AzureCaper (button) (small blind) folded on the Flop


PokerStars Hand #150978111228:  Hold'em Limit ($3/$6 USD) - 2016/03/26 17:25:07 ET
Table 'Eukrate' 6-max Seat #3 is the button
Seat 3: stuart1973 ($50.78 in chips)
Seat 4: AzureCaper ($93.04 in chips)
stuart1973: posts small blind $1
AzureCaper: posts big blind $3
*** HOLE CARDS ***
stuart1973: raises $3 to $6
AzureCaper: calls $3
*** FLOP *** [9h Jd 9s]
AzureCaper: checks
stuart1973: checks
*** TURN *** [9h Jd 9s] [2c]
AzureCaper: bets $6
stuart1973: folds
Uncalled bet ($6) returned to AzureCaper
AzureCaper collected $11.76 from pot
AzureCaper: doesn't show hand
*** SUMMARY ***
Total pot $12 | Rake $0.24
Board [9h Jd 9s 2c]
Seat 3: stuart1973 (button) (small blind) folded on the Turn
Seat 4: AzureCaper (big blind) collected ($11.76)


PokerStars Hand #150978166864:  Hold'em Limit ($3/$6 USD) - 2016/03/26 17:26:08 ET
Table 'Eukrate' 6-max Seat #3 is the button
Seat 3: stuart1973 ($36.30 in chips)
Seat 4: AzureCaper ($106.30 in chips)
stuart1973: posts small blind $1
AzureCaper: posts big blind $3
*** HOLE CARDS ***
stuart1973: raises $3 to $6
AzureCaper: folds
Uncalled bet ($3) returned to stuart1973
stuart1973 collected $6 from pot
stuart1973: doesn't show hand
*** SUMMARY ***
Total pot $6 | Rake $0
Seat 3: stuart1973 (button) (small blind) collected ($6)
Seat 4: AzureCaper (big blind) folded before Flop


PokerStars Hand #150978161538:  Hold'em Limit ($3/$6 USD) - 2016/03/26 17:26:03 ET
Table 'Eukrate' 6-max Seat #4 is the button
Seat 3: stuart1973 ($39.30 in chips)
Seat 4: AzureCaper ($103.30 in chips)
AzureCaper: posts small blind $1
stuart1973: posts big blind $3
*** HOLE CARDS ***
AzureCaper: raises $3 to $6
stuart1973: folds
Uncalled bet ($3) returned to AzureCaper
AzureCaper collected $6 from pot
AzureCaper: doesn't show hand
*** SUMMARY ***
Total pot $6 | Rake $0
Seat 3: stuart1973 (big blind) folded before Flop
Seat 4: AzureCaper (button) (small blind) collected ($6)


PokerStars Hand #150978700844:  Hold'em Limit ($3/$6 USD) - 2016/03/26 17:35:52 ET
Table 'Eukrate' 6-max Seat #3 is the button
Seat 3: Dennis Mokum ($32 in chips)
Seat 4: AzureCaper ($106.30 in chips)
Dennis Mokum: posts small blind $1
AzureCaper: posts big blind $3
*** HOLE CARDS ***
Dennis Mokum: raises $3 to $6
AzureCaper: calls $3
*** FLOP *** [Kh 2s 9s]
AzureCaper: checks
Dennis Mokum: bets $3
AzureCaper: folds
Uncalled bet ($3) returned to Dennis Mokum
Dennis Mokum collected $11.76 from pot
*** SUMMARY ***
Total pot $12 | Rake $0.24
Board [Kh 2s 9s]
Seat 3: Dennis Mokum (button) (small blind) collected ($11.76)
Seat 4: AzureCaper (big blind) folded on the Flop


PokerStars Hand #150978753663:  Hold'em Limit ($3/$6 USD) - 2016/03/26 17:36:50 ET
Table 'Eukrate' 6-max Seat #4 is the button
Seat 3: Dennis Mokum ($60.02 in chips)
Seat 4: AzureCaper ($78.76 in chips)
AzureCaper: posts small blind $1
Dennis Mokum: posts big blind $3
*** HOLE CARDS ***
AzureCaper: raises $3 to $6
Dennis Mokum: calls $3
*** FLOP *** [Qc 6s 6d]
Dennis Mokum: checks
AzureCaper: bets $3
Dennis Mokum: calls $3
*** TURN *** [Qc 6s 6d] [3c]
Dennis Mokum: checks
AzureCaper: bets $6
Dennis Mokum: folds
Uncalled bet ($6) returned to AzureCaper
AzureCaper collected $17.64 from pot
AzureCaper: doesn't show hand
*** SUMMARY ***
Total pot $18 | Rake $0.36
Board [Qc 6s 6d 3c]
Seat 3: Dennis Mokum (big blind) folded on the Turn
Seat 4: AzureCaper (button) (small blind) collected ($17.64)


PokerStars Hand #150978749807:  Hold'em Limit ($3/$6 USD) - 2016/03/26 17:36:46 ET
Table 'Eukrate' 6-max Seat #3 is the button
Seat 3: Dennis Mokum ($61.02 in chips)
Seat 4: AzureCaper ($77.76 in chips)
Dennis Mokum: posts small blind $1
AzureCaper: posts big blind $3
*** HOLE CARDS ***
Dennis Mokum: folds
Uncalled bet ($2) returned to AzureCaper
AzureCaper collected $2 from pot
AzureCaper: doesn't show hand
*** SUMMARY ***
Total pot $2 | Rake $0
Seat 3: Dennis Mokum (button) (small blind) folded before Flop
Seat 4: AzureCaper (big blind) collected ($2)


PokerStars Hand #150978742054:  Hold'em Limit ($3/$6 USD) - 2016/03/26 17:36:37 ET
Table 'Eukrate' 6-max Seat #4 is the button
Seat 3: Dennis Mokum ($67.02 in chips)
Seat 4: AzureCaper ($72 in chips)
AzureCaper: posts small blind $1
Dennis Mokum: posts big blind $3
*** HOLE CARDS ***
AzureCaper: raises $3 to $6
Dennis Mokum: calls $3
*** FLOP *** [Tc Kc Kd]
Dennis Mokum: checks
AzureCaper: bets $3
Dennis Mokum: folds
Uncalled bet ($3) returned to AzureCaper
AzureCaper collected $11.76 from pot
AzureCaper: doesn't show hand
*** SUMMARY ***
Total pot $12 | Rake $0.24
Board [Tc Kc Kd]
Seat 3: Dennis Mokum (big blind) folded on the Flop
Seat 4: AzureCaper (button) (small blind) collected ($11.76)


PokerStars Hand #150978726579:  Hold'em Limit ($3/$6 USD) - 2016/03/26 17:36:20 ET
Table 'Eukrate' 6-max Seat #3 is the button
Seat 3: Dennis Mokum ($61.26 in chips)
Seat 4: AzureCaper ($76.30 in chips)
Dennis Mokum: posts small blind $1
AzureCaper: posts big blind $3
*** HOLE CARDS ***
Dennis Mokum: calls $2
AzureCaper: checks
*** FLOP *** [Qs 6h 6s]
AzureCaper: bets $3
Dennis Mokum: calls $3
*** TURN *** [Qs 6h 6s] [2h]
AzureCaper: checks
Dennis Mokum: checks
*** RIVER *** [Qs 6h 6s 2h] [Th]
AzureCaper: checks
Dennis Mokum: bets $6
AzureCaper: folds
Uncalled bet ($6) returned to Dennis Mokum
Dennis Mokum collected $11.76 from pot
*** SUMMARY ***
Total pot $12 | Rake $0.24
Board [Qs 6h 6s 2h Th]
Seat 3: Dennis Mokum (button) (small blind) collected ($11.76)
Seat 4: AzureCaper (big blind) folded on the River


PokerStars Hand #150978712031:  Hold'em Limit ($3/$6 USD) - 2016/03/26 17:36:04 ET
Table 'Eukrate' 6-max Seat #4 is the button
Seat 3: Dennis Mokum ($37.76 in chips)
Seat 4: AzureCaper ($100.30 in chips)
AzureCaper: posts small blind $1
Dennis Mokum: posts big blind $3
*** HOLE CARDS ***
AzureCaper: raises $3 to $6
Dennis Mokum: calls $3
*** FLOP *** [8c Jc 8s]
Dennis Mokum: bets $3
AzureCaper: raises $3 to $6
Dennis Mokum: calls $3
*** TURN *** [8c Jc 8s] [3h]
Dennis Mokum: checks
AzureCaper: bets $6
Dennis Mokum: calls $6
*** RIVER *** [8c Jc 8s 3h] [Ac]
Dennis Mokum: checks
AzureCaper: bets $6
Dennis Mokum: calls $6
*** SHOW DOWN ***
AzureCaper: shows [Qc Qd] (two pair, Queens and Eights)
Dennis Mokum: shows [Ah 4d] (two pair, Aces and Eights)
Dennis Mokum collected $47.50 from pot
*** SUMMARY ***
Total pot $48 | Rake $0.50
Board [8c Jc 8s 3h Ac]
Seat 3: Dennis Mokum (big blind) showed [Ah 4d] and won ($47.50) with two pair, Aces and Eights
Seat 4: AzureCaper (button) (small blind) showed [Qc Qd] and lost with two pair, Queens and Eights


PokerStars Hand #150978779897:  Hold'em Limit ($3/$6 USD) - 2016/03/26 17:37:19 ET
Table 'Eukrate' 6-max Seat #3 is the button
Seat 3: Dennis Mokum ($55.02 in chips)
Seat 4: AzureCaper ($83.40 in chips)
Dennis Mokum: posts small blind $1
AzureCaper: posts big blind $3
*** HOLE CARDS ***
Dennis Mokum: folds
Uncalled bet ($2) returned to AzureCaper
AzureCaper collected $2 from pot
AzureCaper: doesn't show hand
*** SUMMARY ***
Total pot $2 | Rake $0
Seat 3: Dennis Mokum (button) (small blind) folded before Flop
Seat 4: AzureCaper (big blind) collected ($2)


PokerStars Hand #150978774131:  Hold'em Limit ($3/$6 USD) - 2016/03/26 17:37:13 ET
Table 'Eukrate' 6-max Seat #4 is the button
Seat 3: Dennis Mokum ($54.02 in chips)
Seat 4: AzureCaper ($84.40 in chips)
AzureCaper: posts small blind $1
Dennis Mokum: posts big blind $3
*** HOLE CARDS ***
baur017017 joins the table at seat #2
AzureCaper: folds
Uncalled bet ($2) returned to Dennis Mokum
Dennis Mokum collected $2 from pot
*** SUMMARY ***
Total pot $2 | Rake $0
Seat 3: Dennis Mokum (big blind) collected ($2)
Seat 4: AzureCaper (button) (small blind) folded before Flop


PokerStars Hand #150978768319:  Hold'em Limit ($3/$6 USD) - 2016/03/26 17:37:06 ET
Table 'Eukrate' 6-max Seat #3 is the button
Seat 3: Dennis Mokum ($51.02 in chips)
Seat 4: AzureCaper ($87.40 in chips)
Dennis Mokum: posts small blind $1
AzureCaper: posts big blind $3
*** HOLE CARDS ***
Dennis Mokum: raises $3 to $6
AzureCaper: folds
Uncalled bet ($3) returned to Dennis Mokum
Dennis Mokum collected $6 from pot
*** SUMMARY ***
Total pot $6 | Rake $0
Seat 3: Dennis Mokum (button) (small blind) collected ($6)
Seat 4: AzureCaper (big blind) folded before Flop


PokerStars Hand #150978855867:  Hold'em Limit ($3/$6 USD) - 2016/03/26 17:38:42 ET
Table 'Eukrate' 6-max Seat #4 is the button
Seat 3: Dennis Mokum ($30 in chips)
Seat 4: AzureCaper ($86.14 in chips)
AzureCaper: posts small blind $1
Dennis Mokum: posts big blind $3
*** HOLE CARDS ***
AzureCaper: folds
Uncalled bet ($2) returned to Dennis Mokum
Dennis Mokum collected $2 from pot
*** SUMMARY ***
Total pot $2 | Rake $0
Seat 3: Dennis Mokum (big blind) collected ($2)
Seat 4: AzureCaper (button) (small blind) folded before Flop


PokerStars Hand #150978912247:  Hold'em Limit ($3/$6 USD) - 2016/03/26 17:39:45 ET
Table 'Eukrate' 6-max Seat #4 is the button
Seat 3: Dennis Mokum ($28 in chips)
Seat 4: AzureCaper ($127.16 in chips)
AzureCaper: posts small blind $1
Dennis Mokum: posts big blind $3
*** HOLE CARDS ***
AzureCaper: folds
Uncalled bet ($2) returned to Dennis Mokum
Dennis Mokum collected $2 from pot
*** SUMMARY ***
Total pot $2 | Rake $0
Seat 3: Dennis Mokum (big blind) collected ($2)
Seat 4: AzureCaper (button) (small blind) folded before Flop


PokerStars Hand #150978901030:  Hold'em Limit ($3/$6 USD) - 2016/03/26 17:39:32 ET
Table 'Eukrate' 6-max Seat #3 is the button
Seat 3: Dennis Mokum ($40 in chips)
Seat 4: AzureCaper ($115.64 in chips)
Dennis Mokum: posts small blind $1
AzureCaper: posts big blind $3
*** HOLE CARDS ***
Dennis Mokum: raises $3 to $6
AzureCaper: calls $3
*** FLOP *** [6d As 2s]
AzureCaper: checks
Dennis Mokum: checks
*** TURN *** [6d As 2s] [Qh]
AzureCaper: checks
Dennis Mokum: checks
*** RIVER *** [6d As 2s Qh] [Th]
AzureCaper: checks
Dennis Mokum: bets $6
AzureCaper: calls $6
*** SHOW DOWN ***
Dennis Mokum: shows [9c 8c] (high card Ace)
AzureCaper: shows [4h 4c] (a pair of Fours)
AzureCaper collected $23.52 from pot
*** SUMMARY ***
Total pot $24 | Rake $0.48
Board [6d As 2s Qh Th]
Seat 3: Dennis Mokum (button) (small blind) showed [9c 8c] and lost with high card Ace
Seat 4: AzureCaper (big blind) showed [4h 4c] and won ($23.52) with a pair of Fours


PokerStars Hand #150978873476:  Hold'em Limit ($3/$6 USD) - 2016/03/26 17:39:01 ET
Table 'Eukrate' 6-max Seat #4 is the button
Seat 3: Dennis Mokum ($30 in chips)
Seat 4: AzureCaper ($86.14 in chips)
AzureCaper: posts small blind $1
Dennis Mokum: posts big blind $3
*** HOLE CARDS ***
AzureCaper: raises $3 to $6
Dennis Mokum: calls $3
*** FLOP *** [Td 8h 8c]
Dennis Mokum: checks
AzureCaper: bets $3
Dennis Mokum: calls $3
*** TURN *** [Td 8h 8c] [2c]
Dennis Mokum: checks
AzureCaper: bets $6
Dennis Mokum: raises $6 to $12
AzureCaper: raises $6 to $18
Dennis Mokum: calls $6
*** RIVER *** [Td 8h 8c 2c] [6d]
Dennis Mokum: bets $3 and is all-in
AzureCaper: calls $3
*** SHOW DOWN ***
Dennis Mokum: shows [5d Qd] (a pair of Eights)
AzureCaper: shows [Qc Tc] (two pair, Tens and Eights)
AzureCaper collected $59.50 from pot
*** SUMMARY ***
Total pot $60 | Rake $0.50
Board [Td 8h 8c 2c 6d]
Seat 3: Dennis Mokum (big blind) showed [5d Qd] and lost with a pair of Eights
Seat 4: AzureCaper (button) (small blind) showed [Qc Tc] and won ($59.50) with two pair, Tens and Eights


PokerStars Hand #150978869859:  Hold'em Limit ($3/$6 USD) - 2016/03/26 17:38:57 ET
Table 'Eukrate' 6-max Seat #3 is the button
Seat 3: Dennis Mokum ($31 in chips)
Seat 4: AzureCaper ($85.14 in chips)
Dennis Mokum: posts small blind $1
AzureCaper: posts big blind $3
*** HOLE CARDS ***
Dennis Mokum: folds
Uncalled bet ($2) returned to AzureCaper
AzureCaper collected $2 from pot
AzureCaper: doesn't show hand
*** SUMMARY ***
Total pot $2 | Rake $0
Seat 3: Dennis Mokum (button) (small blind) folded before Flop
Seat 4: AzureCaper (big blind) collected ($2)


PokerStars Hand #150978865598:  Hold'em Limit ($3/$6 USD) - 2016/03/26 17:38:53 ET
Table 'Eukrate' 6-max Seat #4 is the button
Seat 3: Dennis Mokum ($34 in chips)
Seat 4: AzureCaper ($82.14 in chips)
AzureCaper: posts small blind $1
Dennis Mokum: posts big blind $3
*** HOLE CARDS ***
AzureCaper: raises $3 to $6
Dennis Mokum: folds
Uncalled bet ($3) returned to AzureCaper
AzureCaper collected $6 from pot
AzureCaper: doesn't show hand
*** SUMMARY ***
Total pot $6 | Rake $0
Seat 3: Dennis Mokum (big blind) folded before Flop
Seat 4: AzureCaper (button) (small blind) collected ($6)


PokerStars Hand #150978859983:  Hold'em Limit ($3/$6 USD) - 2016/03/26 17:38:46 ET
Table 'Eukrate' 6-max Seat #3 is the button
Seat 3: Dennis Mokum ($31 in chips)
Seat 4: AzureCaper ($85.14 in chips)
Dennis Mokum: posts small blind $1
AzureCaper: posts big blind $3
*** HOLE CARDS ***
Dennis Mokum: raises $3 to $6
baur017017 leaves the table
AzureCaper: folds
Uncalled bet ($3) returned to Dennis Mokum
Dennis Mokum collected $6 from pot
*** SUMMARY ***
Total pot $6 | Rake $0
Seat 3: Dennis Mokum (button) (small blind) collected ($6)
Seat 4: AzureCaper (big blind) folded before Flop


PokerStars Hand #150978962938:  Hold'em Limit ($3/$6 USD) - 2016/03/26 17:40:41 ET
Table 'Eukrate' 6-max Seat #4 is the button
Seat 3: Dennis Mokum ($56.76 in chips)
Seat 4: AzureCaper ($96.66 in chips)
AzureCaper: posts small blind $1
Dennis Mokum: posts big blind $3
*** HOLE CARDS ***
AzureCaper: raises $3 to $6
Dennis Mokum: calls $3
*** FLOP *** [6s Tc 8s]
Dennis Mokum: checks
AzureCaper: bets $3
Dennis Mokum: calls $3
*** TURN *** [6s Tc 8s] [4d]
Dennis Mokum: checks
AzureCaper: bets $6
Dennis Mokum: calls $6
*** RIVER *** [6s Tc 8s 4d] [Qh]
Dennis Mokum: checks
AzureCaper: checks
*** SHOW DOWN ***
Dennis Mokum: shows [Kc 9c] (high card King)
AzureCaper: shows [8d 9h] (a pair of Eights)
AzureCaper collected $29.50 from pot
*** SUMMARY ***
Total pot $30 | Rake $0.50
Board [6s Tc 8s 4d Qh]
Seat 3: Dennis Mokum (big blind) showed [Kc 9c] and lost with high card King
Seat 4: AzureCaper (button) (small blind) showed [8d 9h] and won ($29.50) with a pair of Eights


PokerStars Hand #150978958881:  Hold'em Limit ($3/$6 USD) - 2016/03/26 17:40:36 ET
Table 'Eukrate' 6-max Seat #3 is the button
Seat 3: Dennis Mokum ($57.76 in chips)
Seat 4: AzureCaper ($95.66 in chips)
Dennis Mokum: posts small blind $1
AzureCaper: posts big blind $3
*** HOLE CARDS ***
Dennis Mokum: folds
Uncalled bet ($2) returned to AzureCaper
AzureCaper collected $2 from pot
AzureCaper: doesn't show hand
*** SUMMARY ***
Total pot $2 | Rake $0
Seat 3: Dennis Mokum (button) (small blind) folded before Flop
Seat 4: AzureCaper (big blind) collected ($2)


PokerStars Hand #150978946772:  Hold'em Limit ($3/$6 USD) - 2016/03/26 17:40:23 ET
Table 'Eukrate' 6-max Seat #4 is the button
Seat 3: Dennis Mokum ($34.26 in chips)
Seat 4: AzureCaper ($119.66 in chips)
AzureCaper: posts small blind $1
Dennis Mokum: posts big blind $3
*** HOLE CARDS ***
AzureCaper: raises $3 to $6
Dennis Mokum: calls $3
*** FLOP *** [2h 9h 4d]
Dennis Mokum: checks
AzureCaper: bets $3
Dennis Mokum: raises $3 to $6
AzureCaper: calls $3
*** TURN *** [2h 9h 4d] [9c]
Dennis Mokum: bets $6
AzureCaper: calls $6
*** RIVER *** [2h 9h 4d 9c] [Ts]
Dennis Mokum: bets $6
AzureCaper: calls $6
*** SHOW DOWN ***
Dennis Mokum: shows [4c Qh] (two pair, Nines and Fours)
AzureCaper: mucks hand
Dennis Mokum collected $47.50 from pot
*** SUMMARY ***
Total pot $48 | Rake $0.50
Board [2h 9h 4d 9c Ts]
Seat 3: Dennis Mokum (big blind) showed [4c Qh] and won ($47.50) with two pair, Nines and Fours
Seat 4: AzureCaper (button) (small blind) mucked


PokerStars Hand #150978934432:  Hold'em Limit ($3/$6 USD) - 2016/03/26 17:40:09 ET
Table 'Eukrate' 6-max Seat #3 is the button
Seat 3: Dennis Mokum ($55.26 in chips)
Seat 4: AzureCaper ($99.16 in chips)
Dennis Mokum: posts small blind $1
AzureCaper: posts big blind $3
*** HOLE CARDS ***
Dennis Mokum: calls $2
AzureCaper: raises $3 to $6
Dennis Mokum: calls $3
*** FLOP *** [Kc 4h Jh]
AzureCaper: bets $3
Dennis Mokum: calls $3
*** TURN *** [Kc 4h Jh] [Qh]
AzureCaper: bets $6
Dennis Mokum: calls $6
*** RIVER *** [Kc 4h Jh Qh] [8h]
AzureCaper: bets $6
Dennis Mokum: calls $6
*** SHOW DOWN ***
AzureCaper: shows [5h 7h] (a flush, Queen high)
Dennis Mokum: mucks hand
AzureCaper collected $41.50 from pot
*** SUMMARY ***
Total pot $42 | Rake $0.50
Board [Kc 4h Jh Qh 8h]
Seat 3: Dennis Mokum (button) (small blind) mucked
Seat 4: AzureCaper (big blind) showed [5h 7h] and won ($41.50) with a flush, Queen high


PokerStars Hand #150978923173:  Hold'em Limit ($3/$6 USD) - 2016/03/26 17:39:57 ET
Table 'Eukrate' 6-max Seat #4 is the button
Seat 3: Dennis Mokum ($34.76 in chips)
Seat 4: AzureCaper ($120.16 in chips)
AzureCaper: posts small blind $1
Dennis Mokum: posts big blind $3
*** HOLE CARDS ***
AzureCaper: raises $3 to $6
Dennis Mokum: calls $3
*** FLOP *** [3c Qh 8h]
Dennis Mokum: checks
AzureCaper: bets $3
Dennis Mokum: calls $3
*** TURN *** [3c Qh 8h] [Th]
Dennis Mokum: checks
AzureCaper: bets $6
Dennis Mokum: calls $6
*** RIVER *** [3c Qh 8h Th] [5d]
Dennis Mokum: checks
AzureCaper: bets $6
Dennis Mokum: calls $6
*** SHOW DOWN ***
AzureCaper: shows [6s Jh] (high card Queen)
Dennis Mokum: shows [8c Ah] (a pair of Eights)
Dennis Mokum collected $41.50 from pot
*** SUMMARY ***
Total pot $42 | Rake $0.50
Board [3c Qh 8h Th 5d]
Seat 3: Dennis Mokum (big blind) showed [8c Ah] and won ($41.50) with a pair of Eights
Seat 4: AzureCaper (button) (small blind) showed [6s Jh] and lost with high card Queen


PokerStars Hand #150978916204:  Hold'em Limit ($3/$6 USD) - 2016/03/26 17:39:49 ET
Table 'Eukrate' 6-max Seat #3 is the button
Seat 3: Dennis Mokum ($29 in chips)
Seat 4: AzureCaper ($126.16 in chips)
Dennis Mokum: posts small blind $1
AzureCaper: posts big blind $3
*** HOLE CARDS ***
Dennis Mokum: raises $3 to $6
AzureCaper: calls $3
*** FLOP *** [Ah 6c Kh]
AzureCaper: checks
Dennis Mokum: bets $3
AzureCaper: folds
Uncalled bet ($3) returned to Dennis Mokum
Dennis Mokum collected $11.76 from pot
*** SUMMARY ***
Total pot $12 | Rake $0.24
Board [Ah 6c Kh]
Seat 3: Dennis Mokum (button) (small blind) collected ($11.76)
Seat 4: AzureCaper (big blind) folded on the Flop


PokerStars Hand #150978975137:  Hold'em Limit ($3/$6 USD) - 2016/03/26 17:40:55 ET
Table 'Eukrate' 6-max Seat #3 is the button
Seat 3: Dennis Mokum ($41.76 in chips)
Seat 4: AzureCaper ($111.16 in chips)
Dennis Mokum: posts small blind $1
AzureCaper: posts big blind $3
*** HOLE CARDS ***
Dennis Mokum: raises $3 to $6
AzureCaper: raises $3 to $9
Dennis Mokum: calls $3
*** FLOP *** [Qs Jc Tc]
AzureCaper: bets $3
Dennis Mokum: calls $3
*** TURN *** [Qs Jc Tc] [8s]
AzureCaper: bets $6
Dennis Mokum: calls $6
*** RIVER *** [Qs Jc Tc 8s] [4h]
AzureCaper: bets $6
Dennis Mokum: calls $6
*** SHOW DOWN ***
AzureCaper: shows [As Qc] (a pair of Queens)
Dennis Mokum: mucks hand
AzureCaper collected $47.50 from pot
*** SUMMARY ***
Total pot $48 | Rake $0.50
Board [Qs Jc Tc 8s 4h]
Seat 3: Dennis Mokum (button) (small blind) mucked
Seat 4: AzureCaper (big blind) showed [As Qc] and won ($47.50) with a pair of Queens


