PokerStars Hand #152787588987:  Hold'em Limit ($3/$6 USD) - 2016/05/03 5:46:07 ET
Table 'Eulalia' 6-max Seat #2 is the button
Seat 1: agentbond007 ($174.01 in chips)
Seat 2: kolaz03 ($75.68 in chips)
kolaz03: posts small blind $1
agentbond007: posts big blind $3
*** HOLE CARDS ***
kolaz03: raises $3 to $6
agentbond007: folds
Uncalled bet ($3) returned to kolaz03
kolaz03 collected $6 from pot
kolaz03: doesn't show hand
*** SUMMARY ***
Total pot $6 | Rake $0
Seat 1: agentbond007 (big blind) folded before Flop
Seat 2: kolaz03 (button) (small blind) collected ($6)


PokerStars Hand #152787600593:  Hold'em Limit ($3/$6 USD) - 2016/05/03 5:46:37 ET
Table 'Eulalia' 6-max Seat #2 is the button
Seat 1: agentbond007 ($176.77 in chips)
Seat 2: kolaz03 ($72.68 in chips)
kolaz03: posts small blind $1
agentbond007: posts big blind $3
*** HOLE CARDS ***
kolaz03: raises $3 to $6
agentbond007: calls $3
*** FLOP *** [6c 7c 9h]
agentbond007: checks
kolaz03: bets $3
agentbond007: calls $3
*** TURN *** [6c 7c 9h] [3h]
agentbond007: checks
kolaz03: bets $6
agentbond007: calls $6
*** RIVER *** [6c 7c 9h 3h] [Ac]
agentbond007: checks
kolaz03: checks
*** SHOW DOWN ***
agentbond007: shows [7d 8h] (a pair of Sevens)
kolaz03: mucks hand
agentbond007 collected $29.50 from pot
*** SUMMARY ***
Total pot $30 | Rake $0.50
Board [6c 7c 9h 3h Ac]
Seat 1: agentbond007 (big blind) showed [7d 8h] and won ($29.50) with a pair of Sevens
Seat 2: kolaz03 (button) (small blind) mucked


PokerStars Hand #152787592446:  Hold'em Limit ($3/$6 USD) - 2016/05/03 5:46:16 ET
Table 'Eulalia' 6-max Seat #1 is the button
Seat 1: agentbond007 ($171.01 in chips)
Seat 2: kolaz03 ($78.68 in chips)
agentbond007: posts small blind $1
kolaz03: posts big blind $3
*** HOLE CARDS ***
agentbond007: raises $3 to $6
kolaz03: calls $3
*** FLOP *** [Td 2h Js]
kolaz03: checks
agentbond007: bets $3
kolaz03: folds
Uncalled bet ($3) returned to agentbond007
agentbond007 collected $11.76 from pot
agentbond007: doesn't show hand
*** SUMMARY ***
Total pot $12 | Rake $0.24
Board [Td 2h Js]
Seat 1: agentbond007 (button) (small blind) collected ($11.76)
Seat 2: kolaz03 (big blind) folded on the Flop


PokerStars Hand #152787608106:  Hold'em Limit ($3/$6 USD) - 2016/05/03 5:46:55 ET
Table 'Eulalia' 6-max Seat #1 is the button
Seat 1: agentbond007 ($191.27 in chips)
Seat 2: kolaz03 ($72 in chips)
agentbond007: posts small blind $1
kolaz03: posts big blind $3
*** HOLE CARDS ***
agentbond007: raises $3 to $6
kolaz03: calls $3
*** FLOP *** [Ad Jh 9s]
kolaz03: checks
agentbond007: bets $3
kolaz03: folds
Uncalled bet ($3) returned to agentbond007
agentbond007 collected $11.76 from pot
agentbond007: doesn't show hand
*** SUMMARY ***
Total pot $12 | Rake $0.24
Board [Ad Jh 9s]
Seat 1: agentbond007 (button) (small blind) collected ($11.76)
Seat 2: kolaz03 (big blind) folded on the Flop


