PokerStars Hand #147748707759:  Hold'em Limit ($3/$6 USD) - 2016/01/27 1:29:55 ET
Table 'Eulalia' 6-max Seat #3 is the button
Seat 3: fire852181 ($65 in chips)
Seat 4: Actionni13 ($150 in chips)
fire852181: posts small blind $1
Actionni13: posts big blind $3
*** HOLE CARDS ***
fire852181: folds
Uncalled bet ($2) returned to Actionni13
Actionni13 collected $2 from pot
Actionni13: doesn't show hand
*** SUMMARY ***
Total pot $2 | Rake $0
Seat 3: fire852181 (button) (small blind) folded before Flop
Seat 4: Actionni13 (big blind) collected ($2)


PokerStars Hand #147748709771:  Hold'em Limit ($3/$6 USD) - 2016/01/27 1:30:03 ET
Table 'Eulalia' 6-max Seat #4 is the button
Seat 3: fire852181 ($64 in chips)
Seat 4: Actionni13 ($151 in chips)
Actionni13: posts small blind $1
fire852181: posts big blind $3
*** HOLE CARDS ***
Actionni13: raises $3 to $6
fire852181: calls $3
*** FLOP *** [3s Ac 9h]
fire852181: checks
Actionni13: bets $3
fire852181: calls $3
*** TURN *** [3s Ac 9h] [As]
belik555 joins the table at seat #5
fire852181: checks
Actionni13: checks
*** RIVER *** [3s Ac 9h As] [Js]
fire852181: bets $6
Actionni13: folds
Uncalled bet ($6) returned to fire852181
fire852181 collected $17.64 from pot
fire852181: doesn't show hand
*** SUMMARY ***
Total pot $18 | Rake $0.36
Board [3s Ac 9h As Js]
Seat 3: fire852181 (big blind) collected ($17.64)
Seat 4: Actionni13 (button) (small blind) folded on the River


PokerStars Hand #147748984722:  Hold'em Limit ($3/$6 USD) - 2016/01/27 1:45:49 ET
Table 'Eulalia' 6-max Seat #2 is the button
Seat 2: savinio21 ($127.52 in chips)
Seat 5: belik555 ($88.46 in chips)
savinio21: posts small blind $1
belik555: posts big blind $3
*** HOLE CARDS ***
savinio21: folds
Uncalled bet ($2) returned to belik555
belik555 collected $2 from pot
belik555: doesn't show hand
*** SUMMARY ***
Total pot $2 | Rake $0
Seat 2: savinio21 (button) (small blind) folded before Flop
Seat 5: belik555 (big blind) collected ($2)


PokerStars Hand #147748979253:  Hold'em Limit ($3/$6 USD) - 2016/01/27 1:45:30 ET
Table 'Eulalia' 6-max Seat #5 is the button
Seat 2: savinio21 ($116 in chips)
Seat 5: belik555 ($100.46 in chips)
belik555: posts small blind $1
savinio21: posts big blind $3
*** HOLE CARDS ***
belik555: raises $3 to $6
savinio21: calls $3
*** FLOP *** [9s 3h 4c]
savinio21: checks
belik555: checks
*** TURN *** [9s 3h 4c] [2d]
savinio21: bets $6
belik555: calls $6
*** RIVER *** [9s 3h 4c 2d] [7d]
savinio21: bets $6
belik555: folds
Uncalled bet ($6) returned to savinio21
savinio21 collected $23.52 from pot
savinio21: doesn't show hand
*** SUMMARY ***
Total pot $24 | Rake $0.48
Board [9s 3h 4c 2d 7d]
Seat 2: savinio21 (big blind) collected ($23.52)
Seat 5: belik555 (button) (small blind) folded on the River


PokerStars Hand #147748986339:  Hold'em Limit ($3/$6 USD) - 2016/01/27 1:45:54 ET
Table 'Eulalia' 6-max Seat #5 is the button
Seat 2: savinio21 ($126.52 in chips)
Seat 5: belik555 ($89.46 in chips)
belik555: posts small blind $1
savinio21: posts big blind $3
*** HOLE CARDS ***
belik555: raises $3 to $6
savinio21: calls $3
*** FLOP *** [8s Js 9c]
savinio21: checks
belik555: bets $3
savinio21: folds
Uncalled bet ($3) returned to belik555
belik555 collected $11.76 from pot
belik555: doesn't show hand
*** SUMMARY ***
Total pot $12 | Rake $0.24
Board [8s Js 9c]
Seat 2: savinio21 (big blind) folded on the Flop
Seat 5: belik555 (button) (small blind) collected ($11.76)


PokerStars Hand #147748989830:  Hold'em Limit ($3/$6 USD) - 2016/01/27 1:46:06 ET
Table 'Eulalia' 6-max Seat #2 is the button
Seat 2: savinio21 ($120.52 in chips)
Seat 5: belik555 ($95.22 in chips)
savinio21: posts small blind $1
belik555: posts big blind $3
*** HOLE CARDS ***
savinio21: raises $3 to $6
Actionni13 leaves the table
belik555: calls $3
*** FLOP *** [Jc 2c Kc]
belik555: checks
savinio21: bets $3
belik555: raises $3 to $6
savinio21: calls $3
*** TURN *** [Jc 2c Kc] [9s]
belik555: bets $6
savinio21: calls $6
*** RIVER *** [Jc 2c Kc 9s] [7h]
belik555: bets $6
savinio21: calls $6
*** SHOW DOWN ***
belik555: shows [Jd 3s] (a pair of Jacks)
savinio21: mucks hand
belik555 collected $47.50 from pot
*** SUMMARY ***
Total pot $48 | Rake $0.50
Board [Jc 2c Kc 9s 7h]
Seat 2: savinio21 (button) (small blind) mucked
Seat 5: belik555 (big blind) showed [Jd 3s] and won ($47.50) with a pair of Jacks


PokerStars Hand #147748995314:  Hold'em Limit ($3/$6 USD) - 2016/01/27 1:46:25 ET
Table 'Eulalia' 6-max Seat #5 is the button
Seat 2: savinio21 ($96.52 in chips)
Seat 5: belik555 ($118.72 in chips)
belik555: posts small blind $1
savinio21: posts big blind $3
*** HOLE CARDS ***
belik555: raises $3 to $6
savinio21: calls $3
*** FLOP *** [2h 6d 5c]
savinio21: checks
belik555: bets $3
savinio21: raises $3 to $6
belik555: calls $3
*** TURN *** [2h 6d 5c] [Kd]
savinio21: bets $6
belik555: calls $6
*** RIVER *** [2h 6d 5c Kd] [Kc]
savinio21: checks
belik555: checks
*** SHOW DOWN ***
savinio21: shows [4h 3s] (a straight, Deuce to Six)
belik555: mucks hand
savinio21 collected $35.50 from pot
*** SUMMARY ***
Total pot $36 | Rake $0.50
Board [2h 6d 5c Kd Kc]
Seat 2: savinio21 (big blind) showed [4h 3s] and won ($35.50) with a straight, Deuce to Six
Seat 5: belik555 (button) (small blind) mucked


PokerStars Hand #147749004705:  Hold'em Limit ($3/$6 USD) - 2016/01/27 1:46:57 ET
Table 'Eulalia' 6-max Seat #5 is the button
Seat 2: savinio21 ($93.02 in chips)
Seat 5: belik555 ($121.22 in chips)
belik555: posts small blind $1
savinio21: posts big blind $3
*** HOLE CARDS ***
belik555: raises $3 to $6
savinio21: raises $3 to $9
belik555: calls $3
*** FLOP *** [2h Tc Jd]
savinio21: bets $3
belik555: calls $3
*** TURN *** [2h Tc Jd] [Qh]
savinio21: bets $6
belik555: calls $6
*** RIVER *** [2h Tc Jd Qh] [3c]
savinio21: bets $6
belik555: calls $6
*** SHOW DOWN ***
savinio21: shows [Th Qs] (two pair, Queens and Tens)
belik555: mucks hand
savinio21 collected $47.50 from pot
*** SUMMARY ***
Total pot $48 | Rake $0.50
Board [2h Tc Jd Qh 3c]
Seat 2: savinio21 (big blind) showed [Th Qs] and won ($47.50) with two pair, Queens and Tens
Seat 5: belik555 (button) (small blind) mucked


PokerStars Hand #147749000124:  Hold'em Limit ($3/$6 USD) - 2016/01/27 1:46:42 ET
Table 'Eulalia' 6-max Seat #2 is the button
Seat 2: savinio21 ($114.02 in chips)
Seat 5: belik555 ($100.72 in chips)
savinio21: posts small blind $1
belik555: posts big blind $3
*** HOLE CARDS ***
savinio21: raises $3 to $6
belik555: calls $3
*** FLOP *** [8s Jh 5c]
belik555: checks
savinio21: bets $3
belik555: calls $3
*** TURN *** [8s Jh 5c] [4h]
belik555: checks
savinio21: bets $6
belik555: calls $6
*** RIVER *** [8s Jh 5c 4h] [Qs]
belik555: checks
savinio21: bets $6
belik555: calls $6
*** SHOW DOWN ***
savinio21: shows [9h 7h] (high card Queen)
belik555: shows [5s 3c] (a pair of Fives)
belik555 collected $41.50 from pot
*** SUMMARY ***
Total pot $42 | Rake $0.50
Board [8s Jh 5c 4h Qs]
Seat 2: savinio21 (button) (small blind) showed [9h 7h] and lost with high card Queen
Seat 5: belik555 (big blind) showed [5s 3c] and won ($41.50) with a pair of Fives


PokerStars Hand #147749013649:  Hold'em Limit ($3/$6 USD) - 2016/01/27 1:47:28 ET
Table 'Eulalia' 6-max Seat #5 is the button
Seat 2: savinio21 ($125.16 in chips)
Seat 5: belik555 ($88.22 in chips)
belik555: posts small blind $1
savinio21: posts big blind $3
*** HOLE CARDS ***
belik555: raises $3 to $6
savinio21: calls $3
*** FLOP *** [Tc Kd Jc]
savinio21: checks
belik555: checks
*** TURN *** [Tc Kd Jc] [2c]
savinio21: bets $6
belik555: folds
Uncalled bet ($6) returned to savinio21
savinio21 collected $11.76 from pot
*** SUMMARY ***
Total pot $12 | Rake $0.24
Board [Tc Kd Jc 2c]
Seat 2: savinio21 (big blind) collected ($11.76)
Seat 5: belik555 (button) (small blind) folded on the Turn


PokerStars Hand #147749018318:  Hold'em Limit ($3/$6 USD) - 2016/01/27 1:47:44 ET
Table 'Eulalia' 6-max Seat #2 is the button
Seat 2: savinio21 ($130.92 in chips)
Seat 5: belik555 ($82.22 in chips)
savinio21: posts small blind $1
belik555: posts big blind $3
*** HOLE CARDS ***
savinio21: folds
Uncalled bet ($2) returned to belik555
belik555 collected $2 from pot
belik555: doesn't show hand
*** SUMMARY ***
Total pot $2 | Rake $0
Seat 2: savinio21 (button) (small blind) folded before Flop
Seat 5: belik555 (big blind) collected ($2)


PokerStars Hand #147749009043:  Hold'em Limit ($3/$6 USD) - 2016/01/27 1:47:12 ET
Table 'Eulalia' 6-max Seat #2 is the button
Seat 2: savinio21 ($116.52 in chips)
Seat 5: belik555 ($97.22 in chips)
savinio21: posts small blind $1
belik555: posts big blind $3
*** HOLE CARDS ***
savinio21: raises $3 to $6
belik555: calls $3
*** FLOP *** [7s Qs Th]
belik555: checks
savinio21: bets $3
belik555: calls $3
*** TURN *** [7s Qs Th] [2s]
belik555: checks
savinio21: checks
*** RIVER *** [7s Qs Th 2s] [3d]
belik555: checks
savinio21: checks
*** SHOW DOWN ***
belik555: shows [Kd 8c] (high card King)
savinio21: shows [As 5d] (high card Ace)
savinio21 collected $17.64 from pot
*** SUMMARY ***
Total pot $18 | Rake $0.36
Board [7s Qs Th 2s 3d]
Seat 2: savinio21 (button) (small blind) showed [As 5d] and won ($17.64) with high card Ace
Seat 5: belik555 (big blind) showed [Kd 8c] and lost with high card King


PokerStars Hand #147749019666:  Hold'em Limit ($3/$6 USD) - 2016/01/27 1:47:49 ET
Table 'Eulalia' 6-max Seat #5 is the button
Seat 2: savinio21 ($129.92 in chips)
Seat 5: belik555 ($83.22 in chips)
belik555: posts small blind $1
savinio21: posts big blind $3
*** HOLE CARDS ***
belik555: raises $3 to $6
savinio21: calls $3
*** FLOP *** [9d Ah Jc]
savinio21: checks
belik555: bets $3
savinio21: folds
Uncalled bet ($3) returned to belik555
belik555 collected $11.76 from pot
belik555: doesn't show hand
*** SUMMARY ***
Total pot $12 | Rake $0.24
Board [9d Ah Jc]
Seat 2: savinio21 (big blind) folded on the Flop
Seat 5: belik555 (button) (small blind) collected ($11.76)


