PokerStars Hand #152328702569:  Hold'em Limit ($3/$6 USD) - 2016/04/23 11:06:01 ET
Table 'Eulalia II' 6-max Seat #4 is the button
Seat 4: Agrotait ($72 in chips)
Seat 5: yerbateros ($200 in chips)
Agrotait: posts small blind $1
yerbateros: posts big blind $3
*** HOLE CARDS ***
Agrotait: raises $3 to $6
yerbateros: calls $3
*** FLOP *** [9c As 8c]
yerbateros: checks
Agrotait: bets $3
yerbateros: calls $3
*** TURN *** [9c As 8c] [6d]
yerbateros: checks
Agrotait: checks
*** RIVER *** [9c As 8c 6d] [6s]
yerbateros: checks
Agrotait: bets $6
yerbateros: calls $6
*** SHOW DOWN ***
Agrotait: shows [6c 5d] (three of a kind, Sixes)
yerbateros: mucks hand
Agrotait collected $29.50 from pot
*** SUMMARY ***
Total pot $30 | Rake $0.50
Board [9c As 8c 6d 6s]
Seat 4: Agrotait (button) (small blind) showed [6c 5d] and won ($29.50) with three of a kind, Sixes
Seat 5: yerbateros (big blind) mucked


PokerStars Hand #152328732044:  Hold'em Limit ($3/$6 USD) - 2016/04/23 11:06:41 ET
Table 'Eulalia II' 6-max Seat #5 is the button
Seat 4: Agrotait ($86.50 in chips)
Seat 5: yerbateros ($185 in chips)
yerbateros: posts small blind $1
Agrotait: posts big blind $3
*** HOLE CARDS ***
yerbateros: raises $3 to $6
Agrotait: calls $3
*** FLOP *** [7d Td 4d]
Agrotait: checks
yerbateros: checks
*** TURN *** [7d Td 4d] [Qc]
Agrotait: checks
yerbateros: bets $6
Agrotait: calls $6
*** RIVER *** [7d Td 4d Qc] [Kh]
Agrotait: checks
yerbateros: bets $6
Agrotait: calls $6
*** SHOW DOWN ***
yerbateros: shows [Jd Kd] (a flush, King high)
Agrotait: mucks hand
yerbateros collected $35.50 from pot
*** SUMMARY ***
Total pot $36 | Rake $0.50
Board [7d Td 4d Qc Kh]
Seat 4: Agrotait (big blind) mucked
Seat 5: yerbateros (button) (small blind) showed [Jd Kd] and won ($35.50) with a flush, King high


PokerStars Hand #152328811730:  Hold'em Limit ($3/$6 USD) - 2016/04/23 11:08:29 ET
Table 'Eulalia II' 6-max Seat #4 is the button
Seat 4: Agrotait ($85 in chips)
Seat 5: yerbateros ($185.50 in chips)
Agrotait: posts small blind $1
yerbateros: posts big blind $3
*** HOLE CARDS ***
Agrotait: folds
Uncalled bet ($2) returned to yerbateros
yerbateros collected $2 from pot
*** SUMMARY ***
Total pot $2 | Rake $0
Seat 4: Agrotait (button) (small blind) folded before Flop
Seat 5: yerbateros (big blind) collected ($2)


PokerStars Hand #152328789582:  Hold'em Limit ($3/$6 USD) - 2016/04/23 11:07:58 ET
Table 'Eulalia II' 6-max Seat #5 is the button
Seat 4: Agrotait ($67.50 in chips)
Seat 5: yerbateros ($203.50 in chips)
yerbateros: posts small blind $1
Agrotait: posts big blind $3
*** HOLE CARDS ***
yerbateros: raises $3 to $6
Agrotait: calls $3
*** FLOP *** [3d 2h Ad]
Agrotait: checks
yerbateros: checks
*** TURN *** [3d 2h Ad] [7s]
Agrotait: bets $6
yerbateros: calls $6
*** RIVER *** [3d 2h Ad 7s] [Jd]
Agrotait: bets $6
yerbateros: calls $6
*** SHOW DOWN ***
Agrotait: shows [8d 6d] (a flush, Ace high)
yerbateros: mucks hand
Agrotait collected $35.50 from pot
*** SUMMARY ***
Total pot $36 | Rake $0.50
Board [3d 2h Ad 7s Jd]
Seat 4: Agrotait (big blind) showed [8d 6d] and won ($35.50) with a flush, Ace high
Seat 5: yerbateros (button) (small blind) mucked


PokerStars Hand #152328783080:  Hold'em Limit ($3/$6 USD) - 2016/04/23 11:07:50 ET
Table 'Eulalia II' 6-max Seat #4 is the button
Seat 4: Agrotait ($68.50 in chips)
Seat 5: yerbateros ($202.50 in chips)
Agrotait: posts small blind $1
yerbateros: posts big blind $3
*** HOLE CARDS ***
Agrotait: folds
Uncalled bet ($2) returned to yerbateros
yerbateros collected $2 from pot
*** SUMMARY ***
Total pot $2 | Rake $0
Seat 4: Agrotait (button) (small blind) folded before Flop
Seat 5: yerbateros (big blind) collected ($2)


PokerStars Hand #152328838104:  Hold'em Limit ($3/$6 USD) - 2016/04/23 11:09:04 ET
Table 'Eulalia II' 6-max Seat #4 is the button
Seat 4: Agrotait ($86.88 in chips)
Seat 5: yerbateros ($183.50 in chips)
Agrotait: posts small blind $1
yerbateros: posts big blind $3
*** HOLE CARDS ***
Agrotait: raises $3 to $6
yerbateros: raises $3 to $9
Agrotait: calls $3
*** FLOP *** [3c 4s 3d]
yerbateros: bets $3
Agrotait: calls $3
*** TURN *** [3c 4s 3d] [As]
yerbateros: bets $6
fsreibnitz joins the table at seat #6
Agrotait: raises $6 to $12
yerbateros: folds
Uncalled bet ($6) returned to Agrotait
Agrotait collected $35.50 from pot
Agrotait: doesn't show hand
*** SUMMARY ***
Total pot $36 | Rake $0.50
Board [3c 4s 3d As]
Seat 4: Agrotait (button) (small blind) collected ($35.50)
Seat 5: yerbateros (big blind) folded on the Turn


PokerStars Hand #152328818054:  Hold'em Limit ($3/$6 USD) - 2016/04/23 11:08:37 ET
Table 'Eulalia II' 6-max Seat #5 is the button
Seat 4: Agrotait ($84 in chips)
Seat 5: yerbateros ($186.50 in chips)
yerbateros: posts small blind $1
Agrotait: posts big blind $3
*** HOLE CARDS ***
yerbateros: calls $2
Agrotait: checks
*** FLOP *** [5s 3c 5c]
Agrotait: bets $3
yerbateros: folds
Uncalled bet ($3) returned to Agrotait
Agrotait collected $5.88 from pot
Agrotait: doesn't show hand
*** SUMMARY ***
Total pot $6 | Rake $0.12
Board [5s 3c 5c]
Seat 4: Agrotait (big blind) collected ($5.88)
Seat 5: yerbateros (button) (small blind) folded on the Flop


PokerStars Hand #152329414786:  Hold'em Limit ($3/$6 USD) - 2016/04/23 11:22:02 ET
Table 'Eulalia II' 6-max Seat #5 is the button
Seat 4: Agrotait ($90.10 in chips)
Seat 5: HAL9QQQ ($120 in chips)
HAL9QQQ: posts small blind $1
Agrotait: posts big blind $3
*** HOLE CARDS ***
HKH77 leaves the table
HAL9QQQ: folds
Uncalled bet ($2) returned to Agrotait
Agrotait collected $2 from pot
Agrotait: doesn't show hand
*** SUMMARY ***
Total pot $2 | Rake $0
Seat 4: Agrotait (big blind) collected ($2)
Seat 5: HAL9QQQ (button) (small blind) folded before Flop


