PokerStars Hand #167517998056:  Hold'em Limit ($3/$6 USD) - 2017/03/13 4:05:46 ET
Table 'Eulalia' 6-max Seat #3 is the button
Seat 2: Luanto 14 ($206.63 in chips)
Seat 3: Headgtboy ($113.64 in chips)
Headgtboy: posts small blind $1
Luanto 14: posts big blind $3
*** HOLE CARDS ***
Headgtboy: raises $3 to $6
Luanto 14: calls $3
*** FLOP *** [4s Jc Th]
Luanto 14: checks
Headgtboy: bets $3
Luanto 14: raises $3 to $6
Headgtboy: calls $3
*** TURN *** [4s Jc Th] [Td]
Luanto 14: bets $6
Headgtboy: raises $6 to $12
Luanto 14: calls $6
*** RIVER *** [4s Jc Th Td] [Jd]
Luanto 14: checks
Headgtboy: bets $6
Luanto 14: calls $6
*** SHOW DOWN ***
Headgtboy: shows [4h 9c] (two pair, Jacks and Tens)
Luanto 14: shows [Ad As] (two pair, Aces and Jacks)
Luanto 14 collected $59.50 from pot
*** SUMMARY ***
Total pot $60 | Rake $0.50
Board [4s Jc Th Td Jd]
Seat 2: Luanto 14 (big blind) showed [Ad As] and won ($59.50) with two pair, Aces and Jacks
Seat 3: Headgtboy (button) (small blind) showed [4h 9c] and lost with two pair, Jacks and Tens


PokerStars Hand #167517988906:  Hold'em Limit ($3/$6 USD) - 2017/03/13 4:05:12 ET
Table 'Eulalia' 6-max Seat #2 is the button
Seat 2: Luanto 14 ($201.11 in chips)
Seat 3: Headgtboy ($120 in chips)
Luanto 14: posts small blind $1
Headgtboy: posts big blind $3
*** HOLE CARDS ***
Luanto 14: raises $3 to $6
Headgtboy: folds
Uncalled bet ($3) returned to Luanto 14
Luanto 14 collected $6 from pot
Luanto 14: doesn't show hand
*** SUMMARY ***
Total pot $6 | Rake $0
Seat 2: Luanto 14 (button) (small blind) collected ($6)
Seat 3: Headgtboy (big blind) folded before Flop


PokerStars Hand #167517985385:  Hold'em Limit ($3/$6 USD) - 2017/03/13 4:04:58 ET
Table 'Eulalia' 6-max Seat #6 is the button
Seat 2: Luanto 14 ($200.11 in chips)
Seat 6: Mr.Earthling ($195.64 in chips)
Mr.Earthling: posts small blind $1
Luanto 14: posts big blind $3
Headgtboy leaves the table
*** HOLE CARDS ***
Headgtboy joins the table at seat #3
Mr.Earthling: folds
Uncalled bet ($2) returned to Luanto 14
Mr.Earthling leaves the table
Luanto 14 collected $2 from pot
Luanto 14: doesn't show hand
*** SUMMARY ***
Total pot $2 | Rake $0
Seat 2: Luanto 14 (big blind) collected ($2)
Seat 6: Mr.Earthling (button) (small blind) folded before Flop


PokerStars Hand #167517990381:  Hold'em Limit ($3/$6 USD) - 2017/03/13 4:05:17 ET
Table 'Eulalia' 6-max Seat #3 is the button
Seat 2: Luanto 14 ($204.11 in chips)
Seat 3: Headgtboy ($117 in chips)
Headgtboy: posts small blind $1
Luanto 14: posts big blind $3
*** HOLE CARDS ***
Headgtboy: raises $3 to $6
Luanto 14: calls $3
*** FLOP *** [9s 6c 2h]
Luanto 14: checks
Headgtboy: bets $3
Luanto 14: raises $3 to $6
Headgtboy: calls $3
*** TURN *** [9s 6c 2h] [Jh]
Luanto 14: bets $6
Headgtboy: folds
Uncalled bet ($6) returned to Luanto 14
Luanto 14 collected $23.52 from pot
Luanto 14: doesn't show hand
*** SUMMARY ***
Total pot $24 | Rake $0.48
Board [9s 6c 2h Jh]
Seat 2: Luanto 14 (big blind) collected ($23.52)
Seat 3: Headgtboy (button) (small blind) folded on the Turn


PokerStars Hand #167517994907:  Hold'em Limit ($3/$6 USD) - 2017/03/13 4:05:34 ET
Table 'Eulalia' 6-max Seat #2 is the button
Seat 2: Luanto 14 ($215.63 in chips)
Seat 3: Headgtboy ($105 in chips)
Luanto 14: posts small blind $1
Headgtboy: posts big blind $3
*** HOLE CARDS ***
Luanto 14: raises $3 to $6
Headgtboy: raises $3 to $9
Luanto 14: calls $3
*** FLOP *** [Th Qc 9d]
Headgtboy: bets $3
Luanto 14: folds
Uncalled bet ($3) returned to Headgtboy
Headgtboy collected $17.64 from pot
Headgtboy: doesn't show hand
*** SUMMARY ***
Total pot $18 | Rake $0.36
Board [Th Qc 9d]
Seat 2: Luanto 14 (button) (small blind) folded on the Flop
Seat 3: Headgtboy (big blind) collected ($17.64)


PokerStars Hand #167518004514:  Hold'em Limit ($3/$6 USD) - 2017/03/13 4:06:10 ET
Table 'Eulalia' 6-max Seat #2 is the button
Seat 2: Luanto 14 ($236.13 in chips)
Seat 3: Headgtboy ($83.64 in chips)
Luanto 14: posts small blind $1
Headgtboy: posts big blind $3
*** HOLE CARDS ***
Luanto 14: raises $3 to $6
Headgtboy: raises $3 to $9
Luanto 14: calls $3
*** FLOP *** [3s 5s Ts]
Headgtboy: bets $3
Luanto 14: folds
Uncalled bet ($3) returned to Headgtboy
Headgtboy collected $17.64 from pot
Headgtboy: doesn't show hand
*** SUMMARY ***
Total pot $18 | Rake $0.36
Board [3s 5s Ts]
Seat 2: Luanto 14 (button) (small blind) folded on the Flop
Seat 3: Headgtboy (big blind) collected ($17.64)


PokerStars Hand #167518017148:  Hold'em Limit ($3/$6 USD) - 2017/03/13 4:06:56 ET
Table 'Eulalia' 6-max Seat #2 is the button
Seat 2: Luanto 14 ($217.77 in chips)
Seat 3: Headgtboy ($100.56 in chips)
Luanto 14: posts small blind $1
Headgtboy: posts big blind $3
*** HOLE CARDS ***
Luanto 14: raises $3 to $6
Headgtboy: raises $3 to $9
Luanto 14: calls $3
*** FLOP *** [4c 7c 9d]
Headgtboy: bets $3
Luanto 14: calls $3
*** TURN *** [4c 7c 9d] [Ac]
Headgtboy: bets $6
Luanto 14: calls $6
*** RIVER *** [4c 7c 9d Ac] [3s]
Headgtboy: bets $6
Luanto 14: calls $6
*** SHOW DOWN ***
Headgtboy: shows [8s Jc] (high card Ace)
Luanto 14: shows [Qs 7s] (a pair of Sevens)
Luanto 14 collected $47.50 from pot
*** SUMMARY ***
Total pot $48 | Rake $0.50
Board [4c 7c 9d Ac 3s]
Seat 2: Luanto 14 (button) (small blind) showed [Qs 7s] and won ($47.50) with a pair of Sevens
Seat 3: Headgtboy (big blind) showed [8s Jc] and lost with high card Ace


PokerStars Hand #167518009777:  Hold'em Limit ($3/$6 USD) - 2017/03/13 4:06:29 ET
Table 'Eulalia' 6-max Seat #2 is the button
Seat 2: Luanto 14 ($221.13 in chips)
Seat 3: Headgtboy ($98.04 in chips)
Luanto 14: posts small blind $1
Headgtboy: posts big blind $3
*** HOLE CARDS ***
Luanto 14: raises $3 to $6
Headgtboy: raises $3 to $9
Luanto 14: calls $3
*** FLOP *** [Ac 5h 2s]
Headgtboy: bets $3
Luanto 14: calls $3
*** TURN *** [Ac 5h 2s] [8d]
Headgtboy: bets $6
Luanto 14: folds
Uncalled bet ($6) returned to Headgtboy
Headgtboy collected $23.52 from pot
Headgtboy: doesn't show hand
*** SUMMARY ***
Total pot $24 | Rake $0.48
Board [Ac 5h 2s 8d]
Seat 2: Luanto 14 (button) (small blind) folded on the Turn
Seat 3: Headgtboy (big blind) collected ($23.52)


PokerStars Hand #167518013254:  Hold'em Limit ($3/$6 USD) - 2017/03/13 4:06:42 ET
Table 'Eulalia' 6-max Seat #3 is the button
Seat 2: Luanto 14 ($209.13 in chips)
Seat 3: Headgtboy ($109.56 in chips)
Headgtboy: posts small blind $1
Luanto 14: posts big blind $3
*** HOLE CARDS ***
Headgtboy: raises $3 to $6
Luanto 14: calls $3
*** FLOP *** [4h 5d 9c]
Luanto 14: checks
Headgtboy: bets $3
Luanto 14: calls $3
*** TURN *** [4h 5d 9c] [9h]
Luanto 14: checks
Headgtboy: checks
*** RIVER *** [4h 5d 9c 9h] [4s]
Luanto 14: bets $6
Headgtboy: folds
Uncalled bet ($6) returned to Luanto 14
Luanto 14 collected $17.64 from pot
Luanto 14: doesn't show hand
*** SUMMARY ***
Total pot $18 | Rake $0.36
Board [4h 5d 9c 9h 4s]
Seat 2: Luanto 14 (big blind) collected ($17.64)
Seat 3: Headgtboy (button) (small blind) folded on the River


PokerStars Hand #167518007222:  Hold'em Limit ($3/$6 USD) - 2017/03/13 4:06:20 ET
Table 'Eulalia' 6-max Seat #3 is the button
Seat 2: Luanto 14 ($227.13 in chips)
Seat 3: Headgtboy ($92.28 in chips)
Headgtboy: posts small blind $1
Luanto 14: posts big blind $3
*** HOLE CARDS ***
Headgtboy: raises $3 to $6
Luanto 14: calls $3
*** FLOP *** [Ts 3d 5d]
Luanto 14: checks
Headgtboy: bets $3
Luanto 14: folds
Uncalled bet ($3) returned to Headgtboy
Headgtboy collected $11.76 from pot
Headgtboy: doesn't show hand
*** SUMMARY ***
Total pot $12 | Rake $0.24
Board [Ts 3d 5d]
Seat 2: Luanto 14 (big blind) folded on the Flop
Seat 3: Headgtboy (button) (small blind) collected ($11.76)


PokerStars Hand #167518030604:  Hold'em Limit ($3/$6 USD) - 2017/03/13 4:07:46 ET
Table 'Eulalia' 6-max Seat #3 is the button
Seat 2: Luanto 14 ($208.27 in chips)
Seat 3: Headgtboy ($108.70 in chips)
Headgtboy: posts small blind $1
Luanto 14: posts big blind $3
*** HOLE CARDS ***
Headgtboy: raises $3 to $6
Luanto 14: calls $3
*** FLOP *** [Ac 4s 8c]
Luanto 14: checks
Headgtboy: bets $3
Luanto 14: calls $3
*** TURN *** [Ac 4s 8c] [2d]
Luanto 14: checks
Headgtboy: checks
*** RIVER *** [Ac 4s 8c 2d] [9s]
Luanto 14: checks
Headgtboy: bets $6
Luanto 14: folds
Uncalled bet ($6) returned to Headgtboy
Headgtboy collected $17.64 from pot
Headgtboy: doesn't show hand
*** SUMMARY ***
Total pot $18 | Rake $0.36
Board [Ac 4s 8c 2d 9s]
Seat 2: Luanto 14 (big blind) folded on the River
Seat 3: Headgtboy (button) (small blind) collected ($17.64)


PokerStars Hand #167518021383:  Hold'em Limit ($3/$6 USD) - 2017/03/13 4:07:12 ET
Table 'Eulalia' 6-max Seat #3 is the button
Seat 2: Luanto 14 ($241.27 in chips)
Seat 3: Headgtboy ($76.56 in chips)
Headgtboy: posts small blind $1
Luanto 14: posts big blind $3
*** HOLE CARDS ***
Headgtboy: raises $3 to $6
Luanto 14: calls $3
*** FLOP *** [8c 4s 2d]
Luanto 14: checks
Headgtboy: bets $3
Luanto 14: calls $3
*** TURN *** [8c 4s 2d] [2c]
Luanto 14: checks
Headgtboy: bets $6
Luanto 14: folds
Uncalled bet ($6) returned to Headgtboy
Headgtboy collected $17.64 from pot
Headgtboy: doesn't show hand
*** SUMMARY ***
Total pot $18 | Rake $0.36
Board [8c 4s 2d 2c]
Seat 2: Luanto 14 (big blind) folded on the Turn
Seat 3: Headgtboy (button) (small blind) collected ($17.64)


PokerStars Hand #167518025300:  Hold'em Limit ($3/$6 USD) - 2017/03/13 4:07:27 ET
Table 'Eulalia' 6-max Seat #2 is the button
Seat 2: Luanto 14 ($232.27 in chips)
Seat 3: Headgtboy ($85.20 in chips)
Luanto 14: posts small blind $1
Headgtboy: posts big blind $3
*** HOLE CARDS ***
Luanto 14: raises $3 to $6
Headgtboy: raises $3 to $9
Luanto 14: calls $3
*** FLOP *** [4d Ad 9d]
Headgtboy: bets $3
Luanto 14: calls $3
*** TURN *** [4d Ad 9d] [6c]
Headgtboy: bets $6
Luanto 14: calls $6
*** RIVER *** [4d Ad 9d 6c] [4h]
Headgtboy: bets $6
Luanto 14: calls $6
*** SHOW DOWN ***
Headgtboy: shows [4s 6h] (a full house, Fours full of Sixes)
Luanto 14: mucks hand
Headgtboy collected $47.50 from pot
*** SUMMARY ***
Total pot $48 | Rake $0.50
Board [4d Ad 9d 6c 4h]
Seat 2: Luanto 14 (button) (small blind) mucked
Seat 3: Headgtboy (big blind) showed [4s 6h] and won ($47.50) with a full house, Fours full of Sixes


PokerStars Hand #167518045609:  Hold'em Limit ($3/$6 USD) - 2017/03/13 4:08:42 ET
Table 'Eulalia' 6-max Seat #2 is the button
Seat 2: Luanto 14 ($202.79 in chips)
Seat 3: Headgtboy ($113.10 in chips)
Luanto 14: posts small blind $1
Headgtboy: posts big blind $3
*** HOLE CARDS ***
Luanto 14: raises $3 to $6
Headgtboy: raises $3 to $9
Luanto 14: calls $3
*** FLOP *** [As 8d Kh]
Headgtboy: bets $3
Luanto 14: folds
Uncalled bet ($3) returned to Headgtboy
Headgtboy collected $17.64 from pot
Headgtboy: doesn't show hand
*** SUMMARY ***
Total pot $18 | Rake $0.36
Board [As 8d Kh]
Seat 2: Luanto 14 (button) (small blind) folded on the Flop
Seat 3: Headgtboy (big blind) collected ($17.64)


PokerStars Hand #167518040692:  Hold'em Limit ($3/$6 USD) - 2017/03/13 4:08:24 ET
Table 'Eulalia' 6-max Seat #2 is the button
Seat 2: Luanto 14 ($192.27 in chips)
Seat 3: Headgtboy ($124.10 in chips)
Luanto 14: posts small blind $1
Headgtboy: posts big blind $3
*** HOLE CARDS ***
Luanto 14: folds
Uncalled bet ($2) returned to Headgtboy
Headgtboy collected $2 from pot
Headgtboy: doesn't show hand
*** SUMMARY ***
Total pot $2 | Rake $0
Seat 2: Luanto 14 (button) (small blind) folded before Flop
Seat 3: Headgtboy (big blind) collected ($2)


PokerStars Hand #167518037755:  Hold'em Limit ($3/$6 USD) - 2017/03/13 4:08:13 ET
Table 'Eulalia' 6-max Seat #3 is the button
Seat 2: Luanto 14 ($198.27 in chips)
Seat 3: Headgtboy ($118.34 in chips)
Headgtboy: posts small blind $1
Luanto 14: posts big blind $3
*** HOLE CARDS ***
Headgtboy: raises $3 to $6
Luanto 14: calls $3
*** FLOP *** [3h 9h Qd]
Luanto 14: checks
Headgtboy: bets $3
Luanto 14: folds
Uncalled bet ($3) returned to Headgtboy
Headgtboy collected $11.76 from pot
Headgtboy: doesn't show hand
*** SUMMARY ***
Total pot $12 | Rake $0.24
Board [3h 9h Qd]
Seat 2: Luanto 14 (big blind) folded on the Flop
Seat 3: Headgtboy (button) (small blind) collected ($11.76)


PokerStars Hand #167518042155:  Hold'em Limit ($3/$6 USD) - 2017/03/13 4:08:29 ET
Table 'Eulalia' 6-max Seat #3 is the button
Seat 2: Luanto 14 ($191.27 in chips)
Seat 3: Headgtboy ($125.10 in chips)
Headgtboy: posts small blind $1
Luanto 14: posts big blind $3
*** HOLE CARDS ***
Headgtboy: raises $3 to $6
Luanto 14: calls $3
*** FLOP *** [Ad 8h Ks]
Luanto 14: checks
Headgtboy: bets $3
Luanto 14: raises $3 to $6
Headgtboy: calls $3
*** TURN *** [Ad 8h Ks] [6s]
Luanto 14: bets $6
Headgtboy: folds
Uncalled bet ($6) returned to Luanto 14
Luanto 14 collected $23.52 from pot
Luanto 14: doesn't show hand
*** SUMMARY ***
Total pot $24 | Rake $0.48
Board [Ad 8h Ks 6s]
Seat 2: Luanto 14 (big blind) collected ($23.52)
Seat 3: Headgtboy (button) (small blind) folded on the Turn


PokerStars Hand #167518035500:  Hold'em Limit ($3/$6 USD) - 2017/03/13 4:08:04 ET
Table 'Eulalia' 6-max Seat #2 is the button
Seat 2: Luanto 14 ($199.27 in chips)
Seat 3: Headgtboy ($117.34 in chips)
Luanto 14: posts small blind $1
Headgtboy: posts big blind $3
*** HOLE CARDS ***
Luanto 14: folds
Uncalled bet ($2) returned to Headgtboy
Headgtboy collected $2 from pot
Headgtboy: doesn't show hand
*** SUMMARY ***
Total pot $2 | Rake $0
Seat 2: Luanto 14 (button) (small blind) folded before Flop
Seat 3: Headgtboy (big blind) collected ($2)


PokerStars Hand #167518049072:  Hold'em Limit ($3/$6 USD) - 2017/03/13 4:08:54 ET
Table 'Eulalia' 6-max Seat #3 is the button
Seat 2: Luanto 14 ($193.79 in chips)
Seat 3: Headgtboy ($121.74 in chips)
Headgtboy: posts small blind $1
Luanto 14: posts big blind $3
*** HOLE CARDS ***
Headgtboy: raises $3 to $6
Luanto 14: calls $3
*** FLOP *** [3h 2s 3s]
Luanto 14: checks
Headgtboy: bets $3
Luanto 14: calls $3
*** TURN *** [3h 2s 3s] [4s]
Luanto 14: checks
Headgtboy: bets $6
Luanto 14: folds
Uncalled bet ($6) returned to Headgtboy
Headgtboy collected $17.64 from pot
Headgtboy: doesn't show hand
*** SUMMARY ***
Total pot $18 | Rake $0.36
Board [3h 2s 3s 4s]
Seat 2: Luanto 14 (big blind) folded on the Turn
Seat 3: Headgtboy (button) (small blind) collected ($17.64)


PokerStars Hand #167518055278:  Hold'em Limit ($3/$6 USD) - 2017/03/13 4:09:17 ET
Table 'Eulalia' 6-max Seat #2 is the button
Seat 2: Luanto 14 ($184.79 in chips)
Seat 3: Headgtboy ($130.38 in chips)
Luanto 14: posts small blind $1
Headgtboy: posts big blind $3
*** HOLE CARDS ***
Luanto 14: raises $3 to $6
Headgtboy: raises $3 to $9
Luanto 14: calls $3
*** FLOP *** [7s 5s 6s]
Headgtboy: bets $3
Luanto 14: calls $3
*** TURN *** [7s 5s 6s] [2d]
Headgtboy: bets $6
Luanto 14: raises $6 to $12
Headgtboy: folds
Uncalled bet ($6) returned to Luanto 14
Luanto 14 collected $35.50 from pot
Luanto 14: doesn't show hand
*** SUMMARY ***
Total pot $36 | Rake $0.50
Board [7s 5s 6s 2d]
Seat 2: Luanto 14 (button) (small blind) collected ($35.50)
Seat 3: Headgtboy (big blind) folded on the Turn


PokerStars Hand #167518062150:  Hold'em Limit ($3/$6 USD) - 2017/03/13 4:09:42 ET
Table 'Eulalia' 6-max Seat #2 is the button
Seat 2: Luanto 14 ($196.29 in chips)
Seat 3: Headgtboy ($118.14 in chips)
Luanto 14: posts small blind $1
Headgtboy: posts big blind $3
*** HOLE CARDS ***
Luanto 14: raises $3 to $6
Headgtboy: raises $3 to $9
Luanto 14: calls $3
*** FLOP *** [5h 4s Qc]
Headgtboy: bets $3
Luanto 14: calls $3
*** TURN *** [5h 4s Qc] [4c]
Headgtboy: bets $6
Luanto 14: calls $6
*** RIVER *** [5h 4s Qc 4c] [3h]
Headgtboy: bets $6
Luanto 14: calls $6
*** SHOW DOWN ***
Headgtboy: shows [9s Jc] (a pair of Fours)
Luanto 14: shows [5s Ad] (two pair, Fives and Fours)
Luanto 14 collected $47.50 from pot
*** SUMMARY ***
Total pot $48 | Rake $0.50
Board [5h 4s Qc 4c 3h]
Seat 2: Luanto 14 (button) (small blind) showed [5s Ad] and won ($47.50) with two pair, Fives and Fours
Seat 3: Headgtboy (big blind) showed [9s Jc] and lost with a pair of Fours


PokerStars Hand #167518059371:  Hold'em Limit ($3/$6 USD) - 2017/03/13 4:09:32 ET
Table 'Eulalia' 6-max Seat #3 is the button
Seat 2: Luanto 14 ($202.29 in chips)
Seat 3: Headgtboy ($112.38 in chips)
Headgtboy: posts small blind $1
Luanto 14: posts big blind $3
*** HOLE CARDS ***
Headgtboy: raises $3 to $6
Luanto 14: calls $3
*** FLOP *** [8c 7s 8h]
Luanto 14: checks
Headgtboy: bets $3
Luanto 14: folds
Uncalled bet ($3) returned to Headgtboy
Headgtboy collected $11.76 from pot
Headgtboy: doesn't show hand
*** SUMMARY ***
Total pot $12 | Rake $0.24
Board [8c 7s 8h]
Seat 2: Luanto 14 (big blind) folded on the Flop
Seat 3: Headgtboy (button) (small blind) collected ($11.76)


PokerStars Hand #167518070744:  Hold'em Limit ($3/$6 USD) - 2017/03/13 4:10:14 ET
Table 'Eulalia' 6-max Seat #2 is the button
Seat 2: Luanto 14 ($198.79 in chips)
Seat 3: Headgtboy ($114.64 in chips)
Luanto 14: posts small blind $1
Headgtboy: posts big blind $3
*** HOLE CARDS ***
Luanto 14: folds
Uncalled bet ($2) returned to Headgtboy
Headgtboy collected $2 from pot
Headgtboy: doesn't show hand
*** SUMMARY ***
Total pot $2 | Rake $0
Seat 2: Luanto 14 (button) (small blind) folded before Flop
Seat 3: Headgtboy (big blind) collected ($2)


PokerStars Hand #167518065784:  Hold'em Limit ($3/$6 USD) - 2017/03/13 4:09:56 ET
Table 'Eulalia' 6-max Seat #3 is the button
Seat 2: Luanto 14 ($219.79 in chips)
Seat 3: Headgtboy ($94.14 in chips)
Headgtboy: posts small blind $1
Luanto 14: posts big blind $3
*** HOLE CARDS ***
Headgtboy: raises $3 to $6
Luanto 14: calls $3
*** FLOP *** [5c 5s Jc]
Luanto 14: checks
Headgtboy: bets $3
Luanto 14: calls $3
*** TURN *** [5c 5s Jc] [Jd]
Luanto 14: checks
Headgtboy: bets $6
Luanto 14: calls $6
*** RIVER *** [5c 5s Jc Jd] [3s]
Luanto 14: checks
Headgtboy: bets $6
Luanto 14: calls $6
*** SHOW DOWN ***
Headgtboy: shows [6h Js] (a full house, Jacks full of Fives)
Luanto 14: mucks hand
Headgtboy collected $41.50 from pot
*** SUMMARY ***
Total pot $42 | Rake $0.50
Board [5c 5s Jc Jd 3s]
Seat 2: Luanto 14 (big blind) mucked
Seat 3: Headgtboy (button) (small blind) showed [6h Js] and won ($41.50) with a full house, Jacks full of Fives


PokerStars Hand #167518084082:  Hold'em Limit ($3/$6 USD) - 2017/03/13 4:11:02 ET
Table 'Eulalia' 6-max Seat #2 is the button
Seat 2: Luanto 14 ($179.31 in chips)
Seat 3: Headgtboy ($132.90 in chips)
Luanto 14: posts small blind $1
Headgtboy: posts big blind $3
*** HOLE CARDS ***
Luanto 14: raises $3 to $6
Headgtboy: folds
Uncalled bet ($3) returned to Luanto 14
Luanto 14 collected $6 from pot
Luanto 14: doesn't show hand
*** SUMMARY ***
Total pot $6 | Rake $0
Seat 2: Luanto 14 (button) (small blind) collected ($6)
Seat 3: Headgtboy (big blind) folded before Flop


PokerStars Hand #167518072128:  Hold'em Limit ($3/$6 USD) - 2017/03/13 4:10:18 ET
Table 'Eulalia' 6-max Seat #3 is the button
Seat 2: Luanto 14 ($197.79 in chips)
Seat 3: Headgtboy ($115.64 in chips)
Headgtboy: posts small blind $1
Luanto 14: posts big blind $3
*** HOLE CARDS ***
Headgtboy: raises $3 to $6
Luanto 14: calls $3
*** FLOP *** [9s 4c Jd]
Luanto 14: checks
Headgtboy: bets $3
Luanto 14: folds
Uncalled bet ($3) returned to Headgtboy
Headgtboy collected $11.76 from pot
Headgtboy: doesn't show hand
*** SUMMARY ***
Total pot $12 | Rake $0.24
Board [9s 4c Jd]
Seat 2: Luanto 14 (big blind) folded on the Flop
Seat 3: Headgtboy (button) (small blind) collected ($11.76)


PokerStars Hand #167518075093:  Hold'em Limit ($3/$6 USD) - 2017/03/13 4:10:29 ET
Table 'Eulalia' 6-max Seat #2 is the button
Seat 2: Luanto 14 ($191.79 in chips)
Seat 3: Headgtboy ($121.40 in chips)
Luanto 14: posts small blind $1
Headgtboy: posts big blind $3
*** HOLE CARDS ***
Luanto 14: raises $3 to $6
Headgtboy: raises $3 to $9
Luanto 14: calls $3
*** FLOP *** [Qc Qs 3s]
Headgtboy: bets $3
Luanto 14: raises $3 to $6
Headgtboy: folds
Uncalled bet ($3) returned to Luanto 14
Luanto 14 collected $23.52 from pot
Luanto 14: doesn't show hand
*** SUMMARY ***
Total pot $24 | Rake $0.48
Board [Qc Qs 3s]
Seat 2: Luanto 14 (button) (small blind) collected ($23.52)
Seat 3: Headgtboy (big blind) folded on the Flop


PokerStars Hand #167518089847:  Hold'em Limit ($3/$6 USD) - 2017/03/13 4:11:23 ET
Table 'Eulalia' 6-max Seat #2 is the button
Seat 2: Luanto 14 ($183.31 in chips)
Seat 3: Headgtboy ($128.90 in chips)
Luanto 14: posts small blind $1
Headgtboy: posts big blind $3
*** HOLE CARDS ***
Luanto 14: folds
Uncalled bet ($2) returned to Headgtboy
Headgtboy collected $2 from pot
Headgtboy: doesn't show hand
*** SUMMARY ***
Total pot $2 | Rake $0
Seat 2: Luanto 14 (button) (small blind) folded before Flop
Seat 3: Headgtboy (big blind) collected ($2)


PokerStars Hand #167518100698:  Hold'em Limit ($3/$6 USD) - 2017/03/13 4:12:03 ET
Table 'Eulalia' 6-max Seat #2 is the button
Seat 2: Luanto 14 ($169.95 in chips)
Seat 3: Headgtboy ($141.16 in chips)
Luanto 14: posts small blind $1
Headgtboy: posts big blind $3
*** HOLE CARDS ***
Luanto 14: raises $3 to $6
Headgtboy: folds
Uncalled bet ($3) returned to Luanto 14
Luanto 14 collected $6 from pot
Luanto 14: doesn't show hand
*** SUMMARY ***
Total pot $6 | Rake $0
Seat 2: Luanto 14 (button) (small blind) collected ($6)
Seat 3: Headgtboy (big blind) folded before Flop


PokerStars Hand #167518088455:  Hold'em Limit ($3/$6 USD) - 2017/03/13 4:11:18 ET
Table 'Eulalia' 6-max Seat #3 is the button
Seat 2: Luanto 14 ($182.31 in chips)
Seat 3: Headgtboy ($129.90 in chips)
Headgtboy: posts small blind $1
Luanto 14: posts big blind $3
*** HOLE CARDS ***
Headgtboy: folds
Uncalled bet ($2) returned to Luanto 14
Luanto 14 collected $2 from pot
Luanto 14: doesn't show hand
*** SUMMARY ***
Total pot $2 | Rake $0
Seat 2: Luanto 14 (big blind) collected ($2)
Seat 3: Headgtboy (button) (small blind) folded before Flop


PokerStars Hand #167518087153:  Hold'em Limit ($3/$6 USD) - 2017/03/13 4:11:13 ET
Table 'Eulalia' 6-max Seat #2 is the button
Seat 2: Luanto 14 ($183.31 in chips)
Seat 3: Headgtboy ($128.90 in chips)
Luanto 14: posts small blind $1
Headgtboy: posts big blind $3
*** HOLE CARDS ***
Luanto 14: folds
Uncalled bet ($2) returned to Headgtboy
Headgtboy collected $2 from pot
Headgtboy: doesn't show hand
*** SUMMARY ***
Total pot $2 | Rake $0
Seat 2: Luanto 14 (button) (small blind) folded before Flop
Seat 3: Headgtboy (big blind) collected ($2)


PokerStars Hand #167518085728:  Hold'em Limit ($3/$6 USD) - 2017/03/13 4:11:08 ET
Table 'Eulalia' 6-max Seat #3 is the button
Seat 2: Luanto 14 ($182.31 in chips)
Seat 3: Headgtboy ($129.90 in chips)
Headgtboy: posts small blind $1
Luanto 14: posts big blind $3
*** HOLE CARDS ***
Headgtboy: folds
Uncalled bet ($2) returned to Luanto 14
Luanto 14 collected $2 from pot
Luanto 14: doesn't show hand
*** SUMMARY ***
Total pot $2 | Rake $0
Seat 2: Luanto 14 (big blind) collected ($2)
Seat 3: Headgtboy (button) (small blind) folded before Flop


PokerStars Hand #167518097929:  Hold'em Limit ($3/$6 USD) - 2017/03/13 4:11:53 ET
Table 'Eulalia' 6-max Seat #3 is the button
Seat 2: Luanto 14 ($175.95 in chips)
Seat 3: Headgtboy ($135.40 in chips)
Headgtboy: posts small blind $1
Luanto 14: posts big blind $3
*** HOLE CARDS ***
Headgtboy: raises $3 to $6
Luanto 14: calls $3
*** FLOP *** [Qs 3c Kh]
Luanto 14: checks
Headgtboy: bets $3
Luanto 14: folds
Uncalled bet ($3) returned to Headgtboy
Headgtboy collected $11.76 from pot
Headgtboy: doesn't show hand
*** SUMMARY ***
Total pot $12 | Rake $0.24
Board [Qs 3c Kh]
Seat 2: Luanto 14 (big blind) folded on the Flop
Seat 3: Headgtboy (button) (small blind) collected ($11.76)


PokerStars Hand #167518093884:  Hold'em Limit ($3/$6 USD) - 2017/03/13 4:11:38 ET
Table 'Eulalia' 6-max Seat #2 is the button
Seat 2: Luanto 14 ($190.95 in chips)
Seat 3: Headgtboy ($120.90 in chips)
Luanto 14: posts small blind $1
Headgtboy: posts big blind $3
*** HOLE CARDS ***
Luanto 14: raises $3 to $6
Headgtboy: raises $3 to $9
Luanto 14: calls $3
*** FLOP *** [Ac Ad 9s]
Headgtboy: bets $3
Luanto 14: raises $3 to $6
Headgtboy: raises $3 to $9
Luanto 14: folds
Uncalled bet ($3) returned to Headgtboy
Headgtboy collected $29.50 from pot
Headgtboy: doesn't show hand
*** SUMMARY ***
Total pot $30 | Rake $0.50
Board [Ac Ad 9s]
Seat 2: Luanto 14 (button) (small blind) folded on the Flop
Seat 3: Headgtboy (big blind) collected ($29.50)


PokerStars Hand #167518091163:  Hold'em Limit ($3/$6 USD) - 2017/03/13 4:11:28 ET
Table 'Eulalia' 6-max Seat #3 is the button
Seat 2: Luanto 14 ($182.31 in chips)
Seat 3: Headgtboy ($129.90 in chips)
Headgtboy: posts small blind $1
Luanto 14: posts big blind $3
*** HOLE CARDS ***
Headgtboy: raises $3 to $6
Luanto 14: calls $3
*** FLOP *** [3h Ts Ks]
Luanto 14: checks
Headgtboy: bets $3
Luanto 14: raises $3 to $6
Headgtboy: folds
Uncalled bet ($3) returned to Luanto 14
Luanto 14 collected $17.64 from pot
Luanto 14: doesn't show hand
*** SUMMARY ***
Total pot $18 | Rake $0.36
Board [3h Ts Ks]
Seat 2: Luanto 14 (big blind) collected ($17.64)
Seat 3: Headgtboy (button) (small blind) folded on the Flop


PokerStars Hand #167518114960:  Hold'em Limit ($3/$6 USD) - 2017/03/13 4:12:55 ET
Table 'Eulalia' 6-max Seat #3 is the button
Seat 2: Luanto 14 ($199.09 in chips)
Seat 3: Headgtboy ($111.16 in chips)
Headgtboy: posts small blind $1
Luanto 14: posts big blind $3
*** HOLE CARDS ***
Headgtboy: raises $3 to $6
Luanto 14: calls $3
*** FLOP *** [2s Js 5d]
Luanto 14: checks
Headgtboy: bets $3
Luanto 14: calls $3
*** TURN *** [2s Js 5d] [2c]
Luanto 14: checks
Headgtboy: bets $6
Luanto 14: raises $6 to $12
Headgtboy: calls $6
*** RIVER *** [2s Js 5d 2c] [Qc]
Luanto 14: bets $6
Headgtboy: calls $6
*** SHOW DOWN ***
Luanto 14: shows [8d 2d] (three of a kind, Deuces)
Headgtboy: mucks hand
Luanto 14 collected $53.50 from pot
*** SUMMARY ***
Total pot $54 | Rake $0.50
Board [2s Js 5d 2c Qc]
Seat 2: Luanto 14 (big blind) showed [8d 2d] and won ($53.50) with three of a kind, Deuces
Seat 3: Headgtboy (button) (small blind) mucked


PokerStars Hand #167518102148:  Hold'em Limit ($3/$6 USD) - 2017/03/13 4:12:08 ET
Table 'Eulalia' 6-max Seat #3 is the button
Seat 2: Luanto 14 ($172.95 in chips)
Seat 3: Headgtboy ($138.16 in chips)
Headgtboy: posts small blind $1
Luanto 14: posts big blind $3
*** HOLE CARDS ***
Headgtboy: raises $3 to $6
Luanto 14: calls $3
*** FLOP *** [Kc As Th]
Luanto 14: checks
Headgtboy: bets $3
Luanto 14: calls $3
*** TURN *** [Kc As Th] [3h]
Luanto 14: checks
Headgtboy: checks
*** RIVER *** [Kc As Th 3h] [Jh]
Luanto 14: checks
Headgtboy: checks
*** SHOW DOWN ***
Luanto 14: shows [Kd 7h] (a pair of Kings)
Headgtboy: mucks hand
Luanto 14 collected $17.64 from pot
*** SUMMARY ***
Total pot $18 | Rake $0.36
Board [Kc As Th 3h Jh]
Seat 2: Luanto 14 (big blind) showed [Kd 7h] and won ($17.64) with a pair of Kings
Seat 3: Headgtboy (button) (small blind) mucked


PokerStars Hand #167518106915:  Hold'em Limit ($3/$6 USD) - 2017/03/13 4:12:25 ET
Table 'Eulalia' 6-max Seat #2 is the button
Seat 2: Luanto 14 ($181.59 in chips)
Seat 3: Headgtboy ($129.16 in chips)
Luanto 14: posts small blind $1
Headgtboy: posts big blind $3
*** HOLE CARDS ***
Luanto 14: raises $3 to $6
Headgtboy: raises $3 to $9
Luanto 14: calls $3
*** FLOP *** [Jd 9s 2d]
Headgtboy: bets $3
Luanto 14: raises $3 to $6
Headgtboy: raises $3 to $9
Luanto 14: calls $3
*** TURN *** [Jd 9s 2d] [3d]
Headgtboy: checks
Luanto 14: bets $6
Headgtboy: folds
Uncalled bet ($6) returned to Luanto 14
Luanto 14 collected $35.50 from pot
Luanto 14: doesn't show hand
*** SUMMARY ***
Total pot $36 | Rake $0.50
Board [Jd 9s 2d 3d]
Seat 2: Luanto 14 (button) (small blind) collected ($35.50)
Seat 3: Headgtboy (big blind) folded on the Turn


PokerStars Hand #167518111667:  Hold'em Limit ($3/$6 USD) - 2017/03/13 4:12:42 ET
Table 'Eulalia' 6-max Seat #3 is the button
Seat 2: Luanto 14 ($199.09 in chips)
Seat 3: Headgtboy ($111.16 in chips)
Headgtboy: posts small blind $1
Luanto 14: posts big blind $3
*** HOLE CARDS ***
Headgtboy: raises $3 to $6
Luanto 14: folds
Uncalled bet ($3) returned to Headgtboy
Headgtboy collected $6 from pot
Headgtboy: doesn't show hand
*** SUMMARY ***
Total pot $6 | Rake $0
Seat 2: Luanto 14 (big blind) folded before Flop
Seat 3: Headgtboy (button) (small blind) collected ($6)


PokerStars Hand #167518113328:  Hold'em Limit ($3/$6 USD) - 2017/03/13 4:12:49 ET
Table 'Eulalia' 6-max Seat #2 is the button
Seat 2: Luanto 14 ($196.09 in chips)
Seat 3: Headgtboy ($114.16 in chips)
Luanto 14: posts small blind $1
Headgtboy: posts big blind $3
*** HOLE CARDS ***
Luanto 14: raises $3 to $6
Headgtboy: folds
Uncalled bet ($3) returned to Luanto 14
Luanto 14 collected $6 from pot
Luanto 14: doesn't show hand
*** SUMMARY ***
Total pot $6 | Rake $0
Seat 2: Luanto 14 (button) (small blind) collected ($6)
Seat 3: Headgtboy (big blind) folded before Flop


PokerStars Hand #167518121335:  Hold'em Limit ($3/$6 USD) - 2017/03/13 4:13:18 ET
Table 'Eulalia' 6-max Seat #3 is the button
Seat 2: Luanto 14 ($224.59 in chips)
Seat 3: Headgtboy ($85.16 in chips)
Headgtboy: posts small blind $1
Luanto 14: posts big blind $3
*** HOLE CARDS ***
Headgtboy: raises $3 to $6
Luanto 14: folds
Uncalled bet ($3) returned to Headgtboy
Headgtboy collected $6 from pot
Headgtboy: doesn't show hand
*** SUMMARY ***
Total pot $6 | Rake $0
Seat 2: Luanto 14 (big blind) folded before Flop
Seat 3: Headgtboy (button) (small blind) collected ($6)


PokerStars Hand #167518123229:  Hold'em Limit ($3/$6 USD) - 2017/03/13 4:13:25 ET
Table 'Eulalia' 6-max Seat #2 is the button
Seat 2: Luanto 14 ($221.59 in chips)
Seat 3: Headgtboy ($88.16 in chips)
Luanto 14: posts small blind $1
Headgtboy: posts big blind $3
*** HOLE CARDS ***
Luanto 14: raises $3 to $6
Headgtboy: raises $3 to $9
Luanto 14: calls $3
*** FLOP *** [9d 2c 6d]
Headgtboy: bets $3
Luanto 14: calls $3
*** TURN *** [9d 2c 6d] [Ks]
Headgtboy: bets $6
Luanto 14: raises $6 to $12
Headgtboy: raises $6 to $18
Luanto 14: calls $6
*** RIVER *** [9d 2c 6d Ks] [6c]
Headgtboy: bets $6
Luanto 14: folds
Uncalled bet ($6) returned to Headgtboy
Headgtboy collected $59.50 from pot
Headgtboy: doesn't show hand
SLK500 joins the table at seat #6
*** SUMMARY ***
Total pot $60 | Rake $0.50
Board [9d 2c 6d Ks 6c]
Seat 2: Luanto 14 (button) (small blind) folded on the River
Seat 3: Headgtboy (big blind) collected ($59.50)


PokerStars Hand #167518119971:  Hold'em Limit ($3/$6 USD) - 2017/03/13 4:13:13 ET
Table 'Eulalia' 6-max Seat #2 is the button
Seat 2: Luanto 14 ($225.59 in chips)
Seat 3: Headgtboy ($84.16 in chips)
Luanto 14: posts small blind $1
Headgtboy: posts big blind $3
*** HOLE CARDS ***
Luanto 14: folds
Uncalled bet ($2) returned to Headgtboy
Headgtboy collected $2 from pot
Headgtboy: doesn't show hand
*** SUMMARY ***
Total pot $2 | Rake $0
Seat 2: Luanto 14 (button) (small blind) folded before Flop
Seat 3: Headgtboy (big blind) collected ($2)


PokerStars Hand #167518269406:  Hold'em Limit ($3/$6 USD) - 2017/03/13 4:22:04 ET
Table 'Eulalia' 6-max Seat #6 is the button
Seat 2: Luanto 14 ($315.82 in chips)
Seat 6: SLK500 ($57 in chips)
SLK500: posts small blind $1
Luanto 14: posts big blind $3
*** HOLE CARDS ***
SLK500: folds
Uncalled bet ($2) returned to Luanto 14
Luanto 14 collected $2 from pot
Luanto 14: doesn't show hand
*** SUMMARY ***
Total pot $2 | Rake $0
Seat 2: Luanto 14 (big blind) collected ($2)
Seat 6: SLK500 (button) (small blind) folded before Flop


PokerStars Hand #167518252348:  Hold'em Limit ($3/$6 USD) - 2017/03/13 4:21:04 ET
Table 'Eulalia' 6-max Seat #6 is the button
Seat 2: Luanto 14 ($261.74 in chips)
Seat 6: SLK500 ($52.58 in chips)
SLK500: posts small blind $1
Fantomet: is sitting out
Luanto 14: posts big blind $3
*** HOLE CARDS ***
SLK500: raises $3 to $6
Luanto 14: calls $3
*** FLOP *** [Tc 2s 5d]
Luanto 14: checks
SLK500: checks
*** TURN *** [Tc 2s 5d] [9d]
Luanto 14: bets $6
SLK500: calls $6
*** RIVER *** [Tc 2s 5d 9d] [8s]
Luanto 14: bets $6
SLK500: calls $6
*** SHOW DOWN ***
Luanto 14: shows [Js 9c] (a pair of Nines)
SLK500: mucks hand
Luanto 14 collected $35.50 from pot
*** SUMMARY ***
Total pot $36 | Rake $0.50
Board [Tc 2s 5d 9d 8s]
Seat 2: Luanto 14 (big blind) showed [Js 9c] and won ($35.50) with a pair of Nines
Seat 6: SLK500 (button) (small blind) mucked


PokerStars Hand #167518256822:  Hold'em Limit ($3/$6 USD) - 2017/03/13 4:21:20 ET
Table 'Eulalia' 6-max Seat #2 is the button
Seat 2: Luanto 14 ($279.24 in chips)
Seat 6: SLK500 ($34.58 in chips)
Luanto 14: posts small blind $1
SLK500: posts big blind $3
*** HOLE CARDS ***
Luanto 14: raises $3 to $6
SLK500: raises $3 to $9
Luanto 14: calls $3
*** FLOP *** [Ad 9h 4c]
SLK500: bets $3
Luanto 14: calls $3
*** TURN *** [Ad 9h 4c] [8s]
SLK500: checks
Luanto 14: checks
*** RIVER *** [Ad 9h 4c 8s] [7d]
SLK500: checks
Luanto 14: bets $6
SLK500: calls $6
*** SHOW DOWN ***
Luanto 14: shows [Td 9s] (a pair of Nines)
SLK500: mucks hand
Luanto 14 collected $35.50 from pot
*** SUMMARY ***
Total pot $36 | Rake $0.50
Board [Ad 9h 4c 8s 7d]
Seat 2: Luanto 14 (button) (small blind) showed [Td 9s] and won ($35.50) with a pair of Nines
Seat 6: SLK500 (big blind) mucked


PokerStars Hand #167518267818:  Hold'em Limit ($3/$6 USD) - 2017/03/13 4:21:59 ET
Table 'Eulalia' 6-max Seat #2 is the button
Seat 2: Luanto 14 ($312.82 in chips)
Seat 6: SLK500 ($60 in chips)
Luanto 14: posts small blind $1
SLK500: posts big blind $3
*** HOLE CARDS ***
Luanto 14: raises $3 to $6
SLK500: folds
Uncalled bet ($3) returned to Luanto 14
Luanto 14 collected $6 from pot
Luanto 14: doesn't show hand
*** SUMMARY ***
Total pot $6 | Rake $0
Seat 2: Luanto 14 (button) (small blind) collected ($6)
Seat 6: SLK500 (big blind) folded before Flop


PokerStars Hand #167518262425:  Hold'em Limit ($3/$6 USD) - 2017/03/13 4:21:40 ET
Table 'Eulalia' 6-max Seat #6 is the button
Seat 2: Luanto 14 ($296.74 in chips)
Seat 6: SLK500 ($16.58 in chips)
SLK500: posts small blind $1
Luanto 14: posts big blind $3
*** HOLE CARDS ***
SLK500: raises $3 to $6
Luanto 14: raises $3 to $9
SLK500: raises $3 to $12
Betting is capped
Luanto 14: calls $3
*** FLOP *** [2d 5h 5c]
Luanto 14: bets $3
SLK500: raises $1.58 to $4.58 and is all-in
Luanto 14: calls $1.58
*** TURN *** [2d 5h 5c] [6c]
*** RIVER *** [2d 5h 5c 6c] [Td]
*** SHOW DOWN ***
Luanto 14: shows [Ts Tc] (a full house, Tens full of Fives)
SLK500: shows [9h Ah] (a pair of Fives)
Luanto 14 collected $32.66 from pot
*** SUMMARY ***
Total pot $33.16 | Rake $0.50
Board [2d 5h 5c 6c Td]
Seat 2: Luanto 14 (big blind) showed [Ts Tc] and won ($32.66) with a full house, Tens full of Fives
Seat 6: SLK500 (button) (small blind) showed [9h Ah] and lost with a pair of Fives


PokerStars Hand #167518273937:  Hold'em Limit ($3/$6 USD) - 2017/03/13 4:22:20 ET
Table 'Eulalia' 6-max Seat #6 is the button
Seat 2: Luanto 14 ($322.58 in chips)
Seat 6: SLK500 ($50 in chips)
SLK500: posts small blind $1
Luanto 14: posts big blind $3
*** HOLE CARDS ***
SLK500: folds
Uncalled bet ($2) returned to Luanto 14
Luanto 14 collected $2 from pot
Luanto 14: doesn't show hand
*** SUMMARY ***
Total pot $2 | Rake $0
Seat 2: Luanto 14 (big blind) collected ($2)
Seat 6: SLK500 (button) (small blind) folded before Flop


PokerStars Hand #167518270863:  Hold'em Limit ($3/$6 USD) - 2017/03/13 4:22:10 ET
Table 'Eulalia' 6-max Seat #2 is the button
Seat 2: Luanto 14 ($316.82 in chips)
Seat 6: SLK500 ($56 in chips)
Luanto 14: posts small blind $1
SLK500: posts big blind $3
*** HOLE CARDS ***
Luanto 14: raises $3 to $6
SLK500: calls $3
*** FLOP *** [5h 2d Ah]
SLK500: checks
Luanto 14: bets $3
SLK500: folds
Uncalled bet ($3) returned to Luanto 14
Luanto 14 collected $11.76 from pot
Luanto 14: doesn't show hand
*** SUMMARY ***
Total pot $12 | Rake $0.24
Board [5h 2d Ah]
Seat 2: Luanto 14 (button) (small blind) collected ($11.76)
Seat 6: SLK500 (big blind) folded on the Flop


PokerStars Hand #167518276881:  Hold'em Limit ($3/$6 USD) - 2017/03/13 4:22:31 ET
Table 'Eulalia' 6-max Seat #6 is the button
Seat 2: Luanto 14 ($322.58 in chips)
Seat 6: SLK500 ($50 in chips)
SLK500: posts small blind $1
Luanto 14: posts big blind $3
*** HOLE CARDS ***
SLK500: folds
Uncalled bet ($2) returned to Luanto 14
Luanto 14 collected $2 from pot
Luanto 14: doesn't show hand
*** SUMMARY ***
Total pot $2 | Rake $0
Seat 2: Luanto 14 (big blind) collected ($2)
Seat 6: SLK500 (button) (small blind) folded before Flop


PokerStars Hand #167518275472:  Hold'em Limit ($3/$6 USD) - 2017/03/13 4:22:26 ET
Table 'Eulalia' 6-max Seat #2 is the button
Seat 2: Luanto 14 ($323.58 in chips)
Seat 6: SLK500 ($49 in chips)
Luanto 14: posts small blind $1
SLK500: posts big blind $3
*** HOLE CARDS ***
Luanto 14: folds
Uncalled bet ($2) returned to SLK500
SLK500 collected $2 from pot
SLK500: doesn't show hand
*** SUMMARY ***
Total pot $2 | Rake $0
Seat 2: Luanto 14 (button) (small blind) folded before Flop
Seat 6: SLK500 (big blind) collected ($2)


PokerStars Hand #167518848522:  Hold'em Limit ($3/$6 USD) - 2017/03/13 4:55:07 ET
Table 'Eulalia' 6-max Seat #4 is the button
Seat 2: Luanto 14 ($290.04 in chips)
Seat 4: CrongCrong ($58.31 in chips)
CrongCrong: posts small blind $1
Luanto 14: posts big blind $3
*** HOLE CARDS ***
CrongCrong: raises $3 to $6
Luanto 14: calls $3
*** FLOP *** [7s 9d 8c]
Luanto 14: checks
CrongCrong: checks
*** TURN *** [7s 9d 8c] [8h]
Luanto 14: bets $6
CrongCrong: calls $6
*** RIVER *** [7s 9d 8c 8h] [7d]
Luanto 14: checks
CrongCrong: checks
*** SHOW DOWN ***
Luanto 14: shows [Kd Th] (two pair, Eights and Sevens)
CrongCrong: shows [3c Ac] (two pair, Eights and Sevens - Ace kicker)
CrongCrong collected $23.52 from pot
*** SUMMARY ***
Total pot $24 | Rake $0.48
Board [7s 9d 8c 8h 7d]
Seat 2: Luanto 14 (big blind) showed [Kd Th] and lost with two pair, Eights and Sevens
Seat 4: CrongCrong (button) (small blind) showed [3c Ac] and won ($23.52) with two pair, Eights and Sevens


PokerStars Hand #167518863102:  Hold'em Limit ($3/$6 USD) - 2017/03/13 4:55:58 ET
Table 'Eulalia' 6-max Seat #2 is the button
Seat 2: Luanto 14 ($307.30 in chips)
Seat 4: CrongCrong ($39.83 in chips)
Luanto 14: posts small blind $1
CrongCrong: posts big blind $3
*** HOLE CARDS ***
Luanto 14: raises $3 to $6
CrongCrong: calls $3
*** FLOP *** [Js Qc 2s]
CrongCrong: checks
Luanto 14: bets $3
CrongCrong: folds
Uncalled bet ($3) returned to Luanto 14
Luanto 14 collected $11.76 from pot
Luanto 14: doesn't show hand
*** SUMMARY ***
Total pot $12 | Rake $0.24
Board [Js Qc 2s]
Seat 2: Luanto 14 (button) (small blind) collected ($11.76)
Seat 4: CrongCrong (big blind) folded on the Flop


PokerStars Hand #167518854420:  Hold'em Limit ($3/$6 USD) - 2017/03/13 4:55:27 ET
Table 'Eulalia' 6-max Seat #2 is the button
Seat 2: Luanto 14 ($278.04 in chips)
Seat 4: CrongCrong ($69.83 in chips)
Luanto 14: posts small blind $1
CrongCrong: posts big blind $3
*** HOLE CARDS ***
Luanto 14: raises $3 to $6
CrongCrong: calls $3
*** FLOP *** [3c 8c Qc]
CrongCrong: checks
Luanto 14: bets $3
CrongCrong: folds
Uncalled bet ($3) returned to Luanto 14
Luanto 14 collected $11.76 from pot
Luanto 14: doesn't show hand
*** SUMMARY ***
Total pot $12 | Rake $0.24
Board [3c 8c Qc]
Seat 2: Luanto 14 (button) (small blind) collected ($11.76)
Seat 4: CrongCrong (big blind) folded on the Flop


PokerStars Hand #167518857358:  Hold'em Limit ($3/$6 USD) - 2017/03/13 4:55:37 ET
Table 'Eulalia' 6-max Seat #4 is the button
Seat 2: Luanto 14 ($283.80 in chips)
Seat 4: CrongCrong ($63.83 in chips)
CrongCrong: posts small blind $1
Luanto 14: posts big blind $3
*** HOLE CARDS ***
CrongCrong: raises $3 to $6
Luanto 14: calls $3
*** FLOP *** [5c 3s Qc]
Luanto 14: checks
CrongCrong: bets $3
Luanto 14: raises $3 to $6
CrongCrong: calls $3
*** TURN *** [5c 3s Qc] [Kh]
Luanto 14: bets $6
CrongCrong: calls $6
*** RIVER *** [5c 3s Qc Kh] [Tc]
Luanto 14: bets $6
CrongCrong: calls $6
*** SHOW DOWN ***
Luanto 14: shows [Qd Jc] (a pair of Queens)
CrongCrong: mucks hand
Luanto 14 collected $47.50 from pot
*** SUMMARY ***
Total pot $48 | Rake $0.50
Board [5c 3s Qc Kh Tc]
Seat 2: Luanto 14 (big blind) showed [Qd Jc] and won ($47.50) with a pair of Queens
Seat 4: CrongCrong (button) (small blind) mucked


PokerStars Hand #167518866047:  Hold'em Limit ($3/$6 USD) - 2017/03/13 4:56:09 ET
Table 'Eulalia' 6-max Seat #4 is the button
Seat 2: Luanto 14 ($313.06 in chips)
Seat 4: CrongCrong ($33.83 in chips)
CrongCrong: posts small blind $1
Luanto 14: posts big blind $3
*** HOLE CARDS ***
CrongCrong: raises $3 to $6
Luanto 14: calls $3
*** FLOP *** [Ts 4c 6s]
Luanto 14: checks
CrongCrong: checks
*** TURN *** [Ts 4c 6s] [9s]
Luanto 14: bets $6
CrongCrong: calls $6
*** RIVER *** [Ts 4c 6s 9s] [Kh]
Luanto 14: checks
CrongCrong: bets $6
Luanto 14: calls $6
*** SHOW DOWN ***
CrongCrong: shows [Qh 9c] (a pair of Nines)
Luanto 14: mucks hand
CrongCrong collected $35.50 from pot
*** SUMMARY ***
Total pot $36 | Rake $0.50
Board [Ts 4c 6s 9s Kh]
Seat 2: Luanto 14 (big blind) mucked
Seat 4: CrongCrong (button) (small blind) showed [Qh 9c] and won ($35.50) with a pair of Nines


PokerStars Hand #167518882445:  Hold'em Limit ($3/$6 USD) - 2017/03/13 4:57:08 ET
Table 'Eulalia' 6-max Seat #4 is the button
Seat 2: Luanto 14 ($298.81 in chips)
Seat 4: CrongCrong ($47.08 in chips)
CrongCrong: posts small blind $1
Luanto 14: posts big blind $3
*** HOLE CARDS ***
CrongCrong: folds
Uncalled bet ($2) returned to Luanto 14
Luanto 14 collected $2 from pot
Luanto 14: doesn't show hand
*** SUMMARY ***
Total pot $2 | Rake $0
Seat 2: Luanto 14 (big blind) collected ($2)
Seat 4: CrongCrong (button) (small blind) folded before Flop


PokerStars Hand #167518880954:  Hold'em Limit ($3/$6 USD) - 2017/03/13 4:57:03 ET
Table 'Eulalia' 6-max Seat #2 is the button
Seat 2: Luanto 14 ($295.81 in chips)
Seat 4: CrongCrong ($50.08 in chips)
Luanto 14: posts small blind $1
CrongCrong: posts big blind $3
*** HOLE CARDS ***
Luanto 14: raises $3 to $6
CrongCrong: folds
Uncalled bet ($3) returned to Luanto 14
Luanto 14 collected $6 from pot
Luanto 14: doesn't show hand
*** SUMMARY ***
Total pot $6 | Rake $0
Seat 2: Luanto 14 (button) (small blind) collected ($6)
Seat 4: CrongCrong (big blind) folded before Flop


PokerStars Hand #167518885239:  Hold'em Limit ($3/$6 USD) - 2017/03/13 4:57:19 ET
Table 'Eulalia' 6-max Seat #4 is the button
Seat 2: Luanto 14 ($302.81 in chips)
Seat 4: CrongCrong ($43.08 in chips)
CrongCrong: posts small blind $1
Luanto 14: posts big blind $3
*** HOLE CARDS ***
CrongCrong: folds
Uncalled bet ($2) returned to Luanto 14
Luanto 14 collected $2 from pot
Luanto 14: doesn't show hand
*** SUMMARY ***
Total pot $2 | Rake $0
Seat 2: Luanto 14 (big blind) collected ($2)
Seat 4: CrongCrong (button) (small blind) folded before Flop


PokerStars Hand #167518883694:  Hold'em Limit ($3/$6 USD) - 2017/03/13 4:57:13 ET
Table 'Eulalia' 6-max Seat #2 is the button
Seat 2: Luanto 14 ($299.81 in chips)
Seat 4: CrongCrong ($46.08 in chips)
Luanto 14: posts small blind $1
CrongCrong: posts big blind $3
*** HOLE CARDS ***
Luanto 14: raises $3 to $6
CrongCrong: folds
Uncalled bet ($3) returned to Luanto 14
Luanto 14 collected $6 from pot
Luanto 14: doesn't show hand
*** SUMMARY ***
Total pot $6 | Rake $0
Seat 2: Luanto 14 (button) (small blind) collected ($6)
Seat 4: CrongCrong (big blind) folded before Flop


PokerStars Hand #167518879629:  Hold'em Limit ($3/$6 USD) - 2017/03/13 4:56:58 ET
Table 'Eulalia' 6-max Seat #4 is the button
Seat 2: Luanto 14 ($294.81 in chips)
Seat 4: CrongCrong ($51.08 in chips)
CrongCrong: posts small blind $1
Luanto 14: posts big blind $3
*** HOLE CARDS ***
CrongCrong: folds
Uncalled bet ($2) returned to Luanto 14
Luanto 14 collected $2 from pot
Luanto 14: doesn't show hand
*** SUMMARY ***
Total pot $2 | Rake $0
Seat 2: Luanto 14 (big blind) collected ($2)
Seat 4: CrongCrong (button) (small blind) folded before Flop


PokerStars Hand #167518871448:  Hold'em Limit ($3/$6 USD) - 2017/03/13 4:56:28 ET
Table 'Eulalia' 6-max Seat #2 is the button
Seat 2: Luanto 14 ($295.06 in chips)
Seat 4: CrongCrong ($51.33 in chips)
Luanto 14: posts small blind $1
CrongCrong: posts big blind $3
*** HOLE CARDS ***
Luanto 14: raises $3 to $6
CrongCrong: calls $3
*** FLOP *** [5d 5c 8h]
CrongCrong: checks
Luanto 14: bets $3
CrongCrong: calls $3
*** TURN *** [5d 5c 8h] [8c]
CrongCrong: checks
Luanto 14: bets $6
CrongCrong: raises $6 to $12
Luanto 14: calls $6
*** RIVER *** [5d 5c 8h 8c] [2s]
CrongCrong: bets $6
Luanto 14: raises $6 to $12
CrongCrong: raises $6 to $18
Luanto 14: calls $6
*** SHOW DOWN ***
CrongCrong: shows [8s 7d] (a full house, Eights full of Fives)
Luanto 14: shows [Jc 8d] (a full house, Eights full of Fives)
CrongCrong collected $38.75 from pot
Luanto 14 collected $38.75 from pot
*** SUMMARY ***
Total pot $78 | Rake $0.50
Board [5d 5c 8h 8c 2s]
Seat 2: Luanto 14 (button) (small blind) showed [Jc 8d] and won ($38.75) with a full house, Eights full of Fives
Seat 4: CrongCrong (big blind) showed [8s 7d] and won ($38.75) with a full house, Eights full of Fives


PokerStars Hand #167518886481:  Hold'em Limit ($3/$6 USD) - 2017/03/13 4:57:23 ET
Table 'Eulalia' 6-max Seat #2 is the button
Seat 2: Luanto 14 ($303.81 in chips)
Seat 4: CrongCrong ($42.08 in chips)
Luanto 14: posts small blind $1
CrongCrong: posts big blind $3
*** HOLE CARDS ***
Luanto 14: folds
Uncalled bet ($2) returned to CrongCrong
CrongCrong collected $2 from pot
CrongCrong: doesn't show hand
*** SUMMARY ***
Total pot $2 | Rake $0
Seat 2: Luanto 14 (button) (small blind) folded before Flop
Seat 4: CrongCrong (big blind) collected ($2)


PokerStars Hand #167518887779:  Hold'em Limit ($3/$6 USD) - 2017/03/13 4:57:28 ET
Table 'Eulalia' 6-max Seat #4 is the button
Seat 2: Luanto 14 ($302.81 in chips)
Seat 4: CrongCrong ($43.08 in chips)
CrongCrong: posts small blind $1
Luanto 14: posts big blind $3
*** HOLE CARDS ***
CrongCrong: raises $3 to $6
Luanto 14: folds
Uncalled bet ($3) returned to CrongCrong
iwplakas joins the table at seat #3
CrongCrong collected $6 from pot
CrongCrong: doesn't show hand
*** SUMMARY ***
Total pot $6 | Rake $0
Seat 2: Luanto 14 (big blind) folded before Flop
Seat 4: CrongCrong (button) (small blind) collected ($6)


PokerStars Hand #167524978882:  Hold'em Limit ($3/$6 USD) - 2017/03/13 9:06:52 ET
Table 'Eulalia' 6-max Seat #2 is the button
Seat 2: Rus29APX ($241.94 in chips)
Seat 5: apx0surry9 ($528.31 in chips)
Rus29APX: posts small blind $1
apx0surry9: posts big blind $3
*** HOLE CARDS ***
Rus29APX: raises $3 to $6
apx0surry9: calls $3
*** FLOP *** [8d 6d Qc]
apx0surry9: checks
Rus29APX: checks
*** TURN *** [8d 6d Qc] [3s]
apx0surry9 said, "6?"
apx0surry9: bets $6
Rus29APX: calls $6
*** RIVER *** [8d 6d Qc 3s] [6s]
apx0surry9: bets $6
Rus29APX: calls $6
*** SHOW DOWN ***
apx0surry9: shows [2s 7s] (a pair of Sixes)
Rus29APX: shows [Kh 3d] (two pair, Sixes and Threes)
Rus29APX collected $35.50 from pot
*** SUMMARY ***
Total pot $36 | Rake $0.50
Board [8d 6d Qc 3s 6s]
Seat 2: Rus29APX (button) (small blind) showed [Kh 3d] and won ($35.50) with two pair, Sixes and Threes
Seat 5: apx0surry9 (big blind) showed [2s 7s] and lost with a pair of Sixes


PokerStars Hand #167524965127:  Hold'em Limit ($3/$6 USD) - 2017/03/13 9:06:26 ET
Table 'Eulalia' 6-max Seat #5 is the button
Seat 2: Rus29APX ($247.94 in chips)
Seat 5: apx0surry9 ($522.55 in chips)
apx0surry9: posts small blind $1
Homasapien: is sitting out
Rus29APX: posts big blind $3
*** HOLE CARDS ***
apx0surry9: raises $3 to $6
Rus29APX: calls $3
*** FLOP *** [5s 2s Kd]
Rus29APX: checks
apx0surry9: bets $3
Rus29APX: folds
Uncalled bet ($3) returned to apx0surry9
apx0surry9 collected $11.76 from pot
apx0surry9: doesn't show hand
*** SUMMARY ***
Total pot $12 | Rake $0.24
Board [5s 2s Kd]
Seat 2: Rus29APX (big blind) folded on the Flop
Seat 5: apx0surry9 (button) (small blind) collected ($11.76)


PokerStars Hand #167525028082:  Hold'em Limit ($3/$6 USD) - 2017/03/13 9:08:27 ET
Table 'Eulalia' 6-max Seat #2 is the button
Seat 2: Rus29APX ($241.44 in chips)
Seat 5: apx0surry9 ($527.81 in chips)
Rus29APX: posts small blind $1
apx0surry9: posts big blind $3
*** HOLE CARDS ***
Rus29APX: raises $3 to $6
apx0surry9: folds
Uncalled bet ($3) returned to Rus29APX
Rus29APX collected $6 from pot
Rus29APX: doesn't show hand
*** SUMMARY ***
Total pot $6 | Rake $0
Seat 2: Rus29APX (button) (small blind) collected ($6)
Seat 5: apx0surry9 (big blind) folded before Flop


PokerStars Hand #167525002122:  Hold'em Limit ($3/$6 USD) - 2017/03/13 9:07:37 ET
Table 'Eulalia' 6-max Seat #5 is the button
Seat 2: Rus29APX ($259.44 in chips)
Seat 5: apx0surry9 ($510.31 in chips)
apx0surry9: posts small blind $1
Rus29APX: posts big blind $3
*** HOLE CARDS ***
apx0surry9: raises $3 to $6
Rus29APX: raises $3 to $9
apx0surry9: calls $3
*** FLOP *** [Tc 8d 9d]
Rus29APX: bets $3
apx0surry9: calls $3
*** TURN *** [Tc 8d 9d] [Qc]
Rus29APX: checks
apx0surry9: bets $6
Rus29APX: calls $6
*** RIVER *** [Tc 8d 9d Qc] [9h]
Rus29APX: checks
apx0surry9: checks
*** SHOW DOWN ***
Rus29APX: shows [6c Ac] (a pair of Nines)
apx0surry9: shows [8h Ts] (two pair, Tens and Nines)
apx0surry9 collected $35.50 from pot
*** SUMMARY ***
Total pot $36 | Rake $0.50
Board [Tc 8d 9d Qc 9h]
Seat 2: Rus29APX (big blind) showed [6c Ac] and lost with a pair of Nines
Seat 5: apx0surry9 (button) (small blind) showed [8h Ts] and won ($35.50) with two pair, Tens and Nines


PokerStars Hand #167525032432:  Hold'em Limit ($3/$6 USD) - 2017/03/13 9:08:36 ET
Table 'Eulalia' 6-max Seat #5 is the button
Seat 2: Rus29APX ($244.44 in chips)
Seat 5: apx0surry9 ($524.81 in chips)
apx0surry9: posts small blind $1
Rus29APX: posts big blind $3
*** HOLE CARDS ***
apx0surry9: folds
Uncalled bet ($2) returned to Rus29APX
Rus29APX collected $2 from pot
Rus29APX: doesn't show hand
*** SUMMARY ***
Total pot $2 | Rake $0
Seat 2: Rus29APX (big blind) collected ($2)
Seat 5: apx0surry9 (button) (small blind) folded before Flop


PokerStars Hand #167525044804:  Hold'em Limit ($3/$6 USD) - 2017/03/13 9:09:00 ET
Table 'Eulalia' 6-max Seat #5 is the button
Seat 2: Rus29APX ($244.44 in chips)
Seat 5: apx0surry9 ($524.81 in chips)
apx0surry9: posts small blind $1
Rus29APX: posts big blind $3
*** HOLE CARDS ***
apx0surry9: raises $3 to $6
Rus29APX: calls $3
*** FLOP *** [Jc 7c 5c]
Rus29APX: checks
apx0surry9: bets $3
Rus29APX: raises $3 to $6
apx0surry9: folds
Uncalled bet ($3) returned to Rus29APX
Rus29APX collected $17.64 from pot
Rus29APX: doesn't show hand
*** SUMMARY ***
Total pot $18 | Rake $0.36
Board [Jc 7c 5c]
Seat 2: Rus29APX (big blind) collected ($17.64)
Seat 5: apx0surry9 (button) (small blind) folded on the Flop


PokerStars Hand #167525039342:  Hold'em Limit ($3/$6 USD) - 2017/03/13 9:08:49 ET
Table 'Eulalia' 6-max Seat #2 is the button
Seat 2: Rus29APX ($245.44 in chips)
Seat 5: apx0surry9 ($523.81 in chips)
Rus29APX: posts small blind $1
apx0surry9: posts big blind $3
*** HOLE CARDS ***
Rus29APX: folds
Uncalled bet ($2) returned to apx0surry9
apx0surry9 collected $2 from pot
*** SUMMARY ***
Total pot $2 | Rake $0
Seat 2: Rus29APX (button) (small blind) folded before Flop
Seat 5: apx0surry9 (big blind) collected ($2)


PokerStars Hand #167525061570:  Hold'em Limit ($3/$6 USD) - 2017/03/13 9:09:32 ET
Table 'Eulalia' 6-max Seat #2 is the button
Seat 2: Rus29APX ($253.08 in chips)
Seat 5: apx0surry9 ($515.81 in chips)
Rus29APX: posts small blind $1
apx0surry9: posts big blind $3
*** HOLE CARDS ***
Rus29APX: raises $3 to $6
apx0surry9: calls $3
*** FLOP *** [Jh 7s 7h]
apx0surry9: checks
Rus29APX: bets $3
apx0surry9: calls $3
*** TURN *** [Jh 7s 7h] [4d]
apx0surry9: checks
Rus29APX: checks
*** RIVER *** [Jh 7s 7h 4d] [2c]
apx0surry9: bets $6
Rus29APX: folds
Uncalled bet ($6) returned to apx0surry9
apx0surry9 collected $17.64 from pot
apx0surry9: doesn't show hand
*** SUMMARY ***
Total pot $18 | Rake $0.36
Board [Jh 7s 7h 4d 2c]
Seat 2: Rus29APX (button) (small blind) folded on the River
Seat 5: apx0surry9 (big blind) collected ($17.64)


PokerStars Hand #167525116748:  Hold'em Limit ($3/$6 USD) - 2017/03/13 9:11:18 ET
Table 'Eulalia' 6-max Seat #5 is the button
Seat 2: Rus29APX ($261.58 in chips)
Seat 5: apx0surry9 ($506.45 in chips)
apx0surry9: posts small blind $1
Rus29APX: posts big blind $3
*** HOLE CARDS ***
apx0surry9: raises $3 to $6
Rus29APX: folds
Uncalled bet ($3) returned to apx0surry9
apx0surry9 collected $6 from pot
apx0surry9: doesn't show hand
*** SUMMARY ***
Total pot $6 | Rake $0
Seat 2: Rus29APX (big blind) folded before Flop
Seat 5: apx0surry9 (button) (small blind) collected ($6)


PokerStars Hand #167525110399:  Hold'em Limit ($3/$6 USD) - 2017/03/13 9:11:06 ET
Table 'Eulalia' 6-max Seat #5 is the button
Seat 2: Rus29APX ($261.58 in chips)
Seat 5: apx0surry9 ($506.45 in chips)
apx0surry9: posts small blind $1
Rus29APX: posts big blind $3
*** HOLE CARDS ***
apx0surry9: folds
Uncalled bet ($2) returned to Rus29APX
Rus29APX collected $2 from pot
Rus29APX: doesn't show hand
*** SUMMARY ***
Total pot $2 | Rake $0
Seat 2: Rus29APX (big blind) collected ($2)
Seat 5: apx0surry9 (button) (small blind) folded before Flop


PokerStars Hand #167525105855:  Hold'em Limit ($3/$6 USD) - 2017/03/13 9:10:57 ET
Table 'Eulalia' 6-max Seat #2 is the button
Seat 2: Rus29APX ($258.58 in chips)
Seat 5: apx0surry9 ($509.45 in chips)
Rus29APX: posts small blind $1
apx0surry9: posts big blind $3
*** HOLE CARDS ***
Rus29APX: raises $3 to $6
apx0surry9: folds
Uncalled bet ($3) returned to Rus29APX
Rus29APX collected $6 from pot
Rus29APX: doesn't show hand
*** SUMMARY ***
Total pot $6 | Rake $0
Seat 2: Rus29APX (button) (small blind) collected ($6)
Seat 5: apx0surry9 (big blind) folded before Flop


PokerStars Hand #167525082465:  Hold'em Limit ($3/$6 USD) - 2017/03/13 9:10:12 ET
Table 'Eulalia' 6-max Seat #5 is the button
Seat 2: Rus29APX ($244.08 in chips)
Seat 5: apx0surry9 ($524.45 in chips)
apx0surry9: posts small blind $1
Rus29APX: posts big blind $3
*** HOLE CARDS ***
apx0surry9 said, "lol"
apx0surry9: calls $2
Rus29APX: raises $3 to $6
apx0surry9: calls $3
*** FLOP *** [8c 5c 9d]
Rus29APX: bets $3
apx0surry9: calls $3
*** TURN *** [8c 5c 9d] [5h]
Rus29APX: checks
apx0surry9: bets $6
Rus29APX: calls $6
*** RIVER *** [8c 5c 9d 5h] [Qh]
Rus29APX: checks
apx0surry9: checks
*** SHOW DOWN ***
Rus29APX: shows [4d Ac] (a pair of Fives)
apx0surry9: mucks hand
Rus29APX collected $29.50 from pot
*** SUMMARY ***
Total pot $30 | Rake $0.50
Board [8c 5c 9d 5h Qh]
Seat 2: Rus29APX (big blind) showed [4d Ac] and won ($29.50) with a pair of Fives
Seat 5: apx0surry9 (button) (small blind) mucked


PokerStars Hand #167525113299:  Hold'em Limit ($3/$6 USD) - 2017/03/13 9:11:11 ET
Table 'Eulalia' 6-max Seat #2 is the button
Seat 2: Rus29APX ($262.58 in chips)
Seat 5: apx0surry9 ($505.45 in chips)
Rus29APX: posts small blind $1
apx0surry9: posts big blind $3
*** HOLE CARDS ***
Rus29APX: folds
Uncalled bet ($2) returned to apx0surry9
apx0surry9 collected $2 from pot
apx0surry9: doesn't show hand
*** SUMMARY ***
Total pot $2 | Rake $0
Seat 2: Rus29APX (button) (small blind) folded before Flop
Seat 5: apx0surry9 (big blind) collected ($2)


PokerStars Hand #167525122453:  Hold'em Limit ($3/$6 USD) - 2017/03/13 9:11:29 ET
Table 'Eulalia' 6-max Seat #2 is the button
Seat 2: Rus29APX ($258.58 in chips)
Seat 5: apx0surry9 ($509.45 in chips)
Rus29APX: posts small blind $1
apx0surry9: posts big blind $3
*** HOLE CARDS ***
Rus29APX: raises $3 to $6
apx0surry9: calls $3
*** FLOP *** [Qh 8s Js]
apx0surry9: checks
Rus29APX: checks
*** TURN *** [Qh 8s Js] [9s]
apx0surry9: bets $6
Rus29APX: calls $6
*** RIVER *** [Qh 8s Js 9s] [3d]
apx0surry9: bets $6
Rus29APX: calls $6
*** SHOW DOWN ***
apx0surry9: shows [Jc Th] (a straight, Eight to Queen)
Rus29APX: mucks hand
apx0surry9 collected $35.50 from pot
*** SUMMARY ***
Total pot $36 | Rake $0.50
Board [Qh 8s Js 9s 3d]
Seat 2: Rus29APX (button) (small blind) mucked
Seat 5: apx0surry9 (big blind) showed [Jc Th] and won ($35.50) with a straight, Eight to Queen


PokerStars Hand #167525138525:  Hold'em Limit ($3/$6 USD) - 2017/03/13 9:12:00 ET
Table 'Eulalia' 6-max Seat #5 is the button
Seat 2: Rus29APX ($240.58 in chips)
Seat 5: apx0surry9 ($526.95 in chips)
apx0surry9: posts small blind $1
Rus29APX: posts big blind $3
*** HOLE CARDS ***
apx0surry9: folds
Uncalled bet ($2) returned to Rus29APX
Rus29APX collected $2 from pot
Rus29APX: doesn't show hand
*** SUMMARY ***
Total pot $2 | Rake $0
Seat 2: Rus29APX (big blind) collected ($2)
Seat 5: apx0surry9 (button) (small blind) folded before Flop


PokerStars Hand #167525144169:  Hold'em Limit ($3/$6 USD) - 2017/03/13 9:12:11 ET
Table 'Eulalia' 6-max Seat #2 is the button
Seat 2: Rus29APX ($241.58 in chips)
Seat 5: apx0surry9 ($525.95 in chips)
Rus29APX: posts small blind $1
apx0surry9: posts big blind $3
*** HOLE CARDS ***
Rus29APX: raises $3 to $6
apx0surry9: raises $3 to $9
Rus29APX: calls $3
*** FLOP *** [Kc 4c 6c]
apx0surry9: bets $3
Rus29APX: calls $3
*** TURN *** [Kc 4c 6c] [3d]
apx0surry9: bets $6
Rus29APX: calls $6
*** RIVER *** [Kc 4c 6c 3d] [Kh]
apx0surry9: bets $6
Rus29APX: calls $6
*** SHOW DOWN ***
apx0surry9: shows [8s 8c] (two pair, Kings and Eights)
Rus29APX: mucks hand
apx0surry9 collected $47.50 from pot
*** SUMMARY ***
Total pot $48 | Rake $0.50
Board [Kc 4c 6c 3d Kh]
Seat 2: Rus29APX (button) (small blind) mucked
Seat 5: apx0surry9 (big blind) showed [8s 8c] and won ($47.50) with two pair, Kings and Eights


PokerStars Hand #167525187883:  Hold'em Limit ($3/$6 USD) - 2017/03/13 9:13:35 ET
Table 'Eulalia' 6-max Seat #2 is the button
Seat 2: Rus29APX ($205.58 in chips)
Seat 5: apx0surry9 ($560.97 in chips)
Rus29APX: posts small blind $1
apx0surry9: posts big blind $3
*** HOLE CARDS ***
Rus29APX: raises $3 to $6
apx0surry9: folds
Uncalled bet ($3) returned to Rus29APX
Rus29APX collected $6 from pot
Rus29APX: doesn't show hand
*** SUMMARY ***
Total pot $6 | Rake $0
Seat 2: Rus29APX (button) (small blind) collected ($6)
Seat 5: apx0surry9 (big blind) folded before Flop


PokerStars Hand #167525164150:  Hold'em Limit ($3/$6 USD) - 2017/03/13 9:12:49 ET
Table 'Eulalia' 6-max Seat #5 is the button
Seat 2: Rus29APX ($217.58 in chips)
Seat 5: apx0surry9 ($549.45 in chips)
apx0surry9: posts small blind $1
Rus29APX: posts big blind $3
*** HOLE CARDS ***
apx0surry9 said, "lol"
apx0surry9: calls $2
Rus29APX: checks
*** FLOP *** [9h Jh 8s]
Rus29APX: checks
apx0surry9: bets $3
Rus29APX: calls $3
*** TURN *** [9h Jh 8s] [Js]
Rus29APX: checks
apx0surry9: bets $6
Rus29APX: calls $6
*** RIVER *** [9h Jh 8s Js] [Qd]
Rus29APX: checks
apx0surry9: checks
*** SHOW DOWN ***
Rus29APX: shows [2s Ah] (a pair of Jacks)
apx0surry9: shows [2d 9d] (two pair, Jacks and Nines)
apx0surry9 collected $23.52 from pot
*** SUMMARY ***
Total pot $24 | Rake $0.48
Board [9h Jh 8s Js Qd]
Seat 2: Rus29APX (big blind) showed [2s Ah] and lost with a pair of Jacks
Seat 5: apx0surry9 (button) (small blind) showed [2d 9d] and won ($23.52) with two pair, Jacks and Nines


PokerStars Hand #167525192044:  Hold'em Limit ($3/$6 USD) - 2017/03/13 9:13:43 ET
Table 'Eulalia' 6-max Seat #5 is the button
Seat 2: Rus29APX ($208.58 in chips)
Seat 5: apx0surry9 ($557.97 in chips)
apx0surry9: posts small blind $1
Rus29APX: posts big blind $3
*** HOLE CARDS ***
apx0surry9: raises $3 to $6
Rus29APX: raises $3 to $9
apx0surry9: calls $3
*** FLOP *** [4h 7d 6d]
Rus29APX: bets $3
apx0surry9: raises $3 to $6
Rus29APX: raises $3 to $9
apx0surry9: raises $3 to $12
Betting is capped
Rus29APX: calls $3
*** TURN *** [4h 7d 6d] [3s]
Rus29APX: checks
apx0surry9: bets $6
Rus29APX: calls $6
*** RIVER *** [4h 7d 6d 3s] [9d]
Rus29APX: checks
apx0surry9: bets $6
Rus29APX: calls $6
*** SHOW DOWN ***
apx0surry9: shows [6s 5c] (a straight, Three to Seven)
Rus29APX: mucks hand
apx0surry9 collected $65.50 from pot
*** SUMMARY ***
Total pot $66 | Rake $0.50
Board [4h 7d 6d 3s 9d]
Seat 2: Rus29APX (big blind) mucked
Seat 5: apx0surry9 (button) (small blind) showed [6s 5c] and won ($65.50) with a straight, Three to Seven


PokerStars Hand #167525213386:  Hold'em Limit ($3/$6 USD) - 2017/03/13 9:14:24 ET
Table 'Eulalia' 6-max Seat #2 is the button
Seat 2: Rus29APX ($175.58 in chips)
Seat 5: apx0surry9 ($590.47 in chips)
Rus29APX: posts small blind $1
apx0surry9: posts big blind $3
*** HOLE CARDS ***
apx0surry9 said, "lol"
Rus29APX: raises $3 to $6
apx0surry9 said, "survice"
apx0surry9: folds
Uncalled bet ($3) returned to Rus29APX
Rus29APX collected $6 from pot
Rus29APX: doesn't show hand
*** SUMMARY ***
Total pot $6 | Rake $0
Seat 2: Rus29APX (button) (small blind) collected ($6)
Seat 5: apx0surry9 (big blind) folded before Flop


PokerStars Hand #167525235458:  Hold'em Limit ($3/$6 USD) - 2017/03/13 9:15:05 ET
Table 'Eulalia' 6-max Seat #5 is the button
Seat 2: Rus29APX ($182.58 in chips)
Seat 5: apx0surry9 ($583.47 in chips)
apx0surry9: posts small blind $1
Rus29APX: posts big blind $3
*** HOLE CARDS ***
apx0surry9: raises $3 to $6
Rus29APX: folds
Uncalled bet ($3) returned to apx0surry9
apx0surry9 collected $6 from pot
apx0surry9: doesn't show hand
*** SUMMARY ***
Total pot $6 | Rake $0
Seat 2: Rus29APX (big blind) folded before Flop
Seat 5: apx0surry9 (button) (small blind) collected ($6)


PokerStars Hand #167525230635:  Hold'em Limit ($3/$6 USD) - 2017/03/13 9:14:56 ET
Table 'Eulalia' 6-max Seat #2 is the button
Seat 2: Rus29APX ($179.58 in chips)
Seat 5: apx0surry9 ($586.47 in chips)
Rus29APX: posts small blind $1
apx0surry9: posts big blind $3
*** HOLE CARDS ***
Rus29APX: raises $3 to $6
apx0surry9: folds
Uncalled bet ($3) returned to Rus29APX
Rus29APX collected $6 from pot
Rus29APX: doesn't show hand
*** SUMMARY ***
Total pot $6 | Rake $0
Seat 2: Rus29APX (button) (small blind) collected ($6)
Seat 5: apx0surry9 (big blind) folded before Flop


PokerStars Hand #167525227588:  Hold'em Limit ($3/$6 USD) - 2017/03/13 9:14:50 ET
Table 'Eulalia' 6-max Seat #5 is the button
Seat 2: Rus29APX ($178.58 in chips)
Seat 5: apx0surry9 ($587.47 in chips)
apx0surry9: posts small blind $1
Rus29APX: posts big blind $3
*** HOLE CARDS ***
apx0surry9: folds
Uncalled bet ($2) returned to Rus29APX
Rus29APX collected $2 from pot
Rus29APX: doesn't show hand
*** SUMMARY ***
Total pot $2 | Rake $0
Seat 2: Rus29APX (big blind) collected ($2)
Seat 5: apx0surry9 (button) (small blind) folded before Flop


PokerStars Hand #167525239958:  Hold'em Limit ($3/$6 USD) - 2017/03/13 9:15:14 ET
Table 'Eulalia' 6-max Seat #2 is the button
Seat 2: Rus29APX ($179.58 in chips)
Seat 5: apx0surry9 ($586.47 in chips)
Rus29APX: posts small blind $1
apx0surry9: posts big blind $3
*** HOLE CARDS ***
Rus29APX: raises $3 to $6
apx0surry9: calls $3
*** FLOP *** [9h 9s 5c]
apx0surry9: checks
Rus29APX: bets $3
apx0surry9: raises $3 to $6
Rus29APX: calls $3
*** TURN *** [9h 9s 5c] [Js]
apx0surry9: checks
Rus29APX: bets $6
apx0surry9: calls $6
*** RIVER *** [9h 9s 5c Js] [4c]
apx0surry9: checks
Rus29APX: bets $6
apx0surry9: calls $6
*** SHOW DOWN ***
Rus29APX: shows [8c 8s] (two pair, Nines and Eights)
apx0surry9: mucks hand
Rus29APX collected $47.50 from pot
*** SUMMARY ***
Total pot $48 | Rake $0.50
Board [9h 9s 5c Js 4c]
Seat 2: Rus29APX (button) (small blind) showed [8c 8s] and won ($47.50) with two pair, Nines and Eights
Seat 5: apx0surry9 (big blind) mucked


PokerStars Hand #167525261793:  Hold'em Limit ($3/$6 USD) - 2017/03/13 9:15:55 ET
Table 'Eulalia' 6-max Seat #5 is the button
Seat 2: Rus29APX ($203.08 in chips)
Seat 5: apx0surry9 ($562.47 in chips)
apx0surry9: posts small blind $1
Rus29APX: posts big blind $3
*** HOLE CARDS ***
apx0surry9: calls $2
Rus29APX: raises $3 to $6
apx0surry9: calls $3
*** FLOP *** [4c Jc 2c]
Rus29APX: bets $3
apx0surry9: raises $3 to $6
Rus29APX: calls $3
*** TURN *** [4c Jc 2c] [6h]
apx0surry9 said, "faster"
Rus29APX: checks
apx0surry9: bets $6
Rus29APX: calls $6
*** RIVER *** [4c Jc 2c 6h] [Kd]
Rus29APX: checks
apx0surry9: checks
*** SHOW DOWN ***
Rus29APX: shows [Kc 9s] (a pair of Kings)
apx0surry9: mucks hand
Rus29APX collected $35.50 from pot
*** SUMMARY ***
Total pot $36 | Rake $0.50
Board [4c Jc 2c 6h Kd]
Seat 2: Rus29APX (big blind) showed [Kc 9s] and won ($35.50) with a pair of Kings
Seat 5: apx0surry9 (button) (small blind) mucked


PokerStars Hand #167525293676:  Hold'em Limit ($3/$6 USD) - 2017/03/13 9:16:56 ET
Table 'Eulalia' 6-max Seat #2 is the button
Seat 2: Rus29APX ($220.58 in chips)
Seat 5: apx0surry9 ($544.47 in chips)
Rus29APX: posts small blind $1
apx0surry9: posts big blind $3
*** HOLE CARDS ***
Rus29APX: raises $3 to $6
apx0surry9: calls $3
*** FLOP *** [9s Qh 5d]
apx0surry9: checks
Rus29APX: bets $3
Chrisgalo33 joins the table at seat #3
apx0surry9: folds
Uncalled bet ($3) returned to Rus29APX
Rus29APX collected $11.76 from pot
Rus29APX: doesn't show hand
*** SUMMARY ***
Total pot $12 | Rake $0.24
Board [9s Qh 5d]
Seat 2: Rus29APX (button) (small blind) collected ($11.76)
Seat 5: apx0surry9 (big blind) folded on the Flop


PokerStars Hand #167525311060:  Hold'em Limit ($3/$6 USD) - 2017/03/13 9:17:28 ET
Table 'Eulalia' 6-max Seat #5 is the button
Seat 2: Rus29APX ($226.34 in chips)
Seat 5: apx0surry9 ($538.47 in chips)
apx0surry9: posts small blind $1
Rus29APX: posts big blind $3
*** HOLE CARDS ***
apx0surry9: calls $2
Rus29APX: raises $3 to $6
apx0surry9: calls $3
*** FLOP *** [Qd Ad 3c]
Homasapien leaves the table
Homasapien joins the table at seat #4
Rus29APX: bets $3
apx0surry9: folds
Uncalled bet ($3) returned to Rus29APX
Rus29APX collected $11.76 from pot
Rus29APX: doesn't show hand
*** SUMMARY ***
Total pot $12 | Rake $0.24
Board [Qd Ad 3c]
Seat 2: Rus29APX (big blind) collected ($11.76)
Seat 5: apx0surry9 (button) (small blind) folded on the Flop


PokerStars Hand #167526365819:  Hold'em Limit ($3/$6 USD) - 2017/03/13 9:50:19 ET
Table 'Eulalia' 6-max Seat #1 is the button
Seat 1: LouisB ($123.28 in chips)
Seat 2: Rus29APX ($114.44 in chips)
LouisB: posts small blind $1
Rus29APX: posts big blind $3
*** HOLE CARDS ***
LouisB: folds
Uncalled bet ($2) returned to Rus29APX
Rus29APX collected $2 from pot
Rus29APX: doesn't show hand
*** SUMMARY ***
Total pot $2 | Rake $0
Seat 1: LouisB (button) (small blind) folded before Flop
Seat 2: Rus29APX (big blind) collected ($2)


PokerStars Hand #167526362456:  Hold'em Limit ($3/$6 USD) - 2017/03/13 9:50:12 ET
Table 'Eulalia' 6-max Seat #2 is the button
Seat 1: LouisB ($126.28 in chips)
Seat 2: Rus29APX ($111.44 in chips)
Rus29APX: posts small blind $1
LouisB: posts big blind $3
*** HOLE CARDS ***
Rus29APX: raises $3 to $6
LouisB: folds
Uncalled bet ($3) returned to Rus29APX
Rus29APX collected $6 from pot
Rus29APX: doesn't show hand
*** SUMMARY ***
Total pot $6 | Rake $0
Seat 1: LouisB (big blind) folded before Flop
Seat 2: Rus29APX (button) (small blind) collected ($6)


