PokerStars Hand #168507199347:  Hold'em Limit ($3/$6 USD) - 2017/04/03 2:57:49 ET
Table 'Euler' 6-max Seat #1 is the button
Seat 1: LifeisagameX ($84 in chips)
Seat 2: ChippYulya ($120 in chips)
LifeisagameX: posts small blind $1
ChippYulya: posts big blind $3
*** HOLE CARDS ***
LifeisagameX: raises $3 to $6
ChippYulya: raises $3 to $9
LifeisagameX: calls $3
*** FLOP *** [Jd 3h 3d]
ChippYulya: bets $3
LifeisagameX: calls $3
*** TURN *** [Jd 3h 3d] [9h]
ChippYulya: bets $6
LifeisagameX: raises $6 to $12
ChippYulya: raises $6 to $18
LifeisagameX: raises $6 to $24
Betting is capped
ChippYulya: calls $6
*** RIVER *** [Jd 3h 3d 9h] [2c]
ChippYulya: checks
LifeisagameX: bets $6
ChippYulya: calls $6
*** SHOW DOWN ***
LifeisagameX: shows [3s Ad] (three of a kind, Threes)
ChippYulya: mucks hand
LifeisagameX collected $83.50 from pot
*** SUMMARY ***
Total pot $84 | Rake $0.50
Board [Jd 3h 3d 9h 2c]
Seat 1: LifeisagameX (button) (small blind) showed [3s Ad] and won ($83.50) with three of a kind, Threes
Seat 2: ChippYulya (big blind) mucked


PokerStars Hand #168507210164:  Hold'em Limit ($3/$6 USD) - 2017/04/03 2:58:34 ET
Table 'Euler' 6-max Seat #2 is the button
Seat 1: LifeisagameX ($125.50 in chips)
Seat 2: ChippYulya ($78 in chips)
ChippYulya: posts small blind $1
LifeisagameX: posts big blind $3
*** HOLE CARDS ***
ChippYulya: folds
Uncalled bet ($2) returned to LifeisagameX
LifeisagameX collected $2 from pot
LifeisagameX: doesn't show hand
*** SUMMARY ***
Total pot $2 | Rake $0
Seat 1: LifeisagameX (big blind) collected ($2)
Seat 2: ChippYulya (button) (small blind) folded before Flop


PokerStars Hand #168507211591:  Hold'em Limit ($3/$6 USD) - 2017/04/03 2:58:40 ET
Table 'Euler' 6-max Seat #1 is the button
Seat 1: LifeisagameX ($126.50 in chips)
Seat 2: ChippYulya ($77 in chips)
LifeisagameX: posts small blind $1
ChippYulya: posts big blind $3
*** HOLE CARDS ***
LifeisagameX: raises $3 to $6
ChippYulya: raises $3 to $9
LifeisagameX: calls $3
*** FLOP *** [8c 5s Js]
ChippYulya: bets $3
LifeisagameX: calls $3
*** TURN *** [8c 5s Js] [Td]
ChippYulya: bets $6
LifeisagameX: folds
Uncalled bet ($6) returned to ChippYulya
ChippYulya collected $23.52 from pot
ChippYulya: doesn't show hand
*** SUMMARY ***
Total pot $24 | Rake $0.48
Board [8c 5s Js Td]
Seat 1: LifeisagameX (button) (small blind) folded on the Turn
Seat 2: ChippYulya (big blind) collected ($23.52)


PokerStars Hand #168507218849:  Hold'em Limit ($3/$6 USD) - 2017/04/03 2:59:11 ET
Table 'Euler' 6-max Seat #2 is the button
Seat 1: LifeisagameX ($114.50 in chips)
Seat 2: ChippYulya ($88.52 in chips)
ChippYulya: posts small blind $1
LifeisagameX: posts big blind $3
*** HOLE CARDS ***
ChippYulya: raises $3 to $6
LifeisagameX: calls $3
*** FLOP *** [4d 7c Jc]
LifeisagameX: checks
ChippYulya: bets $3
LifeisagameX: calls $3
*** TURN *** [4d 7c Jc] [5h]
LifeisagameX: checks
ChippYulya: checks
*** RIVER *** [4d 7c Jc 5h] [3c]
LifeisagameX: bets $6
ChippYulya: folds
Uncalled bet ($6) returned to LifeisagameX
LifeisagameX collected $17.64 from pot
LifeisagameX: doesn't show hand
*** SUMMARY ***
Total pot $18 | Rake $0.36
Board [4d 7c Jc 5h 3c]
Seat 1: LifeisagameX (big blind) collected ($17.64)
Seat 2: ChippYulya (button) (small blind) folded on the River


