PokerStars Hand #175885840780:  Hold'em Limit ($3/$6 USD) - 2017/09/20 8:10:50 ET
Table 'Eumaios' 6-max Seat #2 is the button
Seat 2: Vitalii.ZN ($120 in chips)
Seat 3: Ag3r0n ($72 in chips)
Vitalii.ZN: posts small blind $1
Ag3r0n: posts big blind $3
*** HOLE CARDS ***
Vitalii.ZN: calls $2
Ag3r0n: raises $3 to $6
Vitalii.ZN: calls $3
*** FLOP *** [Js 3d 6d]
Ag3r0n: checks
Vitalii.ZN: checks
*** TURN *** [Js 3d 6d] [2c]
Ag3r0n: checks
Vitalii.ZN: bets $6
Ag3r0n: calls $6
*** RIVER *** [Js 3d 6d 2c] [Ac]
Ag3r0n: checks
Vitalii.ZN: checks
*** SHOW DOWN ***
Ag3r0n: shows [Ks 7c] (high card Ace)
Vitalii.ZN: shows [4h Jc] (a pair of Jacks)
Vitalii.ZN collected $23.52 from pot
*** SUMMARY ***
Total pot $24 | Rake $0.48
Board [Js 3d 6d 2c Ac]
Seat 2: Vitalii.ZN (button) (small blind) showed [4h Jc] and won ($23.52) with a pair of Jacks
Seat 3: Ag3r0n (big blind) showed [Ks 7c] and lost with high card Ace


PokerStars Hand #175885838757:  Hold'em Limit ($3/$6 USD) - 2017/09/20 8:10:45 ET
Table 'Eumaios' 6-max Seat #3 is the button
Seat 2: Vitalii.ZN ($119 in chips)
Seat 3: Ag3r0n ($73 in chips)
Ag3r0n: posts small blind $1
Vitalii.ZN: posts big blind $3
*** HOLE CARDS ***
Ag3r0n: folds
Uncalled bet ($2) returned to Vitalii.ZN
Vitalii.ZN collected $2 from pot
Vitalii.ZN: doesn't show hand
*** SUMMARY ***
Total pot $2 | Rake $0
Seat 2: Vitalii.ZN (big blind) collected ($2)
Seat 3: Ag3r0n (button) (small blind) folded before Flop


PokerStars Hand #175885835525:  Hold'em Limit ($3/$6 USD) - 2017/09/20 8:10:38 ET
Table 'Eumaios' 6-max Seat #2 is the button
Seat 2: Vitalii.ZN ($120 in chips)
Seat 3: Ag3r0n ($72 in chips)
Vitalii.ZN: posts small blind $1
Ag3r0n: posts big blind $3
*** HOLE CARDS ***
Vitalii.ZN: folds
Uncalled bet ($2) returned to Ag3r0n
Ag3r0n collected $2 from pot
Ag3r0n: doesn't show hand
*** SUMMARY ***
Total pot $2 | Rake $0
Seat 2: Vitalii.ZN (button) (small blind) folded before Flop
Seat 3: Ag3r0n (big blind) collected ($2)


PokerStars Hand #175885850331:  Hold'em Limit ($3/$6 USD) - 2017/09/20 8:11:12 ET
Table 'Eumaios' 6-max Seat #3 is the button
Seat 2: Vitalii.ZN ($131.52 in chips)
Seat 3: Ag3r0n ($72 in chips)
Ag3r0n: posts small blind $1
Vitalii.ZN: posts big blind $3
*** HOLE CARDS ***
Ag3r0n: raises $3 to $6
Vitalii.ZN: calls $3
*** FLOP *** [7d 6c 8c]
Vitalii.ZN: bets $3
Ag3r0n: folds
Uncalled bet ($3) returned to Vitalii.ZN
Vitalii.ZN collected $11.76 from pot
Vitalii.ZN: doesn't show hand
*** SUMMARY ***
Total pot $12 | Rake $0.24
Board [7d 6c 8c]
Seat 2: Vitalii.ZN (big blind) collected ($11.76)
Seat 3: Ag3r0n (button) (small blind) folded on the Flop


PokerStars Hand #175885854826:  Hold'em Limit ($3/$6 USD) - 2017/09/20 8:11:22 ET
Table 'Eumaios' 6-max Seat #2 is the button
Seat 2: Vitalii.ZN ($137.28 in chips)
Seat 3: Ag3r0n ($72 in chips)
Vitalii.ZN: posts small blind $1
Ag3r0n: posts big blind $3
*** HOLE CARDS ***
Vitalii.ZN: calls $2
Ag3r0n: checks
*** FLOP *** [6h 7h 5h]
Ag3r0n: bets $3
Vitalii.ZN: calls $3
*** TURN *** [6h 7h 5h] [Kd]
Ag3r0n: bets $6
Vitalii.ZN: calls $6
*** RIVER *** [6h 7h 5h Kd] [Qd]
Ag3r0n: bets $6
Vitalii.ZN: calls $6
*** SHOW DOWN ***
Ag3r0n: shows [6d 5s] (two pair, Sixes and Fives)
Vitalii.ZN: mucks hand
Ag3r0n collected $35.50 from pot
*** SUMMARY ***
Total pot $36 | Rake $0.50
Board [6h 7h 5h Kd Qd]
Seat 2: Vitalii.ZN (button) (small blind) mucked
Seat 3: Ag3r0n (big blind) showed [6d 5s] and won ($35.50) with two pair, Sixes and Fives


PokerStars Hand #175885863919:  Hold'em Limit ($3/$6 USD) - 2017/09/20 8:11:43 ET
Table 'Eumaios' 6-max Seat #3 is the button
Seat 2: Vitalii.ZN ($119.28 in chips)
Seat 3: Ag3r0n ($89.50 in chips)
Ag3r0n: posts small blind $1
Vitalii.ZN: posts big blind $3
*** HOLE CARDS ***
Ag3r0n: raises $3 to $6
Vitalii.ZN: calls $3
*** FLOP *** [3s Qc 6s]
Vitalii.ZN: checks
Ag3r0n: bets $3
Vitalii.ZN: calls $3
*** TURN *** [3s Qc 6s] [Ah]
Vitalii.ZN: checks
Ag3r0n: bets $6
Vitalii.ZN: raises $6 to $12
Ag3r0n: calls $6
*** RIVER *** [3s Qc 6s Ah] [9c]
Vitalii.ZN: checks
Ag3r0n: bets $6
Vitalii.ZN: calls $6
*** SHOW DOWN ***
Ag3r0n: shows [5c 4d] (high card Ace)
Vitalii.ZN: shows [Td Tc] (a pair of Tens)
Vitalii.ZN collected $53.50 from pot
*** SUMMARY ***
Total pot $54 | Rake $0.50
Board [3s Qc 6s Ah 9c]
Seat 2: Vitalii.ZN (big blind) showed [Td Tc] and won ($53.50) with a pair of Tens
Seat 3: Ag3r0n (button) (small blind) showed [5c 4d] and lost with high card Ace


PokerStars Hand #175885896179:  Hold'em Limit ($3/$6 USD) - 2017/09/20 8:12:57 ET
Table 'Eumaios' 6-max Seat #3 is the button
Seat 2: Vitalii.ZN ($139.42 in chips)
Seat 3: Ag3r0n ($77.76 in chips)
Ag3r0n: posts small blind $1
Vitalii.ZN: posts big blind $3
*** HOLE CARDS ***
Ag3r0n: raises $3 to $6
Vitalii.ZN: calls $3
*** FLOP *** [5s Ks 3c]
Vitalii.ZN: checks
Ag3r0n: bets $3
Vitalii.ZN: folds
Uncalled bet ($3) returned to Ag3r0n
Ag3r0n collected $11.76 from pot
Ag3r0n: doesn't show hand
*** SUMMARY ***
Total pot $12 | Rake $0.24
Board [5s Ks 3c]
Seat 2: Vitalii.ZN (big blind) folded on the Flop
Seat 3: Ag3r0n (button) (small blind) collected ($11.76)


PokerStars Hand #175885874296:  Hold'em Limit ($3/$6 USD) - 2017/09/20 8:12:07 ET
Table 'Eumaios' 6-max Seat #2 is the button
Seat 2: Vitalii.ZN ($145.78 in chips)
Seat 3: Ag3r0n ($72 in chips)
Vitalii.ZN: posts small blind $1
Ag3r0n: posts big blind $3
*** HOLE CARDS ***
Vitalii.ZN: calls $2
Ag3r0n: checks
*** FLOP *** [7c 6d 2d]
Ag3r0n: checks
Vitalii.ZN: checks
*** TURN *** [7c 6d 2d] [4d]
Ag3r0n: bets $6
Vitalii.ZN: calls $6
*** RIVER *** [7c 6d 2d 4d] [9c]
Ag3r0n: checks
Vitalii.ZN: checks
*** SHOW DOWN ***
Ag3r0n: shows [4h Jh] (a pair of Fours)
Vitalii.ZN: mucks hand
Ag3r0n collected $17.64 from pot
*** SUMMARY ***
Total pot $18 | Rake $0.36
Board [7c 6d 2d 4d 9c]
Seat 2: Vitalii.ZN (button) (small blind) mucked
Seat 3: Ag3r0n (big blind) showed [4h Jh] and won ($17.64) with a pair of Fours


PokerStars Hand #175885881169:  Hold'em Limit ($3/$6 USD) - 2017/09/20 8:12:23 ET
Table 'Eumaios' 6-max Seat #3 is the button
Seat 2: Vitalii.ZN ($136.78 in chips)
Seat 3: Ag3r0n ($80.64 in chips)
Ag3r0n: posts small blind $1
Vitalii.ZN: posts big blind $3
*** HOLE CARDS ***
Ag3r0n: raises $3 to $6
Vitalii.ZN: calls $3
*** FLOP *** [8s Js Th]
Vitalii.ZN: checks
Ag3r0n: bets $3
Vitalii.ZN: calls $3
*** TURN *** [8s Js Th] [4d]
Vitalii.ZN: bets $6
Ag3r0n: folds
Uncalled bet ($6) returned to Vitalii.ZN
Vitalii.ZN collected $17.64 from pot
Vitalii.ZN: doesn't show hand
*** SUMMARY ***
Total pot $18 | Rake $0.36
Board [8s Js Th 4d]
Seat 2: Vitalii.ZN (big blind) collected ($17.64)
Seat 3: Ag3r0n (button) (small blind) folded on the Turn


PokerStars Hand #175885891922:  Hold'em Limit ($3/$6 USD) - 2017/09/20 8:12:48 ET
Table 'Eumaios' 6-max Seat #3 is the button
Seat 2: Vitalii.ZN ($139.42 in chips)
Seat 3: Ag3r0n ($77.76 in chips)
Ag3r0n: posts small blind $1
Vitalii.ZN: posts big blind $3
*** HOLE CARDS ***
Ag3r0n: folds
Uncalled bet ($2) returned to Vitalii.ZN
Vitalii.ZN collected $2 from pot
Vitalii.ZN: doesn't show hand
*** SUMMARY ***
Total pot $2 | Rake $0
Seat 2: Vitalii.ZN (big blind) collected ($2)
Seat 3: Ag3r0n (button) (small blind) folded before Flop


PokerStars Hand #175885887310:  Hold'em Limit ($3/$6 USD) - 2017/09/20 8:12:37 ET
Table 'Eumaios' 6-max Seat #2 is the button
Seat 2: Vitalii.ZN ($145.42 in chips)
Seat 3: Ag3r0n ($72 in chips)
Vitalii.ZN: posts small blind $1
Ag3r0n: posts big blind $3
*** HOLE CARDS ***
Vitalii.ZN: calls $2
Ag3r0n: raises $3 to $6
Vitalii.ZN: calls $3
*** FLOP *** [Qd 5c Qh]
Ag3r0n: bets $3
Vitalii.ZN: folds
Uncalled bet ($3) returned to Ag3r0n
Ag3r0n collected $11.76 from pot
Ag3r0n: doesn't show hand
*** SUMMARY ***
Total pot $12 | Rake $0.24
Board [Qd 5c Qh]
Seat 2: Vitalii.ZN (button) (small blind) folded on the Flop
Seat 3: Ag3r0n (big blind) collected ($11.76)


PokerStars Hand #175885893957:  Hold'em Limit ($3/$6 USD) - 2017/09/20 8:12:52 ET
Table 'Eumaios' 6-max Seat #2 is the button
Seat 2: Vitalii.ZN ($140.42 in chips)
Seat 3: Ag3r0n ($76.76 in chips)
Vitalii.ZN: posts small blind $1
Ag3r0n: posts big blind $3
*** HOLE CARDS ***
Vitalii.ZN: folds
Uncalled bet ($2) returned to Ag3r0n
Ag3r0n collected $2 from pot
Ag3r0n: doesn't show hand
*** SUMMARY ***
Total pot $2 | Rake $0
Seat 2: Vitalii.ZN (button) (small blind) folded before Flop
Seat 3: Ag3r0n (big blind) collected ($2)


PokerStars Hand #175885918229:  Hold'em Limit ($3/$6 USD) - 2017/09/20 8:13:48 ET
Table 'Eumaios' 6-max Seat #3 is the button
Seat 2: Vitalii.ZN ($164.56 in chips)
Seat 3: Ag3r0n ($73 in chips)
Ag3r0n: posts small blind $1
Vitalii.ZN: posts big blind $3
*** HOLE CARDS ***
Ag3r0n: raises $3 to $6
Vitalii.ZN: calls $3
*** FLOP *** [4h Ts 6d]
Vitalii.ZN: checks
Ag3r0n: bets $3
Vitalii.ZN: calls $3
*** TURN *** [4h Ts 6d] [7h]
Vitalii.ZN: checks
Ag3r0n: checks
*** RIVER *** [4h Ts 6d 7h] [5d]
Vitalii.ZN: checks
Ag3r0n: checks
*** SHOW DOWN ***
Vitalii.ZN: shows [4c 3c] (a straight, Three to Seven)
Ag3r0n: mucks hand
Vitalii.ZN collected $17.64 from pot
*** SUMMARY ***
Total pot $18 | Rake $0.36
Board [4h Ts 6d 7h 5d]
Seat 2: Vitalii.ZN (big blind) showed [4c 3c] and won ($17.64) with a straight, Three to Seven
Seat 3: Ag3r0n (button) (small blind) mucked


PokerStars Hand #175885901648:  Hold'em Limit ($3/$6 USD) - 2017/09/20 8:13:10 ET
Table 'Eumaios' 6-max Seat #2 is the button
Seat 2: Vitalii.ZN ($133.42 in chips)
Seat 3: Ag3r0n ($83.52 in chips)
Vitalii.ZN: posts small blind $1
Ag3r0n: posts big blind $3
*** HOLE CARDS ***
Vitalii.ZN: raises $3 to $6
Ag3r0n: calls $3
*** FLOP *** [Ad 3c Kd]
Ag3r0n: checks
Vitalii.ZN: checks
*** TURN *** [Ad 3c Kd] [Tc]
Ag3r0n: bets $6
Vitalii.ZN: raises $6 to $12
Ag3r0n: calls $6
*** RIVER *** [Ad 3c Kd Tc] [8d]
Ag3r0n: checks
Vitalii.ZN: bets $6
Ag3r0n: calls $6
*** SHOW DOWN ***
Vitalii.ZN: shows [8c Ks] (two pair, Kings and Eights)
Ag3r0n: mucks hand
Vitalii.ZN collected $47.50 from pot
*** SUMMARY ***
Total pot $48 | Rake $0.50
Board [Ad 3c Kd Tc 8d]
Seat 2: Vitalii.ZN (button) (small blind) showed [8c Ks] and won ($47.50) with two pair, Kings and Eights
Seat 3: Ag3r0n (big blind) mucked


PokerStars Hand #175885909648:  Hold'em Limit ($3/$6 USD) - 2017/09/20 8:13:29 ET
Table 'Eumaios' 6-max Seat #3 is the button
Seat 2: Vitalii.ZN ($156.92 in chips)
Seat 3: Ag3r0n ($72 in chips)
Ag3r0n: posts small blind $1
Vitalii.ZN: posts big blind $3
*** HOLE CARDS ***
Ag3r0n: raises $3 to $6
Vitalii.ZN: calls $3
*** FLOP *** [6h 6s 4s]
Vitalii.ZN: checks
Ag3r0n: bets $3
Vitalii.ZN: calls $3
*** TURN *** [6h 6s 4s] [6c]
Vitalii.ZN: bets $6
Ag3r0n: folds
Uncalled bet ($6) returned to Vitalii.ZN
Vitalii.ZN collected $17.64 from pot
Vitalii.ZN: doesn't show hand
*** SUMMARY ***
Total pot $18 | Rake $0.36
Board [6h 6s 4s 6c]
Seat 2: Vitalii.ZN (big blind) collected ($17.64)
Seat 3: Ag3r0n (button) (small blind) folded on the Turn


PokerStars Hand #175885916042:  Hold'em Limit ($3/$6 USD) - 2017/09/20 8:13:43 ET
Table 'Eumaios' 6-max Seat #2 is the button
Seat 2: Vitalii.ZN ($165.56 in chips)
Seat 3: Ag3r0n ($72 in chips)
Vitalii.ZN: posts small blind $1
Ag3r0n: posts big blind $3
*** HOLE CARDS ***
Vitalii.ZN: folds
Uncalled bet ($2) returned to Ag3r0n
Ag3r0n collected $2 from pot
Ag3r0n: doesn't show hand
*** SUMMARY ***
Total pot $2 | Rake $0
Seat 2: Vitalii.ZN (button) (small blind) folded before Flop
Seat 3: Ag3r0n (big blind) collected ($2)


PokerStars Hand #175885945962:  Hold'em Limit ($3/$6 USD) - 2017/09/20 8:14:53 ET
Table 'Eumaios' 6-max Seat #2 is the button
Seat 2: Vitalii.ZN ($176.70 in chips)
Seat 3: Ag3r0n ($83.52 in chips)
Vitalii.ZN: posts small blind $1
Ag3r0n: posts big blind $3
*** HOLE CARDS ***
Vitalii.ZN: folds
Uncalled bet ($2) returned to Ag3r0n
Ag3r0n collected $2 from pot
Ag3r0n: doesn't show hand
*** SUMMARY ***
Total pot $2 | Rake $0
Seat 2: Vitalii.ZN (button) (small blind) folded before Flop
Seat 3: Ag3r0n (big blind) collected ($2)


PokerStars Hand #175885941604:  Hold'em Limit ($3/$6 USD) - 2017/09/20 8:14:43 ET
Table 'Eumaios' 6-max Seat #3 is the button
Seat 2: Vitalii.ZN ($182.70 in chips)
Seat 3: Ag3r0n ($77.76 in chips)
Ag3r0n: posts small blind $1
Vitalii.ZN: posts big blind $3
*** HOLE CARDS ***
Ag3r0n: raises $3 to $6
Vitalii.ZN: calls $3
*** FLOP *** [As 2h 7c]
Vitalii.ZN: checks
Ag3r0n: bets $3
Vitalii.ZN: folds
Uncalled bet ($3) returned to Ag3r0n
Ag3r0n collected $11.76 from pot
Ag3r0n: doesn't show hand
*** SUMMARY ***
Total pot $12 | Rake $0.24
Board [As 2h 7c]
Seat 2: Vitalii.ZN (big blind) folded on the Flop
Seat 3: Ag3r0n (button) (small blind) collected ($11.76)


PokerStars Hand #175885926237:  Hold'em Limit ($3/$6 USD) - 2017/09/20 8:14:07 ET
Table 'Eumaios' 6-max Seat #2 is the button
Seat 2: Vitalii.ZN ($173.20 in chips)
Seat 3: Ag3r0n ($72 in chips)
Vitalii.ZN: posts small blind $1
Ag3r0n: posts big blind $3
*** HOLE CARDS ***
Vitalii.ZN: calls $2
Ag3r0n: raises $3 to $6
Vitalii.ZN: calls $3
*** FLOP *** [Th Jc 2h]
Ag3r0n: bets $3
Vitalii.ZN: calls $3
*** TURN *** [Th Jc 2h] [Js]
Ag3r0n: bets $6
Vitalii.ZN: calls $6
*** RIVER *** [Th Jc 2h Js] [As]
Ag3r0n: checks
Vitalii.ZN: checks
*** SHOW DOWN ***
Ag3r0n: shows [Qd 7d] (a pair of Jacks)
Vitalii.ZN: shows [Kd 9d] (a pair of Jacks - Ace+King kicker)
Vitalii.ZN collected $29.50 from pot
*** SUMMARY ***
Total pot $30 | Rake $0.50
Board [Th Jc 2h Js As]
Seat 2: Vitalii.ZN (button) (small blind) showed [Kd 9d] and won ($29.50) with a pair of Jacks
Seat 3: Ag3r0n (big blind) showed [Qd 7d] and lost with a pair of Jacks


PokerStars Hand #175885933498:  Hold'em Limit ($3/$6 USD) - 2017/09/20 8:14:24 ET
Table 'Eumaios' 6-max Seat #3 is the button
Seat 2: Vitalii.ZN ($187.70 in chips)
Seat 3: Ag3r0n ($72 in chips)
Ag3r0n: posts small blind $1
Vitalii.ZN: posts big blind $3
*** HOLE CARDS ***
Ag3r0n: folds
Uncalled bet ($2) returned to Vitalii.ZN
Vitalii.ZN collected $2 from pot
Vitalii.ZN: doesn't show hand
*** SUMMARY ***
Total pot $2 | Rake $0
Seat 2: Vitalii.ZN (big blind) collected ($2)
Seat 3: Ag3r0n (button) (small blind) folded before Flop


PokerStars Hand #175885935457:  Hold'em Limit ($3/$6 USD) - 2017/09/20 8:14:28 ET
Table 'Eumaios' 6-max Seat #2 is the button
Seat 2: Vitalii.ZN ($188.70 in chips)
Seat 3: Ag3r0n ($72 in chips)
Vitalii.ZN: posts small blind $1
Ag3r0n: posts big blind $3
*** HOLE CARDS ***
Vitalii.ZN: calls $2
Ag3r0n: checks
*** FLOP *** [8h 4h 2h]
Ag3r0n: bets $3
Vitalii.ZN: calls $3
*** TURN *** [8h 4h 2h] [Td]
Ag3r0n: bets $6
Vitalii.ZN: folds
Uncalled bet ($6) returned to Ag3r0n
Ag3r0n collected $11.76 from pot
Ag3r0n: doesn't show hand
*** SUMMARY ***
Total pot $12 | Rake $0.24
Board [8h 4h 2h Td]
Seat 2: Vitalii.ZN (button) (small blind) folded on the Turn
Seat 3: Ag3r0n (big blind) collected ($11.76)


PokerStars Hand #175885948866:  Hold'em Limit ($3/$6 USD) - 2017/09/20 8:14:59 ET
Table 'Eumaios' 6-max Seat #3 is the button
Seat 2: Vitalii.ZN ($175.70 in chips)
Seat 3: Ag3r0n ($84.52 in chips)
Ag3r0n: posts small blind $1
Vitalii.ZN: posts big blind $3
*** HOLE CARDS ***
Ag3r0n: raises $3 to $6
Vitalii.ZN: calls $3
*** FLOP *** [7d Ad Kh]
Vitalii.ZN: checks
Ag3r0n: checks
*** TURN *** [7d Ad Kh] [9d]
Vitalii.ZN: checks
Ag3r0n: checks
*** RIVER *** [7d Ad Kh 9d] [7h]
Vitalii.ZN: checks
Ag3r0n: checks
*** SHOW DOWN ***
Vitalii.ZN: shows [2c 6d] (a pair of Sevens)
Ag3r0n: shows [Qh 8c] (a pair of Sevens - Ace+King+Queen kicker)
Ag3r0n collected $11.76 from pot
*** SUMMARY ***
Total pot $12 | Rake $0.24
Board [7d Ad Kh 9d 7h]
Seat 2: Vitalii.ZN (big blind) showed [2c 6d] and lost with a pair of Sevens
Seat 3: Ag3r0n (button) (small blind) showed [Qh 8c] and won ($11.76) with a pair of Sevens


PokerStars Hand #175885955571:  Hold'em Limit ($3/$6 USD) - 2017/09/20 8:15:14 ET
Table 'Eumaios' 6-max Seat #2 is the button
Seat 2: Vitalii.ZN ($169.70 in chips)
Seat 3: Ag3r0n ($90.28 in chips)
Vitalii.ZN: posts small blind $1
Ag3r0n: posts big blind $3
*** HOLE CARDS ***
Vitalii.ZN: calls $2
Ag3r0n: raises $3 to $6
Vitalii.ZN: calls $3
*** FLOP *** [4h Jd 2c]
Ag3r0n: bets $3
Vitalii.ZN: calls $3
*** TURN *** [4h Jd 2c] [6d]
Ag3r0n: bets $6
Vitalii.ZN: calls $6
*** RIVER *** [4h Jd 2c 6d] [9h]
Ag3r0n: bets $6
Vitalii.ZN: calls $6
*** SHOW DOWN ***
Ag3r0n: shows [2d 2h] (three of a kind, Deuces)
Vitalii.ZN: mucks hand
Ag3r0n collected $41.50 from pot
*** SUMMARY ***
Total pot $42 | Rake $0.50
Board [4h Jd 2c 6d 9h]
Seat 2: Vitalii.ZN (button) (small blind) mucked
Seat 3: Ag3r0n (big blind) showed [2d 2h] and won ($41.50) with three of a kind, Deuces


PokerStars Hand #175885963987:  Hold'em Limit ($3/$6 USD) - 2017/09/20 8:15:33 ET
Table 'Eumaios' 6-max Seat #3 is the button
Seat 2: Vitalii.ZN ($148.70 in chips)
Seat 3: Ag3r0n ($110.78 in chips)
Ag3r0n: posts small blind $1
Vitalii.ZN: posts big blind $3
*** HOLE CARDS ***
Ag3r0n: raises $3 to $6
Vitalii.ZN: calls $3
*** FLOP *** [5s Kc Qc]
Vitalii.ZN: checks
Ag3r0n: bets $3
Vitalii.ZN: folds
Uncalled bet ($3) returned to Ag3r0n
Ag3r0n collected $11.76 from pot
Ag3r0n: doesn't show hand
*** SUMMARY ***
Total pot $12 | Rake $0.24
Board [5s Kc Qc]
Seat 2: Vitalii.ZN (big blind) folded on the Flop
Seat 3: Ag3r0n (button) (small blind) collected ($11.76)


PokerStars Hand #175885968805:  Hold'em Limit ($3/$6 USD) - 2017/09/20 8:15:44 ET
Table 'Eumaios' 6-max Seat #2 is the button
Seat 2: Vitalii.ZN ($142.70 in chips)
Seat 3: Ag3r0n ($116.54 in chips)
Vitalii.ZN: posts small blind $1
Ag3r0n: posts big blind $3
*** HOLE CARDS ***
Vitalii.ZN: raises $3 to $6
Ag3r0n: calls $3
*** FLOP *** [Kc 7d Qh]
Ag3r0n: checks
Vitalii.ZN: checks
*** TURN *** [Kc 7d Qh] [Kd]
Ag3r0n: checks
Vitalii.ZN: checks
*** RIVER *** [Kc 7d Qh Kd] [6c]
Ag3r0n: checks
Vitalii.ZN: checks
*** SHOW DOWN ***
Ag3r0n: shows [5d Ah] (a pair of Kings)
Vitalii.ZN: mucks hand
Ag3r0n collected $11.76 from pot
*** SUMMARY ***
Total pot $12 | Rake $0.24
Board [Kc 7d Qh Kd 6c]
Seat 2: Vitalii.ZN (button) (small blind) mucked
Seat 3: Ag3r0n (big blind) showed [5d Ah] and won ($11.76) with a pair of Kings


PokerStars Hand #175885999340:  Hold'em Limit ($3/$6 USD) - 2017/09/20 8:16:54 ET
Table 'Eumaios' 6-max Seat #3 is the button
Seat 2: Vitalii.ZN ($156.72 in chips)
Seat 3: Ag3r0n ($100.82 in chips)
Ag3r0n: posts small blind $1
Vitalii.ZN: posts big blind $3
*** HOLE CARDS ***
Ag3r0n: raises $3 to $6
Vitalii.ZN: calls $3
*** FLOP *** [2d 9c Jd]
Vitalii.ZN: bets $3
Ag3r0n: calls $3
*** TURN *** [2d 9c Jd] [8d]
Vitalii.ZN: bets $6
Ag3r0n: calls $6
*** RIVER *** [2d 9c Jd 8d] [9s]
Vitalii.ZN: bets $6
Ag3r0n: folds
Uncalled bet ($6) returned to Vitalii.ZN
Vitalii.ZN collected $29.50 from pot
Vitalii.ZN: doesn't show hand
*** SUMMARY ***
Total pot $30 | Rake $0.50
Board [2d 9c Jd 8d 9s]
Seat 2: Vitalii.ZN (big blind) collected ($29.50)
Seat 3: Ag3r0n (button) (small blind) folded on the River


PokerStars Hand #175885975292:  Hold'em Limit ($3/$6 USD) - 2017/09/20 8:15:59 ET
Table 'Eumaios' 6-max Seat #3 is the button
Seat 2: Vitalii.ZN ($136.70 in chips)
Seat 3: Ag3r0n ($122.30 in chips)
Ag3r0n: posts small blind $1
Vitalii.ZN: posts big blind $3
*** HOLE CARDS ***
Ag3r0n: raises $3 to $6
Vitalii.ZN: calls $3
*** FLOP *** [Js 8h 6c]
Vitalii.ZN: bets $3
Ag3r0n: calls $3
*** TURN *** [Js 8h 6c] [8d]
Vitalii.ZN: bets $6
Ag3r0n: raises $6 to $12
Vitalii.ZN: calls $6
*** RIVER *** [Js 8h 6c 8d] [9h]
Vitalii.ZN: checks
Ag3r0n: checks
*** SHOW DOWN ***
Vitalii.ZN: shows [Jh Td] (two pair, Jacks and Eights)
Ag3r0n: mucks hand
Vitalii.ZN collected $41.50 from pot
*** SUMMARY ***
Total pot $42 | Rake $0.50
Board [Js 8h 6c 8d 9h]
Seat 2: Vitalii.ZN (big blind) showed [Jh Td] and won ($41.50) with two pair, Jacks and Eights
Seat 3: Ag3r0n (button) (small blind) mucked


PokerStars Hand #175885982410:  Hold'em Limit ($3/$6 USD) - 2017/09/20 8:16:15 ET
Table 'Eumaios' 6-max Seat #2 is the button
Seat 2: Vitalii.ZN ($157.20 in chips)
Seat 3: Ag3r0n ($101.30 in chips)
Vitalii.ZN: posts small blind $1
Ag3r0n: posts big blind $3
*** HOLE CARDS ***
Vitalii.ZN: calls $2
Ag3r0n: checks
*** FLOP *** [9c Kh 8c]
Ag3r0n: bets $3
Vitalii.ZN: calls $3
*** TURN *** [9c Kh 8c] [Td]
Ag3r0n: checks
Vitalii.ZN: checks
*** RIVER *** [9c Kh 8c Td] [Ts]
Ag3r0n: checks
Vitalii.ZN: bets $6
Ag3r0n: calls $6
*** SHOW DOWN ***
Vitalii.ZN: shows [6c As] (a pair of Tens)
Ag3r0n: shows [Jh 8d] (two pair, Tens and Eights)
Ag3r0n collected $23.52 from pot
*** SUMMARY ***
Total pot $24 | Rake $0.48
Board [9c Kh 8c Td Ts]
Seat 2: Vitalii.ZN (button) (small blind) showed [6c As] and lost with a pair of Tens
Seat 3: Ag3r0n (big blind) showed [Jh 8d] and won ($23.52) with two pair, Tens and Eights


PokerStars Hand #175885995184:  Hold'em Limit ($3/$6 USD) - 2017/09/20 8:16:44 ET
Table 'Eumaios' 6-max Seat #2 is the button
Seat 2: Vitalii.ZN ($150.96 in chips)
Seat 3: Ag3r0n ($106.82 in chips)
Vitalii.ZN: posts small blind $1
Ag3r0n: posts big blind $3
*** HOLE CARDS ***
Vitalii.ZN: raises $3 to $6
Ag3r0n: calls $3
*** FLOP *** [Kh 9d 5h]
Ag3r0n: checks
Vitalii.ZN: bets $3
Ag3r0n: folds
Uncalled bet ($3) returned to Vitalii.ZN
Vitalii.ZN collected $11.76 from pot
Vitalii.ZN: doesn't show hand
*** SUMMARY ***
Total pot $12 | Rake $0.24
Board [Kh 9d 5h]
Seat 2: Vitalii.ZN (button) (small blind) collected ($11.76)
Seat 3: Ag3r0n (big blind) folded on the Flop


PokerStars Hand #175885989305:  Hold'em Limit ($3/$6 USD) - 2017/09/20 8:16:31 ET
Table 'Eumaios' 6-max Seat #3 is the button
Seat 2: Vitalii.ZN ($145.20 in chips)
Seat 3: Ag3r0n ($112.82 in chips)
Ag3r0n: posts small blind $1
Vitalii.ZN: posts big blind $3
*** HOLE CARDS ***
Ag3r0n: raises $3 to $6
Vitalii.ZN: calls $3
*** FLOP *** [9h 8d Jh]
Vitalii.ZN: checks
Ag3r0n: checks
*** TURN *** [9h 8d Jh] [2h]
Vitalii.ZN: checks
Ag3r0n: checks
*** RIVER *** [9h 8d Jh 2h] [Td]
Vitalii.ZN: bets $6
Ag3r0n: folds
Uncalled bet ($6) returned to Vitalii.ZN
Vitalii.ZN collected $11.76 from pot
Vitalii.ZN: doesn't show hand
*** SUMMARY ***
Total pot $12 | Rake $0.24
Board [9h 8d Jh 2h Td]
Seat 2: Vitalii.ZN (big blind) collected ($11.76)
Seat 3: Ag3r0n (button) (small blind) folded on the River


PokerStars Hand #175886024026:  Hold'em Limit ($3/$6 USD) - 2017/09/20 8:17:50 ET
Table 'Eumaios' 6-max Seat #2 is the button
Seat 2: Vitalii.ZN ($182.72 in chips)
Seat 3: Ag3r0n ($73.34 in chips)
Vitalii.ZN: posts small blind $1
Ag3r0n: posts big blind $3
*** HOLE CARDS ***
Vitalii.ZN: calls $2
Ag3r0n: checks
*** FLOP *** [9c Jh 2h]
Ag3r0n: checks
Vitalii.ZN: checks
*** TURN *** [9c Jh 2h] [Jd]
Ag3r0n: checks
Vitalii.ZN: checks
*** RIVER *** [9c Jh 2h Jd] [Td]
Ag3r0n: bets $6
Vitalii.ZN: folds
Uncalled bet ($6) returned to Ag3r0n
Ag3r0n collected $5.88 from pot
Ag3r0n: doesn't show hand
*** SUMMARY ***
Total pot $6 | Rake $0.12
Board [9c Jh 2h Jd Td]
Seat 2: Vitalii.ZN (button) (small blind) folded on the River
Seat 3: Ag3r0n (big blind) collected ($5.88)


PokerStars Hand #175886013521:  Hold'em Limit ($3/$6 USD) - 2017/09/20 8:17:26 ET
Table 'Eumaios' 6-max Seat #3 is the button
Seat 2: Vitalii.ZN ($159.22 in chips)
Seat 3: Ag3r0n ($97.34 in chips)
Ag3r0n: posts small blind $1
Vitalii.ZN: posts big blind $3
*** HOLE CARDS ***
Ag3r0n: folds
Uncalled bet ($2) returned to Vitalii.ZN
Vitalii.ZN collected $2 from pot
Vitalii.ZN: doesn't show hand
*** SUMMARY ***
Total pot $2 | Rake $0
Seat 2: Vitalii.ZN (big blind) collected ($2)
Seat 3: Ag3r0n (button) (small blind) folded before Flop


PokerStars Hand #175886005750:  Hold'em Limit ($3/$6 USD) - 2017/09/20 8:17:08 ET
Table 'Eumaios' 6-max Seat #2 is the button
Seat 2: Vitalii.ZN ($171.22 in chips)
Seat 3: Ag3r0n ($85.82 in chips)
Vitalii.ZN: posts small blind $1
Ag3r0n: posts big blind $3
*** HOLE CARDS ***
Vitalii.ZN: calls $2
Ag3r0n: checks
*** FLOP *** [3s 4h 8s]
Ag3r0n: bets $3
Vitalii.ZN: calls $3
*** TURN *** [3s 4h 8s] [6d]
Ag3r0n: bets $6
Vitalii.ZN: calls $6
*** RIVER *** [3s 4h 8s 6d] [4d]
Ag3r0n: checks
Vitalii.ZN: checks
*** SHOW DOWN ***
Ag3r0n: shows [6s 5d] (two pair, Sixes and Fours)
Vitalii.ZN: mucks hand
Ag3r0n collected $23.52 from pot
*** SUMMARY ***
Total pot $24 | Rake $0.48
Board [3s 4h 8s 6d 4d]
Seat 2: Vitalii.ZN (button) (small blind) mucked
Seat 3: Ag3r0n (big blind) showed [6s 5d] and won ($23.52) with two pair, Sixes and Fours


PokerStars Hand #175886017673:  Hold'em Limit ($3/$6 USD) - 2017/09/20 8:17:36 ET
Table 'Eumaios' 6-max Seat #3 is the button
Seat 2: Vitalii.ZN ($159.22 in chips)
Seat 3: Ag3r0n ($97.34 in chips)
Ag3r0n: posts small blind $1
Vitalii.ZN: posts big blind $3
*** HOLE CARDS ***
Ag3r0n: raises $3 to $6
Vitalii.ZN: raises $3 to $9
Ag3r0n: calls $3
*** FLOP *** [5c Jh 2h]
Vitalii.ZN: bets $3
Ag3r0n: calls $3
*** TURN *** [5c Jh 2h] [9h]
Vitalii.ZN: bets $6
Ag3r0n: calls $6
*** RIVER *** [5c Jh 2h 9h] [8s]
Vitalii.ZN: bets $6
Ag3r0n: calls $6
*** SHOW DOWN ***
Vitalii.ZN: shows [Th Kh] (a flush, King high)
Ag3r0n: mucks hand
Vitalii.ZN collected $47.50 from pot
*** SUMMARY ***
Total pot $48 | Rake $0.50
Board [5c Jh 2h 9h 8s]
Seat 2: Vitalii.ZN (big blind) showed [Th Kh] and won ($47.50) with a flush, King high
Seat 3: Ag3r0n (button) (small blind) mucked


PokerStars Hand #175886015643:  Hold'em Limit ($3/$6 USD) - 2017/09/20 8:17:31 ET
Table 'Eumaios' 6-max Seat #2 is the button
Seat 2: Vitalii.ZN ($160.22 in chips)
Seat 3: Ag3r0n ($96.34 in chips)
Vitalii.ZN: posts small blind $1
Ag3r0n: posts big blind $3
*** HOLE CARDS ***
Vitalii.ZN: folds
Uncalled bet ($2) returned to Ag3r0n
Ag3r0n collected $2 from pot
Ag3r0n: doesn't show hand
*** SUMMARY ***
Total pot $2 | Rake $0
Seat 2: Vitalii.ZN (button) (small blind) folded before Flop
Seat 3: Ag3r0n (big blind) collected ($2)


PokerStars Hand #175886035686:  Hold'em Limit ($3/$6 USD) - 2017/09/20 8:18:17 ET
Table 'Eumaios' 6-max Seat #2 is the button
Seat 2: Vitalii.ZN ($173.72 in chips)
Seat 3: Ag3r0n ($81.98 in chips)
Vitalii.ZN: posts small blind $1
Ag3r0n: posts big blind $3
*** HOLE CARDS ***
Vitalii.ZN: folds
Uncalled bet ($2) returned to Ag3r0n
Ag3r0n collected $2 from pot
Ag3r0n: doesn't show hand
*** SUMMARY ***
Total pot $2 | Rake $0
Seat 2: Vitalii.ZN (button) (small blind) folded before Flop
Seat 3: Ag3r0n (big blind) collected ($2)


PokerStars Hand #175886031014:  Hold'em Limit ($3/$6 USD) - 2017/09/20 8:18:06 ET
Table 'Eumaios' 6-max Seat #3 is the button
Seat 2: Vitalii.ZN ($179.72 in chips)
Seat 3: Ag3r0n ($76.22 in chips)
Ag3r0n: posts small blind $1
Vitalii.ZN: posts big blind $3
*** HOLE CARDS ***
Ag3r0n: raises $3 to $6
Vitalii.ZN: calls $3
*** FLOP *** [8c Qc Ks]
Vitalii.ZN: checks
Ag3r0n: bets $3
Vitalii.ZN: folds
Uncalled bet ($3) returned to Ag3r0n
Ag3r0n collected $11.76 from pot
Ag3r0n: doesn't show hand
*** SUMMARY ***
Total pot $12 | Rake $0.24
Board [8c Qc Ks]
Seat 2: Vitalii.ZN (big blind) folded on the Flop
Seat 3: Ag3r0n (button) (small blind) collected ($11.76)


PokerStars Hand #175886037768:  Hold'em Limit ($3/$6 USD) - 2017/09/20 8:18:22 ET
Table 'Eumaios' 6-max Seat #3 is the button
Seat 2: Vitalii.ZN ($172.72 in chips)
Seat 3: Ag3r0n ($82.98 in chips)
Ag3r0n: posts small blind $1
Vitalii.ZN: posts big blind $3
*** HOLE CARDS ***
Ag3r0n: raises $3 to $6
Vitalii.ZN: raises $3 to $9
Ag3r0n: calls $3
*** FLOP *** [9h Jd 9c]
Vitalii.ZN: bets $3
Ag3r0n: folds
Uncalled bet ($3) returned to Vitalii.ZN
Vitalii.ZN collected $17.64 from pot
Vitalii.ZN: doesn't show hand
*** SUMMARY ***
Total pot $18 | Rake $0.36
Board [9h Jd 9c]
Seat 2: Vitalii.ZN (big blind) collected ($17.64)
Seat 3: Ag3r0n (button) (small blind) folded on the Flop


PokerStars Hand #175886042515:  Hold'em Limit ($3/$6 USD) - 2017/09/20 8:18:32 ET
Table 'Eumaios' 6-max Seat #2 is the button
Seat 2: Vitalii.ZN ($181.36 in chips)
Seat 3: Ag3r0n ($73.98 in chips)
Vitalii.ZN: posts small blind $1
Ag3r0n: posts big blind $3
*** HOLE CARDS ***
Vitalii.ZN: raises $3 to $6
Ag3r0n: folds
Uncalled bet ($3) returned to Vitalii.ZN
Vitalii.ZN collected $6 from pot
Vitalii.ZN: doesn't show hand
*** SUMMARY ***
Total pot $6 | Rake $0
Seat 2: Vitalii.ZN (button) (small blind) collected ($6)
Seat 3: Ag3r0n (big blind) folded before Flop


PokerStars Hand #175886045483:  Hold'em Limit ($3/$6 USD) - 2017/09/20 8:18:39 ET
Table 'Eumaios' 6-max Seat #3 is the button
Seat 2: Vitalii.ZN ($184.36 in chips)
Seat 3: Ag3r0n ($72 in chips)
Ag3r0n: posts small blind $1
Vitalii.ZN: posts big blind $3
*** HOLE CARDS ***
Ag3r0n: raises $3 to $6
Vitalii.ZN: calls $3
*** FLOP *** [2c Ac Td]
Vitalii.ZN: checks
Ag3r0n: bets $3
Vitalii.ZN: calls $3
*** TURN *** [2c Ac Td] [Jc]
Vitalii.ZN: checks
Ag3r0n: bets $6
Vitalii.ZN: calls $6
*** RIVER *** [2c Ac Td Jc] [Th]
Vitalii.ZN: bets $6
Ag3r0n: folds
Uncalled bet ($6) returned to Vitalii.ZN
Vitalii.ZN collected $29.50 from pot
Vitalii.ZN: doesn't show hand
*** SUMMARY ***
Total pot $30 | Rake $0.50
Board [2c Ac Td Jc Th]
Seat 2: Vitalii.ZN (big blind) collected ($29.50)
Seat 3: Ag3r0n (button) (small blind) folded on the River


PokerStars Hand #175886078258:  Hold'em Limit ($3/$6 USD) - 2017/09/20 8:19:53 ET
Table 'Eumaios' 6-max Seat #3 is the button
Seat 2: Vitalii.ZN ($177.74 in chips)
Seat 3: Ag3r0n ($92.14 in chips)
Ag3r0n: posts small blind $1
Vitalii.ZN: posts big blind $3
*** HOLE CARDS ***
Ag3r0n: folds
Uncalled bet ($2) returned to Vitalii.ZN
Vitalii.ZN collected $2 from pot
Vitalii.ZN: doesn't show hand
*** SUMMARY ***
Total pot $2 | Rake $0
Seat 2: Vitalii.ZN (big blind) collected ($2)
Seat 3: Ag3r0n (button) (small blind) folded before Flop


PokerStars Hand #175886073752:  Hold'em Limit ($3/$6 USD) - 2017/09/20 8:19:43 ET
Table 'Eumaios' 6-max Seat #2 is the button
Seat 2: Vitalii.ZN ($174.86 in chips)
Seat 3: Ag3r0n ($95.14 in chips)
Vitalii.ZN: posts small blind $1
Ag3r0n: posts big blind $3
*** HOLE CARDS ***
Vitalii.ZN: calls $2
Ag3r0n: checks
*** FLOP *** [Jh 2d 3d]
Ag3r0n: checks
Vitalii.ZN: bets $3
Ag3r0n: folds
Uncalled bet ($3) returned to Vitalii.ZN
Vitalii.ZN collected $5.88 from pot
Vitalii.ZN: doesn't show hand
*** SUMMARY ***
Total pot $6 | Rake $0.12
Board [Jh 2d 3d]
Seat 2: Vitalii.ZN (button) (small blind) collected ($5.88)
Seat 3: Ag3r0n (big blind) folded on the Flop


PokerStars Hand #175886067446:  Hold'em Limit ($3/$6 USD) - 2017/09/20 8:19:29 ET
Table 'Eumaios' 6-max Seat #3 is the button
Seat 2: Vitalii.ZN ($189.86 in chips)
Seat 3: Ag3r0n ($80.64 in chips)
Ag3r0n: posts small blind $1
Vitalii.ZN: posts big blind $3
*** HOLE CARDS ***
Ag3r0n: raises $3 to $6
Vitalii.ZN: calls $3
*** FLOP *** [3s 5d 3d]
Vitalii.ZN: bets $3
Ag3r0n: calls $3
*** TURN *** [3s 5d 3d] [9s]
Vitalii.ZN: bets $6
Ag3r0n: raises $6 to $12
Vitalii.ZN: folds
Uncalled bet ($6) returned to Ag3r0n
Ag3r0n collected $29.50 from pot
Ag3r0n: doesn't show hand
*** SUMMARY ***
Total pot $30 | Rake $0.50
Board [3s 5d 3d 9s]
Seat 2: Vitalii.ZN (big blind) folded on the Turn
Seat 3: Ag3r0n (button) (small blind) collected ($29.50)


PokerStars Hand #175886056609:  Hold'em Limit ($3/$6 USD) - 2017/09/20 8:19:04 ET
Table 'Eumaios' 6-max Seat #2 is the button
Seat 2: Vitalii.ZN ($198.86 in chips)
Seat 3: Ag3r0n ($72 in chips)
Vitalii.ZN: posts small blind $1
Ag3r0n: posts big blind $3
*** HOLE CARDS ***
Vitalii.ZN: calls $2
Ag3r0n: raises $3 to $6
Vitalii.ZN: calls $3
*** FLOP *** [2c 3s Qh]
Ag3r0n: bets $3
Vitalii.ZN: calls $3
*** TURN *** [2c 3s Qh] [4d]
Ag3r0n: checks
Vitalii.ZN: checks
*** RIVER *** [2c 3s Qh 4d] [7c]
Ag3r0n: bets $6
Vitalii.ZN: folds
Uncalled bet ($6) returned to Ag3r0n
Ag3r0n collected $17.64 from pot
Ag3r0n: doesn't show hand
*** SUMMARY ***
Total pot $18 | Rake $0.36
Board [2c 3s Qh 4d 7c]
Seat 2: Vitalii.ZN (button) (small blind) folded on the River
Seat 3: Ag3r0n (big blind) collected ($17.64)


PokerStars Hand #175886080855:  Hold'em Limit ($3/$6 USD) - 2017/09/20 8:19:59 ET
Table 'Eumaios' 6-max Seat #2 is the button
Seat 2: Vitalii.ZN ($178.74 in chips)
Seat 3: Ag3r0n ($91.14 in chips)
Vitalii.ZN: posts small blind $1
Ag3r0n: posts big blind $3
*** HOLE CARDS ***
Vitalii.ZN: raises $3 to $6
Ag3r0n: folds
Uncalled bet ($3) returned to Vitalii.ZN
Vitalii.ZN collected $6 from pot
Vitalii.ZN: doesn't show hand
*** SUMMARY ***
Total pot $6 | Rake $0
Seat 2: Vitalii.ZN (button) (small blind) collected ($6)
Seat 3: Ag3r0n (big blind) folded before Flop


PokerStars Hand #175886100362:  Hold'em Limit ($3/$6 USD) - 2017/09/20 8:20:43 ET
Table 'Eumaios' 6-max Seat #3 is the button
Seat 2: Vitalii.ZN ($210.74 in chips)
Seat 3: Ag3r0n ($72 in chips)
Ag3r0n: posts small blind $1
Vitalii.ZN: posts big blind $3
*** HOLE CARDS ***
Ag3r0n: raises $3 to $6
Vitalii.ZN: calls $3
*** FLOP *** [Th 6h 8h]
Psynto joins the table at seat #4
Vitalii.ZN: checks
Ag3r0n: checks
*** TURN *** [Th 6h 8h] [4d]
Vitalii.ZN: bets $6
Ag3r0n: folds
Uncalled bet ($6) returned to Vitalii.ZN
Vitalii.ZN collected $11.76 from pot
Vitalii.ZN: doesn't show hand
*** SUMMARY ***
Total pot $12 | Rake $0.24
Board [Th 6h 8h 4d]
Seat 2: Vitalii.ZN (big blind) collected ($11.76)
Seat 3: Ag3r0n (button) (small blind) folded on the Turn


PokerStars Hand #175886093216:  Hold'em Limit ($3/$6 USD) - 2017/09/20 8:20:27 ET
Table 'Eumaios' 6-max Seat #2 is the button
Seat 2: Vitalii.ZN ($196.24 in chips)
Seat 3: Ag3r0n ($73.14 in chips)
Vitalii.ZN: posts small blind $1
Ag3r0n: posts big blind $3
*** HOLE CARDS ***
Vitalii.ZN: calls $2
Ag3r0n: checks
*** FLOP *** [Kd Ad 3h]
Ag3r0n: checks
Vitalii.ZN: checks
*** TURN *** [Kd Ad 3h] [6d]
Ag3r0n: bets $6
Vitalii.ZN: calls $6
*** RIVER *** [Kd Ad 3h 6d] [7h]
Ag3r0n: bets $6
Vitalii.ZN: calls $6
*** SHOW DOWN ***
Ag3r0n: shows [8h 5d] (high card Ace)
Vitalii.ZN: shows [Td Ac] (a pair of Aces)
Vitalii.ZN collected $29.50 from pot
*** SUMMARY ***
Total pot $30 | Rake $0.50
Board [Kd Ad 3h 6d 7h]
Seat 2: Vitalii.ZN (button) (small blind) showed [Td Ac] and won ($29.50) with a pair of Aces
Seat 3: Ag3r0n (big blind) showed [8h 5d] and lost with high card Ace


PokerStars Hand #175886083570:  Hold'em Limit ($3/$6 USD) - 2017/09/20 8:20:05 ET
Table 'Eumaios' 6-max Seat #3 is the button
Seat 2: Vitalii.ZN ($181.74 in chips)
Seat 3: Ag3r0n ($88.14 in chips)
Ag3r0n: posts small blind $1
Vitalii.ZN: posts big blind $3
*** HOLE CARDS ***
Ag3r0n: raises $3 to $6
Vitalii.ZN: calls $3
*** FLOP *** [Qd 7c 6h]
Vitalii.ZN: bets $3
Ag3r0n: calls $3
*** TURN *** [Qd 7c 6h] [Qh]
Vitalii.ZN: bets $6
Ag3r0n: calls $6
*** RIVER *** [Qd 7c 6h Qh] [9c]
Vitalii.ZN: bets $6
Ag3r0n: folds
Uncalled bet ($6) returned to Vitalii.ZN
Vitalii.ZN collected $29.50 from pot
Vitalii.ZN: doesn't show hand
*** SUMMARY ***
Total pot $30 | Rake $0.50
Board [Qd 7c 6h Qh 9c]
Seat 2: Vitalii.ZN (big blind) collected ($29.50)
Seat 3: Ag3r0n (button) (small blind) folded on the River


PokerStars Hand #175886105266:  Hold'em Limit ($3/$6 USD) - 2017/09/20 8:20:54 ET
Table 'Eumaios' 6-max Seat #2 is the button
Seat 2: Vitalii.ZN ($216.50 in chips)
Seat 3: Ag3r0n ($72 in chips)
Vitalii.ZN: posts small blind $1
Ag3r0n: posts big blind $3
*** HOLE CARDS ***
Vitalii.ZN: calls $2
Ag3r0n: raises $3 to $6
Vitalii.ZN: calls $3
*** FLOP *** [2s Qd Qh]
Ag3r0n: bets $3
Vitalii.ZN: folds
Uncalled bet ($3) returned to Ag3r0n
Ag3r0n collected $11.76 from pot
Ag3r0n: doesn't show hand
*** SUMMARY ***
Total pot $12 | Rake $0.24
Board [2s Qd Qh]
Seat 2: Vitalii.ZN (button) (small blind) folded on the Flop
Seat 3: Ag3r0n (big blind) collected ($11.76)


