PokerStars Hand #148147693013:  Hold'em Limit ($3/$6 USD) - 2016/02/02 23:16:12 ET
Table 'Eumaios' 10-max Seat #1 is the button
Seat 1: gracetime ($140.50 in chips)
Seat 10: NIGHTyxa ($72 in chips)
gracetime: posts small blind $1
NIGHTyxa: posts big blind $3
*** HOLE CARDS ***
gracetime: raises $3 to $6
NIGHTyxa: calls $3
*** FLOP *** [Th Jh As]
NIGHTyxa: checks
gracetime: bets $3
NIGHTyxa: raises $3 to $6
gracetime: calls $3
*** TURN *** [Th Jh As] [Qh]
NIGHTyxa: bets $6
gracetime: raises $6 to $12
NIGHTyxa: raises $6 to $18
gracetime: calls $6
*** RIVER *** [Th Jh As Qh] [2c]
NIGHTyxa: bets $6
gracetime: calls $6
*** SHOW DOWN ***
NIGHTyxa: shows [5h 4h] (a flush, Queen high)
gracetime: mucks hand
NIGHTyxa collected $71.50 from pot
*** SUMMARY ***
Total pot $72 | Rake $0.50
Board [Th Jh As Qh 2c]
Seat 1: gracetime (button) (small blind) mucked
Seat 10: NIGHTyxa (big blind) showed [5h 4h] and won ($71.50) with a flush, Queen high


PokerStars Hand #148147676024:  Hold'em Limit ($3/$6 USD) - 2016/02/02 23:15:20 ET
Table 'Eumaios' 10-max Seat #10 is the button
Seat 1: gracetime ($120 in chips)
Seat 10: NIGHTyxa ($72 in chips)
NIGHTyxa: posts small blind $1
gracetime: posts big blind $3
*** HOLE CARDS ***
NIGHTyxa: raises $3 to $6
gracetime: calls $3
*** FLOP *** [Ah 4h 2h]
gracetime: checks
NIGHTyxa: bets $3
gracetime: calls $3
*** TURN *** [Ah 4h 2h] [Kd]
gracetime: checks
NIGHTyxa: bets $6
gracetime: calls $6
*** RIVER *** [Ah 4h 2h Kd] [3d]
gracetime: bets $6
NIGHTyxa: calls $6
*** SHOW DOWN ***
gracetime: shows [5h Ad] (a straight, Ace to Five)
NIGHTyxa: mucks hand
gracetime collected $41.50 from pot
*** SUMMARY ***
Total pot $42 | Rake $0.50
Board [Ah 4h 2h Kd 3d]
Seat 1: gracetime (big blind) showed [5h Ad] and won ($41.50) with a straight, Ace to Five
Seat 10: NIGHTyxa (button) (small blind) mucked


PokerStars Hand #148147716162:  Hold'em Limit ($3/$6 USD) - 2016/02/02 23:17:23 ET
Table 'Eumaios' 10-max Seat #10 is the button
Seat 1: gracetime ($112.14 in chips)
Seat 10: NIGHTyxa ($99.50 in chips)
NIGHTyxa: posts small blind $1
gracetime: posts big blind $3
*** HOLE CARDS ***
NIGHTyxa: raises $3 to $6
gracetime: calls $3
*** FLOP *** [2h 6c 9h]
gracetime: checks
NIGHTyxa: bets $3
gracetime: folds
Uncalled bet ($3) returned to NIGHTyxa
NIGHTyxa collected $11.76 from pot
NIGHTyxa: doesn't show hand
*** SUMMARY ***
Total pot $12 | Rake $0.24
Board [2h 6c 9h]
Seat 1: gracetime (big blind) folded on the Flop
Seat 10: NIGHTyxa (button) (small blind) collected ($11.76)


PokerStars Hand #148147720177:  Hold'em Limit ($3/$6 USD) - 2016/02/02 23:17:35 ET
Table 'Eumaios' 10-max Seat #1 is the button
Seat 1: gracetime ($106.14 in chips)
Seat 10: NIGHTyxa ($105.26 in chips)
gracetime: posts small blind $1
NIGHTyxa: posts big blind $3
*** HOLE CARDS ***
gracetime: folds
Uncalled bet ($2) returned to NIGHTyxa
NIGHTyxa collected $2 from pot
NIGHTyxa: doesn't show hand
*** SUMMARY ***
Total pot $2 | Rake $0
Seat 1: gracetime (button) (small blind) folded before Flop
Seat 10: NIGHTyxa (big blind) collected ($2)


PokerStars Hand #148147714606:  Hold'em Limit ($3/$6 USD) - 2016/02/02 23:17:18 ET
Table 'Eumaios' 10-max Seat #1 is the button
Seat 1: gracetime ($113.14 in chips)
Seat 10: NIGHTyxa ($98.50 in chips)
gracetime: posts small blind $1
NIGHTyxa: posts big blind $3
*** HOLE CARDS ***
gracetime: folds
Uncalled bet ($2) returned to NIGHTyxa
NIGHTyxa collected $2 from pot
NIGHTyxa: doesn't show hand
*** SUMMARY ***
Total pot $2 | Rake $0
Seat 1: gracetime (button) (small blind) folded before Flop
Seat 10: NIGHTyxa (big blind) collected ($2)


PokerStars Hand #148147753813:  Hold'em Limit ($3/$6 USD) - 2016/02/02 23:19:19 ET
Table 'Eumaios' 10-max Seat #10 is the button
Seat 6: too2ez ($59 in chips)
Seat 10: NIGHTyxa ($88.92 in chips)
Masqb will be allowed to play after the button
NIGHTyxa: posts small blind $1
gracetime: is sitting out
too2ez: posts big blind $3
*** HOLE CARDS ***
gracetime leaves the table
NIGHTyxa: raises $3 to $6
too2ez: calls $3
*** FLOP *** [7d Ah Qs]
too2ez: checks
NIGHTyxa: bets $3
too2ez: calls $3
*** TURN *** [7d Ah Qs] [Jc]
too2ez: checks
NIGHTyxa: bets $6
too2ez: calls $6
*** RIVER *** [7d Ah Qs Jc] [8h]
too2ez: checks
NIGHTyxa: bets $6
too2ez: calls $6
*** SHOW DOWN ***
NIGHTyxa: shows [As Kd] (a pair of Aces)
too2ez: mucks hand
NIGHTyxa collected $41.50 from pot
*** SUMMARY ***
Total pot $42 | Rake $0.50
Board [7d Ah Qs Jc 8h]
Seat 6: too2ez (big blind) mucked
Seat 10: NIGHTyxa (button) (small blind) showed [As Kd] and won ($41.50) with a pair of Aces


PokerStars Hand #148147802113:  Hold'em Limit ($3/$6 USD) - 2016/02/02 23:21:49 ET
Table 'Eumaios' 10-max Seat #7 is the button
Seat 7: Masqb ($89.92 in chips)
Seat 10: NIGHTyxa ($134.95 in chips)
Masqb: posts small blind $1
NIGHTyxa: posts big blind $3
*** HOLE CARDS ***
Masqb: raises $3 to $6
NIGHTyxa: folds
Uncalled bet ($3) returned to Masqb
Masqb collected $6 from pot
Masqb: doesn't show hand
*** SUMMARY ***
Total pot $6 | Rake $0
Seat 7: Masqb (button) (small blind) collected ($6)
Seat 10: NIGHTyxa (big blind) folded before Flop


PokerStars Hand #148147793216:  Hold'em Limit ($3/$6 USD) - 2016/02/02 23:21:21 ET
Table 'Eumaios' 10-max Seat #10 is the button
Seat 7: Masqb ($95.92 in chips)
Seat 10: NIGHTyxa ($129.19 in chips)
NIGHTyxa: posts small blind $1
too2ez leaves the table
Masqb: posts big blind $3
*** HOLE CARDS ***
NIGHTyxa: raises $3 to $6
Masqb: calls $3
*** FLOP *** [Tc 2h Th]
Masqb: checks
NIGHTyxa: bets $3
Masqb: folds
Uncalled bet ($3) returned to NIGHTyxa
NIGHTyxa collected $11.76 from pot
NIGHTyxa: doesn't show hand
*** SUMMARY ***
Total pot $12 | Rake $0.24
Board [Tc 2h Th]
Seat 7: Masqb (big blind) folded on the Flop
Seat 10: NIGHTyxa (button) (small blind) collected ($11.76)


PokerStars Hand #148147819561:  Hold'em Limit ($3/$6 USD) - 2016/02/02 23:22:43 ET
Table 'Eumaios' 10-max Seat #10 is the button
Seat 7: Masqb ($83.92 in chips)
Seat 10: NIGHTyxa ($140.71 in chips)
NIGHTyxa: posts small blind $1
Masqb: posts big blind $3
*** HOLE CARDS ***
NIGHTyxa: raises $3 to $6
Masqb: raises $3 to $9
NIGHTyxa: calls $3
*** FLOP *** [3d Qs Qd]
Masqb: bets $3
NIGHTyxa: calls $3
*** TURN *** [3d Qs Qd] [2s]
Masqb: bets $6
NIGHTyxa: calls $6
*** RIVER *** [3d Qs Qd 2s] [7h]
Masqb: bets $6
NIGHTyxa: folds
Uncalled bet ($6) returned to Masqb
Masqb collected $35.50 from pot
Masqb: doesn't show hand
*** SUMMARY ***
Total pot $36 | Rake $0.50
Board [3d Qs Qd 2s 7h]
Seat 7: Masqb (big blind) collected ($35.50)
Seat 10: NIGHTyxa (button) (small blind) folded on the River


PokerStars Hand #148147834365:  Hold'em Limit ($3/$6 USD) - 2016/02/02 23:23:30 ET
Table 'Eumaios' 10-max Seat #7 is the button
Seat 7: Masqb ($101.42 in chips)
Seat 10: NIGHTyxa ($122.71 in chips)
Masqb: posts small blind $1
NIGHTyxa: posts big blind $3
*** HOLE CARDS ***
Masqb: raises $3 to $6
NIGHTyxa: raises $3 to $9
Masqb: calls $3
*** FLOP *** [2d Kc 8c]
NIGHTyxa: bets $3
Masqb: calls $3
*** TURN *** [2d Kc 8c] [Th]
NIGHTyxa: bets $6
Masqb: calls $6
*** RIVER *** [2d Kc 8c Th] [5h]
NIGHTyxa: bets $6
Masqb: calls $6
*** SHOW DOWN ***
NIGHTyxa: shows [Kd Ks] (three of a kind, Kings)
Masqb: mucks hand
NIGHTyxa collected $47.50 from pot
*** SUMMARY ***
Total pot $48 | Rake $0.50
Board [2d Kc 8c Th 5h]
Seat 7: Masqb (button) (small blind) mucked
Seat 10: NIGHTyxa (big blind) showed [Kd Ks] and won ($47.50) with three of a kind, Kings


PokerStars Hand #148147871729:  Hold'em Limit ($3/$6 USD) - 2016/02/02 23:25:27 ET
Table 'Eumaios' 10-max Seat #7 is the button
Seat 7: Masqb ($80 in chips)
Seat 10: NIGHTyxa ($175.71 in chips)
Masqb: posts small blind $1
NIGHTyxa: posts big blind $3
*** HOLE CARDS ***
Masqb: raises $3 to $6
NIGHTyxa: calls $3
*** FLOP *** [8h 5h Ks]
NIGHTyxa: checks
Masqb: bets $3
NIGHTyxa: calls $3
*** TURN *** [8h 5h Ks] [As]
NIGHTyxa: checks
Masqb: checks
*** RIVER *** [8h 5h Ks As] [2h]
NIGHTyxa: bets $6
Masqb: folds
Uncalled bet ($6) returned to NIGHTyxa
NIGHTyxa collected $17.64 from pot
NIGHTyxa: doesn't show hand
*** SUMMARY ***
Total pot $18 | Rake $0.36
Board [8h 5h Ks As 2h]
Seat 7: Masqb (button) (small blind) folded on the River
Seat 10: NIGHTyxa (big blind) collected ($17.64)


