PokerStars Hand #174774494160:  Hold'em Limit ($3/$6 USD) - 2017/08/25 10:26:55 ET
Table 'Eumaios' 6-max Seat #6 is the button
Seat 1: xxPSRxx ($105 in chips)
Seat 6: Hadart ($134.50 in chips)
Hadart: posts small blind $1
xxPSRxx: posts big blind $3
*** HOLE CARDS ***
Hadart: raises $3 to $6
xxPSRxx: calls $3
*** FLOP *** [2d 5s Tc]
xxPSRxx: checks
Hadart: bets $3
xxPSRxx: calls $3
*** TURN *** [2d 5s Tc] [Ah]
xxPSRxx: checks
Hadart: bets $6
xxPSRxx: folds
Uncalled bet ($6) returned to Hadart
Hadart collected $17.64 from pot
Hadart: doesn't show hand
*** SUMMARY ***
Total pot $18 | Rake $0.36
Board [2d 5s Tc Ah]
Seat 1: xxPSRxx (big blind) folded on the Turn
Seat 6: Hadart (button) (small blind) collected ($17.64)


PokerStars Hand #174774472915:  Hold'em Limit ($3/$6 USD) - 2017/08/25 10:26:16 ET
Table 'Eumaios' 6-max Seat #1 is the button
Seat 1: xxPSRxx ($120 in chips)
Seat 6: Hadart ($120 in chips)
Agrotait: is sitting out
xxPSRxx: posts small blind $1
Hadart: posts big blind $3
*** HOLE CARDS ***
xxPSRxx: raises $3 to $6
Hadart: calls $3
*** FLOP *** [Qs 5s 9d]
Hadart: checks
xxPSRxx: bets $3
Hadart: calls $3
*** TURN *** [Qs 5s 9d] [3c]
Hadart: checks
xxPSRxx: bets $6
Hadart: calls $6
*** RIVER *** [Qs 5s 9d 3c] [Kd]
Hadart: checks
xxPSRxx: checks
*** SHOW DOWN ***
Hadart: shows [8c Qc] (a pair of Queens)
xxPSRxx: mucks hand
Hadart collected $29.50 from pot
*** SUMMARY ***
Total pot $30 | Rake $0.50
Board [Qs 5s 9d 3c Kd]
Seat 1: xxPSRxx (button) (small blind) mucked
Seat 6: Hadart (big blind) showed [8c Qc] and won ($29.50) with a pair of Queens


PokerStars Hand #174774491555:  Hold'em Limit ($3/$6 USD) - 2017/08/25 10:26:50 ET
Table 'Eumaios' 6-max Seat #1 is the button
Seat 1: xxPSRxx ($106 in chips)
Seat 6: Hadart ($133.50 in chips)
xxPSRxx: posts small blind $1
Hadart: posts big blind $3
*** HOLE CARDS ***
xxPSRxx: folds
Uncalled bet ($2) returned to Hadart
Hadart collected $2 from pot
Hadart: doesn't show hand
*** SUMMARY ***
Total pot $2 | Rake $0
Seat 1: xxPSRxx (button) (small blind) folded before Flop
Seat 6: Hadart (big blind) collected ($2)


PokerStars Hand #174774488595:  Hold'em Limit ($3/$6 USD) - 2017/08/25 10:26:45 ET
Table 'Eumaios' 6-max Seat #6 is the button
Seat 1: xxPSRxx ($105 in chips)
Seat 6: Hadart ($134.50 in chips)
Hadart: posts small blind $1
xxPSRxx: posts big blind $3
*** HOLE CARDS ***
Hadart: folds
Uncalled bet ($2) returned to xxPSRxx
xxPSRxx collected $2 from pot
xxPSRxx: doesn't show hand
*** SUMMARY ***
Total pot $2 | Rake $0
Seat 1: xxPSRxx (big blind) collected ($2)
Seat 6: Hadart (button) (small blind) folded before Flop


PokerStars Hand #174774517330:  Hold'em Limit ($3/$6 USD) - 2017/08/25 10:27:37 ET
Table 'Eumaios' 6-max Seat #1 is the button
Seat 1: xxPSRxx ($83 in chips)
Seat 6: Hadart ($155.66 in chips)
xxPSRxx: posts small blind $1
Hadart: posts big blind $3
*** HOLE CARDS ***
xxPSRxx: folds
Uncalled bet ($2) returned to Hadart
Hadart collected $2 from pot
Hadart: doesn't show hand
*** SUMMARY ***
Total pot $2 | Rake $0
Seat 1: xxPSRxx (button) (small blind) folded before Flop
Seat 6: Hadart (big blind) collected ($2)


PokerStars Hand #174774520139:  Hold'em Limit ($3/$6 USD) - 2017/08/25 10:27:42 ET
Table 'Eumaios' 6-max Seat #6 is the button
Seat 1: xxPSRxx ($82 in chips)
Seat 6: Hadart ($156.66 in chips)
Hadart: posts small blind $1
xxPSRxx: posts big blind $3
*** HOLE CARDS ***
Hadart: raises $3 to $6
xxPSRxx: calls $3
*** FLOP *** [5c 3h Ac]
xxPSRxx: checks
Hadart: bets $3
xxPSRxx: calls $3
*** TURN *** [5c 3h Ac] [5h]
xxPSRxx: checks
Hadart: checks
*** RIVER *** [5c 3h Ac 5h] [Tc]
xxPSRxx: checks
Hadart: bets $6
xxPSRxx: folds
Uncalled bet ($6) returned to Hadart
Hadart collected $17.64 from pot
Hadart: doesn't show hand
*** SUMMARY ***
Total pot $18 | Rake $0.36
Board [5c 3h Ac 5h Tc]
Seat 1: xxPSRxx (big blind) folded on the River
Seat 6: Hadart (button) (small blind) collected ($17.64)


PokerStars Hand #174774532342:  Hold'em Limit ($3/$6 USD) - 2017/08/25 10:28:05 ET
Table 'Eumaios' 6-max Seat #1 is the button
Seat 1: xxPSRxx ($73 in chips)
Seat 6: Hadart ($165.30 in chips)
xxPSRxx: posts small blind $1
Hadart: posts big blind $3
*** HOLE CARDS ***
xxPSRxx: raises $3 to $6
Hadart: folds
Uncalled bet ($3) returned to xxPSRxx
xxPSRxx collected $6 from pot
xxPSRxx: doesn't show hand
*** SUMMARY ***
Total pot $6 | Rake $0
Seat 1: xxPSRxx (button) (small blind) collected ($6)
Seat 6: Hadart (big blind) folded before Flop


PokerStars Hand #174774503507:  Hold'em Limit ($3/$6 USD) - 2017/08/25 10:27:12 ET
Table 'Eumaios' 6-max Seat #1 is the button
Seat 1: xxPSRxx ($96 in chips)
Seat 6: Hadart ($143.14 in chips)
xxPSRxx: posts small blind $1
Hadart: posts big blind $3
*** HOLE CARDS ***
xxPSRxx: folds
Uncalled bet ($2) returned to Hadart
Hadart collected $2 from pot
Hadart: doesn't show hand
*** SUMMARY ***
Total pot $2 | Rake $0
Seat 1: xxPSRxx (button) (small blind) folded before Flop
Seat 6: Hadart (big blind) collected ($2)


PokerStars Hand #174774506356:  Hold'em Limit ($3/$6 USD) - 2017/08/25 10:27:17 ET
Table 'Eumaios' 6-max Seat #6 is the button
Seat 1: xxPSRxx ($95 in chips)
Seat 6: Hadart ($144.14 in chips)
Hadart: posts small blind $1
xxPSRxx: posts big blind $3
*** HOLE CARDS ***
Hadart: raises $3 to $6
xxPSRxx: raises $3 to $9
Hadart: calls $3
*** FLOP *** [Jh 7h 4d]
xxPSRxx: bets $3
Hadart: calls $3
*** TURN *** [Jh 7h 4d] [4s]
xxPSRxx: checks
Hadart: bets $6
xxPSRxx: folds
Uncalled bet ($6) returned to Hadart
Hadart collected $23.52 from pot
Hadart: doesn't show hand
*** SUMMARY ***
Total pot $24 | Rake $0.48
Board [Jh 7h 4d 4s]
Seat 1: xxPSRxx (big blind) folded on the Turn
Seat 6: Hadart (button) (small blind) collected ($23.52)


PokerStars Hand #174774562294:  Hold'em Limit ($3/$6 USD) - 2017/08/25 10:28:56 ET
Table 'Eumaios' 6-max Seat #1 is the button
Seat 1: xxPSRxx ($56 in chips)
Seat 6: Hadart ($181.46 in chips)
xxPSRxx: posts small blind $1
Hadart: posts big blind $3
*** HOLE CARDS ***
xxPSRxx: raises $3 to $6
Hadart: folds
Uncalled bet ($3) returned to xxPSRxx
xxPSRxx collected $6 from pot
xxPSRxx: doesn't show hand
*** SUMMARY ***
Total pot $6 | Rake $0
Seat 1: xxPSRxx (button) (small blind) collected ($6)
Seat 6: Hadart (big blind) folded before Flop


PokerStars Hand #174774535731:  Hold'em Limit ($3/$6 USD) - 2017/08/25 10:28:11 ET
Table 'Eumaios' 6-max Seat #6 is the button
Seat 1: xxPSRxx ($76 in chips)
Seat 6: Hadart ($162.30 in chips)
Hadart: posts small blind $1
xxPSRxx: posts big blind $3
*** HOLE CARDS ***
Hadart: raises $3 to $6
xxPSRxx: calls $3
*** FLOP *** [5h 2h 4d]
xxPSRxx: checks
Hadart: bets $3
xxPSRxx: raises $3 to $6
Hadart: calls $3
*** TURN *** [5h 2h 4d] [9d]
xxPSRxx: checks
Hadart: checks
*** RIVER *** [5h 2h 4d 9d] [Ad]
xxPSRxx: checks
Hadart: checks
*** SHOW DOWN ***
xxPSRxx: shows [Qs 8d] (high card Ace)
Hadart: shows [As Jd] (a pair of Aces)
Hadart collected $23.52 from pot
*** SUMMARY ***
Total pot $24 | Rake $0.48
Board [5h 2h 4d 9d Ad]
Seat 1: xxPSRxx (big blind) showed [Qs 8d] and lost with high card Ace
Seat 6: Hadart (button) (small blind) showed [As Jd] and won ($23.52) with a pair of Aces


PokerStars Hand #174774565853:  Hold'em Limit ($3/$6 USD) - 2017/08/25 10:29:02 ET
Table 'Eumaios' 6-max Seat #6 is the button
Seat 1: xxPSRxx ($59 in chips)
Seat 6: Hadart ($178.46 in chips)
Hadart: posts small blind $1
xxPSRxx: posts big blind $3
*** HOLE CARDS ***
Hadart: folds
Uncalled bet ($2) returned to xxPSRxx
xxPSRxx collected $2 from pot
xxPSRxx: doesn't show hand
*** SUMMARY ***
Total pot $2 | Rake $0
Seat 1: xxPSRxx (big blind) collected ($2)
Seat 6: Hadart (button) (small blind) folded before Flop


PokerStars Hand #174774559603:  Hold'em Limit ($3/$6 USD) - 2017/08/25 10:28:51 ET
Table 'Eumaios' 6-max Seat #6 is the button
Seat 1: xxPSRxx ($55 in chips)
Seat 6: Hadart ($182.46 in chips)
Hadart: posts small blind $1
xxPSRxx: posts big blind $3
*** HOLE CARDS ***
Hadart: folds
Uncalled bet ($2) returned to xxPSRxx
xxPSRxx collected $2 from pot
xxPSRxx: doesn't show hand
*** SUMMARY ***
Total pot $2 | Rake $0
Seat 1: xxPSRxx (big blind) collected ($2)
Seat 6: Hadart (button) (small blind) folded before Flop


PokerStars Hand #174774550496:  Hold'em Limit ($3/$6 USD) - 2017/08/25 10:28:34 ET
Table 'Eumaios' 6-max Seat #1 is the button
Seat 1: xxPSRxx ($64 in chips)
Seat 6: Hadart ($173.82 in chips)
xxPSRxx: posts small blind $1
Hadart: posts big blind $3
*** HOLE CARDS ***
xxPSRxx: raises $3 to $6
Hadart: calls $3
*** FLOP *** [5c Js Kh]
Hadart: checks
xxPSRxx: bets $3
Hadart: calls $3
*** TURN *** [5c Js Kh] [3h]
Agrotait leaves the table
Hadart: checks
xxPSRxx: checks
*** RIVER *** [5c Js Kh 3h] [Qc]
Hadart: checks
xxPSRxx: checks
*** SHOW DOWN ***
Hadart: shows [3d Ac] (a pair of Threes)
xxPSRxx: mucks hand
Hadart collected $17.64 from pot
*** SUMMARY ***
Total pot $18 | Rake $0.36
Board [5c Js Kh 3h Qc]
Seat 1: xxPSRxx (button) (small blind) mucked
Seat 6: Hadart (big blind) showed [3d Ac] and won ($17.64) with a pair of Threes


PokerStars Hand #174774596742:  Hold'em Limit ($3/$6 USD) - 2017/08/25 10:29:59 ET
Table 'Eumaios' 6-max Seat #6 is the button
Seat 1: xxPSRxx ($38.76 in chips)
Seat 6: Hadart ($197.60 in chips)
Hadart: posts small blind $1
xxPSRxx: posts big blind $3
*** HOLE CARDS ***
Hadart: folds
Uncalled bet ($2) returned to xxPSRxx
xxPSRxx collected $2 from pot
xxPSRxx: doesn't show hand
*** SUMMARY ***
Total pot $2 | Rake $0
Seat 1: xxPSRxx (big blind) collected ($2)
Seat 6: Hadart (button) (small blind) folded before Flop


PokerStars Hand #174774581476:  Hold'em Limit ($3/$6 USD) - 2017/08/25 10:29:31 ET
Table 'Eumaios' 6-max Seat #6 is the button
Seat 1: xxPSRxx ($42 in chips)
Seat 6: Hadart ($194.96 in chips)
Hadart: posts small blind $1
xxPSRxx: posts big blind $3
*** HOLE CARDS ***
Hadart: raises $3 to $6
xxPSRxx: calls $3
*** FLOP *** [7s 6s 5s]
xxPSRxx: checks
Hadart: checks
*** TURN *** [7s 6s 5s] [3d]
xxPSRxx: checks
Hadart: checks
*** RIVER *** [7s 6s 5s 3d] [8h]
xxPSRxx: bets $6
Hadart: folds
Uncalled bet ($6) returned to xxPSRxx
xxPSRxx collected $11.76 from pot
xxPSRxx: doesn't show hand
*** SUMMARY ***
Total pot $12 | Rake $0.24
Board [7s 6s 5s 3d 8h]
Seat 1: xxPSRxx (big blind) collected ($11.76)
Seat 6: Hadart (button) (small blind) folded on the River


PokerStars Hand #174774590933:  Hold'em Limit ($3/$6 USD) - 2017/08/25 10:29:48 ET
Table 'Eumaios' 6-max Seat #1 is the button
Seat 1: xxPSRxx ($47.76 in chips)
Seat 6: Hadart ($188.96 in chips)
xxPSRxx: posts small blind $1
Hadart: posts big blind $3
*** HOLE CARDS ***
xxPSRxx: raises $3 to $6
Hadart: raises $3 to $9
xxPSRxx: calls $3
*** FLOP *** [6s Tc 9s]
Hadart: bets $3
xxPSRxx: folds
Uncalled bet ($3) returned to Hadart
Hadart collected $17.64 from pot
Hadart: doesn't show hand
*** SUMMARY ***
Total pot $18 | Rake $0.36
Board [6s Tc 9s]
Seat 1: xxPSRxx (button) (small blind) folded on the Flop
Seat 6: Hadart (big blind) collected ($17.64)


PokerStars Hand #174774599418:  Hold'em Limit ($3/$6 USD) - 2017/08/25 10:30:03 ET
Table 'Eumaios' 6-max Seat #1 is the button
Seat 1: xxPSRxx ($39.76 in chips)
Seat 6: Hadart ($196.60 in chips)
xxPSRxx: posts small blind $1
Hadart: posts big blind $3
*** HOLE CARDS ***
xxPSRxx: raises $3 to $6
Hadart: calls $3
*** FLOP *** [Ac Ks Jc]
Hadart: checks
xxPSRxx: bets $3
Hadart: calls $3
*** TURN *** [Ac Ks Jc] [2d]
Hadart: checks
xxPSRxx: checks
*** RIVER *** [Ac Ks Jc 2d] [3s]
Hadart: bets $6
xxPSRxx: folds
Uncalled bet ($6) returned to Hadart
Hadart collected $17.64 from pot
Hadart: doesn't show hand
*** SUMMARY ***
Total pot $18 | Rake $0.36
Board [Ac Ks Jc 2d 3s]
Seat 1: xxPSRxx (button) (small blind) folded on the River
Seat 6: Hadart (big blind) collected ($17.64)


PokerStars Hand #174774624472:  Hold'em Limit ($3/$6 USD) - 2017/08/25 10:30:49 ET
Table 'Eumaios' 6-max Seat #1 is the button
Seat 1: xxPSRxx ($84.76 in chips)
Seat 6: Hadart ($211 in chips)
xxPSRxx: posts small blind $1
Hadart: posts big blind $3
*** HOLE CARDS ***
xxPSRxx: folds
Uncalled bet ($2) returned to Hadart
Hadart collected $2 from pot
Hadart: doesn't show hand
*** SUMMARY ***
Total pot $2 | Rake $0
Seat 1: xxPSRxx (button) (small blind) folded before Flop
Seat 6: Hadart (big blind) collected ($2)


PokerStars Hand #174774621759:  Hold'em Limit ($3/$6 USD) - 2017/08/25 10:30:44 ET
Table 'Eumaios' 6-max Seat #6 is the button
Seat 1: xxPSRxx ($83.76 in chips)
Seat 6: Hadart ($212 in chips)
Hadart: posts small blind $1
xxPSRxx: posts big blind $3
*** HOLE CARDS ***
Hadart: folds
Uncalled bet ($2) returned to xxPSRxx
xxPSRxx collected $2 from pot
xxPSRxx: doesn't show hand
*** SUMMARY ***
Total pot $2 | Rake $0
Seat 1: xxPSRxx (big blind) collected ($2)
Seat 6: Hadart (button) (small blind) folded before Flop


PokerStars Hand #174774619099:  Hold'em Limit ($3/$6 USD) - 2017/08/25 10:30:39 ET
Table 'Eumaios' 6-max Seat #1 is the button
Seat 1: xxPSRxx ($84.76 in chips)
Seat 6: Hadart ($211 in chips)
xxPSRxx: posts small blind $1
Hadart: posts big blind $3
*** HOLE CARDS ***
xxPSRxx: folds
Uncalled bet ($2) returned to Hadart
Hadart collected $2 from pot
Hadart: doesn't show hand
*** SUMMARY ***
Total pot $2 | Rake $0
Seat 1: xxPSRxx (button) (small blind) folded before Flop
Seat 6: Hadart (big blind) collected ($2)


PokerStars Hand #174774609301:  Hold'em Limit ($3/$6 USD) - 2017/08/25 10:30:21 ET
Table 'Eumaios' 6-max Seat #6 is the button
Seat 1: xxPSRxx ($30.76 in chips)
Seat 6: Hadart ($205.24 in chips)
Hadart: posts small blind $1
xxPSRxx: posts big blind $3
*** HOLE CARDS ***
Hadart: raises $3 to $6
xxPSRxx: calls $3
*** FLOP *** [8h 5h 5s]
xxPSRxx: checks
Hadart: bets $3
xxPSRxx: folds
Uncalled bet ($3) returned to Hadart
Hadart collected $11.76 from pot
Hadart: doesn't show hand
*** SUMMARY ***
Total pot $12 | Rake $0.24
Board [8h 5h 5s]
Seat 1: xxPSRxx (big blind) folded on the Flop
Seat 6: Hadart (button) (small blind) collected ($11.76)


PokerStars Hand #174774627422:  Hold'em Limit ($3/$6 USD) - 2017/08/25 10:30:54 ET
Table 'Eumaios' 6-max Seat #6 is the button
Seat 1: xxPSRxx ($83.76 in chips)
Seat 6: Hadart ($212 in chips)
Hadart: posts small blind $1
xxPSRxx: posts big blind $3
*** HOLE CARDS ***
Hadart: raises $3 to $6
xxPSRxx: calls $3
*** FLOP *** [5s 3s 3h]
xxPSRxx: checks
Hadart: bets $3
xxPSRxx: calls $3
*** TURN *** [5s 3s 3h] [6h]
xxPSRxx: checks
Hadart: bets $6
xxPSRxx: calls $6
*** RIVER *** [5s 3s 3h 6h] [5d]
xxPSRxx: checks
Hadart: bets $6
xxPSRxx: folds
Uncalled bet ($6) returned to Hadart
Hadart collected $29.50 from pot
Hadart: doesn't show hand
*** SUMMARY ***
Total pot $30 | Rake $0.50
Board [5s 3s 3h 6h 5d]
Seat 1: xxPSRxx (big blind) folded on the River
Seat 6: Hadart (button) (small blind) collected ($29.50)


PokerStars Hand #174774646292:  Hold'em Limit ($3/$6 USD) - 2017/08/25 10:31:28 ET
Table 'Eumaios' 6-max Seat #6 is the button
Seat 1: xxPSRxx ($67.76 in chips)
Seat 6: Hadart ($227.50 in chips)
Hadart: posts small blind $1
xxPSRxx: posts big blind $3
*** HOLE CARDS ***
Hadart: raises $3 to $6
xxPSRxx: raises $3 to $9
Hadart: calls $3
*** FLOP *** [Qc 9h 5s]
xxPSRxx: bets $3
Hadart: calls $3
*** TURN *** [Qc 9h 5s] [6d]
xxPSRxx: bets $6
Hadart: calls $6
*** RIVER *** [Qc 9h 5s 6d] [7c]
xxPSRxx: bets $6
Hadart: calls $6
*** SHOW DOWN ***
xxPSRxx: shows [Qh 8s] (a straight, Five to Nine)
Hadart: mucks hand
xxPSRxx collected $47.50 from pot
*** SUMMARY ***
Total pot $48 | Rake $0.50
Board [Qc 9h 5s 6d 7c]
Seat 1: xxPSRxx (big blind) showed [Qh 8s] and won ($47.50) with a straight, Five to Nine
Seat 6: Hadart (button) (small blind) mucked


PokerStars Hand #174774643560:  Hold'em Limit ($3/$6 USD) - 2017/08/25 10:31:23 ET
Table 'Eumaios' 6-max Seat #1 is the button
Seat 1: xxPSRxx ($68.76 in chips)
Seat 6: Hadart ($226.50 in chips)
xxPSRxx: posts small blind $1
Hadart: posts big blind $3
*** HOLE CARDS ***
xxPSRxx: folds
Uncalled bet ($2) returned to Hadart
Hadart collected $2 from pot
Hadart: doesn't show hand
*** SUMMARY ***
Total pot $2 | Rake $0
Seat 1: xxPSRxx (button) (small blind) folded before Flop
Seat 6: Hadart (big blind) collected ($2)


PokerStars Hand #174774657747:  Hold'em Limit ($3/$6 USD) - 2017/08/25 10:31:49 ET
Table 'Eumaios' 6-max Seat #1 is the button
Seat 1: xxPSRxx ($91.26 in chips)
Seat 6: Hadart ($203.50 in chips)
xxPSRxx: posts small blind $1
Hadart: posts big blind $3
*** HOLE CARDS ***
xxPSRxx: raises $3 to $6
Hadart: calls $3
*** FLOP *** [6d 8c 4h]
Hadart: checks
xxPSRxx: bets $3
Hadart: calls $3
*** TURN *** [6d 8c 4h] [Td]
Hadart: checks
xxPSRxx: bets $6
Hadart: calls $6
*** RIVER *** [6d 8c 4h Td] [2h]
Hadart: checks
xxPSRxx: bets $6
Hadart: folds
Uncalled bet ($6) returned to xxPSRxx
xxPSRxx collected $29.50 from pot
xxPSRxx: doesn't show hand
*** SUMMARY ***
Total pot $30 | Rake $0.50
Board [6d 8c 4h Td 2h]
Seat 1: xxPSRxx (button) (small blind) collected ($29.50)
Seat 6: Hadart (big blind) folded on the River


PokerStars Hand #174774677564:  Hold'em Limit ($3/$6 USD) - 2017/08/25 10:32:24 ET
Table 'Eumaios' 6-max Seat #6 is the button
Seat 1: xxPSRxx ($105.76 in chips)
Seat 6: Hadart ($188.50 in chips)
Hadart: posts small blind $1
xxPSRxx: posts big blind $3
*** HOLE CARDS ***
Hadart: raises $3 to $6
xxPSRxx: folds
Uncalled bet ($3) returned to Hadart
Hadart collected $6 from pot
Hadart: doesn't show hand
*** SUMMARY ***
Total pot $6 | Rake $0
Seat 1: xxPSRxx (big blind) folded before Flop
Seat 6: Hadart (button) (small blind) collected ($6)


PokerStars Hand #174774703251:  Hold'em Limit ($3/$6 USD) - 2017/08/25 10:33:11 ET
Table 'Eumaios' 6-max Seat #1 is the button
Seat 1: xxPSRxx ($126.04 in chips)
Seat 6: Hadart ($167.50 in chips)
xxPSRxx: posts small blind $1
Hadart: posts big blind $3
*** HOLE CARDS ***
xxPSRxx: raises $3 to $6
Hadart: folds
Uncalled bet ($3) returned to xxPSRxx
xxPSRxx collected $6 from pot
xxPSRxx: doesn't show hand
*** SUMMARY ***
Total pot $6 | Rake $0
Seat 1: xxPSRxx (button) (small blind) collected ($6)
Seat 6: Hadart (big blind) folded before Flop


PokerStars Hand #174774696879:  Hold'em Limit ($3/$6 USD) - 2017/08/25 10:32:59 ET
Table 'Eumaios' 6-max Seat #6 is the button
Seat 1: xxPSRxx ($117.40 in chips)
Seat 6: Hadart ($176.50 in chips)
Hadart: posts small blind $1
xxPSRxx: posts big blind $3
*** HOLE CARDS ***
Hadart: raises $3 to $6
xxPSRxx: raises $3 to $9
Hadart: calls $3
*** FLOP *** [3h Jc 3s]
xxPSRxx: bets $3
Hadart: folds
Uncalled bet ($3) returned to xxPSRxx
xxPSRxx collected $17.64 from pot
xxPSRxx: doesn't show hand
*** SUMMARY ***
Total pot $18 | Rake $0.36
Board [3h Jc 3s]
Seat 1: xxPSRxx (big blind) collected ($17.64)
Seat 6: Hadart (button) (small blind) folded on the Flop


PokerStars Hand #174774686666:  Hold'em Limit ($3/$6 USD) - 2017/08/25 10:32:41 ET
Table 'Eumaios' 6-max Seat #6 is the button
Seat 1: xxPSRxx ($105.76 in chips)
Seat 6: Hadart ($188.50 in chips)
Hadart: posts small blind $1
xxPSRxx: posts big blind $3
*** HOLE CARDS ***
Hadart: raises $3 to $6
xxPSRxx: raises $3 to $9
Hadart: calls $3
*** FLOP *** [5d Jc 2h]
xxPSRxx: bets $3
Hadart: folds
Uncalled bet ($3) returned to xxPSRxx
xxPSRxx collected $17.64 from pot
xxPSRxx: doesn't show hand
*** SUMMARY ***
Total pot $18 | Rake $0.36
Board [5d Jc 2h]
Seat 1: xxPSRxx (big blind) collected ($17.64)
Seat 6: Hadart (button) (small blind) folded on the Flop


PokerStars Hand #174774693424:  Hold'em Limit ($3/$6 USD) - 2017/08/25 10:32:53 ET
Table 'Eumaios' 6-max Seat #1 is the button
Seat 1: xxPSRxx ($114.40 in chips)
Seat 6: Hadart ($179.50 in chips)
xxPSRxx: posts small blind $1
Hadart: posts big blind $3
*** HOLE CARDS ***
xxPSRxx: raises $3 to $6
Hadart: folds
Uncalled bet ($3) returned to xxPSRxx
xxPSRxx collected $6 from pot
xxPSRxx: doesn't show hand
*** SUMMARY ***
Total pot $6 | Rake $0
Seat 1: xxPSRxx (button) (small blind) collected ($6)
Seat 6: Hadart (big blind) folded before Flop


PokerStars Hand #174774683374:  Hold'em Limit ($3/$6 USD) - 2017/08/25 10:32:35 ET
Table 'Eumaios' 6-max Seat #1 is the button
Seat 1: xxPSRxx ($102.76 in chips)
Seat 6: Hadart ($191.50 in chips)
xxPSRxx: posts small blind $1
Hadart: posts big blind $3
*** HOLE CARDS ***
xxPSRxx: raises $3 to $6
Hadart: folds
Uncalled bet ($3) returned to xxPSRxx
xxPSRxx collected $6 from pot
xxPSRxx: doesn't show hand
*** SUMMARY ***
Total pot $6 | Rake $0
Seat 1: xxPSRxx (button) (small blind) collected ($6)
Seat 6: Hadart (big blind) folded before Flop


PokerStars Hand #174774674257:  Hold'em Limit ($3/$6 USD) - 2017/08/25 10:32:18 ET
Table 'Eumaios' 6-max Seat #1 is the button
Seat 1: xxPSRxx ($102.76 in chips)
Seat 6: Hadart ($191.50 in chips)
xxPSRxx: posts small blind $1
Hadart: posts big blind $3
*** HOLE CARDS ***
xxPSRxx: raises $3 to $6
Hadart: folds
Uncalled bet ($3) returned to xxPSRxx
xxPSRxx collected $6 from pot
xxPSRxx: doesn't show hand
*** SUMMARY ***
Total pot $6 | Rake $0
Seat 1: xxPSRxx (button) (small blind) collected ($6)
Seat 6: Hadart (big blind) folded before Flop


PokerStars Hand #174774669021:  Hold'em Limit ($3/$6 USD) - 2017/08/25 10:32:09 ET
Table 'Eumaios' 6-max Seat #6 is the button
Seat 1: xxPSRxx ($105.76 in chips)
Seat 6: Hadart ($188.50 in chips)
Hadart: posts small blind $1
xxPSRxx: posts big blind $3
*** HOLE CARDS ***
Hadart: raises $3 to $6
xxPSRxx: folds
Uncalled bet ($3) returned to Hadart
Hadart collected $6 from pot
Hadart: doesn't show hand
*** SUMMARY ***
Total pot $6 | Rake $0
Seat 1: xxPSRxx (big blind) folded before Flop
Seat 6: Hadart (button) (small blind) collected ($6)


PokerStars Hand #174774730003:  Hold'em Limit ($3/$6 USD) - 2017/08/25 10:33:59 ET
Table 'Eumaios' 6-max Seat #6 is the button
Seat 1: xxPSRxx ($103.04 in chips)
Seat 6: Hadart ($189.76 in chips)
Hadart: posts small blind $1
xxPSRxx: posts big blind $3
*** HOLE CARDS ***
Hadart: folds
Uncalled bet ($2) returned to xxPSRxx
xxPSRxx collected $2 from pot
xxPSRxx: doesn't show hand
*** SUMMARY ***
Total pot $2 | Rake $0
Seat 1: xxPSRxx (big blind) collected ($2)
Seat 6: Hadart (button) (small blind) folded before Flop


PokerStars Hand #174774726990:  Hold'em Limit ($3/$6 USD) - 2017/08/25 10:33:53 ET
Table 'Eumaios' 6-max Seat #1 is the button
Seat 1: xxPSRxx ($104.04 in chips)
Seat 6: Hadart ($188.76 in chips)
xxPSRxx: posts small blind $1
Hadart: posts big blind $3
*** HOLE CARDS ***
xxPSRxx: folds
Uncalled bet ($2) returned to Hadart
Hadart collected $2 from pot
Hadart: doesn't show hand
*** SUMMARY ***
Total pot $2 | Rake $0
Seat 1: xxPSRxx (button) (small blind) folded before Flop
Seat 6: Hadart (big blind) collected ($2)


PokerStars Hand #174774715542:  Hold'em Limit ($3/$6 USD) - 2017/08/25 10:33:33 ET
Table 'Eumaios' 6-max Seat #6 is the button
Seat 1: xxPSRxx ($122.04 in chips)
Seat 6: Hadart ($171.26 in chips)
Hadart: posts small blind $1
xxPSRxx: posts big blind $3
*** HOLE CARDS ***
Hadart: raises $3 to $6
xxPSRxx: raises $3 to $9
Hadart: calls $3
*** FLOP *** [9h Jh 8c]
xxPSRxx: bets $3
Hadart: calls $3
*** TURN *** [9h Jh 8c] [8h]
xxPSRxx: checks
Hadart: bets $6
xxPSRxx: calls $6
*** RIVER *** [9h Jh 8c 8h] [Ah]
xxPSRxx: checks
Hadart: checks
*** SHOW DOWN ***
xxPSRxx: shows [5c 5d] (two pair, Eights and Fives)
Hadart: shows [6h 4h] (a flush, Ace high)
Hadart collected $35.50 from pot
*** SUMMARY ***
Total pot $36 | Rake $0.50
Board [9h Jh 8c 8h Ah]
Seat 1: xxPSRxx (big blind) showed [5c 5d] and lost with two pair, Eights and Fives
Seat 6: Hadart (button) (small blind) showed [6h 4h] and won ($35.50) with a flush, Ace high


PokerStars Hand #174774712769:  Hold'em Limit ($3/$6 USD) - 2017/08/25 10:33:28 ET
Table 'Eumaios' 6-max Seat #1 is the button
Seat 1: xxPSRxx ($123.04 in chips)
Seat 6: Hadart ($170.26 in chips)
xxPSRxx: posts small blind $1
Hadart: posts big blind $3
*** HOLE CARDS ***
xxPSRxx: folds
Uncalled bet ($2) returned to Hadart
Hadart collected $2 from pot
Hadart: doesn't show hand
*** SUMMARY ***
Total pot $2 | Rake $0
Seat 1: xxPSRxx (button) (small blind) folded before Flop
Seat 6: Hadart (big blind) collected ($2)


PokerStars Hand #174774706373:  Hold'em Limit ($3/$6 USD) - 2017/08/25 10:33:16 ET
Table 'Eumaios' 6-max Seat #6 is the button
Seat 1: xxPSRxx ($129.04 in chips)
Seat 6: Hadart ($164.50 in chips)
Hadart: posts small blind $1
xxPSRxx: posts big blind $3
*** HOLE CARDS ***
Hadart: raises $3 to $6
xxPSRxx: calls $3
*** FLOP *** [3h 5s Ks]
xxPSRxx: checks
Hadart: bets $3
xxPSRxx: folds
Uncalled bet ($3) returned to Hadart
Hadart collected $11.76 from pot
Hadart: doesn't show hand
*** SUMMARY ***
Total pot $12 | Rake $0.24
Board [3h 5s Ks]
Seat 1: xxPSRxx (big blind) folded on the Flop
Seat 6: Hadart (button) (small blind) collected ($11.76)


PokerStars Hand #174774732535:  Hold'em Limit ($3/$6 USD) - 2017/08/25 10:34:03 ET
Table 'Eumaios' 6-max Seat #1 is the button
Seat 1: xxPSRxx ($104.04 in chips)
Seat 6: Hadart ($188.76 in chips)
xxPSRxx: posts small blind $1
Hadart: posts big blind $3
*** HOLE CARDS ***
xxPSRxx: raises $3 to $6
Hadart: calls $3
*** FLOP *** [2h 3c 7s]
Hadart: checks
xxPSRxx: bets $3
Hadart: calls $3
*** TURN *** [2h 3c 7s] [2c]
Hadart: checks
xxPSRxx: bets $6
Hadart: calls $6
*** RIVER *** [2h 3c 7s 2c] [6c]
Hadart: checks
xxPSRxx: checks
*** SHOW DOWN ***
Hadart: shows [Qh Jc] (a pair of Deuces)
xxPSRxx: shows [3s Ac] (two pair, Threes and Deuces)
xxPSRxx collected $29.50 from pot
*** SUMMARY ***
Total pot $30 | Rake $0.50
Board [2h 3c 7s 2c 6c]
Seat 1: xxPSRxx (button) (small blind) showed [3s Ac] and won ($29.50) with two pair, Threes and Deuces
Seat 6: Hadart (big blind) showed [Qh Jc] and lost with a pair of Deuces


PokerStars Hand #174774745750:  Hold'em Limit ($3/$6 USD) - 2017/08/25 10:34:27 ET
Table 'Eumaios' 6-max Seat #1 is the button
Seat 1: xxPSRxx ($115.54 in chips)
Seat 6: Hadart ($176.76 in chips)
xxPSRxx: posts small blind $1
Hadart: posts big blind $3
*** HOLE CARDS ***
xxPSRxx: raises $3 to $6
Hadart: calls $3
*** FLOP *** [3d 7s 6d]
Hadart: checks
xxPSRxx: bets $3
Hadart: calls $3
*** TURN *** [3d 7s 6d] [5s]
Hadart: checks
xxPSRxx: checks
*** RIVER *** [3d 7s 6d 5s] [3h]
Hadart: checks
xxPSRxx: checks
*** SHOW DOWN ***
Hadart: shows [Qd Kc] (a pair of Threes)
xxPSRxx: mucks hand
Hadart collected $17.64 from pot
*** SUMMARY ***
Total pot $18 | Rake $0.36
Board [3d 7s 6d 5s 3h]
Seat 1: xxPSRxx (button) (small blind) mucked
Seat 6: Hadart (big blind) showed [Qd Kc] and won ($17.64) with a pair of Threes


PokerStars Hand #174774756070:  Hold'em Limit ($3/$6 USD) - 2017/08/25 10:34:46 ET
Table 'Eumaios' 6-max Seat #6 is the button
Seat 1: xxPSRxx ($106.54 in chips)
Seat 6: Hadart ($185.40 in chips)
Hadart: posts small blind $1
xxPSRxx: posts big blind $3
*** HOLE CARDS ***
Hadart: folds
Uncalled bet ($2) returned to xxPSRxx
xxPSRxx collected $2 from pot
xxPSRxx: doesn't show hand
*** SUMMARY ***
Total pot $2 | Rake $0
Seat 1: xxPSRxx (big blind) collected ($2)
Seat 6: Hadart (button) (small blind) folded before Flop


PokerStars Hand #174774742477:  Hold'em Limit ($3/$6 USD) - 2017/08/25 10:34:21 ET
Table 'Eumaios' 6-max Seat #6 is the button
Seat 1: xxPSRxx ($118.54 in chips)
Seat 6: Hadart ($173.76 in chips)
Hadart: posts small blind $1
xxPSRxx: posts big blind $3
*** HOLE CARDS ***
Hadart: raises $3 to $6
xxPSRxx: folds
Uncalled bet ($3) returned to Hadart
Hadart collected $6 from pot
Hadart: doesn't show hand
*** SUMMARY ***
Total pot $6 | Rake $0
Seat 1: xxPSRxx (big blind) folded before Flop
Seat 6: Hadart (button) (small blind) collected ($6)


PokerStars Hand #174774779489:  Hold'em Limit ($3/$6 USD) - 2017/08/25 10:35:28 ET
Table 'Eumaios' 6-max Seat #6 is the button
Seat 1: xxPSRxx ($98.54 in chips)
Seat 6: Hadart ($193.04 in chips)
Hadart: posts small blind $1
xxPSRxx: posts big blind $3
*** HOLE CARDS ***
Hadart: folds
Uncalled bet ($2) returned to xxPSRxx
xxPSRxx collected $2 from pot
xxPSRxx: doesn't show hand
*** SUMMARY ***
Total pot $2 | Rake $0
Seat 1: xxPSRxx (big blind) collected ($2)
Seat 6: Hadart (button) (small blind) folded before Flop


PokerStars Hand #174774759021:  Hold'em Limit ($3/$6 USD) - 2017/08/25 10:34:51 ET
Table 'Eumaios' 6-max Seat #1 is the button
Seat 1: xxPSRxx ($107.54 in chips)
Seat 6: Hadart ($184.40 in chips)
xxPSRxx: posts small blind $1
Hadart: posts big blind $3
*** HOLE CARDS ***
xxPSRxx: raises $3 to $6
Hadart: calls $3
*** FLOP *** [7h 5s 2h]
Hadart: checks
xxPSRxx: bets $3
Hadart: calls $3
*** TURN *** [7h 5s 2h] [Qs]
Hadart: checks
xxPSRxx: checks
*** RIVER *** [7h 5s 2h Qs] [4d]
Hadart: bets $6
xxPSRxx: folds
Uncalled bet ($6) returned to Hadart
Hadart collected $17.64 from pot
Hadart: doesn't show hand
*** SUMMARY ***
Total pot $18 | Rake $0.36
Board [7h 5s 2h Qs 4d]
Seat 1: xxPSRxx (button) (small blind) folded on the River
Seat 6: Hadart (big blind) collected ($17.64)


PokerStars Hand #174774782391:  Hold'em Limit ($3/$6 USD) - 2017/08/25 10:35:33 ET
Table 'Eumaios' 6-max Seat #1 is the button
Seat 1: xxPSRxx ($99.54 in chips)
Seat 6: Hadart ($192.04 in chips)
xxPSRxx: posts small blind $1
Hadart: posts big blind $3
*** HOLE CARDS ***
xxPSRxx: raises $3 to $6
Hadart: calls $3
*** FLOP *** [2c Jd Ts]
Hadart: checks
xxPSRxx: bets $3
Hadart: calls $3
*** TURN *** [2c Jd Ts] [4h]
Hadart: checks
xxPSRxx: bets $6
Hadart: calls $6
*** RIVER *** [2c Jd Ts 4h] [8h]
Hadart: checks
xxPSRxx: checks
*** SHOW DOWN ***
Hadart: shows [2h Qh] (a pair of Deuces)
xxPSRxx: shows [Th 5h] (a pair of Tens)
xxPSRxx collected $29.50 from pot
*** SUMMARY ***
Total pot $30 | Rake $0.50
Board [2c Jd Ts 4h 8h]
Seat 1: xxPSRxx (button) (small blind) showed [Th 5h] and won ($29.50) with a pair of Tens
Seat 6: Hadart (big blind) showed [2h Qh] and lost with a pair of Deuces


PokerStars Hand #174774793296:  Hold'em Limit ($3/$6 USD) - 2017/08/25 10:35:53 ET
Table 'Eumaios' 6-max Seat #6 is the button
Seat 1: xxPSRxx ($114.04 in chips)
Seat 6: Hadart ($177.04 in chips)
Hadart: posts small blind $1
xxPSRxx: posts big blind $3
*** HOLE CARDS ***
Hadart: raises $3 to $6
xxPSRxx: raises $3 to $9
Hadart: calls $3
*** FLOP *** [3s 4c Qd]
xxPSRxx: bets $3
Hadart: calls $3
*** TURN *** [3s 4c Qd] [5d]
xxPSRxx: bets $6
Hadart: calls $6
*** RIVER *** [3s 4c Qd 5d] [2s]
xxPSRxx: checks
Hadart: bets $6
xxPSRxx: folds
Uncalled bet ($6) returned to Hadart
Hadart collected $35.50 from pot
Hadart: doesn't show hand
*** SUMMARY ***
Total pot $36 | Rake $0.50
Board [3s 4c Qd 5d 2s]
Seat 1: xxPSRxx (big blind) folded on the River
Seat 6: Hadart (button) (small blind) collected ($35.50)


PokerStars Hand #174774819324:  Hold'em Limit ($3/$6 USD) - 2017/08/25 10:36:40 ET
Table 'Eumaios' 6-max Seat #6 is the button
Seat 1: xxPSRxx ($101.80 in chips)
Seat 6: Hadart ($188.54 in chips)
Hadart: posts small blind $1
xxPSRxx: posts big blind $3
*** HOLE CARDS ***
Hadart: folds
Uncalled bet ($2) returned to xxPSRxx
xxPSRxx collected $2 from pot
xxPSRxx: doesn't show hand
*** SUMMARY ***
Total pot $2 | Rake $0
Seat 1: xxPSRxx (big blind) collected ($2)
Seat 6: Hadart (button) (small blind) folded before Flop


PokerStars Hand #174774813674:  Hold'em Limit ($3/$6 USD) - 2017/08/25 10:36:30 ET
Table 'Eumaios' 6-max Seat #1 is the button
Seat 1: xxPSRxx ($96.04 in chips)
Seat 6: Hadart ($194.54 in chips)
xxPSRxx: posts small blind $1
Hadart: posts big blind $3
*** HOLE CARDS ***
xxPSRxx: raises $3 to $6
Hadart: calls $3
*** FLOP *** [Kh Qh 2s]
Hadart: checks
xxPSRxx: bets $3
Hadart: folds
Uncalled bet ($3) returned to xxPSRxx
xxPSRxx collected $11.76 from pot
xxPSRxx: doesn't show hand
*** SUMMARY ***
Total pot $12 | Rake $0.24
Board [Kh Qh 2s]
Seat 1: xxPSRxx (button) (small blind) collected ($11.76)
Seat 6: Hadart (big blind) folded on the Flop


PokerStars Hand #174774822021:  Hold'em Limit ($3/$6 USD) - 2017/08/25 10:36:45 ET
Table 'Eumaios' 6-max Seat #1 is the button
Seat 1: xxPSRxx ($102.80 in chips)
Seat 6: Hadart ($187.54 in chips)
xxPSRxx: posts small blind $1
Hadart: posts big blind $3
*** HOLE CARDS ***
xxPSRxx: raises $3 to $6
Hadart: calls $3
*** FLOP *** [Qh 3s 7h]
Hadart: checks
xxPSRxx: bets $3
Hadart: calls $3
*** TURN *** [Qh 3s 7h] [Th]
Hadart: checks
xxPSRxx: checks
*** RIVER *** [Qh 3s 7h Th] [8h]
Hadart: checks
xxPSRxx: checks
*** SHOW DOWN ***
Hadart: shows [6h 6d] (a flush, Queen high)
xxPSRxx: mucks hand
Hadart collected $17.64 from pot
*** SUMMARY ***
Total pot $18 | Rake $0.36
Board [Qh 3s 7h Th 8h]
Seat 1: xxPSRxx (button) (small blind) mucked
Seat 6: Hadart (big blind) showed [6h 6d] and won ($17.64) with a flush, Queen high


PokerStars Hand #174774834745:  Hold'em Limit ($3/$6 USD) - 2017/08/25 10:37:08 ET
Table 'Eumaios' 6-max Seat #1 is the button
Seat 1: xxPSRxx ($94.80 in chips)
Seat 6: Hadart ($195.18 in chips)
xxPSRxx: posts small blind $1
Hadart: posts big blind $3
*** HOLE CARDS ***
xxPSRxx: raises $3 to $6
Hadart: folds
Uncalled bet ($3) returned to xxPSRxx
xxPSRxx collected $6 from pot
xxPSRxx: doesn't show hand
*** SUMMARY ***
Total pot $6 | Rake $0
Seat 1: xxPSRxx (button) (small blind) collected ($6)
Seat 6: Hadart (big blind) folded before Flop


PokerStars Hand #174774832024:  Hold'em Limit ($3/$6 USD) - 2017/08/25 10:37:03 ET
Table 'Eumaios' 6-max Seat #6 is the button
Seat 1: xxPSRxx ($93.80 in chips)
Seat 6: Hadart ($196.18 in chips)
Hadart: posts small blind $1
xxPSRxx: posts big blind $3
*** HOLE CARDS ***
Hadart: folds
Uncalled bet ($2) returned to xxPSRxx
xxPSRxx collected $2 from pot
xxPSRxx: doesn't show hand
*** SUMMARY ***
Total pot $2 | Rake $0
Seat 1: xxPSRxx (big blind) collected ($2)
Seat 6: Hadart (button) (small blind) folded before Flop


PokerStars Hand #174774841677:  Hold'em Limit ($3/$6 USD) - 2017/08/25 10:37:20 ET
Table 'Eumaios' 6-max Seat #1 is the button
Seat 1: xxPSRxx ($98.80 in chips)
Seat 6: Hadart ($191.18 in chips)
xxPSRxx: posts small blind $1
Hadart: posts big blind $3
*** HOLE CARDS ***
xxPSRxx: raises $3 to $6
Hadart: folds
Uncalled bet ($3) returned to xxPSRxx
xxPSRxx collected $6 from pot
xxPSRxx: doesn't show hand
*** SUMMARY ***
Total pot $6 | Rake $0
Seat 1: xxPSRxx (button) (small blind) collected ($6)
Seat 6: Hadart (big blind) folded before Flop


PokerStars Hand #174774837921:  Hold'em Limit ($3/$6 USD) - 2017/08/25 10:37:13 ET
Table 'Eumaios' 6-max Seat #6 is the button
Seat 1: xxPSRxx ($97.80 in chips)
Seat 6: Hadart ($192.18 in chips)
Hadart: posts small blind $1
xxPSRxx: posts big blind $3
*** HOLE CARDS ***
Hadart: folds
Uncalled bet ($2) returned to xxPSRxx
xxPSRxx collected $2 from pot
xxPSRxx: doesn't show hand
*** SUMMARY ***
Total pot $2 | Rake $0
Seat 1: xxPSRxx (big blind) collected ($2)
Seat 6: Hadart (button) (small blind) folded before Flop


PokerStars Hand #174774845141:  Hold'em Limit ($3/$6 USD) - 2017/08/25 10:37:26 ET
Table 'Eumaios' 6-max Seat #6 is the button
Seat 1: xxPSRxx ($101.80 in chips)
Seat 6: Hadart ($188.18 in chips)
Hadart: posts small blind $1
xxPSRxx: posts big blind $3
*** HOLE CARDS ***
Hadart: raises $3 to $6
xxPSRxx: calls $3
*** FLOP *** [5h Qc 6h]
xxPSRxx: checks
Hadart: bets $3
xxPSRxx: calls $3
*** TURN *** [5h Qc 6h] [Kd]
xxPSRxx: checks
Hadart: bets $6
xxPSRxx: calls $6
*** RIVER *** [5h Qc 6h Kd] [7s]
xxPSRxx: checks
Hadart: bets $6
xxPSRxx: calls $6
*** SHOW DOWN ***
Hadart: shows [Tc Kh] (a pair of Kings)
xxPSRxx: mucks hand
Hadart collected $41.50 from pot
*** SUMMARY ***
Total pot $42 | Rake $0.50
Board [5h Qc 6h Kd 7s]
Seat 1: xxPSRxx (big blind) mucked
Seat 6: Hadart (button) (small blind) showed [Tc Kh] and won ($41.50) with a pair of Kings


PokerStars Hand #174774868508:  Hold'em Limit ($3/$6 USD) - 2017/08/25 10:38:09 ET
Table 'Eumaios' 6-max Seat #6 is the button
Seat 1: xxPSRxx ($86.56 in chips)
Seat 6: Hadart ($202.68 in chips)
Hadart: posts small blind $1
xxPSRxx: posts big blind $3
*** HOLE CARDS ***
Hadart: folds
Uncalled bet ($2) returned to xxPSRxx
xxPSRxx collected $2 from pot
xxPSRxx: doesn't show hand
*** SUMMARY ***
Total pot $2 | Rake $0
Seat 1: xxPSRxx (big blind) collected ($2)
Seat 6: Hadart (button) (small blind) folded before Flop


PokerStars Hand #174774859763:  Hold'em Limit ($3/$6 USD) - 2017/08/25 10:37:53 ET
Table 'Eumaios' 6-max Seat #1 is the button
Seat 1: xxPSRxx ($80.80 in chips)
Seat 6: Hadart ($208.68 in chips)
xxPSRxx: posts small blind $1
Hadart: posts big blind $3
*** HOLE CARDS ***
xxPSRxx: raises $3 to $6
Hadart: calls $3
*** FLOP *** [3s 8c 5c]
Hadart: checks
xxPSRxx: checks
*** TURN *** [3s 8c 5c] [Ad]
Hadart: checks
xxPSRxx: checks
*** RIVER *** [3s 8c 5c Ad] [7s]
Hadart: checks
xxPSRxx: bets $6
Hadart: folds
Uncalled bet ($6) returned to xxPSRxx
xxPSRxx collected $11.76 from pot
xxPSRxx: doesn't show hand
*** SUMMARY ***
Total pot $12 | Rake $0.24
Board [3s 8c 5c Ad 7s]
Seat 1: xxPSRxx (button) (small blind) collected ($11.76)
Seat 6: Hadart (big blind) folded on the River


PokerStars Hand #174774882791:  Hold'em Limit ($3/$6 USD) - 2017/08/25 10:38:34 ET
Table 'Eumaios' 6-max Seat #6 is the button
Seat 1: xxPSRxx ($97.32 in chips)
Seat 6: Hadart ($191.68 in chips)
Hadart: posts small blind $1
xxPSRxx: posts big blind $3
*** HOLE CARDS ***
Hadart: folds
Uncalled bet ($2) returned to xxPSRxx
xxPSRxx collected $2 from pot
xxPSRxx: doesn't show hand
*** SUMMARY ***
Total pot $2 | Rake $0
Seat 1: xxPSRxx (big blind) collected ($2)
Seat 6: Hadart (button) (small blind) folded before Flop


PokerStars Hand #174774877325:  Hold'em Limit ($3/$6 USD) - 2017/08/25 10:38:25 ET
Table 'Eumaios' 6-max Seat #1 is the button
Seat 1: xxPSRxx ($91.56 in chips)
Seat 6: Hadart ($197.68 in chips)
xxPSRxx: posts small blind $1
Hadart: posts big blind $3
*** HOLE CARDS ***
xxPSRxx: raises $3 to $6
Hadart: calls $3
*** FLOP *** [7s Th Kd]
Hadart: checks
xxPSRxx: bets $3
Hadart: folds
Uncalled bet ($3) returned to xxPSRxx
xxPSRxx collected $11.76 from pot
xxPSRxx: doesn't show hand
*** SUMMARY ***
Total pot $12 | Rake $0.24
Board [7s Th Kd]
Seat 1: xxPSRxx (button) (small blind) collected ($11.76)
Seat 6: Hadart (big blind) folded on the Flop


PokerStars Hand #174774874488:  Hold'em Limit ($3/$6 USD) - 2017/08/25 10:38:20 ET
Table 'Eumaios' 6-max Seat #6 is the button
Seat 1: xxPSRxx ($90.56 in chips)
Seat 6: Hadart ($198.68 in chips)
Hadart: posts small blind $1
xxPSRxx: posts big blind $3
*** HOLE CARDS ***
Hadart: folds
Uncalled bet ($2) returned to xxPSRxx
xxPSRxx collected $2 from pot
xxPSRxx: doesn't show hand
*** SUMMARY ***
Total pot $2 | Rake $0
Seat 1: xxPSRxx (big blind) collected ($2)
Seat 6: Hadart (button) (small blind) folded before Flop


PokerStars Hand #174774871397:  Hold'em Limit ($3/$6 USD) - 2017/08/25 10:38:14 ET
Table 'Eumaios' 6-max Seat #1 is the button
Seat 1: xxPSRxx ($87.56 in chips)
Seat 6: Hadart ($201.68 in chips)
xxPSRxx: posts small blind $1
Hadart: posts big blind $3
*** HOLE CARDS ***
xxPSRxx: raises $3 to $6
Hadart: folds
Uncalled bet ($3) returned to xxPSRxx
xxPSRxx collected $6 from pot
xxPSRxx: doesn't show hand
*** SUMMARY ***
Total pot $6 | Rake $0
Seat 1: xxPSRxx (button) (small blind) collected ($6)
Seat 6: Hadart (big blind) folded before Flop


PokerStars Hand #174774902286:  Hold'em Limit ($3/$6 USD) - 2017/08/25 10:39:10 ET
Table 'Eumaios' 6-max Seat #6 is the button
Seat 1: xxPSRxx ($105.84 in chips)
Seat 6: Hadart ($182.68 in chips)
Hadart: posts small blind $1
xxPSRxx: posts big blind $3
*** HOLE CARDS ***
Hadart: folds
Uncalled bet ($2) returned to xxPSRxx
xxPSRxx collected $2 from pot
xxPSRxx: doesn't show hand
*** SUMMARY ***
Total pot $2 | Rake $0
Seat 1: xxPSRxx (big blind) collected ($2)
Seat 6: Hadart (button) (small blind) folded before Flop


PokerStars Hand #174774899580:  Hold'em Limit ($3/$6 USD) - 2017/08/25 10:39:05 ET
Table 'Eumaios' 6-max Seat #1 is the button
Seat 1: xxPSRxx ($106.84 in chips)
Seat 6: Hadart ($181.68 in chips)
xxPSRxx: posts small blind $1
Hadart: posts big blind $3
*** HOLE CARDS ***
xxPSRxx: folds
Uncalled bet ($2) returned to Hadart
Hadart collected $2 from pot
Hadart: doesn't show hand
*** SUMMARY ***
Total pot $2 | Rake $0
Seat 1: xxPSRxx (button) (small blind) folded before Flop
Seat 6: Hadart (big blind) collected ($2)


PokerStars Hand #174774896167:  Hold'em Limit ($3/$6 USD) - 2017/08/25 10:38:59 ET
Table 'Eumaios' 6-max Seat #6 is the button
Seat 1: xxPSRxx ($109.84 in chips)
Seat 6: Hadart ($178.68 in chips)
Hadart: posts small blind $1
xxPSRxx: posts big blind $3
*** HOLE CARDS ***
Hadart: raises $3 to $6
xxPSRxx: folds
Uncalled bet ($3) returned to Hadart
Hadart collected $6 from pot
Hadart: doesn't show hand
*** SUMMARY ***
Total pot $6 | Rake $0
Seat 1: xxPSRxx (big blind) folded before Flop
Seat 6: Hadart (button) (small blind) collected ($6)


PokerStars Hand #174774885438:  Hold'em Limit ($3/$6 USD) - 2017/08/25 10:38:39 ET
Table 'Eumaios' 6-max Seat #1 is the button
Seat 1: xxPSRxx ($98.32 in chips)
Seat 6: Hadart ($190.68 in chips)
xxPSRxx: posts small blind $1
Hadart: posts big blind $3
*** HOLE CARDS ***
xxPSRxx: raises $3 to $6
Hadart: calls $3
*** FLOP *** [7h 2h 2d]
Hadart: checks
xxPSRxx: checks
*** TURN *** [7h 2h 2d] [8c]
Hadart: checks
xxPSRxx: bets $6
Hadart: calls $6
*** RIVER *** [7h 2h 2d 8c] [Kh]
Hadart: checks
xxPSRxx: checks
*** SHOW DOWN ***
Hadart: shows [5d 6c] (a pair of Deuces)
xxPSRxx: shows [Td 9c] (a pair of Deuces - King+Ten kicker)
xxPSRxx collected $23.52 from pot
*** SUMMARY ***
Total pot $24 | Rake $0.48
Board [7h 2h 2d 8c Kh]
Seat 1: xxPSRxx (button) (small blind) showed [Td 9c] and won ($23.52) with a pair of Deuces
Seat 6: Hadart (big blind) showed [5d 6c] and lost with a pair of Deuces


PokerStars Hand #174774924638:  Hold'em Limit ($3/$6 USD) - 2017/08/25 10:39:50 ET
Table 'Eumaios' 6-max Seat #1 is the button
Seat 1: xxPSRxx ($106.84 in chips)
Seat 6: Hadart ($181.68 in chips)
xxPSRxx: posts small blind $1
Hadart: posts big blind $3
*** HOLE CARDS ***
xxPSRxx: folds
Uncalled bet ($2) returned to Hadart
Hadart collected $2 from pot
Hadart: doesn't show hand
*** SUMMARY ***
Total pot $2 | Rake $0
Seat 1: xxPSRxx (button) (small blind) folded before Flop
Seat 6: Hadart (big blind) collected ($2)


PokerStars Hand #174774919328:  Hold'em Limit ($3/$6 USD) - 2017/08/25 10:39:40 ET
Table 'Eumaios' 6-max Seat #1 is the button
Seat 1: xxPSRxx ($106.84 in chips)
Seat 6: Hadart ($181.68 in chips)
xxPSRxx: posts small blind $1
Hadart: posts big blind $3
*** HOLE CARDS ***
xxPSRxx: folds
Uncalled bet ($2) returned to Hadart
Hadart collected $2 from pot
Hadart: doesn't show hand
*** SUMMARY ***
Total pot $2 | Rake $0
Seat 1: xxPSRxx (button) (small blind) folded before Flop
Seat 6: Hadart (big blind) collected ($2)


PokerStars Hand #174774915091:  Hold'em Limit ($3/$6 USD) - 2017/08/25 10:39:33 ET
Table 'Eumaios' 6-max Seat #6 is the button
Seat 1: xxPSRxx ($109.84 in chips)
Seat 6: Hadart ($178.68 in chips)
Hadart: posts small blind $1
xxPSRxx: posts big blind $3
*** HOLE CARDS ***
Hadart: raises $3 to $6
xxPSRxx: folds
Uncalled bet ($3) returned to Hadart
Hadart collected $6 from pot
Hadart: doesn't show hand
*** SUMMARY ***
Total pot $6 | Rake $0
Seat 1: xxPSRxx (big blind) folded before Flop
Seat 6: Hadart (button) (small blind) collected ($6)


PokerStars Hand #174774908314:  Hold'em Limit ($3/$6 USD) - 2017/08/25 10:39:21 ET
Table 'Eumaios' 6-max Seat #6 is the button
Seat 1: xxPSRxx ($109.84 in chips)
Seat 6: Hadart ($178.68 in chips)
Hadart: posts small blind $1
xxPSRxx: posts big blind $3
*** HOLE CARDS ***
Hadart: raises $3 to $6
xxPSRxx: folds
Uncalled bet ($3) returned to Hadart
Hadart collected $6 from pot
Hadart: doesn't show hand
*** SUMMARY ***
Total pot $6 | Rake $0
Seat 1: xxPSRxx (big blind) folded before Flop
Seat 6: Hadart (button) (small blind) collected ($6)


PokerStars Hand #174774905010:  Hold'em Limit ($3/$6 USD) - 2017/08/25 10:39:15 ET
Table 'Eumaios' 6-max Seat #1 is the button
Seat 1: xxPSRxx ($106.84 in chips)
Seat 6: Hadart ($181.68 in chips)
xxPSRxx: posts small blind $1
Hadart: posts big blind $3
*** HOLE CARDS ***
xxPSRxx: raises $3 to $6
Hadart: folds
Uncalled bet ($3) returned to xxPSRxx
xxPSRxx collected $6 from pot
xxPSRxx: doesn't show hand
*** SUMMARY ***
Total pot $6 | Rake $0
Seat 1: xxPSRxx (button) (small blind) collected ($6)
Seat 6: Hadart (big blind) folded before Flop


PokerStars Hand #174774911977:  Hold'em Limit ($3/$6 USD) - 2017/08/25 10:39:27 ET
Table 'Eumaios' 6-max Seat #1 is the button
Seat 1: xxPSRxx ($106.84 in chips)
Seat 6: Hadart ($181.68 in chips)
xxPSRxx: posts small blind $1
Hadart: posts big blind $3
*** HOLE CARDS ***
xxPSRxx: raises $3 to $6
Hadart: folds
Uncalled bet ($3) returned to xxPSRxx
xxPSRxx collected $6 from pot
xxPSRxx: doesn't show hand
*** SUMMARY ***
Total pot $6 | Rake $0
Seat 1: xxPSRxx (button) (small blind) collected ($6)
Seat 6: Hadart (big blind) folded before Flop


PokerStars Hand #174774938207:  Hold'em Limit ($3/$6 USD) - 2017/08/25 10:40:14 ET
Table 'Eumaios' 6-max Seat #1 is the button
Seat 1: xxPSRxx ($123.34 in chips)
Seat 6: Hadart ($164.68 in chips)
xxPSRxx: posts small blind $1
Hadart: posts big blind $3
*** HOLE CARDS ***
xxPSRxx: raises $3 to $6
Hadart: calls $3
*** FLOP *** [Ks 6h Qc]
Hadart: checks
xxPSRxx: bets $3
Hadart: calls $3
*** TURN *** [Ks 6h Qc] [Ad]
Hadart: checks
xxPSRxx: bets $6
Hadart: calls $6
*** RIVER *** [Ks 6h Qc Ad] [9s]
Hadart: checks
xxPSRxx: checks
*** SHOW DOWN ***
Hadart: shows [5c Kc] (a pair of Kings)
xxPSRxx: shows [Ts Kh] (a pair of Kings - Ace+Queen+Ten kicker)
xxPSRxx collected $29.50 from pot
*** SUMMARY ***
Total pot $30 | Rake $0.50
Board [Ks 6h Qc Ad 9s]
Seat 1: xxPSRxx (button) (small blind) showed [Ts Kh] and won ($29.50) with a pair of Kings
Seat 6: Hadart (big blind) showed [5c Kc] and lost with a pair of Kings


PokerStars Hand #174774949869:  Hold'em Limit ($3/$6 USD) - 2017/08/25 10:40:36 ET
Table 'Eumaios' 6-max Seat #6 is the button
Seat 1: xxPSRxx ($137.84 in chips)
Seat 6: Hadart ($149.68 in chips)
Hadart: posts small blind $1
xxPSRxx: posts big blind $3
*** HOLE CARDS ***
Hadart: raises $3 to $6
xxPSRxx: calls $3
*** FLOP *** [8s Th Qd]
xxPSRxx: checks
Hadart: checks
*** TURN *** [8s Th Qd] [8d]
xxPSRxx: bets $6
Hadart: folds
Uncalled bet ($6) returned to xxPSRxx
xxPSRxx collected $11.76 from pot
xxPSRxx: doesn't show hand
*** SUMMARY ***
Total pot $12 | Rake $0.24
Board [8s Th Qd 8d]
Seat 1: xxPSRxx (big blind) collected ($11.76)
Seat 6: Hadart (button) (small blind) folded on the Turn


PokerStars Hand #174774958857:  Hold'em Limit ($3/$6 USD) - 2017/08/25 10:40:51 ET
Table 'Eumaios' 6-max Seat #1 is the button
Seat 1: xxPSRxx ($143.60 in chips)
Seat 6: Hadart ($143.68 in chips)
xxPSRxx: posts small blind $1
Hadart: posts big blind $3
*** HOLE CARDS ***
xxPSRxx: raises $3 to $6
Hadart: calls $3
*** FLOP *** [3d 5d As]
Hadart: checks
xxPSRxx: bets $3
Hadart: calls $3
*** TURN *** [3d 5d As] [Ac]
Hadart: checks
xxPSRxx: checks
*** RIVER *** [3d 5d As Ac] [Js]
Hadart: checks
xxPSRxx: bets $6
Hadart: calls $6
*** SHOW DOWN ***
xxPSRxx: shows [Qc Jh] (two pair, Aces and Jacks)
Hadart: mucks hand
xxPSRxx collected $29.50 from pot
*** SUMMARY ***
Total pot $30 | Rake $0.50
Board [3d 5d As Ac Js]
Seat 1: xxPSRxx (button) (small blind) showed [Qc Jh] and won ($29.50) with two pair, Aces and Jacks
Seat 6: Hadart (big blind) mucked


PokerStars Hand #174774969062:  Hold'em Limit ($3/$6 USD) - 2017/08/25 10:41:10 ET
Table 'Eumaios' 6-max Seat #6 is the button
Seat 1: xxPSRxx ($158.10 in chips)
Seat 6: Hadart ($128.68 in chips)
Hadart: posts small blind $1
xxPSRxx: posts big blind $3
*** HOLE CARDS ***
Hadart: raises $3 to $6
xxPSRxx: calls $3
*** FLOP *** [Ad 8s Qs]
xxPSRxx: checks
Hadart: bets $3
xxPSRxx: calls $3
*** TURN *** [Ad 8s Qs] [9d]
xxPSRxx: checks
Hadart: checks
*** RIVER *** [Ad 8s Qs 9d] [5h]
xxPSRxx: bets $6
Hadart: raises $6 to $12
xxPSRxx: calls $6
*** SHOW DOWN ***
Hadart: shows [6h 7d] (a straight, Five to Nine)
xxPSRxx: mucks hand
Hadart collected $41.50 from pot
*** SUMMARY ***
Total pot $42 | Rake $0.50
Board [Ad 8s Qs 9d 5h]
Seat 1: xxPSRxx (big blind) mucked
Seat 6: Hadart (button) (small blind) showed [6h 7d] and won ($41.50) with a straight, Five to Nine


PokerStars Hand #174774981334:  Hold'em Limit ($3/$6 USD) - 2017/08/25 10:41:32 ET
Table 'Eumaios' 6-max Seat #1 is the button
Seat 1: xxPSRxx ($137.10 in chips)
Seat 6: Hadart ($149.18 in chips)
xxPSRxx: posts small blind $1
Hadart: posts big blind $3
*** HOLE CARDS ***
xxPSRxx: raises $3 to $6
Hadart: calls $3
*** FLOP *** [5d 5s 7d]
Hadart: checks
xxPSRxx: bets $3
Hadart: calls $3
*** TURN *** [5d 5s 7d] [Qc]
Hadart: checks
xxPSRxx: checks
*** RIVER *** [5d 5s 7d Qc] [Kd]
Hadart: checks
xxPSRxx: checks
*** SHOW DOWN ***
Hadart: shows [4d 4c] (two pair, Fives and Fours)
xxPSRxx: mucks hand
Hadart collected $17.64 from pot
*** SUMMARY ***
Total pot $18 | Rake $0.36
Board [5d 5s 7d Qc Kd]
Seat 1: xxPSRxx (button) (small blind) mucked
Seat 6: Hadart (big blind) showed [4d 4c] and won ($17.64) with two pair, Fives and Fours


PokerStars Hand #174775002930:  Hold'em Limit ($3/$6 USD) - 2017/08/25 10:42:10 ET
Table 'Eumaios' 6-max Seat #1 is the button
Seat 1: xxPSRxx ($116.10 in chips)
Seat 6: Hadart ($169.34 in chips)
xxPSRxx: posts small blind $1
Hadart: posts big blind $3
*** HOLE CARDS ***
xxPSRxx: raises $3 to $6
Hadart: folds
Uncalled bet ($3) returned to xxPSRxx
xxPSRxx collected $6 from pot
xxPSRxx: doesn't show hand
*** SUMMARY ***
Total pot $6 | Rake $0
Seat 1: xxPSRxx (button) (small blind) collected ($6)
Seat 6: Hadart (big blind) folded before Flop


PokerStars Hand #174774991378:  Hold'em Limit ($3/$6 USD) - 2017/08/25 10:41:50 ET
Table 'Eumaios' 6-max Seat #6 is the button
Seat 1: xxPSRxx ($128.10 in chips)
Seat 6: Hadart ($157.82 in chips)
Hadart: posts small blind $1
xxPSRxx: posts big blind $3
*** HOLE CARDS ***
Hadart: raises $3 to $6
xxPSRxx: calls $3
*** FLOP *** [8s Ts 3c]
xxPSRxx: checks
Hadart: checks
*** TURN *** [8s Ts 3c] [2c]
xxPSRxx: checks
Hadart: bets $6
xxPSRxx: calls $6
*** RIVER *** [8s Ts 3c 2c] [Td]
xxPSRxx: checks
Hadart: bets $6
xxPSRxx: folds
Uncalled bet ($6) returned to Hadart
Hadart collected $23.52 from pot
Hadart: doesn't show hand
*** SUMMARY ***
Total pot $24 | Rake $0.48
Board [8s Ts 3c 2c Td]
Seat 1: xxPSRxx (big blind) folded on the River
Seat 6: Hadart (button) (small blind) collected ($23.52)


PokerStars Hand #174775006179:  Hold'em Limit ($3/$6 USD) - 2017/08/25 10:42:16 ET
Table 'Eumaios' 6-max Seat #6 is the button
Seat 1: xxPSRxx ($119.10 in chips)
Seat 6: Hadart ($166.34 in chips)
Hadart: posts small blind $1
xxPSRxx: posts big blind $3
*** HOLE CARDS ***
Hadart: raises $3 to $6
xxPSRxx: raises $3 to $9
Hadart: calls $3
*** FLOP *** [Ts 7s 9c]
xxPSRxx: bets $3
Hadart: calls $3
*** TURN *** [Ts 7s 9c] [Tc]
xxPSRxx: checks
Hadart: checks
*** RIVER *** [Ts 7s 9c Tc] [2h]
xxPSRxx: checks
Hadart: checks
*** SHOW DOWN ***
xxPSRxx: shows [Jd Kd] (a pair of Tens)
Hadart: shows [5s Ad] (a pair of Tens - Ace kicker)
Hadart collected $23.52 from pot
*** SUMMARY ***
Total pot $24 | Rake $0.48
Board [Ts 7s 9c Tc 2h]
Seat 1: xxPSRxx (big blind) showed [Jd Kd] and lost with a pair of Tens
Seat 6: Hadart (button) (small blind) showed [5s Ad] and won ($23.52) with a pair of Tens


PokerStars Hand #174775027614:  Hold'em Limit ($3/$6 USD) - 2017/08/25 10:42:54 ET
Table 'Eumaios' 6-max Seat #6 is the button
Seat 1: xxPSRxx ($115.74 in chips)
Seat 6: Hadart ($168.86 in chips)
Hadart: posts small blind $1
xxPSRxx: posts big blind $3
*** HOLE CARDS ***
Hadart: raises $3 to $6
xxPSRxx: raises $3 to $9
Hadart: calls $3
*** FLOP *** [6s Ks 3c]
xxPSRxx: bets $3
Hadart: calls $3
*** TURN *** [6s Ks 3c] [6h]
xxPSRxx: bets $6
Hadart: calls $6
*** RIVER *** [6s Ks 3c 6h] [3s]
xxPSRxx: checks
Hadart: bets $6
xxPSRxx: calls $6
*** SHOW DOWN ***
Hadart: shows [7c 6d] (a full house, Sixes full of Threes)
xxPSRxx: mucks hand
Hadart collected $47.50 from pot
*** SUMMARY ***
Total pot $48 | Rake $0.50
Board [6s Ks 3c 6h 3s]
Seat 1: xxPSRxx (big blind) mucked
Seat 6: Hadart (button) (small blind) showed [7c 6d] and won ($47.50) with a full house, Sixes full of Threes


PokerStars Hand #174775016734:  Hold'em Limit ($3/$6 USD) - 2017/08/25 10:42:35 ET
Table 'Eumaios' 6-max Seat #1 is the button
Seat 1: xxPSRxx ($107.10 in chips)
Seat 6: Hadart ($177.86 in chips)
xxPSRxx: posts small blind $1
Hadart: posts big blind $3
*** HOLE CARDS ***
xxPSRxx: raises $3 to $6
Hadart: calls $3
*** FLOP *** [4s 8c 7s]
Hadart: checks
xxPSRxx: bets $3
Hadart: calls $3
*** TURN *** [4s 8c 7s] [9h]
Hadart: checks
xxPSRxx: bets $6
Hadart: folds
Uncalled bet ($6) returned to xxPSRxx
xxPSRxx collected $17.64 from pot
xxPSRxx: doesn't show hand
*** SUMMARY ***
Total pot $18 | Rake $0.36
Board [4s 8c 7s 9h]
Seat 1: xxPSRxx (button) (small blind) collected ($17.64)
Seat 6: Hadart (big blind) folded on the Turn


PokerStars Hand #174775038098:  Hold'em Limit ($3/$6 USD) - 2017/08/25 10:43:13 ET
Table 'Eumaios' 6-max Seat #1 is the button
Seat 1: xxPSRxx ($91.74 in chips)
Seat 6: Hadart ($192.36 in chips)
xxPSRxx: posts small blind $1
Hadart: posts big blind $3
*** HOLE CARDS ***
xxPSRxx: raises $3 to $6
Hadart: calls $3
*** FLOP *** [Td Jd Tc]
Hadart: checks
xxPSRxx: bets $3
Hadart: calls $3
*** TURN *** [Td Jd Tc] [2d]
Hadart: checks
xxPSRxx: bets $6
Hadart: calls $6
*** RIVER *** [Td Jd Tc 2d] [Th]
Hadart: checks
xxPSRxx: bets $6
Hadart: calls $6
*** SHOW DOWN ***
xxPSRxx: shows [Ts Ks] (four of a kind, Tens)
Hadart: mucks hand
xxPSRxx collected $41.50 from pot
*** SUMMARY ***
Total pot $42 | Rake $0.50
Board [Td Jd Tc 2d Th]
Seat 1: xxPSRxx (button) (small blind) showed [Ts Ks] and won ($41.50) with four of a kind, Tens
Seat 6: Hadart (big blind) mucked


PokerStars Hand #174775050531:  Hold'em Limit ($3/$6 USD) - 2017/08/25 10:43:36 ET
Table 'Eumaios' 6-max Seat #6 is the button
Seat 1: xxPSRxx ($112.24 in chips)
Seat 6: Hadart ($171.36 in chips)
Hadart: posts small blind $1
xxPSRxx: posts big blind $3
*** HOLE CARDS ***
Hadart: raises $3 to $6
xxPSRxx: raises $3 to $9
Hadart: calls $3
*** FLOP *** [Jh 2d 2s]
xxPSRxx: bets $3
Hadart: calls $3
*** TURN *** [Jh 2d 2s] [Kd]
xxPSRxx: bets $6
Hadart: folds
Uncalled bet ($6) returned to xxPSRxx
xxPSRxx collected $23.52 from pot
xxPSRxx: doesn't show hand
*** SUMMARY ***
Total pot $24 | Rake $0.48
Board [Jh 2d 2s Kd]
Seat 1: xxPSRxx (big blind) collected ($23.52)
Seat 6: Hadart (button) (small blind) folded on the Turn


PokerStars Hand #174775058568:  Hold'em Limit ($3/$6 USD) - 2017/08/25 10:43:50 ET
Table 'Eumaios' 6-max Seat #1 is the button
Seat 1: xxPSRxx ($123.76 in chips)
Seat 6: Hadart ($159.36 in chips)
xxPSRxx: posts small blind $1
Hadart: posts big blind $3
*** HOLE CARDS ***
xxPSRxx: raises $3 to $6
Hadart: calls $3
*** FLOP *** [3d 4s Kh]
Hadart: checks
xxPSRxx: bets $3
Hadart: raises $3 to $6
xxPSRxx: calls $3
*** TURN *** [3d 4s Kh] [Qd]
Hadart: bets $6
xxPSRxx: calls $6
*** RIVER *** [3d 4s Kh Qd] [9c]
Hadart: bets $6
xxPSRxx: calls $6
*** SHOW DOWN ***
Hadart: shows [Kd 4d] (two pair, Kings and Fours)
xxPSRxx: mucks hand
Hadart collected $47.50 from pot
*** SUMMARY ***
Total pot $48 | Rake $0.50
Board [3d 4s Kh Qd 9c]
Seat 1: xxPSRxx (button) (small blind) mucked
Seat 6: Hadart (big blind) showed [Kd 4d] and won ($47.50) with two pair, Kings and Fours


PokerStars Hand #174775094699:  Hold'em Limit ($3/$6 USD) - 2017/08/25 10:44:55 ET
Table 'Eumaios' 6-max Seat #1 is the button
Seat 1: xxPSRxx ($83.76 in chips)
Seat 6: Hadart ($198.38 in chips)
xxPSRxx: posts small blind $1
Hadart: posts big blind $3
*** HOLE CARDS ***
xxPSRxx: raises $3 to $6
Hadart: folds
Uncalled bet ($3) returned to xxPSRxx
xxPSRxx collected $6 from pot
xxPSRxx: doesn't show hand
*** SUMMARY ***
Total pot $6 | Rake $0
Seat 1: xxPSRxx (button) (small blind) collected ($6)
Seat 6: Hadart (big blind) folded before Flop


PokerStars Hand #174775081201:  Hold'em Limit ($3/$6 USD) - 2017/08/25 10:44:31 ET
Table 'Eumaios' 6-max Seat #6 is the button
Seat 1: xxPSRxx ($99.76 in chips)
Seat 6: Hadart ($182.86 in chips)
Hadart: posts small blind $1
xxPSRxx: posts big blind $3
*** HOLE CARDS ***
Hadart: raises $3 to $6
xxPSRxx: raises $3 to $9
Hadart: raises $3 to $12
Betting is capped
xxPSRxx: calls $3
*** FLOP *** [4c Kd 2s]
xxPSRxx: checks
Hadart: bets $3
xxPSRxx: folds
Uncalled bet ($3) returned to Hadart
Hadart collected $23.52 from pot
Hadart: doesn't show hand
*** SUMMARY ***
Total pot $24 | Rake $0.48
Board [4c Kd 2s]
Seat 1: xxPSRxx (big blind) folded on the Flop
Seat 6: Hadart (button) (small blind) collected ($23.52)


PokerStars Hand #174775078142:  Hold'em Limit ($3/$6 USD) - 2017/08/25 10:44:26 ET
Table 'Eumaios' 6-max Seat #1 is the button
Seat 1: xxPSRxx ($96.76 in chips)
Seat 6: Hadart ($185.86 in chips)
xxPSRxx: posts small blind $1
Hadart: posts big blind $3
*** HOLE CARDS ***
xxPSRxx: raises $3 to $6
Hadart: folds
Uncalled bet ($3) returned to xxPSRxx
xxPSRxx collected $6 from pot
xxPSRxx: doesn't show hand
*** SUMMARY ***
Total pot $6 | Rake $0
Seat 1: xxPSRxx (button) (small blind) collected ($6)
Seat 6: Hadart (big blind) folded before Flop


PokerStars Hand #174775091373:  Hold'em Limit ($3/$6 USD) - 2017/08/25 10:44:49 ET
Table 'Eumaios' 6-max Seat #6 is the button
Seat 1: xxPSRxx ($86.76 in chips)
Seat 6: Hadart ($195.38 in chips)
Hadart: posts small blind $1
xxPSRxx: posts big blind $3
*** HOLE CARDS ***
Hadart: raises $3 to $6
xxPSRxx: folds
Uncalled bet ($3) returned to Hadart
Hadart collected $6 from pot
Hadart: doesn't show hand
*** SUMMARY ***
Total pot $6 | Rake $0
Seat 1: xxPSRxx (big blind) folded before Flop
Seat 6: Hadart (button) (small blind) collected ($6)


PokerStars Hand #174775098267:  Hold'em Limit ($3/$6 USD) - 2017/08/25 10:45:02 ET
Table 'Eumaios' 6-max Seat #6 is the button
Seat 1: xxPSRxx ($86.76 in chips)
Seat 6: Hadart ($195.38 in chips)
Hadart: posts small blind $1
xxPSRxx: posts big blind $3
*** HOLE CARDS ***
Hadart: raises $3 to $6
xxPSRxx: raises $3 to $9
Hadart: calls $3
*** FLOP *** [Ah 7s 8c]
xxPSRxx: bets $3
Hadart: calls $3
*** TURN *** [Ah 7s 8c] [4h]
xxPSRxx: bets $6
Hadart: folds
Uncalled bet ($6) returned to xxPSRxx
xxPSRxx collected $23.52 from pot
xxPSRxx: doesn't show hand
*** SUMMARY ***
Total pot $24 | Rake $0.48
Board [Ah 7s 8c 4h]
Seat 1: xxPSRxx (big blind) collected ($23.52)
Seat 6: Hadart (button) (small blind) folded on the Turn


PokerStars Hand #174775123215:  Hold'em Limit ($3/$6 USD) - 2017/08/25 10:45:47 ET
Table 'Eumaios' 6-max Seat #1 is the button
Seat 1: xxPSRxx ($128.78 in chips)
Seat 6: Hadart ($152.38 in chips)
xxPSRxx: posts small blind $1
Hadart: posts big blind $3
*** HOLE CARDS ***
xxPSRxx: raises $3 to $6
Hadart: calls $3
*** FLOP *** [Ts 4d 3c]
Hadart: checks
xxPSRxx: bets $3
SpartakM1985 joins the table at seat #3
Hadart: calls $3
*** TURN *** [Ts 4d 3c] [2s]
Hadart: checks
xxPSRxx: checks
*** RIVER *** [Ts 4d 3c 2s] [2h]
Hadart: bets $6
xxPSRxx: calls $6
*** SHOW DOWN ***
Hadart: shows [5c 4c] (two pair, Fours and Deuces)
xxPSRxx: mucks hand
Hadart collected $29.50 from pot
*** SUMMARY ***
Total pot $30 | Rake $0.50
Board [Ts 4d 3c 2s 2h]
Seat 1: xxPSRxx (button) (small blind) mucked
Seat 6: Hadart (big blind) showed [5c 4c] and won ($29.50) with two pair, Fours and Deuces


PokerStars Hand #174775132554:  Hold'em Limit ($3/$6 USD) - 2017/08/25 10:46:04 ET
Table 'Eumaios' 6-max Seat #6 is the button
Seat 1: xxPSRxx ($113.78 in chips)
Seat 6: Hadart ($166.88 in chips)
Hadart: posts small blind $1
xxPSRxx: posts big blind $3
*** HOLE CARDS ***
Hadart: folds
Uncalled bet ($2) returned to xxPSRxx
xxPSRxx collected $2 from pot
xxPSRxx: doesn't show hand
*** SUMMARY ***
Total pot $2 | Rake $0
Seat 1: xxPSRxx (big blind) collected ($2)
Seat 6: Hadart (button) (small blind) folded before Flop


PokerStars Hand #174775120517:  Hold'em Limit ($3/$6 USD) - 2017/08/25 10:45:42 ET
Table 'Eumaios' 6-max Seat #6 is the button
Seat 1: xxPSRxx ($127.78 in chips)
Seat 6: Hadart ($153.38 in chips)
Hadart: posts small blind $1
xxPSRxx: posts big blind $3
*** HOLE CARDS ***
Hadart: folds
Uncalled bet ($2) returned to xxPSRxx
xxPSRxx collected $2 from pot
xxPSRxx: doesn't show hand
*** SUMMARY ***
Total pot $2 | Rake $0
Seat 1: xxPSRxx (big blind) collected ($2)
Seat 6: Hadart (button) (small blind) folded before Flop


PokerStars Hand #174775107305:  Hold'em Limit ($3/$6 USD) - 2017/08/25 10:45:18 ET
Table 'Eumaios' 6-max Seat #1 is the button
Seat 1: xxPSRxx ($98.28 in chips)
Seat 6: Hadart ($183.38 in chips)
xxPSRxx: posts small blind $1
Hadart: posts big blind $3
*** HOLE CARDS ***
xxPSRxx: raises $3 to $6
Hadart: raises $3 to $9
xxPSRxx: calls $3
*** FLOP *** [Tc 5s Kh]
Hadart: bets $3
xxPSRxx: calls $3
*** TURN *** [Tc 5s Kh] [5d]
Hadart: bets $6
xxPSRxx: calls $6
*** RIVER *** [Tc 5s Kh 5d] [Ah]
Hadart: bets $6
xxPSRxx: raises $6 to $12
Hadart: calls $6
*** SHOW DOWN ***
xxPSRxx: shows [Ad Ts] (two pair, Aces and Tens)
Hadart: mucks hand
xxPSRxx collected $59.50 from pot
*** SUMMARY ***
Total pot $60 | Rake $0.50
Board [Tc 5s Kh 5d Ah]
Seat 1: xxPSRxx (button) (small blind) showed [Ad Ts] and won ($59.50) with two pair, Aces and Tens
Seat 6: Hadart (big blind) mucked


PokerStars Hand #174777356434:  Hold'em Limit ($3/$6 USD) - 2017/08/25 11:52:03 ET
Table 'Eumaios' 6-max Seat #5 is the button
Seat 1: isjo28 ($152.06 in chips)
Seat 5: krytalex ($290.42 in chips)
vestimokrec will be allowed to play after the button
krytalex: posts small blind $1
isjo28: posts big blind $3
*** HOLE CARDS ***
krytalex: folds
Uncalled bet ($2) returned to isjo28
isjo28 collected $2 from pot
*** SUMMARY ***
Total pot $2 | Rake $0
Seat 1: isjo28 (big blind) collected ($2)
Seat 5: krytalex (button) (small blind) folded before Flop


PokerStars Hand #174777426410:  Hold'em Limit ($3/$6 USD) - 2017/08/25 11:54:03 ET
Table 'Eumaios' 6-max Seat #1 is the button
Seat 1: isjo28 ($127.70 in chips)
Seat 5: krytalex ($304.52 in chips)
isjo28: posts small blind $1
vestimokrec: is sitting out
krytalex: posts big blind $3
*** HOLE CARDS ***
isjo28: raises $3 to $6
krytalex: calls $3
*** FLOP *** [Th Jd 6c]
vestimokrec is disconnected
krytalex: checks
isjo28: bets $3
krytalex: calls $3
*** TURN *** [Th Jd 6c] [3s]
krytalex: checks
isjo28: bets $6
krytalex: folds
Uncalled bet ($6) returned to isjo28
isjo28 collected $17.64 from pot
*** SUMMARY ***
Total pot $18 | Rake $0.36
Board [Th Jd 6c 3s]
Seat 1: isjo28 (button) (small blind) collected ($17.64)
Seat 5: krytalex (big blind) folded on the Turn


PokerStars Hand #174777467883:  Hold'em Limit ($3/$6 USD) - 2017/08/25 11:55:15 ET
Table 'Eumaios' 6-max Seat #5 is the button
Seat 1: isjo28 ($136.34 in chips)
Seat 5: krytalex ($295.52 in chips)
krytalex: posts small blind $1
isjo28: posts big blind $3
*** HOLE CARDS ***
krytalex: folds
Uncalled bet ($2) returned to isjo28
isjo28 collected $2 from pot
*** SUMMARY ***
Total pot $2 | Rake $0
Seat 1: isjo28 (big blind) collected ($2)
Seat 5: krytalex (button) (small blind) folded before Flop


PokerStars Hand #174790567383:  Hold'em Limit ($3/$6 USD) - 2017/08/25 17:18:38 ET
Table 'Eumaios' 6-max Seat #1 is the button
Seat 1: Ghost-of ($18.72 in chips)
Seat 6: ToDaFelt ($153.81 in chips)
Ghost-of: posts small blind $1
Chessnok: is sitting out
ToDaFelt: posts big blind $3
*** HOLE CARDS ***
Ghost-of: raises $3 to $6
ToDaFelt: folds
Uncalled bet ($3) returned to Ghost-of
Ghost-of collected $6 from pot
Ghost-of: doesn't show hand
*** SUMMARY ***
Total pot $6 | Rake $0
Seat 1: Ghost-of (button) (small blind) collected ($6)
Seat 6: ToDaFelt (big blind) folded before Flop


PokerStars Hand #174790579861:  Hold'em Limit ($3/$6 USD) - 2017/08/25 17:18:56 ET
Table 'Eumaios' 6-max Seat #6 is the button
Seat 1: Ghost-of ($21.72 in chips)
Seat 6: ToDaFelt ($150.81 in chips)
ToDaFelt: posts small blind $1
Ghost-of: posts big blind $3
*** HOLE CARDS ***
ToDaFelt: raises $3 to $6
Ghost-of: calls $3
*** FLOP *** [Qh 3d Ks]
Ghost-of: bets $3
ToDaFelt: folds
Uncalled bet ($3) returned to Ghost-of
Ghost-of collected $11.76 from pot
Ghost-of: doesn't show hand
*** SUMMARY ***
Total pot $12 | Rake $0.24
Board [Qh 3d Ks]
Seat 1: Ghost-of (big blind) collected ($11.76)
Seat 6: ToDaFelt (button) (small blind) folded on the Flop


PokerStars Hand #174790593784:  Hold'em Limit ($3/$6 USD) - 2017/08/25 17:19:14 ET
Table 'Eumaios' 6-max Seat #1 is the button
Seat 1: Ghost-of ($27.48 in chips)
Seat 6: ToDaFelt ($144.81 in chips)
Chessnok leaves the table
Ghost-of: posts small blind $1
ToDaFelt: posts big blind $3
*** HOLE CARDS ***
Ghost-of: folds
Uncalled bet ($2) returned to ToDaFelt
ToDaFelt collected $2 from pot
ToDaFelt: doesn't show hand
*** SUMMARY ***
Total pot $2 | Rake $0
Seat 1: Ghost-of (button) (small blind) folded before Flop
Seat 6: ToDaFelt (big blind) collected ($2)


PokerStars Hand #174790628509:  Hold'em Limit ($3/$6 USD) - 2017/08/25 17:19:50 ET
Table 'Eumaios' 6-max Seat #1 is the button
Seat 1: Ghost-of ($38 in chips)
Seat 6: ToDaFelt ($133.81 in chips)
Ghost-of: posts small blind $1
ToDaFelt: posts big blind $3
*** HOLE CARDS ***
Ghost-of: folds
Uncalled bet ($2) returned to ToDaFelt
ToDaFelt collected $2 from pot
ToDaFelt: doesn't show hand
*** SUMMARY ***
Total pot $2 | Rake $0
Seat 1: Ghost-of (button) (small blind) folded before Flop
Seat 6: ToDaFelt (big blind) collected ($2)


PokerStars Hand #174790597896:  Hold'em Limit ($3/$6 USD) - 2017/08/25 17:19:20 ET
Table 'Eumaios' 6-max Seat #6 is the button
Seat 1: Ghost-of ($26.48 in chips)
Seat 6: ToDaFelt ($145.81 in chips)
ToDaFelt: posts small blind $1
Ghost-of: posts big blind $3
*** HOLE CARDS ***
ToDaFelt: raises $3 to $6
Ghost-of: raises $3 to $9
ToDaFelt: calls $3
*** FLOP *** [2c 5s 3h]
Ghost-of: bets $3
ToDaFelt: calls $3
*** TURN *** [2c 5s 3h] [2s]
Ghost-of: bets $6
ToDaFelt: folds
Uncalled bet ($6) returned to Ghost-of
Ghost-of collected $23.52 from pot
Ghost-of: doesn't show hand
*** SUMMARY ***
Total pot $24 | Rake $0.48
Board [2c 5s 3h 2s]
Seat 1: Ghost-of (big blind) collected ($23.52)
Seat 6: ToDaFelt (button) (small blind) folded on the Turn


PokerStars Hand #174790658504:  Hold'em Limit ($3/$6 USD) - 2017/08/25 17:20:31 ET
Table 'Eumaios' 6-max Seat #6 is the button
Seat 1: Ghost-of ($9 in chips)
Seat 6: ToDaFelt ($162.31 in chips)
ToDaFelt: posts small blind $1
Ghost-of: posts big blind $3
*** HOLE CARDS ***
ToDaFelt: folds
Uncalled bet ($2) returned to Ghost-of
Ghost-of collected $2 from pot
Ghost-of: doesn't show hand
*** SUMMARY ***
Total pot $2 | Rake $0
Seat 1: Ghost-of (big blind) collected ($2)
Seat 6: ToDaFelt (button) (small blind) folded before Flop


PokerStars Hand #174790651497:  Hold'em Limit ($3/$6 USD) - 2017/08/25 17:20:21 ET
Table 'Eumaios' 6-max Seat #1 is the button
Seat 1: Ghost-of ($10 in chips)
Seat 6: ToDaFelt ($161.31 in chips)
Ghost-of: posts small blind $1
ToDaFelt: posts big blind $3
*** HOLE CARDS ***
Ghost-of: folds
Uncalled bet ($2) returned to ToDaFelt
ToDaFelt collected $2 from pot
ToDaFelt: doesn't show hand
*** SUMMARY ***
Total pot $2 | Rake $0
Seat 1: Ghost-of (button) (small blind) folded before Flop
Seat 6: ToDaFelt (big blind) collected ($2)


PokerStars Hand #174790632142:  Hold'em Limit ($3/$6 USD) - 2017/08/25 17:19:55 ET
Table 'Eumaios' 6-max Seat #6 is the button
Seat 1: Ghost-of ($37 in chips)
Seat 6: ToDaFelt ($134.81 in chips)
ToDaFelt: posts small blind $1
Ghost-of: posts big blind $3
*** HOLE CARDS ***
ToDaFelt: raises $3 to $6
Ghost-of: calls $3
*** FLOP *** [Qd 6s 5s]
Ghost-of: bets $3
ToDaFelt: calls $3
*** TURN *** [Qd 6s 5s] [7c]
Ghost-of: bets $6
ToDaFelt: raises $6 to $12
Ghost-of: calls $6
*** RIVER *** [Qd 6s 5s 7c] [3h]
Ghost-of: bets $6
ToDaFelt: calls $6
*** SHOW DOWN ***
Ghost-of: shows [Ac 6d] (a pair of Sixes)
ToDaFelt: shows [5h 5c] (three of a kind, Fives)
ToDaFelt collected $53.50 from pot
*** SUMMARY ***
Total pot $54 | Rake $0.50
Board [Qd 6s 5s 7c 3h]
Seat 1: Ghost-of (big blind) showed [Ac 6d] and lost with a pair of Sixes
Seat 6: ToDaFelt (button) (small blind) showed [5h 5c] and won ($53.50) with three of a kind, Fives


PokerStars Hand #174790664467:  Hold'em Limit ($3/$6 USD) - 2017/08/25 17:20:38 ET
Table 'Eumaios' 6-max Seat #1 is the button
Seat 1: Ghost-of ($10 in chips)
Seat 6: ToDaFelt ($161.31 in chips)
Ghost-of: posts small blind $1
ToDaFelt: posts big blind $3
*** HOLE CARDS ***
Ghost-of: raises $3 to $6
ToDaFelt: calls $3
*** FLOP *** [Ts Ah 3c]
NewRocker joins the table at seat #3
ToDaFelt: checks
Ghost-of: bets $3
ToDaFelt: folds
Uncalled bet ($3) returned to Ghost-of
Ghost-of collected $11.76 from pot
Ghost-of: doesn't show hand
*** SUMMARY ***
Total pot $12 | Rake $0.24
Board [Ts Ah 3c]
Seat 1: Ghost-of (button) (small blind) collected ($11.76)
Seat 6: ToDaFelt (big blind) folded on the Flop


PokerStars Hand #174790680899:  Hold'em Limit ($3/$6 USD) - 2017/08/25 17:21:01 ET
Table 'Eumaios' 6-max Seat #6 is the button
Seat 1: Ghost-of ($15.76 in chips)
Seat 6: ToDaFelt ($155.31 in chips)
ToDaFelt: posts small blind $1
Ghost-of: posts big blind $3
*** HOLE CARDS ***
ToDaFelt: raises $3 to $6
Ghost-of: calls $3
*** FLOP *** [4c Kc Td]
Ghost-of: checks
ToDaFelt: bets $3
Ghost-of: folds
Uncalled bet ($3) returned to ToDaFelt
ToDaFelt collected $11.76 from pot
ToDaFelt: doesn't show hand
*** SUMMARY ***
Total pot $12 | Rake $0.24
Board [4c Kc Td]
Seat 1: Ghost-of (big blind) folded on the Flop
Seat 6: ToDaFelt (button) (small blind) collected ($11.76)


PokerStars Hand #174790763967:  Hold'em Limit ($3/$6 USD) - 2017/08/25 17:22:55 ET
Table 'Eumaios' 6-max Seat #3 is the button
Seat 3: NewRocker ($128.28 in chips)
Seat 6: ToDaFelt ($161.30 in chips)
hairy1961 will be allowed to play after the button
NewRocker: posts small blind $1
ToDaFelt: posts big blind $3
*** HOLE CARDS ***
Ghost-of leaves the table
NewRocker: folds
Uncalled bet ($2) returned to ToDaFelt
ToDaFelt collected $2 from pot
ToDaFelt: doesn't show hand
*** SUMMARY ***
Total pot $2 | Rake $0
Seat 3: NewRocker (button) (small blind) folded before Flop
Seat 6: ToDaFelt (big blind) collected ($2)


PokerStars Hand #174796211055:  Hold'em Limit ($3/$6 USD) - 2017/08/25 19:44:39 ET
Table 'Eumaios' 6-max Seat #2 is the button
Seat 2: Mareyev ($350.33 in chips)
Seat 5: Velbor107 ($284 in chips)
Mareyev: posts small blind $1
Airdash: is sitting out
Velbor107: posts big blind $3
*** HOLE CARDS ***
Mareyev: folds
Uncalled bet ($2) returned to Velbor107
Velbor107 collected $2 from pot
Airdash leaves the table
*** SUMMARY ***
Total pot $2 | Rake $0
Seat 2: Mareyev (button) (small blind) folded before Flop
Seat 5: Velbor107 (big blind) collected ($2)


PokerStars Hand #174796214107:  Hold'em Limit ($3/$6 USD) - 2017/08/25 19:44:44 ET
Table 'Eumaios' 6-max Seat #5 is the button
Seat 2: Mareyev ($349.33 in chips)
Seat 5: Velbor107 ($285 in chips)
Velbor107: posts small blind $1
Mareyev: posts big blind $3
*** HOLE CARDS ***
Sadist20 joins the table at seat #3
Velbor107: folds
Uncalled bet ($2) returned to Mareyev
Sadist20 leaves the table
Mareyev collected $2 from pot
Mareyev: doesn't show hand
*** SUMMARY ***
Total pot $2 | Rake $0
Seat 2: Mareyev (big blind) collected ($2)
Seat 5: Velbor107 (button) (small blind) folded before Flop


PokerStars Hand #174796227042:  Hold'em Limit ($3/$6 USD) - 2017/08/25 19:45:07 ET
Table 'Eumaios' 6-max Seat #5 is the button
Seat 2: Mareyev ($356.09 in chips)
Seat 5: Velbor107 ($278 in chips)
Velbor107: posts small blind $1
Mareyev: posts big blind $3
*** HOLE CARDS ***
Velbor107: folds
Uncalled bet ($2) returned to Mareyev
Mareyev collected $2 from pot
Mareyev: doesn't show hand
*** SUMMARY ***
Total pot $2 | Rake $0
Seat 2: Mareyev (big blind) collected ($2)
Seat 5: Velbor107 (button) (small blind) folded before Flop


PokerStars Hand #174796218483:  Hold'em Limit ($3/$6 USD) - 2017/08/25 19:44:52 ET
Table 'Eumaios' 6-max Seat #2 is the button
Seat 2: Mareyev ($350.33 in chips)
Seat 5: Velbor107 ($284 in chips)
Mareyev: posts small blind $1
Velbor107: posts big blind $3
*** HOLE CARDS ***
Mareyev: raises $3 to $6
Velbor107: calls $3
*** FLOP *** [Ad 9c 4h]
FeelinGuilty leaves the table
Velbor107: checks
Mareyev: bets $3
Velbor107: folds
Uncalled bet ($3) returned to Mareyev
Mareyev collected $11.76 from pot
Mareyev: doesn't show hand
*** SUMMARY ***
Total pot $12 | Rake $0.24
Board [Ad 9c 4h]
Seat 2: Mareyev (button) (small blind) collected ($11.76)
Seat 5: Velbor107 (big blind) folded on the Flop


PokerStars Hand #174796230613:  Hold'em Limit ($3/$6 USD) - 2017/08/25 19:45:14 ET
Table 'Eumaios' 6-max Seat #2 is the button
Seat 2: Mareyev ($357.09 in chips)
Seat 5: Velbor107 ($277 in chips)
Mareyev: posts small blind $1
Velbor107: posts big blind $3
*** HOLE CARDS ***
Mareyev: raises $3 to $6
Velbor107: raises $3 to $9
Mareyev: raises $3 to $12
Betting is capped
Velbor107: calls $3
*** FLOP *** [2c Tc Kd]
Velbor107: checks
Mareyev: bets $3
Velbor107: raises $3 to $6
Mareyev: calls $3
*** TURN *** [2c Tc Kd] [8h]
Velbor107: bets $6
Mareyev: calls $6
*** RIVER *** [2c Tc Kd 8h] [5s]
Velbor107: bets $6
Mareyev: calls $6
*** SHOW DOWN ***
Velbor107: shows [Qc Kc] (a pair of Kings)
Mareyev: mucks hand
Velbor107 collected $59.50 from pot
*** SUMMARY ***
Total pot $60 | Rake $0.50
Board [2c Tc Kd 8h 5s]
Seat 2: Mareyev (button) (small blind) mucked
Seat 5: Velbor107 (big blind) showed [Qc Kc] and won ($59.50) with a pair of Kings


PokerStars Hand #174796245772:  Hold'em Limit ($3/$6 USD) - 2017/08/25 19:45:41 ET
Table 'Eumaios' 6-max Seat #5 is the button
Seat 2: Mareyev ($327.09 in chips)
Seat 5: Velbor107 ($306.50 in chips)
Velbor107: posts small blind $1
Mareyev: posts big blind $3
*** HOLE CARDS ***
Velbor107: raises $3 to $6
Mareyev: folds
Uncalled bet ($3) returned to Velbor107
Mareyev leaves the table
Velbor107 collected $6 from pot
*** SUMMARY ***
Total pot $6 | Rake $0
Seat 2: Mareyev (big blind) folded before Flop
Seat 5: Velbor107 (button) (small blind) collected ($6)


PokerStars Hand #174796383903:  Hold'em Limit ($3/$6 USD) - 2017/08/25 19:49:51 ET
Table 'Eumaios' 6-max Seat #1 is the button
Seat 1: ELCapitano26 ($137.07 in chips)
Seat 5: Velbor107 ($323.90 in chips)
ELCapitano26: posts small blind $1
Velbor107: posts big blind $3
*** HOLE CARDS ***
ELCapitano26: raises $3 to $6
Velbor107: calls $3
*** FLOP *** [Kd 6s 5s]
Velbor107: checks
ELCapitano26: bets $3
Velbor107: calls $3
*** TURN *** [Kd 6s 5s] [7d]
Velbor107: checks
ELCapitano26: checks
*** RIVER *** [Kd 6s 5s 7d] [4c]
Velbor107: bets $6
ELCapitano26: raises $6 to $12
Velbor107: folds
Uncalled bet ($6) returned to ELCapitano26
ELCapitano26 collected $29.50 from pot
ELCapitano26: doesn't show hand
*** SUMMARY ***
Total pot $30 | Rake $0.50
Board [Kd 6s 5s 7d 4c]
Seat 1: ELCapitano26 (button) (small blind) collected ($29.50)
Seat 5: Velbor107 (big blind) folded on the River


PokerStars Hand #174796422108:  Hold'em Limit ($3/$6 USD) - 2017/08/25 19:51:01 ET
Table 'Eumaios' 6-max Seat #1 is the button
Seat 1: ELCapitano26 ($136.57 in chips)
Seat 5: Velbor107 ($323.40 in chips)
ELCapitano26: posts small blind $1
Velbor107: posts big blind $3
*** HOLE CARDS ***
ELCapitano26: folds
Uncalled bet ($2) returned to Velbor107
Velbor107 collected $2 from pot
*** SUMMARY ***
Total pot $2 | Rake $0
Seat 1: ELCapitano26 (button) (small blind) folded before Flop
Seat 5: Velbor107 (big blind) collected ($2)


PokerStars Hand #174796405566:  Hold'em Limit ($3/$6 USD) - 2017/08/25 19:50:31 ET
Table 'Eumaios' 6-max Seat #5 is the button
Seat 1: ELCapitano26 ($151.57 in chips)
Seat 5: Velbor107 ($308.90 in chips)
Velbor107: posts small blind $1
ELCapitano26: posts big blind $3
*** HOLE CARDS ***
Velbor107: raises $3 to $6
ELCapitano26: calls $3
*** FLOP *** [7h 2d Jc]
ELCapitano26: checks
Velbor107: bets $3
ELCapitano26: calls $3
*** TURN *** [7h 2d Jc] [7c]
ELCapitano26: checks
Velbor107: bets $6
ELCapitano26: calls $6
*** RIVER *** [7h 2d Jc 7c] [6d]
ELCapitano26: checks
Velbor107: bets $6
ELCapitano26: folds
Uncalled bet ($6) returned to Velbor107
Velbor107 collected $29.50 from pot
*** SUMMARY ***
Total pot $30 | Rake $0.50
Board [7h 2d Jc 7c 6d]
Seat 1: ELCapitano26 (big blind) folded on the River
Seat 5: Velbor107 (button) (small blind) collected ($29.50)


PokerStars Hand #174796449056:  Hold'em Limit ($3/$6 USD) - 2017/08/25 19:51:50 ET
Table 'Eumaios' 6-max Seat #1 is the button
Seat 1: ELCapitano26 ($117.57 in chips)
Seat 5: Velbor107 ($341.90 in chips)
ELCapitano26: posts small blind $1
Velbor107: posts big blind $3
*** HOLE CARDS ***
ELCapitano26: folds
Uncalled bet ($2) returned to Velbor107
Velbor107 collected $2 from pot
*** SUMMARY ***
Total pot $2 | Rake $0
Seat 1: ELCapitano26 (button) (small blind) folded before Flop
Seat 5: Velbor107 (big blind) collected ($2)


PokerStars Hand #174796425361:  Hold'em Limit ($3/$6 USD) - 2017/08/25 19:51:06 ET
Table 'Eumaios' 6-max Seat #5 is the button
Seat 1: ELCapitano26 ($135.57 in chips)
Seat 5: Velbor107 ($324.40 in chips)
Velbor107: posts small blind $1
ELCapitano26: posts big blind $3
*** HOLE CARDS ***
Velbor107: raises $3 to $6
ELCapitano26: raises $3 to $9
Velbor107: calls $3
*** FLOP *** [5c Tc 6d]
ELCapitano26: checks
Velbor107: bets $3
ELCapitano26: raises $3 to $6
Velbor107: raises $3 to $9
ELCapitano26: calls $3
*** TURN *** [5c Tc 6d] [Qs]
ELCapitano26: checks
Velbor107: checks
*** RIVER *** [5c Tc 6d Qs] [8h]
ELCapitano26: checks
Velbor107: checks
*** SHOW DOWN ***
ELCapitano26: shows [Jc Kc] (high card King)
Velbor107: shows [Ac 8c] (a pair of Eights)
Velbor107 collected $35.50 from pot
*** SUMMARY ***
Total pot $36 | Rake $0.50
Board [5c Tc 6d Qs 8h]
Seat 1: ELCapitano26 (big blind) showed [Jc Kc] and lost with high card King
Seat 5: Velbor107 (button) (small blind) showed [Ac 8c] and won ($35.50) with a pair of Eights


PokerStars Hand #174796495471:  Hold'em Limit ($3/$6 USD) - 2017/08/25 19:53:15 ET
Table 'Eumaios' 6-max Seat #5 is the button
Seat 1: ELCapitano26 ($103.57 in chips)
Seat 5: Velbor107 ($355.42 in chips)
Velbor107: posts small blind $1
ELCapitano26: posts big blind $3
*** HOLE CARDS ***
ToDaFelt joins the table at seat #2
Velbor107: folds
Uncalled bet ($2) returned to ELCapitano26
ELCapitano26 collected $2 from pot
ELCapitano26: doesn't show hand
*** SUMMARY ***
Total pot $2 | Rake $0
Seat 1: ELCapitano26 (big blind) collected ($2)
Seat 5: Velbor107 (button) (small blind) folded before Flop


PokerStars Hand #174796493076:  Hold'em Limit ($3/$6 USD) - 2017/08/25 19:53:11 ET
Table 'Eumaios' 6-max Seat #1 is the button
Seat 1: ELCapitano26 ($104.57 in chips)
Seat 5: Velbor107 ($354.42 in chips)
ELCapitano26: posts small blind $1
Velbor107: posts big blind $3
*** HOLE CARDS ***
ELCapitano26: folds
Uncalled bet ($2) returned to Velbor107
Velbor107 collected $2 from pot
*** SUMMARY ***
Total pot $2 | Rake $0
Seat 1: ELCapitano26 (button) (small blind) folded before Flop
Seat 5: Velbor107 (big blind) collected ($2)


PokerStars Hand #174796453403:  Hold'em Limit ($3/$6 USD) - 2017/08/25 19:51:58 ET
Table 'Eumaios' 6-max Seat #5 is the button
Seat 1: ELCapitano26 ($116.57 in chips)
Seat 5: Velbor107 ($342.90 in chips)
Velbor107: posts small blind $1
ELCapitano26: posts big blind $3
*** HOLE CARDS ***
Velbor107: raises $3 to $6
ELCapitano26: calls $3
*** FLOP *** [2d 7d 4c]
ELCapitano26: checks
Velbor107: checks
*** TURN *** [2d 7d 4c] [9h]
ELCapitano26: checks
Velbor107: bets $6
ELCapitano26: calls $6
*** RIVER *** [2d 7d 4c 9h] [7c]
ELCapitano26: checks
Velbor107: bets $6
ELCapitano26: folds
Uncalled bet ($6) returned to Velbor107
Velbor107 collected $23.52 from pot
*** SUMMARY ***
Total pot $24 | Rake $0.48
Board [2d 7d 4c 9h 7c]
Seat 1: ELCapitano26 (big blind) folded on the River
Seat 5: Velbor107 (button) (small blind) collected ($23.52)


