PokerStars Hand #161222409953:  Hold'em Limit ($3/$6 USD) - 2016/11/11 0:56:08 ET
Table 'Eumaios' 6-max Seat #3 is the button
Seat 3: Ahjorth87 ($120 in chips)
Seat 4: VolkovDmitri ($120 in chips)
Ahjorth87: posts small blind $1
VolkovDmitri: posts big blind $3
*** HOLE CARDS ***
Ahjorth87: raises $3 to $6
VolkovDmitri: folds
Uncalled bet ($3) returned to Ahjorth87
Ahjorth87 collected $6 from pot
Ahjorth87: doesn't show hand
*** SUMMARY ***
Total pot $6 | Rake $0
Seat 3: Ahjorth87 (button) (small blind) collected ($6)
Seat 4: VolkovDmitri (big blind) folded before Flop


PokerStars Hand #161222418057:  Hold'em Limit ($3/$6 USD) - 2016/11/11 0:56:42 ET
Table 'Eumaios' 6-max Seat #3 is the button
Seat 3: Ahjorth87 ($102 in chips)
Seat 4: VolkovDmitri ($140.50 in chips)
Ahjorth87: posts small blind $1
VolkovDmitri: posts big blind $3
*** HOLE CARDS ***
Ahjorth87: folds
Uncalled bet ($2) returned to VolkovDmitri
VolkovDmitri collected $2 from pot
VolkovDmitri: doesn't show hand
*** SUMMARY ***
Total pot $2 | Rake $0
Seat 3: Ahjorth87 (button) (small blind) folded before Flop
Seat 4: VolkovDmitri (big blind) collected ($2)


PokerStars Hand #161222412168:  Hold'em Limit ($3/$6 USD) - 2016/11/11 0:56:17 ET
Table 'Eumaios' 6-max Seat #4 is the button
Seat 3: Ahjorth87 ($123 in chips)
Seat 4: VolkovDmitri ($120 in chips)
VolkovDmitri: posts small blind $1
Ahjorth87: posts big blind $3
*** HOLE CARDS ***
VolkovDmitri: raises $3 to $6
Ahjorth87: calls $3
*** FLOP *** [Tc Kh Ah]
Ahjorth87: checks
VolkovDmitri: bets $3
Ahjorth87: calls $3
*** TURN *** [Tc Kh Ah] [4d]
Ahjorth87: checks
VolkovDmitri: bets $6
Ahjorth87: calls $6
*** RIVER *** [Tc Kh Ah 4d] [7c]
Ahjorth87: checks
VolkovDmitri: bets $6
Ahjorth87: calls $6
*** SHOW DOWN ***
VolkovDmitri: shows [6s Ks] (a pair of Kings)
Ahjorth87: mucks hand
VolkovDmitri collected $41.50 from pot
*** SUMMARY ***
Total pot $42 | Rake $0.50
Board [Tc Kh Ah 4d 7c]
Seat 3: Ahjorth87 (big blind) mucked
Seat 4: VolkovDmitri (button) (small blind) showed [6s Ks] and won ($41.50) with a pair of Kings


PokerStars Hand #161222419248:  Hold'em Limit ($3/$6 USD) - 2016/11/11 0:56:47 ET
Table 'Eumaios' 6-max Seat #4 is the button
Seat 3: Ahjorth87 ($101 in chips)
Seat 4: VolkovDmitri ($141.50 in chips)
VolkovDmitri: posts small blind $1
Ahjorth87: posts big blind $3
*** HOLE CARDS ***
VolkovDmitri: raises $3 to $6
Ahjorth87: calls $3
*** FLOP *** [Kh 3c Qc]
Ahjorth87: checks
VolkovDmitri: bets $3
Ahjorth87: raises $3 to $6
VolkovDmitri: folds
Uncalled bet ($3) returned to Ahjorth87
Ahjorth87 collected $17.64 from pot
Ahjorth87: doesn't show hand
*** SUMMARY ***
Total pot $18 | Rake $0.36
Board [Kh 3c Qc]
Seat 3: Ahjorth87 (big blind) collected ($17.64)
Seat 4: VolkovDmitri (button) (small blind) folded on the Flop


PokerStars Hand #161222426509:  Hold'em Limit ($3/$6 USD) - 2016/11/11 0:57:17 ET
Table 'Eumaios' 6-max Seat #3 is the button
Seat 3: Ahjorth87 ($109.64 in chips)
Seat 4: VolkovDmitri ($132.50 in chips)
Ahjorth87: posts small blind $1
VolkovDmitri: posts big blind $3
*** HOLE CARDS ***
Ahjorth87: raises $3 to $6
VolkovDmitri: folds
Uncalled bet ($3) returned to Ahjorth87
Ahjorth87 collected $6 from pot
Ahjorth87: doesn't show hand
*** SUMMARY ***
Total pot $6 | Rake $0
Seat 3: Ahjorth87 (button) (small blind) collected ($6)
Seat 4: VolkovDmitri (big blind) folded before Flop


PokerStars Hand #161222430176:  Hold'em Limit ($3/$6 USD) - 2016/11/11 0:57:32 ET
Table 'Eumaios' 6-max Seat #4 is the button
Seat 3: Ahjorth87 ($112.64 in chips)
Seat 4: VolkovDmitri ($129.50 in chips)
VolkovDmitri: posts small blind $1
Ahjorth87: posts big blind $3
*** HOLE CARDS ***
VolkovDmitri: raises $3 to $6
Ahjorth87: calls $3
*** FLOP *** [8s 9c 3c]
Ahjorth87: checks
VolkovDmitri: bets $3
Ahjorth87: calls $3
*** TURN *** [8s 9c 3c] [Kc]
Ahjorth87: checks
VolkovDmitri: bets $6
Ahjorth87: calls $6
*** RIVER *** [8s 9c 3c Kc] [Td]
Ahjorth87: bets $6
VolkovDmitri: calls $6
*** SHOW DOWN ***
Ahjorth87: shows [2d 7c] (high card King)
VolkovDmitri: shows [5d 9d] (a pair of Nines)
VolkovDmitri collected $41.50 from pot
*** SUMMARY ***
Total pot $42 | Rake $0.50
Board [8s 9c 3c Kc Td]
Seat 3: Ahjorth87 (big blind) showed [2d 7c] and lost with high card King
Seat 4: VolkovDmitri (button) (small blind) showed [5d 9d] and won ($41.50) with a pair of Nines


PokerStars Hand #161222439342:  Hold'em Limit ($3/$6 USD) - 2016/11/11 0:58:10 ET
Table 'Eumaios' 6-max Seat #4 is the button
Seat 3: Ahjorth87 ($90.64 in chips)
Seat 4: VolkovDmitri ($151 in chips)
VolkovDmitri: posts small blind $1
Ahjorth87: posts big blind $3
*** HOLE CARDS ***
VolkovDmitri: raises $3 to $6
Ahjorth87: folds
Uncalled bet ($3) returned to VolkovDmitri
VolkovDmitri collected $6 from pot
VolkovDmitri: doesn't show hand
*** SUMMARY ***
Total pot $6 | Rake $0
Seat 3: Ahjorth87 (big blind) folded before Flop
Seat 4: VolkovDmitri (button) (small blind) collected ($6)


PokerStars Hand #161222438021:  Hold'em Limit ($3/$6 USD) - 2016/11/11 0:58:04 ET
Table 'Eumaios' 6-max Seat #3 is the button
Seat 3: Ahjorth87 ($91.64 in chips)
Seat 4: VolkovDmitri ($150 in chips)
Ahjorth87: posts small blind $1
VolkovDmitri: posts big blind $3
*** HOLE CARDS ***
Ahjorth87: folds
Uncalled bet ($2) returned to VolkovDmitri
VolkovDmitri collected $2 from pot
VolkovDmitri: doesn't show hand
*** SUMMARY ***
Total pot $2 | Rake $0
Seat 3: Ahjorth87 (button) (small blind) folded before Flop
Seat 4: VolkovDmitri (big blind) collected ($2)


PokerStars Hand #161222448409:  Hold'em Limit ($3/$6 USD) - 2016/11/11 0:58:48 ET
Table 'Eumaios' 6-max Seat #4 is the button
Seat 3: Ahjorth87 ($214.63 in chips)
Seat 4: VolkovDmitri ($177.50 in chips)
VolkovDmitri: posts small blind $1
Ahjorth87: posts big blind $3
*** HOLE CARDS ***
VolkovDmitri: raises $3 to $6
Ahjorth87: calls $3
*** FLOP *** [Kc 5d Kh]
Ahjorth87: checks
winwinner69 joins the table at seat #6
VolkovDmitri: bets $3
Ahjorth87: calls $3
*** TURN *** [Kc 5d Kh] [2h]
Ahjorth87: checks
VolkovDmitri: checks
*** RIVER *** [Kc 5d Kh 2h] [3c]
Ahjorth87: bets $6
VolkovDmitri: folds
Uncalled bet ($6) returned to Ahjorth87
Ahjorth87 collected $17.64 from pot
Ahjorth87: doesn't show hand
*** SUMMARY ***
Total pot $18 | Rake $0.36
Board [Kc 5d Kh 2h 3c]
Seat 3: Ahjorth87 (big blind) collected ($17.64)
Seat 4: VolkovDmitri (button) (small blind) folded on the River


PokerStars Hand #161222441879:  Hold'em Limit ($3/$6 USD) - 2016/11/11 0:58:21 ET
Table 'Eumaios' 6-max Seat #3 is the button
Seat 3: Ahjorth87 ($238.63 in chips)
Seat 4: VolkovDmitri ($154 in chips)
Ahjorth87: posts small blind $1
VolkovDmitri: posts big blind $3
*** HOLE CARDS ***
Ahjorth87: raises $3 to $6
VolkovDmitri: raises $3 to $9
Ahjorth87: calls $3
*** FLOP *** [7s 5h 5s]
VolkovDmitri: bets $3
Ahjorth87: calls $3
*** TURN *** [7s 5h 5s] [7c]
VolkovDmitri: bets $6
Ahjorth87: calls $6
*** RIVER *** [7s 5h 5s 7c] [9d]
VolkovDmitri: bets $6
Ahjorth87: calls $6
*** SHOW DOWN ***
VolkovDmitri: shows [7h 7d] (four of a kind, Sevens)
Ahjorth87: mucks hand
VolkovDmitri collected $47.50 from pot
*** SUMMARY ***
Total pot $48 | Rake $0.50
Board [7s 5h 5s 7c 9d]
Seat 3: Ahjorth87 (button) (small blind) mucked
Seat 4: VolkovDmitri (big blind) showed [7h 7d] and won ($47.50) with four of a kind, Sevens


PokerStars Hand #161222456479:  Hold'em Limit ($3/$6 USD) - 2016/11/11 0:59:22 ET
Table 'Eumaios' 6-max Seat #3 is the button
Seat 3: Ahjorth87 ($223.27 in chips)
Seat 4: VolkovDmitri ($168.50 in chips)
Ahjorth87: posts small blind $1
VolkovDmitri: posts big blind $3
*** HOLE CARDS ***
Ahjorth87: raises $3 to $6
VolkovDmitri: raises $3 to $9
Ahjorth87: calls $3
*** FLOP *** [4c 7c 7s]
VolkovDmitri: bets $3
Ahjorth87: calls $3
*** TURN *** [4c 7c 7s] [6c]
VolkovDmitri: checks
Ahjorth87: bets $6
VolkovDmitri: calls $6
*** RIVER *** [4c 7c 7s 6c] [8c]
VolkovDmitri: checks
Ahjorth87: checks
*** SHOW DOWN ***
VolkovDmitri: shows [Ad 2s] (a pair of Sevens)
Ahjorth87: shows [8d Js] (two pair, Eights and Sevens)
Ahjorth87 collected $35.50 from pot
*** SUMMARY ***
Total pot $36 | Rake $0.50
Board [4c 7c 7s 6c 8c]
Seat 3: Ahjorth87 (button) (small blind) showed [8d Js] and won ($35.50) with two pair, Eights and Sevens
Seat 4: VolkovDmitri (big blind) showed [Ad 2s] and lost with a pair of Sevens


