PokerStars Hand #170500202782:  Hold'em Limit ($3/$6 USD) - 2017/05/16 13:19:39 ET
Table 'Eumelos II' 6-max Seat #4 is the button
Seat 3: Chessnok ($112.82 in chips)
Seat 4: Dok2920 ($118 in chips)
Dok2920: posts small blind $1
Chessnok: posts big blind $3
*** HOLE CARDS ***
Dok2920: raises $3 to $6
Chessnok: folds
Uncalled bet ($3) returned to Dok2920
Dok2920 collected $6 from pot
*** SUMMARY ***
Total pot $6 | Rake $0
Seat 3: Chessnok (big blind) folded before Flop
Seat 4: Dok2920 (button) (small blind) collected ($6)


PokerStars Hand #170500193854:  Hold'em Limit ($3/$6 USD) - 2017/05/16 13:19:28 ET
Table 'Eumelos II' 6-max Seat #3 is the button
Seat 3: Chessnok ($107.06 in chips)
Seat 4: Dok2920 ($124 in chips)
Chessnok: posts small blind $1
Dok2920: posts big blind $3
*** HOLE CARDS ***
Chessnok: raises $3 to $6
RockKillerTY leaves the table
Dok2920: calls $3
*** FLOP *** [Qc 2c 8c]
Dok2920: checks
Chessnok: bets $3
Dok2920: folds
Uncalled bet ($3) returned to Chessnok
Chessnok collected $11.76 from pot
Chessnok: doesn't show hand
*** SUMMARY ***
Total pot $12 | Rake $0.24
Board [Qc 2c 8c]
Seat 3: Chessnok (button) (small blind) collected ($11.76)
Seat 4: Dok2920 (big blind) folded on the Flop


PokerStars Hand #170500180649:  Hold'em Limit ($3/$6 USD) - 2017/05/16 13:19:12 ET
Table 'Eumelos II' 6-max Seat #4 is the button
Seat 3: Chessnok ($116.06 in chips)
Seat 4: Dok2920 ($115.36 in chips)
Dok2920: posts small blind $1
vestimokrec: is sitting out
Chessnok: posts big blind $3
*** HOLE CARDS ***
Dok2920: raises $3 to $6
Chessnok: calls $3
*** FLOP *** [Ks 7d Ad]
Chessnok: checks
Dok2920: bets $3
Chessnok: calls $3
*** TURN *** [Ks 7d Ad] [Td]
Chessnok: checks
Dok2920: bets $6
vestimokrec leaves the table
Chessnok: folds
Uncalled bet ($6) returned to Dok2920
RockKillerTY joins the table at seat #5
Dok2920 collected $17.64 from pot
*** SUMMARY ***
Total pot $18 | Rake $0.36
Board [Ks 7d Ad Td]
Seat 3: Chessnok (big blind) folded on the Turn
Seat 4: Dok2920 (button) (small blind) collected ($17.64)


PokerStars Hand #170500207705:  Hold'em Limit ($3/$6 USD) - 2017/05/16 13:19:46 ET
Table 'Eumelos II' 6-max Seat #3 is the button
Seat 3: Chessnok ($109.82 in chips)
Seat 4: Dok2920 ($121 in chips)
Chessnok: posts small blind $1
Dok2920: posts big blind $3
*** HOLE CARDS ***
Chessnok: raises $3 to $6
Dok2920: calls $3
*** FLOP *** [6c Jc Qc]
Dok2920: checks
Chessnok: bets $3
Dok2920: calls $3
*** TURN *** [6c Jc Qc] [Kh]
Dok2920: checks
Chessnok: bets $6
Dok2920: raises $6 to $12
Chessnok: calls $6
*** RIVER *** [6c Jc Qc Kh] [Kc]
Dok2920: bets $6
Chessnok: calls $6
*** SHOW DOWN ***
Dok2920: shows [3c 2c] (a flush, King high)
Chessnok: mucks hand
Dok2920 collected $53.50 from pot
*** SUMMARY ***
Total pot $54 | Rake $0.50
Board [6c Jc Qc Kh Kc]
Seat 3: Chessnok (button) (small blind) mucked
Seat 4: Dok2920 (big blind) showed [3c 2c] and won ($53.50) with a flush, King high


PokerStars Hand #170500231793:  Hold'em Limit ($3/$6 USD) - 2017/05/16 13:20:16 ET
Table 'Eumelos II' 6-max Seat #4 is the button
Seat 3: Chessnok ($82.82 in chips)
Seat 4: Dok2920 ($147.50 in chips)
Dok2920: posts small blind $1
Chessnok: posts big blind $3
*** HOLE CARDS ***
Dok2920: folds
Uncalled bet ($2) returned to Chessnok
Chessnok collected $2 from pot
Chessnok: doesn't show hand
*** SUMMARY ***
Total pot $2 | Rake $0
Seat 3: Chessnok (big blind) collected ($2)
Seat 4: Dok2920 (button) (small blind) folded before Flop


PokerStars Hand #170500235786:  Hold'em Limit ($3/$6 USD) - 2017/05/16 13:20:21 ET
Table 'Eumelos II' 6-max Seat #3 is the button
Seat 3: Chessnok ($83.82 in chips)
Seat 4: Dok2920 ($146.50 in chips)
Chessnok: posts small blind $1
Dok2920: posts big blind $3
*** HOLE CARDS ***
Chessnok: raises $3 to $6
Dok2920: calls $3
*** FLOP *** [Jd 5c Kh]
Dok2920: checks
Chessnok: bets $3
Dok2920: calls $3
*** TURN *** [Jd 5c Kh] [Kd]
Dok2920: checks
Chessnok: checks
*** RIVER *** [Jd 5c Kh Kd] [7c]
Dok2920: bets $6
Chessnok: calls $6
*** SHOW DOWN ***
Dok2920: shows [Kc 8s] (three of a kind, Kings)
Chessnok: mucks hand
Dok2920 collected $29.50 from pot
*** SUMMARY ***
Total pot $30 | Rake $0.50
Board [Jd 5c Kh Kd 7c]
Seat 3: Chessnok (button) (small blind) mucked
Seat 4: Dok2920 (big blind) showed [Kc 8s] and won ($29.50) with three of a kind, Kings


PokerStars Hand #170500252006:  Hold'em Limit ($3/$6 USD) - 2017/05/16 13:20:41 ET
Table 'Eumelos II' 6-max Seat #3 is the button
Seat 3: Chessnok ($69.82 in chips)
Seat 4: Dok2920 ($160 in chips)
Chessnok: posts small blind $1
Dok2920: posts big blind $3
*** HOLE CARDS ***
Chessnok: folds
Uncalled bet ($2) returned to Dok2920
Dok2920 collected $2 from pot
*** SUMMARY ***
Total pot $2 | Rake $0
Seat 3: Chessnok (button) (small blind) folded before Flop
Seat 4: Dok2920 (big blind) collected ($2)


PokerStars Hand #170500248222:  Hold'em Limit ($3/$6 USD) - 2017/05/16 13:20:37 ET
Table 'Eumelos II' 6-max Seat #4 is the button
Seat 3: Chessnok ($68.82 in chips)
Seat 4: Dok2920 ($161 in chips)
Dok2920: posts small blind $1
Jigorek1989 was removed from the table for failing to post
Chessnok: posts big blind $3
*** HOLE CARDS ***
Dok2920: folds
Uncalled bet ($2) returned to Chessnok
Chessnok collected $2 from pot
Chessnok: doesn't show hand
*** SUMMARY ***
Total pot $2 | Rake $0
Seat 3: Chessnok (big blind) collected ($2)
Seat 4: Dok2920 (button) (small blind) folded before Flop


PokerStars Hand #170500255879:  Hold'em Limit ($3/$6 USD) - 2017/05/16 13:20:46 ET
Table 'Eumelos II' 6-max Seat #4 is the button
Seat 3: Chessnok ($68.82 in chips)
Seat 4: Dok2920 ($161 in chips)
Dok2920: posts small blind $1
Chessnok: posts big blind $3
*** HOLE CARDS ***
Dok2920: raises $3 to $6
Chessnok: calls $3
*** FLOP *** [Qd Kc Ah]
Chessnok: checks
Dok2920: bets $3
Chessnok: folds
Uncalled bet ($3) returned to Dok2920
Dok2920 collected $11.76 from pot
*** SUMMARY ***
Total pot $12 | Rake $0.24
Board [Qd Kc Ah]
Seat 3: Chessnok (big blind) folded on the Flop
Seat 4: Dok2920 (button) (small blind) collected ($11.76)


PokerStars Hand #170500265236:  Hold'em Limit ($3/$6 USD) - 2017/05/16 13:20:58 ET
Table 'Eumelos II' 6-max Seat #3 is the button
Seat 3: Chessnok ($62.82 in chips)
Seat 4: Dok2920 ($166.76 in chips)
Chessnok: posts small blind $1
Dok2920: posts big blind $3
*** HOLE CARDS ***
Chessnok: raises $3 to $6
Dok2920: raises $3 to $9
Chessnok: calls $3
*** FLOP *** [5d Qc Jh]
Dok2920: bets $3
Chessnok: folds
Uncalled bet ($3) returned to Dok2920
Dok2920 collected $17.64 from pot
*** SUMMARY ***
Total pot $18 | Rake $0.36
Board [5d Qc Jh]
Seat 3: Chessnok (button) (small blind) folded on the Flop
Seat 4: Dok2920 (big blind) collected ($17.64)


PokerStars Hand #170500273372:  Hold'em Limit ($3/$6 USD) - 2017/05/16 13:21:08 ET
Table 'Eumelos II' 6-max Seat #4 is the button
Seat 3: Chessnok ($60 in chips)
Seat 4: Dok2920 ($175.40 in chips)
Dok2920: posts small blind $1
Chessnok: posts big blind $3
*** HOLE CARDS ***
Dok2920: folds
Uncalled bet ($2) returned to Chessnok
Chessnok collected $2 from pot
Chessnok: doesn't show hand
*** SUMMARY ***
Total pot $2 | Rake $0
Seat 3: Chessnok (big blind) collected ($2)
Seat 4: Dok2920 (button) (small blind) folded before Flop


PokerStars Hand #170500284467:  Hold'em Limit ($3/$6 USD) - 2017/05/16 13:21:22 ET
Table 'Eumelos II' 6-max Seat #3 is the button
Seat 3: Chessnok ($61 in chips)
Seat 4: Dok2920 ($174.40 in chips)
Chessnok: posts small blind $1
Dok2920: posts big blind $3
*** HOLE CARDS ***
Chessnok: raises $3 to $6
Dok2920: raises $3 to $9
Chessnok: calls $3
*** FLOP *** [3h 7s Qs]
Dok2920: bets $3
Chessnok: calls $3
*** TURN *** [3h 7s Qs] [3s]
Dok2920: bets $6
Chessnok: calls $6
*** RIVER *** [3h 7s Qs 3s] [Jc]
Dok2920: bets $6
Chessnok: calls $6
*** SHOW DOWN ***
Dok2920: shows [9d 9h] (two pair, Nines and Threes)
Chessnok: mucks hand
Dok2920 collected $47.50 from pot
*** SUMMARY ***
Total pot $48 | Rake $0.50
Board [3h 7s Qs 3s Jc]
Seat 3: Chessnok (button) (small blind) mucked
Seat 4: Dok2920 (big blind) showed [9d 9h] and won ($47.50) with two pair, Nines and Threes


PokerStars Hand #170500302188:  Hold'em Limit ($3/$6 USD) - 2017/05/16 13:21:44 ET
Table 'Eumelos II' 6-max Seat #4 is the button
Seat 3: Chessnok ($60 in chips)
Seat 4: Dok2920 ($197.90 in chips)
Dok2920: posts small blind $1
Chessnok: posts big blind $3
*** HOLE CARDS ***
Dok2920: raises $3 to $6
Chessnok: calls $3
*** FLOP *** [Ks 8d 2c]
Chessnok: checks
Dok2920: bets $3
NewRocker joins the table at seat #6
vestimokrec joins the table at seat #2
Chessnok: folds
Uncalled bet ($3) returned to Dok2920
Dok2920 collected $11.76 from pot
*** SUMMARY ***
Total pot $12 | Rake $0.24
Board [Ks 8d 2c]
Seat 3: Chessnok (big blind) folded on the Flop
Seat 4: Dok2920 (button) (small blind) collected ($11.76)


PokerStars Hand #170500313707:  Hold'em Limit ($3/$6 USD) - 2017/05/16 13:21:58 ET
Table 'Eumelos II' 6-max Seat #3 is the button
Seat 3: Chessnok ($60 in chips)
Seat 4: Dok2920 ($203.66 in chips)
Chessnok: posts small blind $1
Dok2920: posts big blind $3
*** HOLE CARDS ***
Chessnok: folds
Uncalled bet ($2) returned to Dok2920
Dok2920 collected $2 from pot
*** SUMMARY ***
Total pot $2 | Rake $0
Seat 3: Chessnok (button) (small blind) folded before Flop
Seat 4: Dok2920 (big blind) collected ($2)


PokerStars Hand #170500950506:  Hold'em Limit ($3/$6 USD) - 2017/05/16 13:35:13 ET
Table 'Eumelos II' 6-max Seat #3 is the button
Seat 3: Chessnok ($84.68 in chips)
Seat 4: Dok2920 ($301.53 in chips)
Chessnok: posts small blind $1
Dok2920: posts big blind $3
*** HOLE CARDS ***
vestimokrec joins the table at seat #5
Chessnok: raises $3 to $6
Dok2920: calls $3
*** FLOP *** [4d Qs 9h]
Dok2920: checks
Chessnok: bets $3
Dok2920: calls $3
*** TURN *** [4d Qs 9h] [Js]
Dok2920: checks
Chessnok: bets $6
Dok2920: folds
Uncalled bet ($6) returned to Chessnok
Chessnok collected $17.64 from pot
Chessnok: doesn't show hand
*** SUMMARY ***
Total pot $18 | Rake $0.36
Board [4d Qs 9h Js]
Seat 3: Chessnok (button) (small blind) collected ($17.64)
Seat 4: Dok2920 (big blind) folded on the Turn


PokerStars Hand #170500931254:  Hold'em Limit ($3/$6 USD) - 2017/05/16 13:34:49 ET
Table 'Eumelos II' 6-max Seat #4 is the button
Seat 3: Chessnok ($96.68 in chips)
Seat 4: Dok2920 ($290.01 in chips)
Dok2920: posts small blind $1
Chessnok: posts big blind $3
*** HOLE CARDS ***
Jigorek1989 joins the table at seat #1
SALZHERZ joins the table at seat #2
Dok2920: raises $3 to $6
Chessnok: calls $3
*** FLOP *** [9h Ks 5d]
Chessnok: checks
Dok2920: checks
*** TURN *** [9h Ks 5d] [5c]
Chessnok: checks
Dok2920: checks
*** RIVER *** [9h Ks 5d 5c] [5s]
Chessnok: bets $6
Dok2920: calls $6
*** SHOW DOWN ***
Chessnok: shows [Ts 3s] (three of a kind, Fives)
Dok2920: shows [7c Jc] (three of a kind, Fives - King+Jack kicker)
Dok2920 collected $23.52 from pot
*** SUMMARY ***
Total pot $24 | Rake $0.48
Board [9h Ks 5d 5c 5s]
Seat 3: Chessnok (big blind) showed [Ts 3s] and lost with three of a kind, Fives
Seat 4: Dok2920 (button) (small blind) showed [7c Jc] and won ($23.52) with three of a kind, Fives


PokerStars Hand #170501159632:  Hold'em Limit ($3/$6 USD) - 2017/05/16 13:39:33 ET
Table 'Eumelos II' 6-max Seat #1 is the button
Seat 1: Jigorek1989 ($80.11 in chips)
Seat 6: NewRocker ($237.26 in chips)
Jigorek1989: posts small blind $1
Chessnok: is sitting out
NewRocker: posts big blind $3
*** HOLE CARDS ***
vestimokrec leaves the table
Jigorek1989: folds
Uncalled bet ($2) returned to NewRocker
NewRocker collected $2 from pot
NewRocker: doesn't show hand
*** SUMMARY ***
Total pot $2 | Rake $0
Seat 1: Jigorek1989 (button) (small blind) folded before Flop
Seat 6: NewRocker (big blind) collected ($2)


