PokerStars Hand #147964253142:  Hold'em Limit ($3/$6 USD) - 2016/01/30 18:59:39 ET
Table 'Eumelos II' 6-max Seat #3 is the button
Seat 3: mustangz_00 ($111.76 in chips)
Seat 4: AzureCaper ($81.64 in chips)
mustangz_00: posts small blind $1
AzureCaper: posts big blind $3
*** HOLE CARDS ***
mustangz_00: folds
Uncalled bet ($2) returned to AzureCaper
AzureCaper collected $2 from pot
AzureCaper: doesn't show hand
*** SUMMARY ***
Total pot $2 | Rake $0
Seat 3: mustangz_00 (button) (small blind) folded before Flop
Seat 4: AzureCaper (big blind) collected ($2)


PokerStars Hand #147964258214:  Hold'em Limit ($3/$6 USD) - 2016/01/30 18:59:46 ET
Table 'Eumelos II' 6-max Seat #4 is the button
Seat 3: mustangz_00 ($110.76 in chips)
Seat 4: AzureCaper ($82.64 in chips)
AzureCaper: posts small blind $1
mustangz_00: posts big blind $3
*** HOLE CARDS ***
AzureCaper: folds
Uncalled bet ($2) returned to mustangz_00
mustangz_00 collected $2 from pot
mustangz_00: doesn't show hand
*** SUMMARY ***
Total pot $2 | Rake $0
Seat 3: mustangz_00 (big blind) collected ($2)
Seat 4: AzureCaper (button) (small blind) folded before Flop


PokerStars Hand #147964262017:  Hold'em Limit ($3/$6 USD) - 2016/01/30 18:59:52 ET
Table 'Eumelos II' 6-max Seat #3 is the button
Seat 3: mustangz_00 ($111.76 in chips)
Seat 4: AzureCaper ($81.64 in chips)
mustangz_00: posts small blind $1
AzureCaper: posts big blind $3
*** HOLE CARDS ***
Pokali joins the table at seat #5
mustangz_00: calls $2
AzureCaper: checks
*** FLOP *** [Ah Ts Qd]
AzureCaper: checks
mustangz_00: bets $3
AzureCaper: folds
Uncalled bet ($3) returned to mustangz_00
mustangz_00 collected $5.88 from pot
mustangz_00: doesn't show hand
*** SUMMARY ***
Total pot $6 | Rake $0.12
Board [Ah Ts Qd]
Seat 3: mustangz_00 (button) (small blind) collected ($5.88)
Seat 4: AzureCaper (big blind) folded on the Flop


PokerStars Hand #147964233421:  Hold'em Limit ($3/$6 USD) - 2016/01/30 18:59:08 ET
Table 'Eumelos II' 6-max Seat #4 is the button
Seat 3: mustangz_00 ($120.76 in chips)
Seat 4: AzureCaper ($73 in chips)
AzureCaper: posts small blind $1
mustangz_00: posts big blind $3
*** HOLE CARDS ***
AzureCaper: raises $3 to $6
mustangz_00: calls $3
*** FLOP *** [4h Ad 4c]
mustangz_00: checks
AzureCaper: bets $3
mustangz_00: calls $3
*** TURN *** [4h Ad 4c] [Td]
mustangz_00: checks
AzureCaper: bets $6
mustangz_00: folds
Uncalled bet ($6) returned to AzureCaper
AzureCaper collected $17.64 from pot
AzureCaper: doesn't show hand
*** SUMMARY ***
Total pot $18 | Rake $0.36
Board [4h Ad 4c Td]
Seat 3: mustangz_00 (big blind) folded on the Turn
Seat 4: AzureCaper (button) (small blind) collected ($17.64)


PokerStars Hand #147968621072:  Hold'em Limit ($3/$6 USD) - 2016/01/30 20:52:59 ET
Table 'Eumelos II' 6-max Seat #4 is the button
Seat 3: markusfriebe ($34.77 in chips)
Seat 4: Johnliu ($215.74 in chips)
Johnliu: posts small blind $1
aless284: is sitting out
Chessnok: is sitting out
markusfriebe: posts big blind $3
*** HOLE CARDS ***
aless284 leaves the table
Johnliu: raises $3 to $6
markusfriebe: calls $3
*** FLOP *** [Th 5d 3d]
markusfriebe: checks
Johnliu: bets $3
markusfriebe: raises $3 to $6
Johnliu: calls $3
*** TURN *** [Th 5d 3d] [As]
markusfriebe: bets $6
Johnliu: calls $6
*** RIVER *** [Th 5d 3d As] [Ah]
markusfriebe: checks
Johnliu: checks
*** SHOW DOWN ***
markusfriebe: shows [Ac 6d] (three of a kind, Aces)
Johnliu: mucks hand
markusfriebe collected $35.50 from pot
*** SUMMARY ***
Total pot $36 | Rake $0.50
Board [Th 5d 3d As Ah]
Seat 3: markusfriebe (big blind) showed [Ac 6d] and won ($35.50) with three of a kind, Aces
Seat 4: Johnliu (button) (small blind) mucked


PokerStars Hand #147969152183:  Hold'em Limit ($3/$6 USD) - 2016/01/30 21:10:48 ET
Table 'Eumelos II' 6-max Seat #3 is the button
Seat 3: MilPopov ($179.78 in chips)
Seat 6: SmellyToes4u ($102.36 in chips)
MilPopov: posts small blind $1
SmellyToes4u: posts big blind $3
*** HOLE CARDS ***
MilPopov: raises $3 to $6
SmellyToes4u: calls $3
*** FLOP *** [Kh 6d 9c]
SmellyToes4u: checks
MilPopov: bets $3
SmellyToes4u: calls $3
*** TURN *** [Kh 6d 9c] [7d]
SmellyToes4u: checks
MilPopov: bets $6
SmellyToes4u: calls $6
*** RIVER *** [Kh 6d 9c 7d] [9h]
SmellyToes4u: checks
MilPopov: checks
*** SHOW DOWN ***
SmellyToes4u: shows [6s 8c] (two pair, Nines and Sixes)
MilPopov: shows [7s 6h] (two pair, Nines and Sevens)
MilPopov collected $29.50 from pot
*** SUMMARY ***
Total pot $30 | Rake $0.50
Board [Kh 6d 9c 7d 9h]
Seat 3: MilPopov (button) (small blind) showed [7s 6h] and won ($29.50) with two pair, Nines and Sevens
Seat 6: SmellyToes4u (big blind) showed [6s 8c] and lost with two pair, Nines and Sixes


PokerStars Hand #147969182854:  Hold'em Limit ($3/$6 USD) - 2016/01/30 21:11:48 ET
Table 'Eumelos II' 6-max Seat #3 is the button
Seat 3: MilPopov ($164.28 in chips)
Seat 6: SmellyToes4u ($116.86 in chips)
MilPopov: posts small blind $1
SmellyToes4u: posts big blind $3
*** HOLE CARDS ***
MilPopov: raises $3 to $6
SmellyToes4u: calls $3
*** FLOP *** [As 6c 6s]
SmellyToes4u: checks
MilPopov: bets $3
SmellyToes4u: raises $3 to $6
MilPopov: calls $3
*** TURN *** [As 6c 6s] [Ks]
SmellyToes4u: checks
MilPopov: bets $6
SmellyToes4u: calls $6
*** RIVER *** [As 6c 6s Ks] [Ad]
SmellyToes4u: checks
MilPopov: checks
*** SHOW DOWN ***
SmellyToes4u: shows [Kh Td] (two pair, Aces and Kings)
MilPopov: shows [5s 6d] (a full house, Sixes full of Aces)
MilPopov collected $35.50 from pot
*** SUMMARY ***
Total pot $36 | Rake $0.50
Board [As 6c 6s Ks Ad]
Seat 3: MilPopov (button) (small blind) showed [5s 6d] and won ($35.50) with a full house, Sixes full of Aces
Seat 6: SmellyToes4u (big blind) showed [Kh Td] and lost with two pair, Aces and Kings


PokerStars Hand #147969167131:  Hold'em Limit ($3/$6 USD) - 2016/01/30 21:11:17 ET
Table 'Eumelos II' 6-max Seat #6 is the button
Seat 3: MilPopov ($194.28 in chips)
Seat 6: SmellyToes4u ($87.36 in chips)
SmellyToes4u: posts small blind $1
MilPopov: posts big blind $3
*** HOLE CARDS ***
SmellyToes4u: raises $3 to $6
MilPopov: calls $3
*** FLOP *** [Tc 6s 4d]
MilPopov: checks
SmellyToes4u: bets $3
MilPopov: raises $3 to $6
SmellyToes4u: calls $3
*** TURN *** [Tc 6s 4d] [7h]
MilPopov: bets $6
SmellyToes4u: raises $6 to $12
MilPopov: calls $6
*** RIVER *** [Tc 6s 4d 7h] [3c]
MilPopov: checks
SmellyToes4u: bets $6
MilPopov: calls $6
*** SHOW DOWN ***
SmellyToes4u: shows [As Ac] (a pair of Aces)
MilPopov: mucks hand
SmellyToes4u collected $59.50 from pot
*** SUMMARY ***
Total pot $60 | Rake $0.50
Board [Tc 6s 4d 7h 3c]
Seat 3: MilPopov (big blind) mucked
Seat 6: SmellyToes4u (button) (small blind) showed [As Ac] and won ($59.50) with a pair of Aces


PokerStars Hand #147969231824:  Hold'em Limit ($3/$6 USD) - 2016/01/30 21:13:24 ET
Table 'Eumelos II' 6-max Seat #6 is the button
Seat 3: MilPopov ($173.30 in chips)
Seat 6: SmellyToes4u ($106.36 in chips)
SmellyToes4u: posts small blind $1
MilPopov: posts big blind $3
*** HOLE CARDS ***
SmellyToes4u: raises $3 to $6
MilPopov: raises $3 to $9
SmellyToes4u: calls $3
*** FLOP *** [2s Js 6d]
MilPopov: bets $3
SmellyToes4u: raises $3 to $6
MilPopov: folds
Uncalled bet ($3) returned to SmellyToes4u
SmellyToes4u collected $23.52 from pot
SmellyToes4u: doesn't show hand
*** SUMMARY ***
Total pot $24 | Rake $0.48
Board [2s Js 6d]
Seat 3: MilPopov (big blind) folded on the Flop
Seat 6: SmellyToes4u (button) (small blind) collected ($23.52)


PokerStars Hand #147969229072:  Hold'em Limit ($3/$6 USD) - 2016/01/30 21:13:19 ET
Table 'Eumelos II' 6-max Seat #3 is the button
Seat 3: MilPopov ($174.30 in chips)
Seat 6: SmellyToes4u ($105.36 in chips)
MilPopov: posts small blind $1
SmellyToes4u: posts big blind $3
*** HOLE CARDS ***
MilPopov: folds
Uncalled bet ($2) returned to SmellyToes4u
SmellyToes4u collected $2 from pot
SmellyToes4u: doesn't show hand
*** SUMMARY ***
Total pot $2 | Rake $0
Seat 3: MilPopov (button) (small blind) folded before Flop
Seat 6: SmellyToes4u (big blind) collected ($2)


PokerStars Hand #147969218652:  Hold'em Limit ($3/$6 USD) - 2016/01/30 21:12:58 ET
Table 'Eumelos II' 6-max Seat #6 is the button
Seat 3: MilPopov ($162.78 in chips)
Seat 6: SmellyToes4u ($117.36 in chips)
SmellyToes4u: posts small blind $1
MilPopov: posts big blind $3
*** HOLE CARDS ***
SmellyToes4u: raises $3 to $6
MilPopov: raises $3 to $9
SmellyToes4u: calls $3
*** FLOP *** [4c 9c Ts]
MilPopov: bets $3
SmellyToes4u: calls $3
*** TURN *** [4c 9c Ts] [Ac]
MilPopov: bets $6
SmellyToes4u: folds
Uncalled bet ($6) returned to MilPopov
MilPopov collected $23.52 from pot
MilPopov: doesn't show hand
*** SUMMARY ***
Total pot $24 | Rake $0.48
Board [4c 9c Ts Ac]
Seat 3: MilPopov (big blind) collected ($23.52)
Seat 6: SmellyToes4u (button) (small blind) folded on the Turn


PokerStars Hand #147969215725:  Hold'em Limit ($3/$6 USD) - 2016/01/30 21:12:52 ET
Table 'Eumelos II' 6-max Seat #3 is the button
Seat 3: MilPopov ($163.78 in chips)
Seat 6: SmellyToes4u ($116.36 in chips)
MilPopov: posts small blind $1
SmellyToes4u: posts big blind $3
*** HOLE CARDS ***
MilPopov: folds
Uncalled bet ($2) returned to SmellyToes4u
SmellyToes4u collected $2 from pot
SmellyToes4u: doesn't show hand
*** SUMMARY ***
Total pot $2 | Rake $0
Seat 3: MilPopov (button) (small blind) folded before Flop
Seat 6: SmellyToes4u (big blind) collected ($2)


PokerStars Hand #147969201592:  Hold'em Limit ($3/$6 USD) - 2016/01/30 21:12:25 ET
Table 'Eumelos II' 6-max Seat #6 is the button
Seat 3: MilPopov ($181.78 in chips)
Seat 6: SmellyToes4u ($98.86 in chips)
SmellyToes4u: posts small blind $1
MilPopov: posts big blind $3
*** HOLE CARDS ***
SmellyToes4u: raises $3 to $6
MilPopov: calls $3
*** FLOP *** [6h As Jd]
MilPopov: checks
SmellyToes4u: bets $3
MilPopov: raises $3 to $6
SmellyToes4u: calls $3
*** TURN *** [6h As Jd] [8h]
MilPopov: bets $6
SmellyToes4u: calls $6
*** RIVER *** [6h As Jd 8h] [3h]
MilPopov: checks
SmellyToes4u: bets $6
MilPopov: folds
Uncalled bet ($6) returned to SmellyToes4u
SmellyToes4u collected $35.50 from pot
SmellyToes4u: doesn't show hand
*** SUMMARY ***
Total pot $36 | Rake $0.50
Board [6h As Jd 8h 3h]
Seat 3: MilPopov (big blind) folded on the River
Seat 6: SmellyToes4u (button) (small blind) collected ($35.50)


PokerStars Hand #147969261444:  Hold'em Limit ($3/$6 USD) - 2016/01/30 21:14:23 ET
Table 'Eumelos II' 6-max Seat #6 is the button
Seat 3: MilPopov ($175.80 in chips)
Seat 6: SmellyToes4u ($102.88 in chips)
SmellyToes4u: posts small blind $1
MilPopov: posts big blind $3
*** HOLE CARDS ***
SmellyToes4u: raises $3 to $6
MilPopov: folds
Uncalled bet ($3) returned to SmellyToes4u
SmellyToes4u collected $6 from pot
SmellyToes4u: doesn't show hand
aless284 joins the table at seat #4
*** SUMMARY ***
Total pot $6 | Rake $0
Seat 3: MilPopov (big blind) folded before Flop
Seat 6: SmellyToes4u (button) (small blind) collected ($6)


PokerStars Hand #147969247535:  Hold'em Limit ($3/$6 USD) - 2016/01/30 21:13:55 ET
Table 'Eumelos II' 6-max Seat #3 is the button
Seat 3: MilPopov ($161.30 in chips)
Seat 6: SmellyToes4u ($117.88 in chips)
MilPopov: posts small blind $1
SmellyToes4u: posts big blind $3
*** HOLE CARDS ***
MilPopov: raises $3 to $6
SmellyToes4u: raises $3 to $9
MilPopov: raises $3 to $12
Betting is capped
SmellyToes4u: calls $3
*** FLOP *** [7c 9s 7s]
SmellyToes4u: checks
MilPopov: bets $3
SmellyToes4u: calls $3
*** TURN *** [7c 9s 7s] [3h]
SmellyToes4u: checks
MilPopov: bets $6
SmellyToes4u: folds
Uncalled bet ($6) returned to MilPopov
MilPopov collected $29.50 from pot
MilPopov: doesn't show hand
*** SUMMARY ***
Total pot $30 | Rake $0.50
Board [7c 9s 7s 3h]
Seat 3: MilPopov (button) (small blind) collected ($29.50)
Seat 6: SmellyToes4u (big blind) folded on the Turn


PokerStars Hand #147969244978:  Hold'em Limit ($3/$6 USD) - 2016/01/30 21:13:50 ET
Table 'Eumelos II' 6-max Seat #6 is the button
Seat 3: MilPopov ($160.30 in chips)
Seat 6: SmellyToes4u ($118.88 in chips)
SmellyToes4u: posts small blind $1
MilPopov: posts big blind $3
*** HOLE CARDS ***
SmellyToes4u: folds
Uncalled bet ($2) returned to MilPopov
MilPopov collected $2 from pot
MilPopov: doesn't show hand
*** SUMMARY ***
Total pot $2 | Rake $0
Seat 3: MilPopov (big blind) collected ($2)
Seat 6: SmellyToes4u (button) (small blind) folded before Flop


PokerStars Hand #147969241825:  Hold'em Limit ($3/$6 USD) - 2016/01/30 21:13:44 ET
Table 'Eumelos II' 6-max Seat #3 is the button
Seat 3: MilPopov ($161.30 in chips)
Seat 6: SmellyToes4u ($117.88 in chips)
MilPopov: posts small blind $1
SmellyToes4u: posts big blind $3
*** HOLE CARDS ***
MilPopov: folds
Uncalled bet ($2) returned to SmellyToes4u
SmellyToes4u collected $2 from pot
SmellyToes4u: doesn't show hand
*** SUMMARY ***
Total pot $2 | Rake $0
Seat 3: MilPopov (button) (small blind) folded before Flop
Seat 6: SmellyToes4u (big blind) collected ($2)


PokerStars Hand #147973169591:  Hold'em Limit ($3/$6 USD) - 2016/01/30 23:58:41 ET
Table 'Eumelos II' 6-max Seat #4 is the button
Seat 3: permafrost07 ($27.84 in chips)
Seat 4: SmellyToes4u ($315.66 in chips)
SmellyToes4u: posts small blind $1
permafrost07: posts big blind $3
*** HOLE CARDS ***
SmellyToes4u: folds
Uncalled bet ($2) returned to permafrost07
permafrost07 collected $2 from pot
permafrost07: doesn't show hand
*** SUMMARY ***
Total pot $2 | Rake $0
Seat 3: permafrost07 (big blind) collected ($2)
Seat 4: SmellyToes4u (button) (small blind) folded before Flop


PokerStars Hand #147973157010:  Hold'em Limit ($3/$6 USD) - 2016/01/30 23:58:04 ET
Table 'Eumelos II' 6-max Seat #3 is the button
Seat 3: permafrost07 ($69.84 in chips)
Seat 4: SmellyToes4u ($274.16 in chips)
permafrost07: posts small blind $1
SmellyToes4u: posts big blind $3
*** HOLE CARDS ***
permafrost07: raises $3 to $6
SmellyToes4u: calls $3
*** FLOP *** [9h 5d 6c]
SmellyToes4u: checks
permafrost07: bets $3
SmellyToes4u: raises $3 to $6
permafrost07: calls $3
*** TURN *** [9h 5d 6c] [Js]
SmellyToes4u: bets $6
permafrost07: calls $6
*** RIVER *** [9h 5d 6c Js] [3c]
SmellyToes4u: bets $6
permafrost07: raises $6 to $12
SmellyToes4u: raises $6 to $18
permafrost07: raises $6 to $24
Betting is capped
SmellyToes4u: calls $6
*** SHOW DOWN ***
permafrost07: shows [4d 2d] (a straight, Deuce to Six)
SmellyToes4u: shows [4s 7s] (a straight, Three to Seven)
SmellyToes4u collected $83.50 from pot
*** SUMMARY ***
Total pot $84 | Rake $0.50
Board [9h 5d 6c Js 3c]
Seat 3: permafrost07 (button) (small blind) showed [4d 2d] and lost with a straight, Deuce to Six
Seat 4: SmellyToes4u (big blind) showed [4s 7s] and won ($83.50) with a straight, Three to Seven


PokerStars Hand #147973152118:  Hold'em Limit ($3/$6 USD) - 2016/01/30 23:57:55 ET
Table 'Eumelos II' 6-max Seat #4 is the button
Seat 3: permafrost07 ($72.84 in chips)
Seat 4: SmellyToes4u ($271.16 in chips)
SmellyToes4u: posts small blind $1
permafrost07: posts big blind $3
*** HOLE CARDS ***
SmellyToes4u: raises $3 to $6
permafrost07: folds
Uncalled bet ($3) returned to SmellyToes4u
SmellyToes4u collected $6 from pot
SmellyToes4u: doesn't show hand
*** SUMMARY ***
Total pot $6 | Rake $0
Seat 3: permafrost07 (big blind) folded before Flop
Seat 4: SmellyToes4u (button) (small blind) collected ($6)


PokerStars Hand #147973141359:  Hold'em Limit ($3/$6 USD) - 2016/01/30 23:57:16 ET
Table 'Eumelos II' 6-max Seat #3 is the button
Seat 3: permafrost07 ($87.84 in chips)
Seat 4: SmellyToes4u ($256.66 in chips)
permafrost07: posts small blind $1
SmellyToes4u: posts big blind $3
*** HOLE CARDS ***
permafrost07: raises $3 to $6
SmellyToes4u: calls $3
*** FLOP *** [8c Qc Ah]
SmellyToes4u: checks
permafrost07: bets $3
SmellyToes4u: calls $3
*** TURN *** [8c Qc Ah] [4s]
SmellyToes4u: checks
permafrost07: bets $6
SmellyToes4u: calls $6
*** RIVER *** [8c Qc Ah 4s] [6d]
SmellyToes4u: checks
permafrost07: checks
*** SHOW DOWN ***
SmellyToes4u: shows [Qh 5h] (a pair of Queens)
permafrost07: mucks hand
SmellyToes4u collected $29.50 from pot
*** SUMMARY ***
Total pot $30 | Rake $0.50
Board [8c Qc Ah 4s 6d]
Seat 3: permafrost07 (button) (small blind) mucked
Seat 4: SmellyToes4u (big blind) showed [Qh 5h] and won ($29.50) with a pair of Queens


PokerStars Hand #147973182793:  Hold'em Limit ($3/$6 USD) - 2016/01/30 23:59:27 ET
Table 'Eumelos II' 6-max Seat #3 is the button
Seat 3: permafrost07 ($16.60 in chips)
Seat 4: SmellyToes4u ($326.16 in chips)
permafrost07: posts small blind $1
SmellyToes4u: posts big blind $3
*** HOLE CARDS ***
permafrost07: folds
Uncalled bet ($2) returned to SmellyToes4u
SmellyToes4u collected $2 from pot
SmellyToes4u: doesn't show hand
*** SUMMARY ***
Total pot $2 | Rake $0
Seat 3: permafrost07 (button) (small blind) folded before Flop
Seat 4: SmellyToes4u (big blind) collected ($2)


PokerStars Hand #147973175293:  Hold'em Limit ($3/$6 USD) - 2016/01/30 23:59:00 ET
Table 'Eumelos II' 6-max Seat #4 is the button
Seat 3: permafrost07 ($34.60 in chips)
Seat 4: SmellyToes4u ($308.66 in chips)
SmellyToes4u: posts small blind $1
permafrost07: posts big blind $3
*** HOLE CARDS ***
SmellyToes4u: raises $3 to $6
permafrost07: raises $3 to $9
SmellyToes4u: calls $3
*** FLOP *** [Ts 4s Ks]
permafrost07: bets $3
SmellyToes4u: calls $3
*** TURN *** [Ts 4s Ks] [6d]
permafrost07: checks
SmellyToes4u: bets $6
permafrost07: calls $6
*** RIVER *** [Ts 4s Ks 6d] [Td]
permafrost07: checks
SmellyToes4u: bets $6
permafrost07: folds
Uncalled bet ($6) returned to SmellyToes4u
SmellyToes4u collected $35.50 from pot
SmellyToes4u: doesn't show hand
*** SUMMARY ***
Total pot $36 | Rake $0.50
Board [Ts 4s Ks 6d Td]
Seat 3: permafrost07 (big blind) folded on the River
Seat 4: SmellyToes4u (button) (small blind) collected ($35.50)


PokerStars Hand #147973171634:  Hold'em Limit ($3/$6 USD) - 2016/01/30 23:58:47 ET
Table 'Eumelos II' 6-max Seat #3 is the button
Seat 3: permafrost07 ($28.84 in chips)
Seat 4: SmellyToes4u ($314.66 in chips)
permafrost07: posts small blind $1
SmellyToes4u: posts big blind $3
*** HOLE CARDS ***
permafrost07: raises $3 to $6
SmellyToes4u: calls $3
*** FLOP *** [Ah As 5s]
SmellyToes4u: checks
permafrost07: bets $3
SmellyToes4u: folds
Uncalled bet ($3) returned to permafrost07
permafrost07 collected $11.76 from pot
permafrost07: doesn't show hand
*** SUMMARY ***
Total pot $12 | Rake $0.24
Board [Ah As 5s]
Seat 3: permafrost07 (button) (small blind) collected ($11.76)
Seat 4: SmellyToes4u (big blind) folded on the Flop


PokerStars Hand #147973193723:  Hold'em Limit ($3/$6 USD) - 2016/01/31 0:00:07 ET
Table 'Eumelos II' 6-max Seat #4 is the button
Seat 3: permafrost07 ($29.70 in chips)
Seat 4: SmellyToes4u ($312.56 in chips)
SmellyToes4u: posts small blind $1
permafrost07: posts big blind $3
*** HOLE CARDS ***
SmellyToes4u: raises $3 to $6
permafrost07: calls $3
*** FLOP *** [4s 4h 3c]
permafrost07: bets $3
SmellyToes4u: calls $3
*** TURN *** [4s 4h 3c] [8s]
permafrost07: bets $6
SmellyToes4u: calls $6
*** RIVER *** [4s 4h 3c 8s] [8h]
permafrost07: checks
SmellyToes4u: bets $6
permafrost07: folds
Uncalled bet ($6) returned to SmellyToes4u
SmellyToes4u collected $29.50 from pot
SmellyToes4u: doesn't show hand
*** SUMMARY ***
Total pot $30 | Rake $0.50
Board [4s 4h 3c 8s 8h]
Seat 3: permafrost07 (big blind) folded on the River
Seat 4: SmellyToes4u (button) (small blind) collected ($29.50)


PokerStars Hand #147973191498:  Hold'em Limit ($3/$6 USD) - 2016/01/30 23:59:59 ET
Table 'Eumelos II' 6-max Seat #3 is the button
Seat 3: permafrost07 ($30.70 in chips)
Seat 4: SmellyToes4u ($311.56 in chips)
permafrost07: posts small blind $1
SmellyToes4u: posts big blind $3
*** HOLE CARDS ***
permafrost07: folds
Uncalled bet ($2) returned to SmellyToes4u
SmellyToes4u collected $2 from pot
SmellyToes4u: doesn't show hand
*** SUMMARY ***
Total pot $2 | Rake $0
Seat 3: permafrost07 (button) (small blind) folded before Flop
Seat 4: SmellyToes4u (big blind) collected ($2)


PokerStars Hand #147973185375:  Hold'em Limit ($3/$6 USD) - 2016/01/30 23:59:37 ET
Table 'Eumelos II' 6-max Seat #4 is the button
Seat 3: permafrost07 ($15.60 in chips)
Seat 4: SmellyToes4u ($327.16 in chips)
SmellyToes4u: posts small blind $1
permafrost07: posts big blind $3
*** HOLE CARDS ***
SmellyToes4u: raises $3 to $6
permafrost07: raises $3 to $9
SmellyToes4u: calls $3
*** FLOP *** [6c 9s 7h]
permafrost07: bets $3
SmellyToes4u: raises $3 to $6
permafrost07: raises $0.60 to $6.60 and is all-in
SmellyToes4u: calls $0.60
*** TURN *** [6c 9s 7h] [4d]
*** RIVER *** [6c 9s 7h 4d] [Qh]
*** SHOW DOWN ***
permafrost07: shows [Qc Jd] (a pair of Queens)
SmellyToes4u: shows [7d 5s] (a pair of Sevens)
permafrost07 collected $30.70 from pot
*** SUMMARY ***
Total pot $31.20 | Rake $0.50
Board [6c 9s 7h 4d Qh]
Seat 3: permafrost07 (big blind) showed [Qc Jd] and won ($30.70) with a pair of Queens
Seat 4: SmellyToes4u (button) (small blind) showed [7d 5s] and lost with a pair of Sevens


PokerStars Hand #147973212928:  Hold'em Limit ($3/$6 USD) - 2016/01/31 0:01:13 ET
Table 'Eumelos II' 6-max Seat #4 is the button
Seat 3: permafrost07 ($28.90 in chips)
Seat 4: SmellyToes4u ($312.36 in chips)
SmellyToes4u: posts small blind $1
permafrost07: posts big blind $3
*** HOLE CARDS ***
SmellyToes4u: raises $3 to $6
permafrost07: raises $3 to $9
SmellyToes4u: raises $3 to $12
Betting is capped
permafrost07: calls $3
*** FLOP *** [3d Qc 7s]
permafrost07: bets $3
SmellyToes4u: raises $3 to $6
permafrost07: raises $3 to $9
SmellyToes4u: raises $3 to $12
Betting is capped
permafrost07: calls $3
*** TURN *** [3d Qc 7s] [4h]
permafrost07: bets $4.90 and is all-in
qu1cks1lv3r7 joins the table at seat #2
SmellyToes4u: calls $4.90
*** RIVER *** [3d Qc 7s 4h] [3s]
*** SHOW DOWN ***
permafrost07: shows [As 9h] (a pair of Threes)
SmellyToes4u: shows [8c 8s] (two pair, Eights and Threes)
SmellyToes4u collected $57.30 from pot
*** SUMMARY ***
Total pot $57.80 | Rake $0.50
Board [3d Qc 7s 4h 3s]
Seat 3: permafrost07 (big blind) showed [As 9h] and lost with a pair of Threes
Seat 4: SmellyToes4u (button) (small blind) showed [8c 8s] and won ($57.30) with two pair, Eights and Threes


PokerStars Hand #147973205276:  Hold'em Limit ($3/$6 USD) - 2016/01/31 0:00:48 ET
Table 'Eumelos II' 6-max Seat #3 is the button
Seat 3: permafrost07 ($14.70 in chips)
Seat 4: SmellyToes4u ($327.06 in chips)
permafrost07: posts small blind $1
SmellyToes4u: posts big blind $3
*** HOLE CARDS ***
permafrost07: raises $3 to $6
SmellyToes4u: calls $3
*** FLOP *** [Tc Jc 3s]
SmellyToes4u: checks
permafrost07: bets $3
SmellyToes4u: raises $3 to $6
permafrost07: raises $2.70 to $8.70 and is all-in
SmellyToes4u: calls $2.70
*** TURN *** [Tc Jc 3s] [Kc]
*** RIVER *** [Tc Jc 3s Kc] [Ac]
*** SHOW DOWN ***
SmellyToes4u: shows [Jh 7h] (a pair of Jacks)
permafrost07: shows [3h Ad] (two pair, Aces and Threes)
permafrost07 collected $28.90 from pot
*** SUMMARY ***
Total pot $29.40 | Rake $0.50
Board [Tc Jc 3s Kc Ac]
Seat 3: permafrost07 (button) (small blind) showed [3h Ad] and won ($28.90) with two pair, Aces and Threes
Seat 4: SmellyToes4u (big blind) showed [Jh 7h] and lost with a pair of Jacks


