PokerStars Hand #173901445962:  Hold'em Limit ($3/$6 USD) - 2017/08/04 5:37:04 ET
Table 'Eumelos' 6-max Seat #5 is the button
Seat 4: manly70 ($224.61 in chips)
Seat 5: krytalex ($136.92 in chips)
krytalex: posts small blind $1
7superpoker: is sitting out
manly70: posts big blind $3
*** HOLE CARDS ***
krytalex: raises $3 to $6
7superpoker leaves the table
manly70: calls $3
*** FLOP *** [3h 8s 9s]
manly70: checks
krytalex: bets $3
manly70: calls $3
*** TURN *** [3h 8s 9s] [3d]
manly70: checks
krytalex: checks
*** RIVER *** [3h 8s 9s 3d] [5d]
manly70: checks
krytalex: checks
*** SHOW DOWN ***
manly70: shows [As 6c] (a pair of Threes)
krytalex: mucks hand
manly70 collected $17.64 from pot
*** SUMMARY ***
Total pot $18 | Rake $0.36
Board [3h 8s 9s 3d 5d]
Seat 4: manly70 (big blind) showed [As 6c] and won ($17.64) with a pair of Threes
Seat 5: krytalex (button) (small blind) mucked


PokerStars Hand #173901460851:  Hold'em Limit ($3/$6 USD) - 2017/08/04 5:37:48 ET
Table 'Eumelos' 6-max Seat #4 is the button
Seat 4: manly70 ($233.25 in chips)
Seat 5: krytalex ($127.92 in chips)
manly70: posts small blind $1
krytalex: posts big blind $3
*** HOLE CARDS ***
manly70: folds
Uncalled bet ($2) returned to krytalex
krytalex collected $2 from pot
*** SUMMARY ***
Total pot $2 | Rake $0
Seat 4: manly70 (button) (small blind) folded before Flop
Seat 5: krytalex (big blind) collected ($2)


PokerStars Hand #173901483499:  Hold'em Limit ($3/$6 USD) - 2017/08/04 5:38:54 ET
Table 'Eumelos' 6-max Seat #5 is the button
Seat 4: manly70 ($216.89 in chips)
Seat 5: krytalex ($143.42 in chips)
krytalex: posts small blind $1
manly70: posts big blind $3
*** HOLE CARDS ***
krytalex: folds
Uncalled bet ($2) returned to manly70
manly70 collected $2 from pot
*** SUMMARY ***
Total pot $2 | Rake $0
Seat 4: manly70 (big blind) collected ($2)
Seat 5: krytalex (button) (small blind) folded before Flop


PokerStars Hand #173901465344:  Hold'em Limit ($3/$6 USD) - 2017/08/04 5:38:01 ET
Table 'Eumelos' 6-max Seat #5 is the button
Seat 4: manly70 ($232.25 in chips)
Seat 5: krytalex ($128.92 in chips)
krytalex: posts small blind $1
manly70: posts big blind $3
*** HOLE CARDS ***
krytalex: raises $3 to $6
manly70: raises $3 to $9
krytalex: calls $3
*** FLOP *** [8h 7d Kc]
manly70: bets $3
krytalex: calls $3
*** TURN *** [8h 7d Kc] [7h]
manly70: checks
krytalex: bets $6
manly70: calls $6
*** RIVER *** [8h 7d Kc 7h] [Ks]
manly70: checks
krytalex: bets $6
manly70: calls $6
*** SHOW DOWN ***
krytalex: shows [6s 7c] (a full house, Sevens full of Kings)
manly70: mucks hand
krytalex collected $47.50 from pot
*** SUMMARY ***
Total pot $48 | Rake $0.50
Board [8h 7d Kc 7h Ks]
Seat 4: manly70 (big blind) mucked
Seat 5: krytalex (button) (small blind) showed [6s 7c] and won ($47.50) with a full house, Sevens full of Kings


PokerStars Hand #173901476804:  Hold'em Limit ($3/$6 USD) - 2017/08/04 5:38:34 ET
Table 'Eumelos' 6-max Seat #4 is the button
Seat 4: manly70 ($208.25 in chips)
Seat 5: krytalex ($152.42 in chips)
manly70: posts small blind $1
krytalex: posts big blind $3
*** HOLE CARDS ***
manly70: raises $3 to $6
krytalex: calls $3
*** FLOP *** [6d Ah 2c]
krytalex: checks
manly70: bets $3
krytalex: calls $3
*** TURN *** [6d Ah 2c] [Ts]
krytalex: checks
manly70: checks
*** RIVER *** [6d Ah 2c Ts] [Th]
krytalex: checks
manly70: checks
*** SHOW DOWN ***
krytalex: shows [3d Kd] (a pair of Tens)
manly70: shows [7h Kc] (a pair of Tens - Ace+King+Seven kicker)
manly70 collected $17.64 from pot
*** SUMMARY ***
Total pot $18 | Rake $0.36
Board [6d Ah 2c Ts Th]
Seat 4: manly70 (button) (small blind) showed [7h Kc] and won ($17.64) with a pair of Tens
Seat 5: krytalex (big blind) showed [3d Kd] and lost with a pair of Tens


PokerStars Hand #173901495806:  Hold'em Limit ($3/$6 USD) - 2017/08/04 5:39:29 ET
Table 'Eumelos' 6-max Seat #5 is the button
Seat 4: manly70 ($226.53 in chips)
Seat 5: krytalex ($133.42 in chips)
krytalex: posts small blind $1
manly70: posts big blind $3
*** HOLE CARDS ***
krytalex: raises $3 to $6
manly70: calls $3
*** FLOP *** [Tc 8d Jd]
manly70: checks
krytalex: bets $3
manly70: raises $3 to $6
krytalex: raises $3 to $9
manly70: calls $3
*** TURN *** [Tc 8d Jd] [Td]
manly70: checks
krytalex: bets $6
manly70: calls $6
*** RIVER *** [Tc 8d Jd Td] [Jc]
manly70: bets $6
krytalex: calls $6
*** SHOW DOWN ***
manly70: shows [8s Jh] (a full house, Jacks full of Tens)
krytalex: mucks hand
manly70 collected $53.50 from pot
*** SUMMARY ***
Total pot $54 | Rake $0.50
Board [Tc 8d Jd Td Jc]
Seat 4: manly70 (big blind) showed [8s Jh] and won ($53.50) with a full house, Jacks full of Tens
Seat 5: krytalex (button) (small blind) mucked


PokerStars Hand #173901486824:  Hold'em Limit ($3/$6 USD) - 2017/08/04 5:39:03 ET
Table 'Eumelos' 6-max Seat #4 is the button
Seat 4: manly70 ($217.89 in chips)
Seat 5: krytalex ($142.42 in chips)
manly70: posts small blind $1
krytalex: posts big blind $3
*** HOLE CARDS ***
manly70: raises $3 to $6
krytalex: calls $3
*** FLOP *** [7c 7s 9s]
krytalex: checks
manly70: bets $3
krytalex: calls $3
*** TURN *** [7c 7s 9s] [7d]
krytalex: checks
manly70: bets $6
krytalex: folds
Uncalled bet ($6) returned to manly70
manly70 collected $17.64 from pot
*** SUMMARY ***
Total pot $18 | Rake $0.36
Board [7c 7s 9s 7d]
Seat 4: manly70 (button) (small blind) collected ($17.64)
Seat 5: krytalex (big blind) folded on the Turn


PokerStars Hand #173901523683:  Hold'em Limit ($3/$6 USD) - 2017/08/04 5:40:51 ET
Table 'Eumelos' 6-max Seat #5 is the button
Seat 4: manly70 ($265.53 in chips)
Seat 5: krytalex ($93.42 in chips)
krytalex: posts small blind $1
manly70: posts big blind $3
*** HOLE CARDS ***
krytalex: raises $3 to $6
manly70: calls $3
*** FLOP *** [Js 3h 8d]
manly70: checks
krytalex: bets $3
manly70: folds
Uncalled bet ($3) returned to krytalex
krytalex collected $11.76 from pot
*** SUMMARY ***
Total pot $12 | Rake $0.24
Board [Js 3h 8d]
Seat 4: manly70 (big blind) folded on the Flop
Seat 5: krytalex (button) (small blind) collected ($11.76)


PokerStars Hand #173901511281:  Hold'em Limit ($3/$6 USD) - 2017/08/04 5:40:15 ET
Table 'Eumelos' 6-max Seat #5 is the button
Seat 4: manly70 ($252.03 in chips)
Seat 5: krytalex ($107.42 in chips)
krytalex: posts small blind $1
manly70: posts big blind $3
*** HOLE CARDS ***
krytalex: raises $3 to $6
manly70: calls $3
*** FLOP *** [2d 5d Jd]
manly70: checks
krytalex: bets $3
manly70: calls $3
*** TURN *** [2d 5d Jd] [Qh]
manly70: checks
krytalex: checks
*** RIVER *** [2d 5d Jd Qh] [9c]
manly70: bets $6
krytalex: calls $6
*** SHOW DOWN ***
manly70: shows [Td Qc] (a pair of Queens)
krytalex: mucks hand
manly70 collected $29.50 from pot
*** SUMMARY ***
Total pot $30 | Rake $0.50
Board [2d 5d Jd Qh 9c]
Seat 4: manly70 (big blind) showed [Td Qc] and won ($29.50) with a pair of Queens
Seat 5: krytalex (button) (small blind) mucked


