PokerStars Hand #145644959565:  Hold'em Limit ($3/$6 USD) - 2015/12/20 13:24:29 ET
Table 'Eumelos II' 2-max Seat #1 is the button
Seat 1: Truelove13 ($122.76 in chips)
Seat 2: cepzorr ($53.02 in chips)
Truelove13: posts small blind $1
cepzorr: posts big blind $3
*** HOLE CARDS ***
Truelove13: raises $3 to $6
cepzorr: calls $3
*** FLOP *** [4c 7d 4s]
cepzorr: bets $3
Truelove13: calls $3
*** TURN *** [4c 7d 4s] [Qh]
cepzorr: checks
Truelove13: bets $6
cepzorr: folds
Uncalled bet ($6) returned to Truelove13
Truelove13 collected $17.64 from pot
*** SUMMARY ***
Total pot $18 | Rake $0.36
Board [4c 7d 4s Qh]
Seat 1: Truelove13 (button) (small blind) collected ($17.64)
Seat 2: cepzorr (big blind) folded on the Turn


PokerStars Hand #145644947566:  Hold'em Limit ($3/$6 USD) - 2015/12/20 13:24:17 ET
Table 'Eumelos II' 2-max Seat #2 is the button
Seat 1: Truelove13 ($128.76 in chips)
Seat 2: cepzorr ($47.26 in chips)
cepzorr: posts small blind $1
Truelove13: posts big blind $3
*** HOLE CARDS ***
cepzorr: raises $3 to $6
Truelove13: calls $3
*** FLOP *** [Js 4h Ts]
Truelove13: checks
cepzorr: bets $3
Truelove13: folds
Uncalled bet ($3) returned to cepzorr
cepzorr collected $11.76 from pot
cepzorr: doesn't show hand
*** SUMMARY ***
Total pot $12 | Rake $0.24
Board [Js 4h Ts]
Seat 1: Truelove13 (big blind) folded on the Flop
Seat 2: cepzorr (button) (small blind) collected ($11.76)


PokerStars Hand #145644941086:  Hold'em Limit ($3/$6 USD) - 2015/12/20 13:24:11 ET
Table 'Eumelos II' 2-max Seat #1 is the button
Seat 1: Truelove13 ($125.76 in chips)
Seat 2: cepzorr ($50.26 in chips)
Truelove13: posts small blind $1
cepzorr: posts big blind $3
*** HOLE CARDS ***
Truelove13: raises $3 to $6
cepzorr: folds
Uncalled bet ($3) returned to Truelove13
Truelove13 collected $6 from pot
*** SUMMARY ***
Total pot $6 | Rake $0
Seat 1: Truelove13 (button) (small blind) collected ($6)
Seat 2: cepzorr (big blind) folded before Flop


PokerStars Hand #145644926628:  Hold'em Limit ($3/$6 USD) - 2015/12/20 13:23:57 ET
Table 'Eumelos II' 2-max Seat #2 is the button
Seat 1: Truelove13 ($120 in chips)
Seat 2: cepzorr ($56.26 in chips)
cepzorr: posts small blind $1
Truelove13: posts big blind $3
*** HOLE CARDS ***
cepzorr: raises $3 to $6
Truelove13: calls $3
*** FLOP *** [2s 7h Ks]
Truelove13: checks
cepzorr: checks
*** TURN *** [2s 7h Ks] [7c]
Truelove13: bets $6
cepzorr: folds
Uncalled bet ($6) returned to Truelove13
Truelove13 collected $11.76 from pot
*** SUMMARY ***
Total pot $12 | Rake $0.24
Board [2s 7h Ks 7c]
Seat 1: Truelove13 (big blind) collected ($11.76)
Seat 2: cepzorr (button) (small blind) folded on the Turn


PokerStars Hand #145644906764:  Hold'em Limit ($3/$6 USD) - 2015/12/20 13:23:37 ET
Table 'Eumelos II' 2-max Seat #1 is the button
Seat 1: Truelove13 ($120 in chips)
Seat 2: cepzorr ($32.76 in chips)
Truelove13: posts small blind $1
cepzorr: posts big blind $3
*** HOLE CARDS ***
Truelove13: raises $3 to $6
cepzorr: raises $3 to $9
Truelove13: calls $3
*** FLOP *** [Jd As 4d]
cepzorr: bets $3
Truelove13: calls $3
*** TURN *** [Jd As 4d] [Ks]
cepzorr: bets $6
Truelove13: calls $6
*** RIVER *** [Jd As 4d Ks] [7d]
cepzorr: bets $6
Truelove13: calls $6
*** SHOW DOWN ***
cepzorr: shows [Qd Jc] (a pair of Jacks)
Truelove13: mucks hand
cepzorr collected $47.50 from pot
*** SUMMARY ***
Total pot $48 | Rake $0.50
Board [Jd As 4d Ks 7d]
Seat 1: Truelove13 (button) (small blind) mucked
Seat 2: cepzorr (big blind) showed [Qd Jc] and won ($47.50) with a pair of Jacks


PokerStars Hand #145645010026:  Hold'em Limit ($3/$6 USD) - 2015/12/20 13:25:19 ET
Table 'Eumelos II' 2-max Seat #1 is the button
Seat 1: Truelove13 ($120 in chips)
Seat 2: cepzorr ($64.30 in chips)
Truelove13: posts small blind $1
cepzorr: posts big blind $3
*** HOLE CARDS ***
Truelove13: raises $3 to $6
cepzorr: raises $3 to $9
Truelove13: calls $3
*** FLOP *** [6c 6s 3s]
cepzorr: bets $3
Truelove13: calls $3
*** TURN *** [6c 6s 3s] [Jh]
cepzorr: checks
Truelove13: checks
*** RIVER *** [6c 6s 3s Jh] [4d]
cepzorr: checks
Truelove13: bets $6
cepzorr: folds
Uncalled bet ($6) returned to Truelove13
Truelove13 collected $23.52 from pot
*** SUMMARY ***
Total pot $24 | Rake $0.48
Board [6c 6s 3s Jh 4d]
Seat 1: Truelove13 (button) (small blind) collected ($23.52)
Seat 2: cepzorr (big blind) folded on the River


PokerStars Hand #145645003640:  Hold'em Limit ($3/$6 USD) - 2015/12/20 13:25:13 ET
Table 'Eumelos II' 2-max Seat #2 is the button
Seat 1: Truelove13 ($120 in chips)
Seat 2: cepzorr ($61.30 in chips)
cepzorr: posts small blind $1
Truelove13: posts big blind $3
*** HOLE CARDS ***
cepzorr: raises $3 to $6
Truelove13: folds
Uncalled bet ($3) returned to cepzorr
cepzorr collected $6 from pot
cepzorr: doesn't show hand
*** SUMMARY ***
Total pot $6 | Rake $0
Seat 1: Truelove13 (big blind) folded before Flop
Seat 2: cepzorr (button) (small blind) collected ($6)


PokerStars Hand #145644993055:  Hold'em Limit ($3/$6 USD) - 2015/12/20 13:25:02 ET
Table 'Eumelos II' 2-max Seat #1 is the button
Seat 1: Truelove13 ($120 in chips)
Seat 2: cepzorr ($55.54 in chips)
Truelove13: posts small blind $1
cepzorr: posts big blind $3
*** HOLE CARDS ***
Truelove13: raises $3 to $6
cepzorr: calls $3
*** FLOP *** [9h Kd Js]
cepzorr: bets $3
Truelove13: folds
Uncalled bet ($3) returned to cepzorr
cepzorr collected $11.76 from pot
cepzorr: doesn't show hand
*** SUMMARY ***
Total pot $12 | Rake $0.24
Board [9h Kd Js]
Seat 1: Truelove13 (button) (small blind) folded on the Flop
Seat 2: cepzorr (big blind) collected ($11.76)


PokerStars Hand #145644973557:  Hold'em Limit ($3/$6 USD) - 2015/12/20 13:24:43 ET
Table 'Eumelos II' 2-max Seat #2 is the button
Seat 1: Truelove13 ($131.40 in chips)
Seat 2: cepzorr ($44.02 in chips)
cepzorr: posts small blind $1
Truelove13: posts big blind $3
*** HOLE CARDS ***
cepzorr: raises $3 to $6
Truelove13: calls $3
*** FLOP *** [7d Qs Qc]
Truelove13: checks
cepzorr: checks
*** TURN *** [7d Qs Qc] [Kd]
Truelove13: bets $6
cepzorr: calls $6
*** RIVER *** [7d Qs Qc Kd] [2h]
Truelove13: checks
cepzorr: bets $6
Truelove13: folds
Uncalled bet ($6) returned to cepzorr
cepzorr collected $23.52 from pot
cepzorr: doesn't show hand
*** SUMMARY ***
Total pot $24 | Rake $0.48
Board [7d Qs Qc Kd 2h]
Seat 1: Truelove13 (big blind) folded on the River
Seat 2: cepzorr (button) (small blind) collected ($23.52)


PokerStars Hand #145645045315:  Hold'em Limit ($3/$6 USD) - 2015/12/20 13:25:55 ET
Table 'Eumelos II' 2-max Seat #1 is the button
Seat 1: Truelove13 ($152.02 in chips)
Seat 2: cepzorr ($31.30 in chips)
Truelove13: posts small blind $1
cepzorr: posts big blind $3
*** HOLE CARDS ***
Truelove13: raises $3 to $6
cepzorr: raises $3 to $9
Truelove13: calls $3
*** FLOP *** [Js 8d 2h]
cepzorr: bets $3
Truelove13: calls $3
*** TURN *** [Js 8d 2h] [Ac]
cepzorr: bets $6
Truelove13: calls $6
*** RIVER *** [Js 8d 2h Ac] [7s]
cepzorr: bets $6
Truelove13: raises $6 to $12
cepzorr: calls $6
*** SHOW DOWN ***
Truelove13: shows [8c 7d] (two pair, Eights and Sevens)
cepzorr: mucks hand
Truelove13 collected $59.50 from pot
*** SUMMARY ***
Total pot $60 | Rake $0.50
Board [Js 8d 2h Ac 7s]
Seat 1: Truelove13 (button) (small blind) showed [8c 7d] and won ($59.50) with two pair, Eights and Sevens
Seat 2: cepzorr (big blind) mucked


PokerStars Hand #145645029823:  Hold'em Limit ($3/$6 USD) - 2015/12/20 13:25:39 ET
Table 'Eumelos II' 2-max Seat #2 is the button
Seat 1: Truelove13 ($131.52 in chips)
Seat 2: cepzorr ($52.30 in chips)
cepzorr: posts small blind $1
Truelove13: posts big blind $3
*** HOLE CARDS ***
cepzorr: raises $3 to $6
Truelove13: calls $3
*** FLOP *** [Ts 4c Ks]
Truelove13: checks
cepzorr: bets $3
Truelove13: calls $3
*** TURN *** [Ts 4c Ks] [Kd]
Truelove13: checks
cepzorr: bets $6
Truelove13: calls $6
*** RIVER *** [Ts 4c Ks Kd] [Kc]
Truelove13: checks
cepzorr: bets $6
Truelove13: calls $6
*** SHOW DOWN ***
cepzorr: shows [4s 3h] (a full house, Kings full of Fours)
Truelove13: shows [7s Td] (a full house, Kings full of Tens)
Truelove13 collected $41.50 from pot
*** SUMMARY ***
Total pot $42 | Rake $0.50
Board [Ts 4c Ks Kd Kc]
Seat 1: Truelove13 (big blind) showed [7s Td] and won ($41.50) with a full house, Kings full of Tens
Seat 2: cepzorr (button) (small blind) showed [4s 3h] and lost with a full house, Kings full of Fours


