PokerStars Hand #170201945361:  Hold'em Limit ($3/$6 USD) - 2017/05/09 20:14:23 ET
Table 'Euneus II' 6-max Seat #5 is the button
Seat 3: B_loJkl ($346.75 in chips)
Seat 5: ToDaFelt ($200.46 in chips)
ToDaFelt: posts small blind $1
rascal_319: is sitting out
B_loJkl: posts big blind $3
*** HOLE CARDS ***
ToDaFelt: raises $3 to $6
rascal_319 leaves the table
B_loJkl: calls $3
*** FLOP *** [9d 4s 2h]
B_loJkl: checks
ToDaFelt: bets $3
B_loJkl: raises $3 to $6
ToDaFelt: calls $3
*** TURN *** [9d 4s 2h] [6d]
B_loJkl: bets $6
ToDaFelt: raises $6 to $12
B_loJkl: calls $6
*** RIVER *** [9d 4s 2h 6d] [7d]
B_loJkl: checks
ToDaFelt: checks
*** SHOW DOWN ***
B_loJkl: shows [4h Qd] (a pair of Fours)
ToDaFelt: shows [7h 8s] (a pair of Sevens)
ToDaFelt collected $47.50 from pot
*** SUMMARY ***
Total pot $48 | Rake $0.50
Board [9d 4s 2h 6d 7d]
Seat 3: B_loJkl (big blind) showed [4h Qd] and lost with a pair of Fours
Seat 5: ToDaFelt (button) (small blind) showed [7h 8s] and won ($47.50) with a pair of Sevens


