PokerStars Hand #145888504480:  Hold'em Limit ($3/$6 USD) - 2015/12/25 7:37:12 ET
Table 'Euneus' 6-max Seat #6 is the button
Seat 4: Pandakey ($116 in chips)
Seat 6: Red revoluti ($60 in chips)
Red revoluti: posts small blind $1
Pandakey: posts big blind $3
*** HOLE CARDS ***
Red revoluti: raises $3 to $6
Pandakey: folds
Uncalled bet ($3) returned to Red revoluti
Red revoluti collected $6 from pot
Red revoluti: doesn't show hand
*** SUMMARY ***
Total pot $6 | Rake $0
Seat 4: Pandakey (big blind) folded before Flop
Seat 6: Red revoluti (button) (small blind) collected ($6)


PokerStars Hand #145888509043:  Hold'em Limit ($3/$6 USD) - 2015/12/25 7:37:20 ET
Table 'Euneus' 6-max Seat #4 is the button
Seat 4: Pandakey ($113 in chips)
Seat 6: Red revoluti ($63 in chips)
Pandakey: posts small blind $1
Red revoluti: posts big blind $3
*** HOLE CARDS ***
Pandakey: raises $3 to $6
Red revoluti: calls $3
*** FLOP *** [9d 7c 6d]
Red revoluti: checks
Pandakey: bets $3
Red revoluti: raises $3 to $6
Pandakey: raises $3 to $9
Red revoluti: calls $3
*** TURN *** [9d 7c 6d] [9h]
Red revoluti: checks
Pandakey: bets $6
Red revoluti: calls $6
*** RIVER *** [9d 7c 6d 9h] [2c]
Red revoluti: checks
Pandakey: bets $6
Red revoluti: folds
Uncalled bet ($6) returned to Pandakey
Pandakey collected $41.50 from pot
Pandakey: doesn't show hand
*** SUMMARY ***
Total pot $42 | Rake $0.50
Board [9d 7c 6d 9h 2c]
Seat 4: Pandakey (button) (small blind) collected ($41.50)
Seat 6: Red revoluti (big blind) folded on the River


PokerStars Hand #145888532942:  Hold'em Limit ($3/$6 USD) - 2015/12/25 7:38:05 ET
Table 'Euneus' 6-max Seat #6 is the button
Seat 4: Pandakey ($133.50 in chips)
Seat 6: Red revoluti ($42 in chips)
Red revoluti: posts small blind $1
Pandakey: posts big blind $3
*** HOLE CARDS ***
Red revoluti: raises $3 to $6
Pandakey: calls $3
*** FLOP *** [6s 7c Td]
Pandakey: checks
Red revoluti: bets $3
Pandakey: raises $3 to $6
Red revoluti: calls $3
*** TURN *** [6s 7c Td] [Kc]
Pandakey: bets $6
Red revoluti: calls $6
*** RIVER *** [6s 7c Td Kc] [4d]
Pandakey: bets $6
Red revoluti: calls $6
*** SHOW DOWN ***
Pandakey: shows [Kd 8d] (a pair of Kings)
Red revoluti: mucks hand
Pandakey collected $47.50 from pot
*** SUMMARY ***
Total pot $48 | Rake $0.50
Board [6s 7c Td Kc 4d]
Seat 4: Pandakey (big blind) showed [Kd 8d] and won ($47.50) with a pair of Kings
Seat 6: Red revoluti (button) (small blind) mucked


PokerStars Hand #145888559578:  Hold'em Limit ($3/$6 USD) - 2015/12/25 7:38:54 ET
Table 'Euneus' 6-max Seat #6 is the button
Seat 4: Pandakey ($148 in chips)
Seat 6: Red revoluti ($86.64 in chips)
Red revoluti: posts small blind $1
Pandakey: posts big blind $3
*** HOLE CARDS ***
Red revoluti: raises $3 to $6
Pandakey: calls $3
*** FLOP *** [7s 6s 8d]
Pandakey: checks
Red revoluti: bets $3
Pandakey: raises $3 to $6
Red revoluti: calls $3
*** TURN *** [7s 6s 8d] [6h]
Pandakey: bets $6
Red revoluti: folds
Uncalled bet ($6) returned to Pandakey
Pandakey collected $23.52 from pot
Pandakey: doesn't show hand
*** SUMMARY ***
Total pot $24 | Rake $0.48
Board [7s 6s 8d 6h]
Seat 4: Pandakey (big blind) collected ($23.52)
Seat 6: Red revoluti (button) (small blind) folded on the Turn


PokerStars Hand #145888571214:  Hold'em Limit ($3/$6 USD) - 2015/12/25 7:39:16 ET
Table 'Euneus' 6-max Seat #4 is the button
Seat 4: Pandakey ($159.52 in chips)
Seat 6: Red revoluti ($74.64 in chips)
Pandakey: posts small blind $1
Red revoluti: posts big blind $3
*** HOLE CARDS ***
Pandakey: raises $3 to $6
Red revoluti: folds
Uncalled bet ($3) returned to Pandakey
Pandakey collected $6 from pot
Pandakey: doesn't show hand
*** SUMMARY ***
Total pot $6 | Rake $0
Seat 4: Pandakey (button) (small blind) collected ($6)
Seat 6: Red revoluti (big blind) folded before Flop


PokerStars Hand #145888574894:  Hold'em Limit ($3/$6 USD) - 2015/12/25 7:39:23 ET
Table 'Euneus' 6-max Seat #6 is the button
Seat 4: Pandakey ($162.52 in chips)
Seat 6: Red revoluti ($71.64 in chips)
Red revoluti: posts small blind $1
Pandakey: posts big blind $3
*** HOLE CARDS ***
Red revoluti: raises $3 to $6
Pandakey: calls $3
*** FLOP *** [9c Kh 9d]
Pandakey: checks
Red revoluti: bets $3
Pandakey: folds
Uncalled bet ($3) returned to Red revoluti
Red revoluti collected $11.76 from pot
Red revoluti: doesn't show hand
*** SUMMARY ***
Total pot $12 | Rake $0.24
Board [9c Kh 9d]
Seat 4: Pandakey (big blind) folded on the Flop
Seat 6: Red revoluti (button) (small blind) collected ($11.76)


PokerStars Hand #145888545128:  Hold'em Limit ($3/$6 USD) - 2015/12/25 7:38:27 ET
Table 'Euneus' 6-max Seat #4 is the button
Seat 4: Pandakey ($157 in chips)
Seat 6: Red revoluti ($18 in chips)
Pandakey: posts small blind $1
Red revoluti: posts big blind $3
*** HOLE CARDS ***
Pandakey: raises $3 to $6
Red revoluti: raises $3 to $9
Pandakey: calls $3
*** FLOP *** [As 7d 3h]
Red revoluti: bets $3
Pandakey: folds
Uncalled bet ($3) returned to Red revoluti
Red revoluti collected $17.64 from pot
Red revoluti: doesn't show hand
*** SUMMARY ***
Total pot $18 | Rake $0.36
Board [As 7d 3h]
Seat 4: Pandakey (button) (small blind) folded on the Flop
Seat 6: Red revoluti (big blind) collected ($17.64)


PokerStars Hand #145888584256:  Hold'em Limit ($3/$6 USD) - 2015/12/25 7:39:40 ET
Table 'Euneus' 6-max Seat #4 is the button
Seat 4: Pandakey ($156.52 in chips)
Seat 6: Red revoluti ($77.40 in chips)
Pandakey: posts small blind $1
Red revoluti: posts big blind $3
*** HOLE CARDS ***
Pandakey: raises $3 to $6
Red revoluti: calls $3
*** FLOP *** [Th Jh 7h]
Red revoluti: checks
Pandakey: bets $3
Red revoluti: raises $3 to $6
Pandakey: raises $3 to $9
Red revoluti: calls $3
*** TURN *** [Th Jh 7h] [Jc]
Red revoluti: checks
Pandakey: bets $6
Red revoluti: calls $6
*** RIVER *** [Th Jh 7h Jc] [8h]
Red revoluti: bets $6
Pandakey: raises $6 to $12
Red revoluti: calls $6
*** SHOW DOWN ***
Pandakey: shows [9h 8s] (a straight flush, Seven to Jack)
Red revoluti: mucks hand
Pandakey collected $65.50 from pot
*** SUMMARY ***
Total pot $66 | Rake $0.50
Board [Th Jh 7h Jc 8h]
Seat 4: Pandakey (button) (small blind) showed [9h 8s] and won ($65.50) with a straight flush, Seven to Jack
Seat 6: Red revoluti (big blind) mucked


PokerStars Hand #145888605092:  Hold'em Limit ($3/$6 USD) - 2015/12/25 7:40:19 ET
Table 'Euneus' 6-max Seat #6 is the button
Seat 4: Pandakey ($189.02 in chips)
Seat 6: Red revoluti ($44.40 in chips)
Red revoluti: posts small blind $1
Pandakey: posts big blind $3
*** HOLE CARDS ***
Red revoluti: raises $3 to $6
Pandakey: raises $3 to $9
Red revoluti: calls $3
*** FLOP *** [4s 6s Kc]
Pandakey: checks
Red revoluti: checks
*** TURN *** [4s 6s Kc] [7d]
Pandakey: bets $6
Red revoluti: calls $6
*** RIVER *** [4s 6s Kc 7d] [7s]
Pandakey: checks
Red revoluti: bets $6
Pandakey: folds
Uncalled bet ($6) returned to Red revoluti
Red revoluti collected $29.50 from pot
Red revoluti: doesn't show hand
*** SUMMARY ***
Total pot $30 | Rake $0.50
Board [4s 6s Kc 7d 7s]
Seat 4: Pandakey (big blind) folded on the River
Seat 6: Red revoluti (button) (small blind) collected ($29.50)


PokerStars Hand #145888631451:  Hold'em Limit ($3/$6 USD) - 2015/12/25 7:41:07 ET
Table 'Euneus' 6-max Seat #4 is the button
Seat 4: Pandakey ($174.02 in chips)
Seat 6: Red revoluti ($58.90 in chips)
Pandakey: posts small blind $1
Red revoluti: posts big blind $3
*** HOLE CARDS ***
Pandakey: folds
Uncalled bet ($2) returned to Red revoluti
Red revoluti collected $2 from pot
Red revoluti: doesn't show hand
*** SUMMARY ***
Total pot $2 | Rake $0
Seat 4: Pandakey (button) (small blind) folded before Flop
Seat 6: Red revoluti (big blind) collected ($2)


PokerStars Hand #145888638497:  Hold'em Limit ($3/$6 USD) - 2015/12/25 7:41:20 ET
Table 'Euneus' 6-max Seat #6 is the button
Seat 4: Pandakey ($173.02 in chips)
Seat 6: Red revoluti ($59.90 in chips)
Red revoluti: posts small blind $1
Pandakey: posts big blind $3
*** HOLE CARDS ***
Red revoluti: raises $3 to $6
Pandakey: calls $3
*** FLOP *** [6c 9s Kc]
Pandakey: checks
Red revoluti: bets $3
Pandakey: folds
Uncalled bet ($3) returned to Red revoluti
Red revoluti collected $11.76 from pot
Red revoluti: doesn't show hand
*** SUMMARY ***
Total pot $12 | Rake $0.24
Board [6c 9s Kc]
Seat 4: Pandakey (big blind) folded on the Flop
Seat 6: Red revoluti (button) (small blind) collected ($11.76)


PokerStars Hand #145888650053:  Hold'em Limit ($3/$6 USD) - 2015/12/25 7:41:42 ET
Table 'Euneus' 6-max Seat #4 is the button
Seat 4: Pandakey ($167.02 in chips)
Seat 6: Red revoluti ($65.66 in chips)
Pandakey: posts small blind $1
Red revoluti: posts big blind $3
*** HOLE CARDS ***
Pandakey: raises $3 to $6
Red revoluti: calls $3
*** FLOP *** [Ts 7c 3h]
Red revoluti: checks
Pandakey: bets $3
Red revoluti: raises $3 to $6
Pandakey: calls $3
*** TURN *** [Ts 7c 3h] [9d]
Red revoluti: bets $6
Pandakey: calls $6
*** RIVER *** [Ts 7c 3h 9d] [Qc]
Red revoluti: bets $6
Pandakey: calls $6
*** SHOW DOWN ***
Red revoluti: shows [7s Kd] (a pair of Sevens)
Pandakey: shows [9h 6h] (a pair of Nines)
Pandakey collected $47.50 from pot
*** SUMMARY ***
Total pot $48 | Rake $0.50
Board [Ts 7c 3h 9d Qc]
Seat 4: Pandakey (button) (small blind) showed [9h 6h] and won ($47.50) with a pair of Nines
Seat 6: Red revoluti (big blind) showed [7s Kd] and lost with a pair of Sevens


PokerStars Hand #145888671711:  Hold'em Limit ($3/$6 USD) - 2015/12/25 7:42:22 ET
Table 'Euneus' 6-max Seat #6 is the button
Seat 4: Pandakey ($190.52 in chips)
Seat 6: Red revoluti ($41.66 in chips)
Red revoluti: posts small blind $1
Pandakey: posts big blind $3
*** HOLE CARDS ***
Red revoluti: folds
Uncalled bet ($2) returned to Pandakey
Pandakey collected $2 from pot
Pandakey: doesn't show hand
*** SUMMARY ***
Total pot $2 | Rake $0
Seat 4: Pandakey (big blind) collected ($2)
Seat 6: Red revoluti (button) (small blind) folded before Flop


PokerStars Hand #145888674722:  Hold'em Limit ($3/$6 USD) - 2015/12/25 7:42:28 ET
Table 'Euneus' 6-max Seat #4 is the button
Seat 4: Pandakey ($191.52 in chips)
Seat 6: Red revoluti ($40.66 in chips)
Pandakey: posts small blind $1
Red revoluti: posts big blind $3
*** HOLE CARDS ***
Pandakey: folds
Uncalled bet ($2) returned to Red revoluti
Red revoluti collected $2 from pot
Red revoluti: doesn't show hand
*** SUMMARY ***
Total pot $2 | Rake $0
Seat 4: Pandakey (button) (small blind) folded before Flop
Seat 6: Red revoluti (big blind) collected ($2)


PokerStars Hand #145888678909:  Hold'em Limit ($3/$6 USD) - 2015/12/25 7:42:36 ET
Table 'Euneus' 6-max Seat #6 is the button
Seat 4: Pandakey ($190.52 in chips)
Seat 6: Red revoluti ($41.66 in chips)
Red revoluti: posts small blind $1
Pandakey: posts big blind $3
*** HOLE CARDS ***
Red revoluti: raises $3 to $6
Pandakey: calls $3
*** FLOP *** [9d Th 8s]
Pandakey: checks
Red revoluti: bets $3
Pandakey: calls $3
*** TURN *** [9d Th 8s] [Kd]
Pandakey: checks
Red revoluti: bets $6
Pandakey: calls $6
*** RIVER *** [9d Th 8s Kd] [4d]
Pandakey: checks
Red revoluti: bets $6
Pandakey: calls $6
*** SHOW DOWN ***
Red revoluti: shows [9h 6s] (a pair of Nines)
Pandakey: shows [5h 9c] (a pair of Nines)
Pandakey collected $20.75 from pot
Red revoluti collected $20.75 from pot
*** SUMMARY ***
Total pot $42 | Rake $0.50
Board [9d Th 8s Kd 4d]
Seat 4: Pandakey (big blind) showed [5h 9c] and won ($20.75) with a pair of Nines
Seat 6: Red revoluti (button) (small blind) showed [9h 6s] and won ($20.75) with a pair of Nines


PokerStars Hand #145888732195:  Hold'em Limit ($3/$6 USD) - 2015/12/25 7:44:15 ET
Table 'Euneus' 6-max Seat #6 is the button
Seat 4: Pandakey ($168.27 in chips)
Seat 6: Red revoluti ($62.91 in chips)
Red revoluti: posts small blind $1
Pandakey: posts big blind $3
*** HOLE CARDS ***
Red revoluti: folds
Uncalled bet ($2) returned to Pandakey
Pandakey collected $2 from pot
Pandakey: doesn't show hand
*** SUMMARY ***
Total pot $2 | Rake $0
Seat 4: Pandakey (big blind) collected ($2)
Seat 6: Red revoluti (button) (small blind) folded before Flop


PokerStars Hand #145888728357:  Hold'em Limit ($3/$6 USD) - 2015/12/25 7:44:08 ET
Table 'Euneus' 6-max Seat #4 is the button
Seat 4: Pandakey ($169.27 in chips)
Seat 6: Red revoluti ($61.91 in chips)
Pandakey: posts small blind $1
Red revoluti: posts big blind $3
*** HOLE CARDS ***
Pandakey: folds
Uncalled bet ($2) returned to Red revoluti
Red revoluti collected $2 from pot
Red revoluti: doesn't show hand
*** SUMMARY ***
Total pot $2 | Rake $0
Seat 4: Pandakey (button) (small blind) folded before Flop
Seat 6: Red revoluti (big blind) collected ($2)


PokerStars Hand #145888735029:  Hold'em Limit ($3/$6 USD) - 2015/12/25 7:44:20 ET
Table 'Euneus' 6-max Seat #4 is the button
Seat 4: Pandakey ($169.27 in chips)
Seat 6: Red revoluti ($61.91 in chips)
Pandakey: posts small blind $1
Red revoluti: posts big blind $3
*** HOLE CARDS ***
Pandakey: raises $3 to $6
Red revoluti: folds
Uncalled bet ($3) returned to Pandakey
Pandakey collected $6 from pot
Pandakey: doesn't show hand
*** SUMMARY ***
Total pot $6 | Rake $0
Seat 4: Pandakey (button) (small blind) collected ($6)
Seat 6: Red revoluti (big blind) folded before Flop


PokerStars Hand #145888738939:  Hold'em Limit ($3/$6 USD) - 2015/12/25 7:44:28 ET
Table 'Euneus' 6-max Seat #6 is the button
Seat 4: Pandakey ($172.27 in chips)
Seat 6: Red revoluti ($58.91 in chips)
Red revoluti: posts small blind $1
Pandakey: posts big blind $3
*** HOLE CARDS ***
Red revoluti: raises $3 to $6
Pandakey: calls $3
*** FLOP *** [2d 2s Th]
Pandakey: checks
Red revoluti: bets $3
Pandakey: raises $3 to $6
Red revoluti: calls $3
*** TURN *** [2d 2s Th] [9c]
Pandakey: bets $6
Red revoluti: folds
Uncalled bet ($6) returned to Pandakey
Pandakey collected $23.52 from pot
Pandakey: doesn't show hand
*** SUMMARY ***
Total pot $24 | Rake $0.48
Board [2d 2s Th 9c]
Seat 4: Pandakey (big blind) collected ($23.52)
Seat 6: Red revoluti (button) (small blind) folded on the Turn


PokerStars Hand #145888707445:  Hold'em Limit ($3/$6 USD) - 2015/12/25 7:43:29 ET
Table 'Euneus' 6-max Seat #4 is the button
Seat 4: Pandakey ($190.27 in chips)
Seat 6: Red revoluti ($41.41 in chips)
Pandakey: posts small blind $1
Red revoluti: posts big blind $3
*** HOLE CARDS ***
Pandakey: raises $3 to $6
Red revoluti: calls $3
*** FLOP *** [Th Jh Kc]
Red revoluti: checks
Pandakey: bets $3
Red revoluti: raises $3 to $6
Pandakey: calls $3
*** TURN *** [Th Jh Kc] [9h]
Red revoluti: bets $6
Pandakey: calls $6
*** RIVER *** [Th Jh Kc 9h] [6c]
Red revoluti: bets $6
Pandakey: folds
Uncalled bet ($6) returned to Red revoluti
Red revoluti collected $35.50 from pot
Red revoluti: doesn't show hand
*** SUMMARY ***
Total pot $36 | Rake $0.50
Board [Th Jh Kc 9h 6c]
Seat 4: Pandakey (button) (small blind) folded on the River
Seat 6: Red revoluti (big blind) collected ($35.50)


PokerStars Hand #145888725009:  Hold'em Limit ($3/$6 USD) - 2015/12/25 7:44:02 ET
Table 'Euneus' 6-max Seat #6 is the button
Seat 4: Pandakey ($172.27 in chips)
Seat 6: Red revoluti ($58.91 in chips)
Red revoluti: posts small blind $1
Pandakey: posts big blind $3
*** HOLE CARDS ***
Red revoluti: raises $3 to $6
Pandakey: folds
Uncalled bet ($3) returned to Red revoluti
Red revoluti collected $6 from pot
Red revoluti: doesn't show hand
*** SUMMARY ***
Total pot $6 | Rake $0
Seat 4: Pandakey (big blind) folded before Flop
Seat 6: Red revoluti (button) (small blind) collected ($6)


PokerStars Hand #145888754694:  Hold'em Limit ($3/$6 USD) - 2015/12/25 7:44:57 ET
Table 'Euneus' 6-max Seat #6 is the button
Seat 4: Pandakey ($182.79 in chips)
Seat 6: Red revoluti ($47.91 in chips)
Red revoluti: posts small blind $1
Pandakey: posts big blind $3
*** HOLE CARDS ***
Red revoluti: raises $3 to $6
Pandakey: calls $3
*** FLOP *** [Jc 5c Kd]
Pandakey: checks
Red revoluti: bets $3
Pandakey: calls $3
*** TURN *** [Jc 5c Kd] [4s]
Pandakey: checks
Red revoluti: bets $6
Pandakey: calls $6
*** RIVER *** [Jc 5c Kd 4s] [7h]
Pandakey: checks
Red revoluti: checks
*** SHOW DOWN ***
Pandakey: shows [3h Jh] (a pair of Jacks)
Red revoluti: mucks hand
Pandakey collected $29.50 from pot
carmello774 joins the table at seat #1
*** SUMMARY ***
Total pot $30 | Rake $0.50
Board [Jc 5c Kd 4s 7h]
Seat 4: Pandakey (big blind) showed [3h Jh] and won ($29.50) with a pair of Jacks
Seat 6: Red revoluti (button) (small blind) mucked


PokerStars Hand #145888771700:  Hold'em Limit ($3/$6 USD) - 2015/12/25 7:45:28 ET
Table 'Euneus' 6-max Seat #4 is the button
Seat 4: Pandakey ($197.29 in chips)
Seat 6: Red revoluti ($32.91 in chips)
Pandakey: posts small blind $1
Red revoluti: posts big blind $3
*** HOLE CARDS ***
Pandakey: raises $3 to $6
Red revoluti: calls $3
*** FLOP *** [Kc Qh Js]
Red revoluti: checks
Pandakey: checks
*** TURN *** [Kc Qh Js] [3c]
Red revoluti: bets $6
Pandakey: calls $6
*** RIVER *** [Kc Qh Js 3c] [Ac]
Red revoluti: checks
Pandakey: checks
*** SHOW DOWN ***
Red revoluti: shows [9d Jc] (a pair of Jacks)
Pandakey: shows [Qs 6d] (a pair of Queens)
Pandakey collected $23.52 from pot
*** SUMMARY ***
Total pot $24 | Rake $0.48
Board [Kc Qh Js 3c Ac]
Seat 4: Pandakey (button) (small blind) showed [Qs 6d] and won ($23.52) with a pair of Queens
Seat 6: Red revoluti (big blind) showed [9d Jc] and lost with a pair of Jacks


PokerStars Hand #145888751207:  Hold'em Limit ($3/$6 USD) - 2015/12/25 7:44:50 ET
Table 'Euneus' 6-max Seat #4 is the button
Seat 4: Pandakey ($183.79 in chips)
Seat 6: Red revoluti ($46.91 in chips)
Pandakey: posts small blind $1
Red revoluti: posts big blind $3
*** HOLE CARDS ***
Pandakey: folds
Uncalled bet ($2) returned to Red revoluti
Red revoluti collected $2 from pot
Red revoluti: doesn't show hand
*** SUMMARY ***
Total pot $2 | Rake $0
Seat 4: Pandakey (button) (small blind) folded before Flop
Seat 6: Red revoluti (big blind) collected ($2)


PokerStars Hand #145889030949:  Hold'em Limit ($3/$6 USD) - 2015/12/25 7:53:29 ET
Table 'Euneus' 6-max Seat #1 is the button
Seat 1: carmello774 ($249.71 in chips)
Seat 4: Pandakey ($225.43 in chips)
carmello774: posts small blind $1
Pandakey: posts big blind $3
*** HOLE CARDS ***
carmello774: raises $3 to $6
Red revoluti leaves the table
Pandakey: calls $3
*** FLOP *** [2c Kd Td]
Pandakey: checks
carmello774: bets $3
Pandakey: calls $3
*** TURN *** [2c Kd Td] [5d]
Pandakey: checks
carmello774: bets $6
Pandakey: calls $6
*** RIVER *** [2c Kd Td 5d] [8d]
Pandakey: checks
carmello774: checks
*** SHOW DOWN ***
Pandakey: shows [5c Ah] (a pair of Fives)
carmello774: shows [Kh 8s] (two pair, Kings and Eights)
carmello774 collected $29.50 from pot
*** SUMMARY ***
Total pot $30 | Rake $0.50
Board [2c Kd Td 5d 8d]
Seat 1: carmello774 (button) (small blind) showed [Kh 8s] and won ($29.50) with two pair, Kings and Eights
Seat 4: Pandakey (big blind) showed [5c Ah] and lost with a pair of Fives


