PokerStars Hand #158793003111:  Hold'em Limit ($3/$6 USD) - 2016/09/18 20:13:02 ET
Table 'Eunike' 6-max Seat #1 is the button
Seat 1: Zubasa07 ($485 in chips)
Seat 6: stiflerkk ($53.61 in chips)
Zubasa07: posts small blind $1
stiflerkk: posts big blind $3
*** HOLE CARDS ***
Zubasa07: raises $3 to $6
stiflerkk: calls $3
*** FLOP *** [9s 4s Jh]
stiflerkk: checks
Zubasa07: checks
*** TURN *** [9s 4s Jh] [4h]
stiflerkk: checks
Zubasa07: checks
*** RIVER *** [9s 4s Jh 4h] [2s]
stiflerkk: checks
Zubasa07: checks
*** SHOW DOWN ***
stiflerkk: shows [Qd 6h] (a pair of Fours)
Zubasa07: shows [3h Ks] (a pair of Fours - King kicker)
Zubasa07 collected $11.76 from pot
*** SUMMARY ***
Total pot $12 | Rake $0.24
Board [9s 4s Jh 4h 2s]
Seat 1: Zubasa07 (button) (small blind) showed [3h Ks] and won ($11.76) with a pair of Fours
Seat 6: stiflerkk (big blind) showed [Qd 6h] and lost with a pair of Fours


PokerStars Hand #158792982746:  Hold'em Limit ($3/$6 USD) - 2016/09/18 20:12:20 ET
Table 'Eunike' 6-max Seat #6 is the button
Seat 1: Zubasa07 ($500 in chips)
Seat 6: stiflerkk ($39.11 in chips)
stiflerkk: posts small blind $1
Zubasa07: posts big blind $3
*** HOLE CARDS ***
stiflerkk: raises $3 to $6
Zubasa07: raises $3 to $9
stiflerkk: calls $3
*** FLOP *** [Kh 4d 6s]
Zubasa07: bets $3
stiflerkk: raises $3 to $6
Zubasa07: calls $3
*** TURN *** [Kh 4d 6s] [4s]
Zubasa07: checks
stiflerkk: bets $6
Zubasa07: folds
Uncalled bet ($6) returned to stiflerkk
stiflerkk collected $29.50 from pot
*** SUMMARY ***
Total pot $30 | Rake $0.50
Board [Kh 4d 6s 4s]
Seat 1: Zubasa07 (big blind) folded on the Turn
Seat 6: stiflerkk (button) (small blind) collected ($29.50)


PokerStars Hand #158793024039:  Hold'em Limit ($3/$6 USD) - 2016/09/18 20:13:45 ET
Table 'Eunike' 6-max Seat #6 is the button
Seat 1: Zubasa07 ($490.76 in chips)
Seat 6: stiflerkk ($47.61 in chips)
stiflerkk: posts small blind $1
Zubasa07: posts big blind $3
*** HOLE CARDS ***
stiflerkk: raises $3 to $6
UNABELIEVE joins the table at seat #3
Chessnok joins the table at seat #4
Zubasa07: folds
Uncalled bet ($3) returned to stiflerkk
stiflerkk collected $6 from pot
*** SUMMARY ***
Total pot $6 | Rake $0
Seat 1: Zubasa07 (big blind) folded before Flop
Seat 6: stiflerkk (button) (small blind) collected ($6)


PokerStars Hand #158793455493:  Hold'em Limit ($3/$6 USD) - 2016/09/18 20:28:21 ET
Table 'Eunike' 6-max Seat #6 is the button
Seat 4: Chessnok ($194.42 in chips)
Seat 6: ABATAPP ($107.53 in chips)
ABATAPP: posts small blind $1
DePokeraap: is sitting out
Chessnok: posts big blind $3
*** HOLE CARDS ***
DePokeraap leaves the table
ABATAPP: raises $3 to $6
Chessnok: calls $3
*** FLOP *** [4s 7s Kh]
Chessnok: checks
ABATAPP: checks
*** TURN *** [4s 7s Kh] [Th]
Chessnok: bets $6
ABATAPP: raises $6 to $12
Chessnok: raises $6 to $18
ABATAPP: calls $6
*** RIVER *** [4s 7s Kh Th] [8d]
Chessnok: bets $6
ABATAPP: folds
Uncalled bet ($6) returned to Chessnok
Chessnok collected $47.50 from pot
Chessnok: doesn't show hand
*** SUMMARY ***
Total pot $48 | Rake $0.50
Board [4s 7s Kh Th 8d]
Seat 4: Chessnok (big blind) collected ($47.50)
Seat 6: ABATAPP (button) (small blind) folded on the River


