PokerStars Hand #173597907062:  Hold'em Limit ($3/$6 USD) - 2017/07/27 19:59:01 ET
Table 'Eunike' 6-max Seat #3 is the button
Seat 2: cola26licht ($75.92 in chips)
Seat 3: B_loJkl ($129.07 in chips)
B_loJkl: posts small blind $1
cola26licht: posts big blind $3
*** HOLE CARDS ***
B_loJkl: folds
Uncalled bet ($2) returned to cola26licht
cola26licht collected $2 from pot
*** SUMMARY ***
Total pot $2 | Rake $0
Seat 2: cola26licht (big blind) collected ($2)
Seat 3: B_loJkl (button) (small blind) folded before Flop


PokerStars Hand #173597897697:  Hold'em Limit ($3/$6 USD) - 2017/07/27 19:58:39 ET
Table 'Eunike' 6-max Seat #3 is the button
Seat 2: cola26licht ($71.16 in chips)
Seat 3: B_loJkl ($134.07 in chips)
B_loJkl: posts small blind $1
cola26licht: posts big blind $3
*** HOLE CARDS ***
B_loJkl: raises $3 to $6
cola26licht: calls $3
*** FLOP *** [7c Qh 2c]
cola26licht: checks
B_loJkl: checks
*** TURN *** [7c Qh 2c] [7s]
cola26licht: bets $6
B_loJkl: folds
Uncalled bet ($6) returned to cola26licht
cola26licht collected $11.76 from pot
*** SUMMARY ***
Total pot $12 | Rake $0.24
Board [7c Qh 2c 7s]
Seat 2: cola26licht (big blind) collected ($11.76)
Seat 3: B_loJkl (button) (small blind) folded on the Turn


PokerStars Hand #173597912757:  Hold'em Limit ($3/$6 USD) - 2017/07/27 19:59:14 ET
Table 'Eunike' 6-max Seat #2 is the button
Seat 2: cola26licht ($76.92 in chips)
Seat 3: B_loJkl ($128.07 in chips)
cola26licht: posts small blind $1
B_loJkl: posts big blind $3
*** HOLE CARDS ***
cola26licht: raises $3 to $6
B_loJkl: calls $3
*** FLOP *** [Th 8c 7d]
B_loJkl: checks
cola26licht: bets $3
B_loJkl: calls $3
*** TURN *** [Th 8c 7d] [5h]
B_loJkl: checks
cola26licht: checks
*** RIVER *** [Th 8c 7d 5h] [7h]
B_loJkl: checks
cola26licht: bets $6
B_loJkl: calls $6
*** SHOW DOWN ***
cola26licht: shows [Ad Td] (two pair, Tens and Sevens)
B_loJkl: mucks hand
cola26licht collected $29.50 from pot
*** SUMMARY ***
Total pot $30 | Rake $0.50
Board [Th 8c 7d 5h 7h]
Seat 2: cola26licht (button) (small blind) showed [Ad Td] and won ($29.50) with two pair, Tens and Sevens
Seat 3: B_loJkl (big blind) mucked


PokerStars Hand #173597961912:  Hold'em Limit ($3/$6 USD) - 2017/07/27 20:01:06 ET
Table 'Eunike' 6-max Seat #3 is the button
Seat 2: cola26licht ($101.94 in chips)
Seat 3: B_loJkl ($102.07 in chips)
B_loJkl: posts small blind $1
cola26licht: posts big blind $3
*** HOLE CARDS ***
B_loJkl: raises $3 to $6
cola26licht: folds
Uncalled bet ($3) returned to B_loJkl
B_loJkl collected $6 from pot
B_loJkl: doesn't show hand
*** SUMMARY ***
Total pot $6 | Rake $0
Seat 2: cola26licht (big blind) folded before Flop
Seat 3: B_loJkl (button) (small blind) collected ($6)


PokerStars Hand #173597958662:  Hold'em Limit ($3/$6 USD) - 2017/07/27 20:00:59 ET
Table 'Eunike' 6-max Seat #2 is the button
Seat 2: cola26licht ($102.94 in chips)
Seat 3: B_loJkl ($101.07 in chips)
cola26licht: posts small blind $1
B_loJkl: posts big blind $3
*** HOLE CARDS ***
cola26licht: folds
Uncalled bet ($2) returned to B_loJkl
B_loJkl collected $2 from pot
B_loJkl: doesn't show hand
*** SUMMARY ***
Total pot $2 | Rake $0
Seat 2: cola26licht (button) (small blind) folded before Flop
Seat 3: B_loJkl (big blind) collected ($2)


PokerStars Hand #173597935373:  Hold'em Limit ($3/$6 USD) - 2017/07/27 20:00:07 ET
Table 'Eunike' 6-max Seat #3 is the button
Seat 2: cola26licht ($91.42 in chips)
Seat 3: B_loJkl ($113.07 in chips)
B_loJkl: posts small blind $1
cola26licht: posts big blind $3
*** HOLE CARDS ***
B_loJkl: raises $3 to $6
cola26licht: calls $3
*** FLOP *** [5d Tc 3h]
cola26licht: checks
B_loJkl: bets $3
cola26licht: raises $3 to $6
B_loJkl: calls $3
*** TURN *** [5d Tc 3h] [Ah]
cola26licht: checks
B_loJkl: checks
*** RIVER *** [5d Tc 3h Ah] [5s]
cola26licht: checks
B_loJkl: checks
*** SHOW DOWN ***
cola26licht: shows [Ts Kh] (two pair, Tens and Fives)
B_loJkl: mucks hand
cola26licht collected $23.52 from pot
*** SUMMARY ***
Total pot $24 | Rake $0.48
Board [5d Tc 3h Ah 5s]
Seat 2: cola26licht (big blind) showed [Ts Kh] and won ($23.52) with two pair, Tens and Fives
Seat 3: B_loJkl (button) (small blind) mucked


PokerStars Hand #173597965105:  Hold'em Limit ($3/$6 USD) - 2017/07/27 20:01:13 ET
Table 'Eunike' 6-max Seat #2 is the button
Seat 2: cola26licht ($98.94 in chips)
Seat 3: B_loJkl ($105.07 in chips)
cola26licht: posts small blind $1
B_loJkl: posts big blind $3
*** HOLE CARDS ***
cola26licht: raises $3 to $6
B_loJkl: calls $3
*** FLOP *** [Ks Kd 4s]
B_loJkl: checks
cola26licht: bets $3
B_loJkl: folds
Uncalled bet ($3) returned to cola26licht
cola26licht collected $11.76 from pot
*** SUMMARY ***
Total pot $12 | Rake $0.24
Board [Ks Kd 4s]
Seat 2: cola26licht (button) (small blind) collected ($11.76)
Seat 3: B_loJkl (big blind) folded on the Flop


PokerStars Hand #173597981808:  Hold'em Limit ($3/$6 USD) - 2017/07/27 20:01:49 ET
Table 'Eunike' 6-max Seat #3 is the button
Seat 2: cola26licht ($104.70 in chips)
Seat 3: B_loJkl ($99.07 in chips)
B_loJkl: posts small blind $1
cola26licht: posts big blind $3
*** HOLE CARDS ***
B_loJkl: raises $3 to $6
cola26licht: raises $3 to $9
B_loJkl: calls $3
*** FLOP *** [6c 5d 7h]
cola26licht: bets $3
B_loJkl: calls $3
*** TURN *** [6c 5d 7h] [5s]
cola26licht: bets $6
B_loJkl: calls $6
*** RIVER *** [6c 5d 7h 5s] [5c]
cola26licht: checks
B_loJkl: checks
*** SHOW DOWN ***
cola26licht: shows [Ah Qd] (three of a kind, Fives)
B_loJkl: mucks hand
cola26licht collected $35.50 from pot
*** SUMMARY ***
Total pot $36 | Rake $0.50
Board [6c 5d 7h 5s 5c]
Seat 2: cola26licht (big blind) showed [Ah Qd] and won ($35.50) with three of a kind, Fives
Seat 3: B_loJkl (button) (small blind) mucked


PokerStars Hand #173598025988:  Hold'em Limit ($3/$6 USD) - 2017/07/27 20:03:20 ET
Table 'Eunike' 6-max Seat #2 is the button
Seat 2: cola26licht ($138.70 in chips)
Seat 3: B_loJkl ($64.07 in chips)
cola26licht: posts small blind $1
B_loJkl: posts big blind $3
*** HOLE CARDS ***
cola26licht: raises $3 to $6
B_loJkl: raises $3 to $9
cola26licht: calls $3
*** FLOP *** [Ah Ks 5s]
B_loJkl: bets $3
cola26licht: calls $3
*** TURN *** [Ah Ks 5s] [Ts]
B_loJkl: bets $6
cola26licht: calls $6
*** RIVER *** [Ah Ks 5s Ts] [2h]
B_loJkl: checks
cola26licht: checks
*** SHOW DOWN ***
B_loJkl: shows [Qd Qh] (a pair of Queens)
cola26licht: shows [Jh As] (a pair of Aces)
cola26licht collected $35.50 from pot
*** SUMMARY ***
Total pot $36 | Rake $0.50
Board [Ah Ks 5s Ts 2h]
Seat 2: cola26licht (button) (small blind) showed [Jh As] and won ($35.50) with a pair of Aces
Seat 3: B_loJkl (big blind) showed [Qd Qh] and lost with a pair of Queens


PokerStars Hand #173598008964:  Hold'em Limit ($3/$6 USD) - 2017/07/27 20:02:45 ET
Table 'Eunike' 6-max Seat #3 is the button
Seat 2: cola26licht ($121.20 in chips)
Seat 3: B_loJkl ($82.07 in chips)
B_loJkl: posts small blind $1
cola26licht: posts big blind $3
*** HOLE CARDS ***
B_loJkl: raises $3 to $6
cola26licht: calls $3
*** FLOP *** [4s 6c 3c]
cola26licht: checks
B_loJkl: checks
*** TURN *** [4s 6c 3c] [6s]
cola26licht: bets $6
B_loJkl: raises $6 to $12
cola26licht: calls $6
*** RIVER *** [4s 6c 3c 6s] [9h]
cola26licht: checks
B_loJkl: checks
*** SHOW DOWN ***
cola26licht: shows [7s 3s] (two pair, Sixes and Threes)
B_loJkl: mucks hand
cola26licht collected $35.50 from pot
*** SUMMARY ***
Total pot $36 | Rake $0.50
Board [4s 6c 3c 6s 9h]
Seat 2: cola26licht (big blind) showed [7s 3s] and won ($35.50) with two pair, Sixes and Threes
Seat 3: B_loJkl (button) (small blind) mucked


PokerStars Hand #173598036258:  Hold'em Limit ($3/$6 USD) - 2017/07/27 20:03:41 ET
Table 'Eunike' 6-max Seat #3 is the button
Seat 2: cola26licht ($156.20 in chips)
Seat 3: B_loJkl ($46.07 in chips)
B_loJkl: posts small blind $1
cola26licht: posts big blind $3
*** HOLE CARDS ***
B_loJkl: raises $3 to $6
cola26licht: calls $3
*** FLOP *** [7c Ks Ts]
cola26licht: checks
B_loJkl: bets $3
cola26licht: calls $3
*** TURN *** [7c Ks Ts] [Td]
cola26licht: bets $6
B_loJkl: calls $6
*** RIVER *** [7c Ks Ts Td] [4d]
cola26licht: checks
B_loJkl: checks
*** SHOW DOWN ***
cola26licht: shows [Ac 8d] (a pair of Tens)
B_loJkl: shows [6h 6c] (two pair, Tens and Sixes)
B_loJkl collected $29.50 from pot
*** SUMMARY ***
Total pot $30 | Rake $0.50
Board [7c Ks Ts Td 4d]
Seat 2: cola26licht (big blind) showed [Ac 8d] and lost with a pair of Tens
Seat 3: B_loJkl (button) (small blind) showed [6h 6c] and won ($29.50) with two pair, Tens and Sixes


PokerStars Hand #173598047759:  Hold'em Limit ($3/$6 USD) - 2017/07/27 20:04:04 ET
Table 'Eunike' 6-max Seat #2 is the button
Seat 2: cola26licht ($141.20 in chips)
Seat 3: B_loJkl ($60.57 in chips)
cola26licht: posts small blind $1
B_loJkl: posts big blind $3
*** HOLE CARDS ***
cola26licht: folds
Uncalled bet ($2) returned to B_loJkl
B_loJkl collected $2 from pot
B_loJkl: doesn't show hand
*** SUMMARY ***
Total pot $2 | Rake $0
Seat 2: cola26licht (button) (small blind) folded before Flop
Seat 3: B_loJkl (big blind) collected ($2)


PokerStars Hand #173598075315:  Hold'em Limit ($3/$6 USD) - 2017/07/27 20:05:00 ET
Table 'Eunike' 6-max Seat #2 is the button
Seat 2: cola26licht ($119.20 in chips)
Seat 3: B_loJkl ($82.07 in chips)
cola26licht: posts small blind $1
B_loJkl: posts big blind $3
*** HOLE CARDS ***
cola26licht: raises $3 to $6
B_loJkl: calls $3
*** FLOP *** [Ac 8d 3c]
B_loJkl: checks
cola26licht: bets $3
B_loJkl: calls $3
*** TURN *** [Ac 8d 3c] [8c]
B_loJkl: checks
cola26licht: checks
*** RIVER *** [Ac 8d 3c 8c] [2c]
B_loJkl: checks
cola26licht: checks
*** SHOW DOWN ***
B_loJkl: shows [Jd Td] (a pair of Eights)
cola26licht: shows [Jh Ad] (two pair, Aces and Eights)
cola26licht collected $17.64 from pot
*** SUMMARY ***
Total pot $18 | Rake $0.36
Board [Ac 8d 3c 8c 2c]
Seat 2: cola26licht (button) (small blind) showed [Jh Ad] and won ($17.64) with two pair, Aces and Eights
Seat 3: B_loJkl (big blind) showed [Jd Td] and lost with a pair of Eights


PokerStars Hand #173598050010:  Hold'em Limit ($3/$6 USD) - 2017/07/27 20:04:09 ET
Table 'Eunike' 6-max Seat #3 is the button
Seat 2: cola26licht ($140.20 in chips)
Seat 3: B_loJkl ($61.57 in chips)
B_loJkl: posts small blind $1
cola26licht: posts big blind $3
*** HOLE CARDS ***
B_loJkl: raises $3 to $6
cola26licht: calls $3
*** FLOP *** [5s 6d Th]
cola26licht: checks
B_loJkl: bets $3
cola26licht: calls $3
*** TURN *** [5s 6d Th] [4c]
cola26licht: checks
B_loJkl: bets $6
cola26licht: calls $6
*** RIVER *** [5s 6d Th 4c] [2h]
cola26licht: bets $6
B_loJkl: calls $6
*** SHOW DOWN ***
cola26licht: shows [Kd Qs] (high card King)
B_loJkl: shows [7s Tc] (a pair of Tens)
B_loJkl collected $41.50 from pot
*** SUMMARY ***
Total pot $42 | Rake $0.50
Board [5s 6d Th 4c 2h]
Seat 2: cola26licht (big blind) showed [Kd Qs] and lost with high card King
Seat 3: B_loJkl (button) (small blind) showed [7s Tc] and won ($41.50) with a pair of Tens


PokerStars Hand #173598104645:  Hold'em Limit ($3/$6 USD) - 2017/07/27 20:05:59 ET
Table 'Eunike' 6-max Seat #2 is the button
Seat 2: cola26licht ($136.48 in chips)
Seat 3: B_loJkl ($64.07 in chips)
cola26licht: posts small blind $1
B_loJkl: posts big blind $3
*** HOLE CARDS ***
cola26licht: folds
Uncalled bet ($2) returned to B_loJkl
B_loJkl collected $2 from pot
B_loJkl: doesn't show hand
*** SUMMARY ***
Total pot $2 | Rake $0
Seat 2: cola26licht (button) (small blind) folded before Flop
Seat 3: B_loJkl (big blind) collected ($2)


PokerStars Hand #173598094676:  Hold'em Limit ($3/$6 USD) - 2017/07/27 20:05:39 ET
Table 'Eunike' 6-max Seat #3 is the button
Seat 2: cola26licht ($127.84 in chips)
Seat 3: B_loJkl ($73.07 in chips)
B_loJkl: posts small blind $1
cola26licht: posts big blind $3
*** HOLE CARDS ***
B_loJkl: raises $3 to $6
cola26licht: calls $3
*** FLOP *** [Ts 3d Kh]
cola26licht: checks
B_loJkl: bets $3
cola26licht: calls $3
*** TURN *** [Ts 3d Kh] [8s]
cola26licht: checks
B_loJkl: checks
*** RIVER *** [Ts 3d Kh 8s] [4s]
cola26licht: checks
B_loJkl: checks
*** SHOW DOWN ***
cola26licht: shows [9s Jc] (high card King)
B_loJkl: mucks hand
cola26licht collected $17.64 from pot
*** SUMMARY ***
Total pot $18 | Rake $0.36
Board [Ts 3d Kh 8s 4s]
Seat 2: cola26licht (big blind) showed [9s Jc] and won ($17.64) with high card King
Seat 3: B_loJkl (button) (small blind) mucked


PokerStars Hand #173598106903:  Hold'em Limit ($3/$6 USD) - 2017/07/27 20:06:04 ET
Table 'Eunike' 6-max Seat #3 is the button
Seat 2: cola26licht ($135.48 in chips)
Seat 3: B_loJkl ($65.07 in chips)
B_loJkl: posts small blind $1
cola26licht: posts big blind $3
*** HOLE CARDS ***
B_loJkl: raises $3 to $6
cola26licht: raises $3 to $9
B_loJkl: calls $3
*** FLOP *** [9h 8h 3d]
cola26licht: bets $3
B_loJkl: calls $3
*** TURN *** [9h 8h 3d] [9s]
cola26licht: bets $6
B_loJkl: calls $6
*** RIVER *** [9h 8h 3d 9s] [Kd]
cola26licht: bets $6
B_loJkl: calls $6
*** SHOW DOWN ***
cola26licht: shows [Th 6h] (a pair of Nines)
B_loJkl: shows [3c 4c] (two pair, Nines and Threes)
B_loJkl collected $47.50 from pot
*** SUMMARY ***
Total pot $48 | Rake $0.50
Board [9h 8h 3d 9s Kd]
Seat 2: cola26licht (big blind) showed [Th 6h] and lost with a pair of Nines
Seat 3: B_loJkl (button) (small blind) showed [3c 4c] and won ($47.50) with two pair, Nines and Threes


PokerStars Hand #173598147389:  Hold'em Limit ($3/$6 USD) - 2017/07/27 20:07:26 ET
Table 'Eunike' 6-max Seat #2 is the button
Seat 2: cola26licht ($111.48 in chips)
Seat 3: B_loJkl ($88.57 in chips)
cola26licht: posts small blind $1
B_loJkl: posts big blind $3
*** HOLE CARDS ***
cola26licht: raises $3 to $6
B_loJkl: folds
Uncalled bet ($3) returned to cola26licht
cola26licht collected $6 from pot
*** SUMMARY ***
Total pot $6 | Rake $0
Seat 2: cola26licht (button) (small blind) collected ($6)
Seat 3: B_loJkl (big blind) folded before Flop


PokerStars Hand #173598140984:  Hold'em Limit ($3/$6 USD) - 2017/07/27 20:07:13 ET
Table 'Eunike' 6-max Seat #3 is the button
Seat 2: cola26licht ($110.48 in chips)
Seat 3: B_loJkl ($89.57 in chips)
B_loJkl: posts small blind $1
cola26licht: posts big blind $3
*** HOLE CARDS ***
B_loJkl: folds
Uncalled bet ($2) returned to cola26licht
cola26licht collected $2 from pot
*** SUMMARY ***
Total pot $2 | Rake $0
Seat 2: cola26licht (big blind) collected ($2)
Seat 3: B_loJkl (button) (small blind) folded before Flop


PokerStars Hand #173598138808:  Hold'em Limit ($3/$6 USD) - 2017/07/27 20:07:09 ET
Table 'Eunike' 6-max Seat #2 is the button
Seat 2: cola26licht ($111.48 in chips)
Seat 3: B_loJkl ($88.57 in chips)
cola26licht: posts small blind $1
B_loJkl: posts big blind $3
*** HOLE CARDS ***
cola26licht: folds
Uncalled bet ($2) returned to B_loJkl
B_loJkl collected $2 from pot
B_loJkl: doesn't show hand
*** SUMMARY ***
Total pot $2 | Rake $0
Seat 2: cola26licht (button) (small blind) folded before Flop
Seat 3: B_loJkl (big blind) collected ($2)


PokerStars Hand #173598133837:  Hold'em Limit ($3/$6 USD) - 2017/07/27 20:06:59 ET
Table 'Eunike' 6-max Seat #3 is the button
Seat 2: cola26licht ($114.48 in chips)
Seat 3: B_loJkl ($85.57 in chips)
B_loJkl: posts small blind $1
cola26licht: posts big blind $3
*** HOLE CARDS ***
B_loJkl: raises $3 to $6
cola26licht: folds
Uncalled bet ($3) returned to B_loJkl
B_loJkl collected $6 from pot
B_loJkl: doesn't show hand
*** SUMMARY ***
Total pot $6 | Rake $0
Seat 2: cola26licht (big blind) folded before Flop
Seat 3: B_loJkl (button) (small blind) collected ($6)


PokerStars Hand #173598127870:  Hold'em Limit ($3/$6 USD) - 2017/07/27 20:06:47 ET
Table 'Eunike' 6-max Seat #2 is the button
Seat 2: cola26licht ($111.48 in chips)
Seat 3: B_loJkl ($88.57 in chips)
cola26licht: posts small blind $1
B_loJkl: posts big blind $3
*** HOLE CARDS ***
cola26licht: raises $3 to $6
B_loJkl: folds
Uncalled bet ($3) returned to cola26licht
cola26licht collected $6 from pot
*** SUMMARY ***
Total pot $6 | Rake $0
Seat 2: cola26licht (button) (small blind) collected ($6)
Seat 3: B_loJkl (big blind) folded before Flop


PokerStars Hand #173598173395:  Hold'em Limit ($3/$6 USD) - 2017/07/27 20:08:20 ET
Table 'Eunike' 6-max Seat #3 is the button
Seat 3: B_loJkl ($119.07 in chips)
Seat 6: jr10mp9 ($120 in chips)
B_loJkl: posts small blind $1
cola26licht leaves the table
jr10mp9: posts big blind $3
*** HOLE CARDS ***
B_loJkl: folds
Uncalled bet ($2) returned to jr10mp9
jr10mp9 collected $2 from pot
*** SUMMARY ***
Total pot $2 | Rake $0
Seat 3: B_loJkl (button) (small blind) folded before Flop
Seat 6: jr10mp9 (big blind) collected ($2)


PokerStars Hand #173598170152:  Hold'em Limit ($3/$6 USD) - 2017/07/27 20:08:13 ET
Table 'Eunike' 6-max Seat #2 is the button
Seat 2: cola26licht ($81.48 in chips)
Seat 3: B_loJkl ($118.07 in chips)
cola26licht: posts small blind $1
B_loJkl: posts big blind $3
*** HOLE CARDS ***
cola26licht: folds
Uncalled bet ($2) returned to B_loJkl
jr10mp9 joins the table at seat #6
B_loJkl collected $2 from pot
B_loJkl: doesn't show hand
*** SUMMARY ***
Total pot $2 | Rake $0
Seat 2: cola26licht (button) (small blind) folded before Flop
Seat 3: B_loJkl (big blind) collected ($2)


PokerStars Hand #173598151971:  Hold'em Limit ($3/$6 USD) - 2017/07/27 20:07:36 ET
Table 'Eunike' 6-max Seat #3 is the button
Seat 2: cola26licht ($114.48 in chips)
Seat 3: B_loJkl ($85.57 in chips)
B_loJkl: posts small blind $1
cola26licht: posts big blind $3
*** HOLE CARDS ***
B_loJkl: raises $3 to $6
cola26licht: calls $3
*** FLOP *** [3h Qs 3c]
cola26licht: checks
B_loJkl: bets $3
cola26licht: calls $3
*** TURN *** [3h Qs 3c] [Kd]
cola26licht: checks
B_loJkl: bets $6
cola26licht: calls $6
*** RIVER *** [3h Qs 3c Kd] [2d]
cola26licht: bets $6
B_loJkl: raises $6 to $12
cola26licht: raises $6 to $18
B_loJkl: calls $6
*** SHOW DOWN ***
cola26licht: shows [8s 3s] (three of a kind, Threes)
B_loJkl: shows [2c 2h] (a full house, Deuces full of Threes)
B_loJkl collected $65.50 from pot
*** SUMMARY ***
Total pot $66 | Rake $0.50
Board [3h Qs 3c Kd 2d]
Seat 2: cola26licht (big blind) showed [8s 3s] and lost with three of a kind, Threes
Seat 3: B_loJkl (button) (small blind) showed [2c 2h] and won ($65.50) with a full house, Deuces full of Threes


