PokerStars Hand #170647504616:  Hold'em Limit ($3/$6 USD) - 2017/05/19 18:24:30 ET
Table 'Eunike' 6-max Seat #4 is the button
Seat 3: hairy1961 ($49 in chips)
Seat 4: Actionni13 ($151 in chips)
Actionni13: posts small blind $1
hairy1961: posts big blind $3
*** HOLE CARDS ***
Actionni13: raises $3 to $6
hairy1961: calls $3
*** FLOP *** [8d 9c Jd]
hairy1961: checks
Actionni13: checks
*** TURN *** [8d 9c Jd] [Jh]
hairy1961: checks
Actionni13: checks
*** RIVER *** [8d 9c Jd Jh] [Kc]
hairy1961: bets $6
Actionni13: calls $6
*** SHOW DOWN ***
hairy1961: shows [5s Js] (three of a kind, Jacks)
Actionni13: mucks hand
hairy1961 collected $23.52 from pot
*** SUMMARY ***
Total pot $24 | Rake $0.48
Board [8d 9c Jd Jh Kc]
Seat 3: hairy1961 (big blind) showed [5s Js] and won ($23.52) with three of a kind, Jacks
Seat 4: Actionni13 (button) (small blind) mucked


PokerStars Hand #170647537140:  Hold'em Limit ($3/$6 USD) - 2017/05/19 18:25:14 ET
Table 'Eunike' 6-max Seat #3 is the button
Seat 3: hairy1961 ($60.52 in chips)
Seat 4: Actionni13 ($150 in chips)
hairy1961: posts small blind $1
Actionni13: posts big blind $3
*** HOLE CARDS ***
hairy1961: raises $3 to $6
Jack_Wu1985 joins the table at seat #6
Actionni13: calls $3
*** FLOP *** [2c Qs 5c]
Actionni13: checks
hairy1961: bets $3
Actionni13: folds
Uncalled bet ($3) returned to hairy1961
hairy1961 collected $11.76 from pot
*** SUMMARY ***
Total pot $12 | Rake $0.24
Board [2c Qs 5c]
Seat 3: hairy1961 (button) (small blind) collected ($11.76)
Seat 4: Actionni13 (big blind) folded on the Flop


PokerStars Hand #170647659598:  Hold'em Limit ($3/$6 USD) - 2017/05/19 18:28:00 ET
Table 'Eunike' 6-max Seat #1 is the button
Seat 1: Chessnok ($111 in chips)
Seat 3: hairy1961 ($68.56 in chips)
Chessnok: posts small blind $1
rascal_319: is sitting out
hairy1961: posts big blind $3
*** HOLE CARDS ***
Actionni13 leaves the table
Chessnok: raises $3 to $6
hairy1961: calls $3
*** FLOP *** [6s 6d 6c]
hairy1961: checks
Chessnok: bets $3
hairy1961: calls $3
*** TURN *** [6s 6d 6c] [Ks]
hairy1961: bets $6
Chessnok: calls $6
*** RIVER *** [6s 6d 6c Ks] [Qc]
hairy1961: checks
Chessnok: checks
*** SHOW DOWN ***
hairy1961: shows [5h Th] (three of a kind, Sixes)
Chessnok: shows [3c Ad] (three of a kind, Sixes - Ace kicker)
Chessnok collected $29.50 from pot
*** SUMMARY ***
Total pot $30 | Rake $0.50
Board [6s 6d 6c Ks Qc]
Seat 1: Chessnok (button) (small blind) showed [3c Ad] and won ($29.50) with three of a kind, Sixes
Seat 3: hairy1961 (big blind) showed [5h Th] and lost with three of a kind, Sixes


PokerStars Hand #170647692593:  Hold'em Limit ($3/$6 USD) - 2017/05/19 18:28:46 ET
Table 'Eunike' 6-max Seat #1 is the button
Seat 1: Chessnok ($119.50 in chips)
Seat 3: hairy1961 ($59.32 in chips)
Chessnok: posts small blind $1
hairy1961: posts big blind $3
*** HOLE CARDS ***
Chessnok: folds
Uncalled bet ($2) returned to hairy1961
hairy1961 collected $2 from pot
*** SUMMARY ***
Total pot $2 | Rake $0
Seat 1: Chessnok (button) (small blind) folded before Flop
Seat 3: hairy1961 (big blind) collected ($2)


PokerStars Hand #170647683259:  Hold'em Limit ($3/$6 USD) - 2017/05/19 18:28:33 ET
Table 'Eunike' 6-max Seat #3 is the button
Seat 1: Chessnok ($125.50 in chips)
Seat 3: hairy1961 ($53.56 in chips)
hairy1961: posts small blind $1
Chessnok: posts big blind $3
*** HOLE CARDS ***
hairy1961: raises $3 to $6
Chessnok: calls $3
*** FLOP *** [Qd As 3c]
Chessnok: checks
hairy1961: bets $3
Chessnok: folds
Uncalled bet ($3) returned to hairy1961
hairy1961 collected $11.76 from pot
*** SUMMARY ***
Total pot $12 | Rake $0.24
Board [Qd As 3c]
Seat 1: Chessnok (big blind) folded on the Flop
Seat 3: hairy1961 (button) (small blind) collected ($11.76)


PokerStars Hand #170649939013:  Hold'em Limit ($3/$6 USD) - 2017/05/19 19:25:07 ET
Table 'Eunike' 6-max Seat #1 is the button
Seat 1: Chessnok ($407.52 in chips)
Seat 4: DimaZips ($218.26 in chips)
Chessnok: posts small blind $1
DimaZips: posts big blind $3
*** HOLE CARDS ***
Chessnok: raises $3 to $6
rascal_319 leaves the table
DimaZips: raises $3 to $9
Chessnok: calls $3
*** FLOP *** [Qh 3s Th]
DimaZips: bets $3
Chessnok: folds
Uncalled bet ($3) returned to DimaZips
DimaZips collected $17.64 from pot
DimaZips: doesn't show hand
*** SUMMARY ***
Total pot $18 | Rake $0.36
Board [Qh 3s Th]
Seat 1: Chessnok (button) (small blind) folded on the Flop
Seat 4: DimaZips (big blind) collected ($17.64)


PokerStars Hand #170649952603:  Hold'em Limit ($3/$6 USD) - 2017/05/19 19:25:29 ET
Table 'Eunike' 6-max Seat #4 is the button
Seat 1: Chessnok ($398.52 in chips)
Seat 4: DimaZips ($226.90 in chips)
DimaZips: posts small blind $1
Chessnok: posts big blind $3
*** HOLE CARDS ***
DimaZips: raises $3 to $6
Chessnok: calls $3
*** FLOP *** [5c Js 4h]
Chessnok: checks
DimaZips: bets $3
Chessnok: raises $3 to $6
DimaZips: raises $3 to $9
Chessnok: calls $3
*** TURN *** [5c Js 4h] [3h]
Chessnok: checks
DimaZips: checks
*** RIVER *** [5c Js 4h 3h] [5d]
Chessnok: bets $6
DimaZips: calls $6
*** SHOW DOWN ***
Chessnok: shows [6h Th] (a pair of Fives)
DimaZips: shows [4d As] (two pair, Fives and Fours)
DimaZips collected $41.50 from pot
*** SUMMARY ***
Total pot $42 | Rake $0.50
Board [5c Js 4h 3h 5d]
Seat 1: Chessnok (big blind) showed [6h Th] and lost with a pair of Fives
Seat 4: DimaZips (button) (small blind) showed [4d As] and won ($41.50) with two pair, Fives and Fours


PokerStars Hand #170649975210:  Hold'em Limit ($3/$6 USD) - 2017/05/19 19:26:07 ET
Table 'Eunike' 6-max Seat #1 is the button
Seat 1: Chessnok ($377.52 in chips)
Seat 4: DimaZips ($247.40 in chips)
Chessnok: posts small blind $1
DimaZips: posts big blind $3
*** HOLE CARDS ***
Chessnok: raises $3 to $6
DimaZips: folds
Uncalled bet ($3) returned to Chessnok
Chessnok collected $6 from pot
Chessnok: doesn't show hand
*** SUMMARY ***
Total pot $6 | Rake $0
Seat 1: Chessnok (button) (small blind) collected ($6)
Seat 4: DimaZips (big blind) folded before Flop


PokerStars Hand #170649981242:  Hold'em Limit ($3/$6 USD) - 2017/05/19 19:26:16 ET
Table 'Eunike' 6-max Seat #4 is the button
Seat 1: Chessnok ($380.52 in chips)
Seat 4: DimaZips ($244.40 in chips)
DimaZips: posts small blind $1
Chessnok: posts big blind $3
*** HOLE CARDS ***
DimaZips: raises $3 to $6
Chessnok: calls $3
*** FLOP *** [8d Qc 6h]
Chessnok: checks
DimaZips: bets $3
Chessnok: calls $3
*** TURN *** [8d Qc 6h] [8s]
Chessnok: checks
DimaZips: checks
*** RIVER *** [8d Qc 6h 8s] [3s]
Chessnok: checks
DimaZips: checks
*** SHOW DOWN ***
Chessnok: shows [Ks 7s] (a pair of Eights)
DimaZips: shows [Jc Kh] (a pair of Eights - King+Queen+Jack kicker)
DimaZips collected $17.64 from pot
*** SUMMARY ***
Total pot $18 | Rake $0.36
Board [8d Qc 6h 8s 3s]
Seat 1: Chessnok (big blind) showed [Ks 7s] and lost with a pair of Eights
Seat 4: DimaZips (button) (small blind) showed [Jc Kh] and won ($17.64) with a pair of Eights


PokerStars Hand #170650027153:  Hold'em Limit ($3/$6 USD) - 2017/05/19 19:27:32 ET
Table 'Eunike' 6-max Seat #4 is the button
Seat 1: Chessnok ($401.02 in chips)
Seat 4: DimaZips ($223.04 in chips)
DimaZips: posts small blind $1
Chessnok: posts big blind $3
*** HOLE CARDS ***
DimaZips: folds
Uncalled bet ($2) returned to Chessnok
Chessnok collected $2 from pot
Chessnok: doesn't show hand
*** SUMMARY ***
Total pot $2 | Rake $0
Seat 1: Chessnok (big blind) collected ($2)
Seat 4: DimaZips (button) (small blind) folded before Flop


PokerStars Hand #170649999041:  Hold'em Limit ($3/$6 USD) - 2017/05/19 19:26:45 ET
Table 'Eunike' 6-max Seat #1 is the button
Seat 1: Chessnok ($371.52 in chips)
Seat 4: DimaZips ($253.04 in chips)
Chessnok: posts small blind $1
DimaZips: posts big blind $3
*** HOLE CARDS ***
Chessnok: raises $3 to $6
DimaZips: calls $3
*** FLOP *** [9d Ts 5d]
DimaZips: checks
Chessnok: bets $3
DimaZips: raises $3 to $6
Chessnok: calls $3
*** TURN *** [9d Ts 5d] [6d]
DimaZips: bets $6
Chessnok: calls $6
*** RIVER *** [9d Ts 5d 6d] [Jc]
DimaZips: bets $6
Chessnok: raises $6 to $12
DimaZips: calls $6
*** SHOW DOWN ***
Chessnok: shows [Td Js] (two pair, Jacks and Tens)
DimaZips: mucks hand
Chessnok collected $59.50 from pot
*** SUMMARY ***
Total pot $60 | Rake $0.50
Board [9d Ts 5d 6d Jc]
Seat 1: Chessnok (button) (small blind) showed [Td Js] and won ($59.50) with two pair, Jacks and Tens
Seat 4: DimaZips (big blind) mucked


PokerStars Hand #170650046777:  Hold'em Limit ($3/$6 USD) - 2017/05/19 19:28:05 ET
Table 'Eunike' 6-max Seat #1 is the button
Seat 1: Chessnok ($426.52 in chips)
Seat 4: DimaZips ($197.04 in chips)
Chessnok: posts small blind $1
DimaZips: posts big blind $3
*** HOLE CARDS ***
Chessnok: calls $2
DimaZips: raises $3 to $6
Chessnok: calls $3
*** FLOP *** [2c 6h 3s]
DimaZips: bets $3
Chessnok: calls $3
*** TURN *** [2c 6h 3s] [Ah]
DimaZips: checks
Chessnok: bets $6
DimaZips: calls $6
*** RIVER *** [2c 6h 3s Ah] [6c]
DimaZips: checks
Chessnok: bets $6
DimaZips: folds
Uncalled bet ($6) returned to Chessnok
Chessnok collected $29.50 from pot
Chessnok: doesn't show hand
*** SUMMARY ***
Total pot $30 | Rake $0.50
Board [2c 6h 3s Ah 6c]
Seat 1: Chessnok (button) (small blind) collected ($29.50)
Seat 4: DimaZips (big blind) folded on the River


PokerStars Hand #170650043804:  Hold'em Limit ($3/$6 USD) - 2017/05/19 19:28:00 ET
Table 'Eunike' 6-max Seat #4 is the button
Seat 1: Chessnok ($425.52 in chips)
Seat 4: DimaZips ($198.04 in chips)
DimaZips: posts small blind $1
Chessnok: posts big blind $3
*** HOLE CARDS ***
DimaZips: folds
Uncalled bet ($2) returned to Chessnok
Chessnok collected $2 from pot
Chessnok: doesn't show hand
*** SUMMARY ***
Total pot $2 | Rake $0
Seat 1: Chessnok (big blind) collected ($2)
Seat 4: DimaZips (button) (small blind) folded before Flop


PokerStars Hand #170650029997:  Hold'em Limit ($3/$6 USD) - 2017/05/19 19:27:37 ET
Table 'Eunike' 6-max Seat #1 is the button
Seat 1: Chessnok ($402.02 in chips)
Seat 4: DimaZips ($222.04 in chips)
Chessnok: posts small blind $1
DimaZips: posts big blind $3
*** HOLE CARDS ***
Chessnok: raises $3 to $6
DimaZips: raises $3 to $9
Chessnok: calls $3
*** FLOP *** [7h Ah 3s]
DimaZips: bets $3
Chessnok: calls $3
*** TURN *** [7h Ah 3s] [5s]
DimaZips: bets $6
Chessnok: calls $6
*** RIVER *** [7h Ah 3s 5s] [9h]
DimaZips: bets $6
Chessnok: calls $6
*** SHOW DOWN ***
DimaZips: shows [Ks Ts] (high card Ace)
Chessnok: shows [2c 2s] (a pair of Deuces)
Chessnok collected $47.50 from pot
*** SUMMARY ***
Total pot $48 | Rake $0.50
Board [7h Ah 3s 5s 9h]
Seat 1: Chessnok (button) (small blind) showed [2c 2s] and won ($47.50) with a pair of Deuces
Seat 4: DimaZips (big blind) showed [Ks Ts] and lost with high card Ace


PokerStars Hand #170650091660:  Hold'em Limit ($3/$6 USD) - 2017/05/19 19:29:19 ET
Table 'Eunike' 6-max Seat #4 is the button
Seat 1: Chessnok ($427.02 in chips)
Seat 4: DimaZips ($195.54 in chips)
DimaZips: posts small blind $1
Chessnok: posts big blind $3
*** HOLE CARDS ***
DimaZips: raises $3 to $6
Chessnok: calls $3
*** FLOP *** [8h Qs 3c]
Chessnok: bets $3
DimaZips: calls $3
*** TURN *** [8h Qs 3c] [3s]
Chessnok: bets $6
DimaZips: calls $6
*** RIVER *** [8h Qs 3c 3s] [Kh]
Chessnok: bets $6
DimaZips: calls $6
*** SHOW DOWN ***
Chessnok: shows [3h Th] (three of a kind, Threes)
DimaZips: mucks hand
Chessnok collected $41.50 from pot
*** SUMMARY ***
Total pot $42 | Rake $0.50
Board [8h Qs 3c 3s Kh]
Seat 1: Chessnok (big blind) showed [3h Th] and won ($41.50) with three of a kind, Threes
Seat 4: DimaZips (button) (small blind) mucked


PokerStars Hand #170650087798:  Hold'em Limit ($3/$6 USD) - 2017/05/19 19:29:13 ET
Table 'Eunike' 6-max Seat #1 is the button
Seat 1: Chessnok ($424.02 in chips)
Seat 4: DimaZips ($198.54 in chips)
Chessnok: posts small blind $1
DimaZips: posts big blind $3
*** HOLE CARDS ***
Chessnok: raises $3 to $6
DimaZips: folds
Uncalled bet ($3) returned to Chessnok
Chessnok collected $6 from pot
Chessnok: doesn't show hand
*** SUMMARY ***
Total pot $6 | Rake $0
Seat 1: Chessnok (button) (small blind) collected ($6)
Seat 4: DimaZips (big blind) folded before Flop


PokerStars Hand #170650085216:  Hold'em Limit ($3/$6 USD) - 2017/05/19 19:29:08 ET
Table 'Eunike' 6-max Seat #4 is the button
Seat 1: Chessnok ($423.02 in chips)
Seat 4: DimaZips ($199.54 in chips)
DimaZips: posts small blind $1
Chessnok: posts big blind $3
*** HOLE CARDS ***
DimaZips: folds
Uncalled bet ($2) returned to Chessnok
Chessnok collected $2 from pot
Chessnok: doesn't show hand
*** SUMMARY ***
Total pot $2 | Rake $0
Seat 1: Chessnok (big blind) collected ($2)
Seat 4: DimaZips (button) (small blind) folded before Flop


PokerStars Hand #170650081306:  Hold'em Limit ($3/$6 USD) - 2017/05/19 19:29:02 ET
Table 'Eunike' 6-max Seat #1 is the button
Seat 1: Chessnok ($420.02 in chips)
Seat 4: DimaZips ($202.54 in chips)
Chessnok: posts small blind $1
DimaZips: posts big blind $3
*** HOLE CARDS ***
Chessnok: raises $3 to $6
DimaZips: folds
Uncalled bet ($3) returned to Chessnok
Chessnok collected $6 from pot
Chessnok: doesn't show hand
*** SUMMARY ***
Total pot $6 | Rake $0
Seat 1: Chessnok (button) (small blind) collected ($6)
Seat 4: DimaZips (big blind) folded before Flop


PokerStars Hand #170650068297:  Hold'em Limit ($3/$6 USD) - 2017/05/19 19:28:40 ET
Table 'Eunike' 6-max Seat #4 is the button
Seat 1: Chessnok ($441.02 in chips)
Seat 4: DimaZips ($182.04 in chips)
DimaZips: posts small blind $1
Chessnok: posts big blind $3
*** HOLE CARDS ***
DimaZips: raises $3 to $6
Chessnok: calls $3
*** FLOP *** [3d 7h 7d]
Chessnok: checks
DimaZips: bets $3
Chessnok: calls $3
*** TURN *** [3d 7h 7d] [Ks]
Chessnok: checks
DimaZips: bets $6
Chessnok: calls $6
*** RIVER *** [3d 7h 7d Ks] [7c]
Chessnok: checks
DimaZips: bets $6
Chessnok: calls $6
*** SHOW DOWN ***
DimaZips: shows [Kc Ac] (a full house, Sevens full of Kings)
Chessnok: mucks hand
DimaZips collected $41.50 from pot
*** SUMMARY ***
Total pot $42 | Rake $0.50
Board [3d 7h 7d Ks 7c]
Seat 1: Chessnok (big blind) mucked
Seat 4: DimaZips (button) (small blind) showed [Kc Ac] and won ($41.50) with a full house, Sevens full of Kings


PokerStars Hand #170650110870:  Hold'em Limit ($3/$6 USD) - 2017/05/19 19:29:51 ET
Table 'Eunike' 6-max Seat #4 is the button
Seat 1: Chessnok ($438.52 in chips)
Seat 4: DimaZips ($183.18 in chips)
DimaZips: posts small blind $1
Chessnok: posts big blind $3
*** HOLE CARDS ***
DimaZips: folds
Uncalled bet ($2) returned to Chessnok
Chessnok collected $2 from pot
Chessnok: doesn't show hand
*** SUMMARY ***
Total pot $2 | Rake $0
Seat 1: Chessnok (big blind) collected ($2)
Seat 4: DimaZips (button) (small blind) folded before Flop


PokerStars Hand #170650103902:  Hold'em Limit ($3/$6 USD) - 2017/05/19 19:29:40 ET
Table 'Eunike' 6-max Seat #1 is the button
Seat 1: Chessnok ($447.52 in chips)
Seat 4: DimaZips ($174.54 in chips)
Chessnok: posts small blind $1
DimaZips: posts big blind $3
*** HOLE CARDS ***
Chessnok: raises $3 to $6
DimaZips: raises $3 to $9
Chessnok: calls $3
*** FLOP *** [8h 6s Td]
DimaZips: bets $3
Chessnok: folds
Uncalled bet ($3) returned to DimaZips
DimaZips collected $17.64 from pot
DimaZips: doesn't show hand
*** SUMMARY ***
Total pot $18 | Rake $0.36
Board [8h 6s Td]
Seat 1: Chessnok (button) (small blind) folded on the Flop
Seat 4: DimaZips (big blind) collected ($17.64)


PokerStars Hand #170650130332:  Hold'em Limit ($3/$6 USD) - 2017/05/19 19:30:24 ET
Table 'Eunike' 6-max Seat #4 is the button
Seat 1: Chessnok ($430.52 in chips)
Seat 4: DimaZips ($190.82 in chips)
DimaZips: posts small blind $1
Chessnok: posts big blind $3
*** HOLE CARDS ***
DimaZips: raises $3 to $6
Chessnok: calls $3
*** FLOP *** [Kh 5h Tc]
Chessnok: checks
DimaZips: bets $3
Chessnok: folds
Uncalled bet ($3) returned to DimaZips
DimaZips collected $11.76 from pot
DimaZips: doesn't show hand
*** SUMMARY ***
Total pot $12 | Rake $0.24
Board [Kh 5h Tc]
Seat 1: Chessnok (big blind) folded on the Flop
Seat 4: DimaZips (button) (small blind) collected ($11.76)


PokerStars Hand #170650120690:  Hold'em Limit ($3/$6 USD) - 2017/05/19 19:30:08 ET
Table 'Eunike' 6-max Seat #1 is the button
Seat 1: Chessnok ($439.52 in chips)
Seat 4: DimaZips ($182.18 in chips)
Chessnok: posts small blind $1
DimaZips: posts big blind $3
*** HOLE CARDS ***
Chessnok: raises $3 to $6
DimaZips: calls $3
*** FLOP *** [6h As 3s]
DimaZips: checks
Chessnok: bets $3
DimaZips: raises $3 to $6
Chessnok: folds
Uncalled bet ($3) returned to DimaZips
DimaZips collected $17.64 from pot
DimaZips: doesn't show hand
*** SUMMARY ***
Total pot $18 | Rake $0.36
Board [6h As 3s]
Seat 1: Chessnok (button) (small blind) folded on the Flop
Seat 4: DimaZips (big blind) collected ($17.64)


PokerStars Hand #170650118120:  Hold'em Limit ($3/$6 USD) - 2017/05/19 19:30:03 ET
Table 'Eunike' 6-max Seat #4 is the button
Seat 1: Chessnok ($438.52 in chips)
Seat 4: DimaZips ($183.18 in chips)
DimaZips: posts small blind $1
Chessnok: posts big blind $3
*** HOLE CARDS ***
DimaZips: folds
Uncalled bet ($2) returned to Chessnok
Chessnok collected $2 from pot
Chessnok: doesn't show hand
*** SUMMARY ***
Total pot $2 | Rake $0
Seat 1: Chessnok (big blind) collected ($2)
Seat 4: DimaZips (button) (small blind) folded before Flop


PokerStars Hand #170650113619:  Hold'em Limit ($3/$6 USD) - 2017/05/19 19:29:56 ET
Table 'Eunike' 6-max Seat #1 is the button
Seat 1: Chessnok ($439.52 in chips)
Seat 4: DimaZips ($182.18 in chips)
Chessnok: posts small blind $1
DimaZips: posts big blind $3
*** HOLE CARDS ***
Chessnok: folds
Uncalled bet ($2) returned to DimaZips
DimaZips collected $2 from pot
DimaZips: doesn't show hand
*** SUMMARY ***
Total pot $2 | Rake $0
Seat 1: Chessnok (button) (small blind) folded before Flop
Seat 4: DimaZips (big blind) collected ($2)


PokerStars Hand #170650161395:  Hold'em Limit ($3/$6 USD) - 2017/05/19 19:31:16 ET
Table 'Eunike' 6-max Seat #1 is the button
Seat 1: Chessnok ($397.52 in chips)
Seat 4: DimaZips ($223.08 in chips)
Chessnok: posts small blind $1
DimaZips: posts big blind $3
*** HOLE CARDS ***
Chessnok: raises $3 to $6
DimaZips: calls $3
*** FLOP *** [3s Kd 5d]
DimaZips: checks
Chessnok: bets $3
DimaZips: raises $3 to $6
Chessnok: calls $3
*** TURN *** [3s Kd 5d] [2h]
DimaZips: bets $6
Chessnok: calls $6
*** RIVER *** [3s Kd 5d 2h] [4h]
DimaZips: bets $6
Chessnok: raises $6 to $12
DimaZips: folds
Uncalled bet ($6) returned to Chessnok
Chessnok collected $47.50 from pot
Chessnok: doesn't show hand
*** SUMMARY ***
Total pot $48 | Rake $0.50
Board [3s Kd 5d 2h 4h]
Seat 1: Chessnok (button) (small blind) collected ($47.50)
Seat 4: DimaZips (big blind) folded on the River


PokerStars Hand #170650157516:  Hold'em Limit ($3/$6 USD) - 2017/05/19 19:31:10 ET
Table 'Eunike' 6-max Seat #4 is the button
Seat 1: Chessnok ($400.52 in chips)
Seat 4: DimaZips ($220.08 in chips)
DimaZips: posts small blind $1
Chessnok: posts big blind $3
*** HOLE CARDS ***
DimaZips: raises $3 to $6
Chessnok: folds
Uncalled bet ($3) returned to DimaZips
DimaZips collected $6 from pot
DimaZips: doesn't show hand
*** SUMMARY ***
Total pot $6 | Rake $0
Seat 1: Chessnok (big blind) folded before Flop
Seat 4: DimaZips (button) (small blind) collected ($6)


PokerStars Hand #170650153215:  Hold'em Limit ($3/$6 USD) - 2017/05/19 19:31:03 ET
Table 'Eunike' 6-max Seat #1 is the button
Seat 1: Chessnok ($397.52 in chips)
Seat 4: DimaZips ($223.08 in chips)
Chessnok: posts small blind $1
DimaZips: posts big blind $3
*** HOLE CARDS ***
Chessnok: raises $3 to $6
DimaZips: folds
Uncalled bet ($3) returned to Chessnok
Chessnok collected $6 from pot
Chessnok: doesn't show hand
*** SUMMARY ***
Total pot $6 | Rake $0
Seat 1: Chessnok (button) (small blind) collected ($6)
Seat 4: DimaZips (big blind) folded before Flop


PokerStars Hand #170650149342:  Hold'em Limit ($3/$6 USD) - 2017/05/19 19:30:56 ET
Table 'Eunike' 6-max Seat #4 is the button
Seat 1: Chessnok ($400.52 in chips)
Seat 4: DimaZips ($220.08 in chips)
DimaZips: posts small blind $1
Chessnok: posts big blind $3
*** HOLE CARDS ***
DimaZips: raises $3 to $6
Chessnok: folds
Uncalled bet ($3) returned to DimaZips
DimaZips collected $6 from pot
DimaZips: doesn't show hand
*** SUMMARY ***
Total pot $6 | Rake $0
Seat 1: Chessnok (big blind) folded before Flop
Seat 4: DimaZips (button) (small blind) collected ($6)


PokerStars Hand #170650136489:  Hold'em Limit ($3/$6 USD) - 2017/05/19 19:30:34 ET
Table 'Eunike' 6-max Seat #1 is the button
Seat 1: Chessnok ($424.52 in chips)
Seat 4: DimaZips ($196.58 in chips)
Chessnok: posts small blind $1
DimaZips: posts big blind $3
*** HOLE CARDS ***
Chessnok: raises $3 to $6
DimaZips: raises $3 to $9
Chessnok: calls $3
*** FLOP *** [5d 9d 7c]
DimaZips: bets $3
Chessnok: calls $3
*** TURN *** [5d 9d 7c] [Kc]
DimaZips: bets $6
Chessnok: calls $6
*** RIVER *** [5d 9d 7c Kc] [9c]
DimaZips: bets $6
Chessnok: calls $6
*** SHOW DOWN ***
DimaZips: shows [Jh Kd] (two pair, Kings and Nines)
Chessnok: mucks hand
DimaZips collected $47.50 from pot
*** SUMMARY ***
Total pot $48 | Rake $0.50
Board [5d 9d 7c Kc 9c]
Seat 1: Chessnok (button) (small blind) mucked
Seat 4: DimaZips (big blind) showed [Jh Kd] and won ($47.50) with two pair, Kings and Nines


PokerStars Hand #170650207338:  Hold'em Limit ($3/$6 USD) - 2017/05/19 19:32:34 ET
Table 'Eunike' 6-max Seat #4 is the button
Seat 1: Chessnok ($429.78 in chips)
Seat 4: DimaZips ($190.08 in chips)
DimaZips: posts small blind $1
Chessnok: posts big blind $3
*** HOLE CARDS ***
DimaZips: folds
Uncalled bet ($2) returned to Chessnok
Chessnok collected $2 from pot
Chessnok: doesn't show hand
*** SUMMARY ***
Total pot $2 | Rake $0
Seat 1: Chessnok (big blind) collected ($2)
Seat 4: DimaZips (button) (small blind) folded before Flop


PokerStars Hand #170650200040:  Hold'em Limit ($3/$6 USD) - 2017/05/19 19:32:21 ET
Table 'Eunike' 6-max Seat #1 is the button
Seat 1: Chessnok ($426.78 in chips)
Seat 4: DimaZips ($193.08 in chips)
Chessnok: posts small blind $1
DimaZips: posts big blind $3
*** HOLE CARDS ***
Chessnok: raises $3 to $6
DimaZips: folds
Uncalled bet ($3) returned to Chessnok
Chessnok collected $6 from pot
Chessnok: doesn't show hand
*** SUMMARY ***
Total pot $6 | Rake $0
Seat 1: Chessnok (button) (small blind) collected ($6)
Seat 4: DimaZips (big blind) folded before Flop


PokerStars Hand #170650179214:  Hold'em Limit ($3/$6 USD) - 2017/05/19 19:31:46 ET
Table 'Eunike' 6-max Seat #4 is the button
Seat 1: Chessnok ($421.02 in chips)
Seat 4: DimaZips ($199.08 in chips)
DimaZips: posts small blind $1
Chessnok: posts big blind $3
*** HOLE CARDS ***
DimaZips: raises $3 to $6
Chessnok: calls $3
*** FLOP *** [As Ad 8h]
Chessnok: checks
DimaZips: checks
*** TURN *** [As Ad 8h] [Qs]
Chessnok: checks
DimaZips: checks
*** RIVER *** [As Ad 8h Qs] [4s]
Chessnok: checks
DimaZips: checks
*** SHOW DOWN ***
Chessnok: shows [Ks Js] (a flush, Ace high)
DimaZips: mucks hand
Chessnok collected $11.76 from pot
*** SUMMARY ***
Total pot $12 | Rake $0.24
Board [As Ad 8h Qs 4s]
Seat 1: Chessnok (big blind) showed [Ks Js] and won ($11.76) with a flush, Ace high
Seat 4: DimaZips (button) (small blind) mucked


PokerStars Hand #170650239547:  Hold'em Limit ($3/$6 USD) - 2017/05/19 19:33:28 ET
Table 'Eunike' 6-max Seat #1 is the button
Seat 1: Chessnok ($453.28 in chips)
Seat 4: DimaZips ($166.08 in chips)
Chessnok: posts small blind $1
DimaZips: posts big blind $3
*** HOLE CARDS ***
Chessnok: folds
Uncalled bet ($2) returned to DimaZips
DimaZips collected $2 from pot
DimaZips: doesn't show hand
*** SUMMARY ***
Total pot $2 | Rake $0
Seat 1: Chessnok (button) (small blind) folded before Flop
Seat 4: DimaZips (big blind) collected ($2)


PokerStars Hand #170650236607:  Hold'em Limit ($3/$6 USD) - 2017/05/19 19:33:23 ET
Table 'Eunike' 6-max Seat #4 is the button
Seat 1: Chessnok ($452.28 in chips)
Seat 4: DimaZips ($167.08 in chips)
DimaZips: posts small blind $1
Chessnok: posts big blind $3
*** HOLE CARDS ***
DimaZips: folds
Uncalled bet ($2) returned to Chessnok
Chessnok collected $2 from pot
Chessnok: doesn't show hand
*** SUMMARY ***
Total pot $2 | Rake $0
Seat 1: Chessnok (big blind) collected ($2)
Seat 4: DimaZips (button) (small blind) folded before Flop


PokerStars Hand #170650221363:  Hold'em Limit ($3/$6 USD) - 2017/05/19 19:32:57 ET
Table 'Eunike' 6-max Seat #1 is the button
Seat 1: Chessnok ($434.78 in chips)
Seat 4: DimaZips ($185.08 in chips)
Chessnok: posts small blind $1
DimaZips: posts big blind $3
*** HOLE CARDS ***
Chessnok: raises $3 to $6
DimaZips: raises $3 to $9
Chessnok: calls $3
*** FLOP *** [4h 5s Ad]
DimaZips: bets $3
Chessnok: calls $3
*** TURN *** [4h 5s Ad] [6s]
DimaZips: checks
Chessnok: checks
*** RIVER *** [4h 5s Ad 6s] [3d]
DimaZips: bets $6
Chessnok: calls $6
*** SHOW DOWN ***
DimaZips: shows [Qd Td] (high card Ace)
Chessnok: shows [Jd Ks] (high card Ace - King kicker)
Chessnok collected $35.50 from pot
*** SUMMARY ***
Total pot $36 | Rake $0.50
Board [4h 5s Ad 6s 3d]
Seat 1: Chessnok (button) (small blind) showed [Jd Ks] and won ($35.50) with high card Ace
Seat 4: DimaZips (big blind) showed [Qd Td] and lost with high card Ace


PokerStars Hand #170650218479:  Hold'em Limit ($3/$6 USD) - 2017/05/19 19:32:53 ET
Table 'Eunike' 6-max Seat #4 is the button
Seat 1: Chessnok ($433.78 in chips)
Seat 4: DimaZips ($186.08 in chips)
DimaZips: posts small blind $1
Chessnok: posts big blind $3
*** HOLE CARDS ***
DimaZips: folds
Uncalled bet ($2) returned to Chessnok
Chessnok collected $2 from pot
Chessnok: doesn't show hand
*** SUMMARY ***
Total pot $2 | Rake $0
Seat 1: Chessnok (big blind) collected ($2)
Seat 4: DimaZips (button) (small blind) folded before Flop


PokerStars Hand #170650281911:  Hold'em Limit ($3/$6 USD) - 2017/05/19 19:34:40 ET
Table 'Eunike' 6-max Seat #4 is the button
Seat 1: Chessnok ($476.54 in chips)
Seat 4: DimaZips ($141.72 in chips)
DimaZips: posts small blind $1
Chessnok: posts big blind $3
*** HOLE CARDS ***
DimaZips: raises $3 to $6
Chessnok: calls $3
*** FLOP *** [5d Ah Tc]
Chessnok: checks
DimaZips: bets $3
Chessnok: folds
Uncalled bet ($3) returned to DimaZips
DimaZips collected $11.76 from pot
DimaZips: doesn't show hand
*** SUMMARY ***
Total pot $12 | Rake $0.24
Board [5d Ah Tc]
Seat 1: Chessnok (big blind) folded on the Flop
Seat 4: DimaZips (button) (small blind) collected ($11.76)


PokerStars Hand #170650274686:  Hold'em Limit ($3/$6 USD) - 2017/05/19 19:34:27 ET
Table 'Eunike' 6-max Seat #1 is the button
Seat 1: Chessnok ($470.78 in chips)
Seat 4: DimaZips ($147.72 in chips)
Chessnok: posts small blind $1
DimaZips: posts big blind $3
*** HOLE CARDS ***
Chessnok: raises $3 to $6
DimaZips: calls $3
*** FLOP *** [Qd 2h 4d]
DimaZips: checks
Chessnok: bets $3
DimaZips: folds
Uncalled bet ($3) returned to Chessnok
Chessnok collected $11.76 from pot
Chessnok: doesn't show hand
*** SUMMARY ***
Total pot $12 | Rake $0.24
Board [Qd 2h 4d]
Seat 1: Chessnok (button) (small blind) collected ($11.76)
Seat 4: DimaZips (big blind) folded on the Flop


PokerStars Hand #170650272021:  Hold'em Limit ($3/$6 USD) - 2017/05/19 19:34:23 ET
Table 'Eunike' 6-max Seat #4 is the button
Seat 1: Chessnok ($469.78 in chips)
Seat 4: DimaZips ($148.72 in chips)
DimaZips: posts small blind $1
Chessnok: posts big blind $3
*** HOLE CARDS ***
DimaZips: folds
Uncalled bet ($2) returned to Chessnok
Chessnok collected $2 from pot
Chessnok: doesn't show hand
*** SUMMARY ***
Total pot $2 | Rake $0
Seat 1: Chessnok (big blind) collected ($2)
Seat 4: DimaZips (button) (small blind) folded before Flop


PokerStars Hand #170650264928:  Hold'em Limit ($3/$6 USD) - 2017/05/19 19:34:11 ET
Table 'Eunike' 6-max Seat #1 is the button
Seat 1: Chessnok ($478.78 in chips)
Seat 4: DimaZips ($140.08 in chips)
Chessnok: posts small blind $1
DimaZips: posts big blind $3
*** HOLE CARDS ***
Chessnok: raises $3 to $6
DimaZips: raises $3 to $9
Chessnok: calls $3
*** FLOP *** [8s 6c 6d]
DimaZips: bets $3
Chessnok: folds
Uncalled bet ($3) returned to DimaZips
DimaZips collected $17.64 from pot
DimaZips: doesn't show hand
*** SUMMARY ***
Total pot $18 | Rake $0.36
Board [8s 6c 6d]
Seat 1: Chessnok (button) (small blind) folded on the Flop
Seat 4: DimaZips (big blind) collected ($17.64)


PokerStars Hand #170650242474:  Hold'em Limit ($3/$6 USD) - 2017/05/19 19:33:33 ET
Table 'Eunike' 6-max Seat #4 is the button
Seat 1: Chessnok ($452.28 in chips)
Seat 4: DimaZips ($167.08 in chips)
DimaZips: posts small blind $1
Chessnok: posts big blind $3
*** HOLE CARDS ***
DimaZips: raises $3 to $6
Chessnok: calls $3
*** FLOP *** [Td Ac 6d]
Chessnok: checks
DimaZips: bets $3
Chessnok: calls $3
*** TURN *** [Td Ac 6d] [8s]
Chessnok: checks
DimaZips: bets $6
Chessnok: raises $6 to $12
DimaZips: calls $6
*** RIVER *** [Td Ac 6d 8s] [Ah]
Chessnok: bets $6
DimaZips: calls $6
*** SHOW DOWN ***
Chessnok: shows [Ad 8c] (a full house, Aces full of Eights)
DimaZips: mucks hand
Chessnok collected $53.50 from pot
*** SUMMARY ***
Total pot $54 | Rake $0.50
Board [Td Ac 6d 8s Ah]
Seat 1: Chessnok (big blind) showed [Ad 8c] and won ($53.50) with a full house, Aces full of Eights
Seat 4: DimaZips (button) (small blind) mucked


PokerStars Hand #170650309593:  Hold'em Limit ($3/$6 USD) - 2017/05/19 19:35:27 ET
Table 'Eunike' 6-max Seat #4 is the button
Seat 1: Chessnok ($453.30 in chips)
Seat 4: DimaZips ($163.98 in chips)
DimaZips: posts small blind $1
Chessnok: posts big blind $3
*** HOLE CARDS ***
DimaZips: folds
Uncalled bet ($2) returned to Chessnok
Chessnok collected $2 from pot
Chessnok: doesn't show hand
*** SUMMARY ***
Total pot $2 | Rake $0
Seat 1: Chessnok (big blind) collected ($2)
Seat 4: DimaZips (button) (small blind) folded before Flop


PokerStars Hand #170650303559:  Hold'em Limit ($3/$6 USD) - 2017/05/19 19:35:17 ET
Table 'Eunike' 6-max Seat #1 is the button
Seat 1: Chessnok ($447.54 in chips)
Seat 4: DimaZips ($169.98 in chips)
Chessnok: posts small blind $1
DimaZips: posts big blind $3
*** HOLE CARDS ***
Chessnok: raises $3 to $6
DimaZips: calls $3
*** FLOP *** [3s Jd Jh]
DimaZips: checks
Chessnok: bets $3
DimaZips: folds
Uncalled bet ($3) returned to Chessnok
Chessnok collected $11.76 from pot
Chessnok: doesn't show hand
*** SUMMARY ***
Total pot $12 | Rake $0.24
Board [3s Jd Jh]
Seat 1: Chessnok (button) (small blind) collected ($11.76)
Seat 4: DimaZips (big blind) folded on the Flop


PokerStars Hand #170650300925:  Hold'em Limit ($3/$6 USD) - 2017/05/19 19:35:12 ET
Table 'Eunike' 6-max Seat #4 is the button
Seat 1: Chessnok ($446.54 in chips)
Seat 4: DimaZips ($170.98 in chips)
DimaZips: posts small blind $1
Chessnok: posts big blind $3
*** HOLE CARDS ***
DimaZips: folds
Uncalled bet ($2) returned to Chessnok
Chessnok collected $2 from pot
Chessnok: doesn't show hand
*** SUMMARY ***
Total pot $2 | Rake $0
Seat 1: Chessnok (big blind) collected ($2)
Seat 4: DimaZips (button) (small blind) folded before Flop


PokerStars Hand #170650287885:  Hold'em Limit ($3/$6 USD) - 2017/05/19 19:34:50 ET
Table 'Eunike' 6-max Seat #1 is the button
Seat 1: Chessnok ($470.54 in chips)
Seat 4: DimaZips ($147.48 in chips)
Chessnok: posts small blind $1
DimaZips: posts big blind $3
*** HOLE CARDS ***
Chessnok: raises $3 to $6
DimaZips: raises $3 to $9
Chessnok: calls $3
*** FLOP *** [3c Qh Tc]
DimaZips: bets $3
Chessnok: calls $3
*** TURN *** [3c Qh Tc] [Ks]
DimaZips: bets $6
Chessnok: calls $6
*** RIVER *** [3c Qh Tc Ks] [7s]
DimaZips: bets $6
Chessnok: calls $6
*** SHOW DOWN ***
DimaZips: shows [7c 7d] (three of a kind, Sevens)
Chessnok: mucks hand
DimaZips collected $47.50 from pot
*** SUMMARY ***
Total pot $48 | Rake $0.50
Board [3c Qh Tc Ks 7s]
Seat 1: Chessnok (button) (small blind) mucked
Seat 4: DimaZips (big blind) showed [7c 7d] and won ($47.50) with three of a kind, Sevens


PokerStars Hand #170650353465:  Hold'em Limit ($3/$6 USD) - 2017/05/19 19:36:41 ET
Table 'Eunike' 6-max Seat #4 is the button
Seat 1: Chessnok ($415.30 in chips)
Seat 4: DimaZips ($201 in chips)
DimaZips: posts small blind $1
Chessnok: posts big blind $3
*** HOLE CARDS ***
DimaZips: folds
Uncalled bet ($2) returned to Chessnok
Chessnok collected $2 from pot
Chessnok: doesn't show hand
*** SUMMARY ***
Total pot $2 | Rake $0
Seat 1: Chessnok (big blind) collected ($2)
Seat 4: DimaZips (button) (small blind) folded before Flop


PokerStars Hand #170650334631:  Hold'em Limit ($3/$6 USD) - 2017/05/19 19:36:09 ET
Table 'Eunike' 6-max Seat #1 is the button
Seat 1: Chessnok ($439.30 in chips)
Seat 4: DimaZips ($177.50 in chips)
Chessnok: posts small blind $1
DimaZips: posts big blind $3
*** HOLE CARDS ***
Chessnok: raises $3 to $6
DimaZips: raises $3 to $9
Chessnok: calls $3
*** FLOP *** [7h 2c As]
DimaZips: bets $3
Chessnok: calls $3
*** TURN *** [7h 2c As] [Kd]
DimaZips: bets $6
Chessnok: calls $6
*** RIVER *** [7h 2c As Kd] [6c]
DimaZips: bets $6
Chessnok: calls $6
*** SHOW DOWN ***
DimaZips: shows [Kh Ad] (two pair, Aces and Kings)
Chessnok: mucks hand
DimaZips collected $47.50 from pot
*** SUMMARY ***
Total pot $48 | Rake $0.50
Board [7h 2c As Kd 6c]
Seat 1: Chessnok (button) (small blind) mucked
Seat 4: DimaZips (big blind) showed [Kh Ad] and won ($47.50) with two pair, Aces and Kings


PokerStars Hand #170650329159:  Hold'em Limit ($3/$6 USD) - 2017/05/19 19:36:00 ET
Table 'Eunike' 6-max Seat #4 is the button
Seat 1: Chessnok ($442.30 in chips)
Seat 4: DimaZips ($174.50 in chips)
DimaZips: posts small blind $1
Chessnok: posts big blind $3
*** HOLE CARDS ***
DimaZips: raises $3 to $6
Chessnok: folds
Uncalled bet ($3) returned to DimaZips
DimaZips collected $6 from pot
DimaZips: doesn't show hand
*** SUMMARY ***
Total pot $6 | Rake $0
Seat 1: Chessnok (big blind) folded before Flop
Seat 4: DimaZips (button) (small blind) collected ($6)


PokerStars Hand #170650312330:  Hold'em Limit ($3/$6 USD) - 2017/05/19 19:35:32 ET
Table 'Eunike' 6-max Seat #1 is the button
Seat 1: Chessnok ($454.30 in chips)
Seat 4: DimaZips ($162.98 in chips)
Chessnok: posts small blind $1
DimaZips: posts big blind $3
*** HOLE CARDS ***
Chessnok: raises $3 to $6
DimaZips: raises $3 to $9
Chessnok: calls $3
*** FLOP *** [6d 5h Tc]
DimaZips: bets $3
Chessnok: calls $3
*** TURN *** [6d 5h Tc] [8s]
DimaZips: checks
Chessnok: checks
*** RIVER *** [6d 5h Tc 8s] [Js]
DimaZips: checks
Chessnok: checks
*** SHOW DOWN ***
DimaZips: shows [Kc As] (high card Ace)
Chessnok: mucks hand
DimaZips collected $23.52 from pot
*** SUMMARY ***
Total pot $24 | Rake $0.48
Board [6d 5h Tc 8s Js]
Seat 1: Chessnok (button) (small blind) mucked
Seat 4: DimaZips (big blind) showed [Kc As] and won ($23.52) with high card Ace


PokerStars Hand #170650391152:  Hold'em Limit ($3/$6 USD) - 2017/05/19 19:37:45 ET
Table 'Eunike' 6-max Seat #4 is the button
Seat 1: Chessnok ($439.80 in chips)
Seat 4: DimaZips ($175.52 in chips)
DimaZips: posts small blind $1
Chessnok: posts big blind $3
*** HOLE CARDS ***
DimaZips: folds
Uncalled bet ($2) returned to Chessnok
Chessnok collected $2 from pot
Chessnok: doesn't show hand
*** SUMMARY ***
Total pot $2 | Rake $0
Seat 1: Chessnok (big blind) collected ($2)
Seat 4: DimaZips (button) (small blind) folded before Flop


PokerStars Hand #170650380956:  Hold'em Limit ($3/$6 USD) - 2017/05/19 19:37:28 ET
Table 'Eunike' 6-max Seat #1 is the button
Seat 1: Chessnok ($445.80 in chips)
Seat 4: DimaZips ($169.76 in chips)
Chessnok: posts small blind $1
DimaZips: posts big blind $3
*** HOLE CARDS ***
Chessnok: raises $3 to $6
DimaZips: calls $3
*** FLOP *** [2s 9h 6d]
DimaZips: checks
Chessnok: checks
*** TURN *** [2s 9h 6d] [7h]
DimaZips: bets $6
Chessnok: folds
Uncalled bet ($6) returned to DimaZips
DimaZips collected $11.76 from pot
DimaZips: doesn't show hand
*** SUMMARY ***
Total pot $12 | Rake $0.24
Board [2s 9h 6d 7h]
Seat 1: Chessnok (button) (small blind) folded on the Turn
Seat 4: DimaZips (big blind) collected ($11.76)


PokerStars Hand #170650367987:  Hold'em Limit ($3/$6 USD) - 2017/05/19 19:37:06 ET
Table 'Eunike' 6-max Seat #4 is the button
Seat 1: Chessnok ($410.30 in chips)
Seat 4: DimaZips ($205.76 in chips)
DimaZips: posts small blind $1
Chessnok: posts big blind $3
*** HOLE CARDS ***
DimaZips: raises $3 to $6
Chessnok: calls $3
*** FLOP *** [Tc 8c 7c]
Chessnok: checks
DimaZips: bets $3
Chessnok: raises $3 to $6
DimaZips: calls $3
*** TURN *** [Tc 8c 7c] [6c]
Chessnok: bets $6
DimaZips: raises $6 to $12
Chessnok: raises $6 to $18
DimaZips: calls $6
*** RIVER *** [Tc 8c 7c 6c] [8h]
Chessnok: bets $6
DimaZips: calls $6
*** SHOW DOWN ***
Chessnok: shows [9c Jd] (a straight flush, Six to Ten)
DimaZips: mucks hand
Chessnok collected $71.50 from pot
*** SUMMARY ***
Total pot $72 | Rake $0.50
Board [Tc 8c 7c 6c 8h]
Seat 1: Chessnok (big blind) showed [9c Jd] and won ($71.50) with a straight flush, Six to Ten
Seat 4: DimaZips (button) (small blind) mucked


PokerStars Hand #170650356434:  Hold'em Limit ($3/$6 USD) - 2017/05/19 19:36:46 ET
Table 'Eunike' 6-max Seat #1 is the button
Seat 1: Chessnok ($416.30 in chips)
Seat 4: DimaZips ($200 in chips)
Chessnok: posts small blind $1
DimaZips: posts big blind $3
*** HOLE CARDS ***
Chessnok: raises $3 to $6
DimaZips: calls $3
*** FLOP *** [5h 6h Td]
DimaZips: checks
Chessnok: checks
*** TURN *** [5h 6h Td] [As]
DimaZips: bets $6
Chessnok: folds
Uncalled bet ($6) returned to DimaZips
DimaZips collected $11.76 from pot
DimaZips: doesn't show hand
*** SUMMARY ***
Total pot $12 | Rake $0.24
Board [5h 6h Td As]
Seat 1: Chessnok (button) (small blind) folded on the Turn
Seat 4: DimaZips (big blind) collected ($11.76)


PokerStars Hand #170650411815:  Hold'em Limit ($3/$6 USD) - 2017/05/19 19:38:20 ET
Table 'Eunike' 6-max Seat #4 is the button
Seat 1: Chessnok ($422.80 in chips)
Seat 4: DimaZips ($192.02 in chips)
DimaZips: posts small blind $1
Chessnok: posts big blind $3
*** HOLE CARDS ***
DimaZips: raises $3 to $6
Chessnok: calls $3
*** FLOP *** [Ad 2c Td]
Chessnok: checks
DimaZips: checks
*** TURN *** [Ad 2c Td] [6c]
Chessnok: bets $6
DimaZips: folds
Uncalled bet ($6) returned to Chessnok
Chessnok collected $11.76 from pot
Chessnok: doesn't show hand
*** SUMMARY ***
Total pot $12 | Rake $0.24
Board [Ad 2c Td 6c]
Seat 1: Chessnok (big blind) collected ($11.76)
Seat 4: DimaZips (button) (small blind) folded on the Turn


PokerStars Hand #170650399397:  Hold'em Limit ($3/$6 USD) - 2017/05/19 19:37:59 ET
Table 'Eunike' 6-max Seat #1 is the button
Seat 1: Chessnok ($440.80 in chips)
Seat 4: DimaZips ($174.52 in chips)
Chessnok: posts small blind $1
DimaZips: posts big blind $3
*** HOLE CARDS ***
Chessnok: raises $3 to $6
DimaZips: calls $3
*** FLOP *** [Kd Th 6s]
DimaZips: checks
Chessnok: bets $3
DimaZips: raises $3 to $6
Chessnok: calls $3
*** TURN *** [Kd Th 6s] [Jc]
DimaZips: checks
Chessnok: checks
*** RIVER *** [Kd Th 6s Jc] [Tc]
DimaZips: bets $6
Chessnok: calls $6
*** SHOW DOWN ***
DimaZips: shows [5s 6h] (two pair, Tens and Sixes)
Chessnok: mucks hand
DimaZips collected $35.50 from pot
*** SUMMARY ***
Total pot $36 | Rake $0.50
Board [Kd Th 6s Jc Tc]
Seat 1: Chessnok (button) (small blind) mucked
Seat 4: DimaZips (big blind) showed [5s 6h] and won ($35.50) with two pair, Tens and Sixes


PokerStars Hand #170650396661:  Hold'em Limit ($3/$6 USD) - 2017/05/19 19:37:55 ET
Table 'Eunike' 6-max Seat #4 is the button
Seat 1: Chessnok ($439.80 in chips)
Seat 4: DimaZips ($175.52 in chips)
DimaZips: posts small blind $1
Chessnok: posts big blind $3
*** HOLE CARDS ***
DimaZips: folds
Uncalled bet ($2) returned to Chessnok
Chessnok collected $2 from pot
Chessnok: doesn't show hand
*** SUMMARY ***
Total pot $2 | Rake $0
Seat 1: Chessnok (big blind) collected ($2)
Seat 4: DimaZips (button) (small blind) folded before Flop


PokerStars Hand #170650393990:  Hold'em Limit ($3/$6 USD) - 2017/05/19 19:37:50 ET
Table 'Eunike' 6-max Seat #1 is the button
Seat 1: Chessnok ($440.80 in chips)
Seat 4: DimaZips ($174.52 in chips)
Chessnok: posts small blind $1
DimaZips: posts big blind $3
*** HOLE CARDS ***
Chessnok: folds
Uncalled bet ($2) returned to DimaZips
DimaZips collected $2 from pot
DimaZips: doesn't show hand
*** SUMMARY ***
Total pot $2 | Rake $0
Seat 1: Chessnok (button) (small blind) folded before Flop
Seat 4: DimaZips (big blind) collected ($2)


PokerStars Hand #170650419396:  Hold'em Limit ($3/$6 USD) - 2017/05/19 19:38:33 ET
Table 'Eunike' 6-max Seat #1 is the button
Seat 1: Chessnok ($428.56 in chips)
Seat 4: DimaZips ($186.02 in chips)
Chessnok: posts small blind $1
DimaZips: posts big blind $3
*** HOLE CARDS ***
Chessnok: raises $3 to $6
DimaZips: raises $3 to $9
Chessnok: calls $3
*** FLOP *** [6s Ac 7c]
DimaZips: bets $3
Chessnok: calls $3
*** TURN *** [6s Ac 7c] [9c]
DimaZips: bets $6
Chessnok: calls $6
*** RIVER *** [6s Ac 7c 9c] [Kd]
DimaZips: bets $6
Chessnok: calls $6
*** SHOW DOWN ***
DimaZips: shows [3c 3s] (a pair of Threes)
Chessnok: shows [8h Ah] (a pair of Aces)
Chessnok collected $47.50 from pot
*** SUMMARY ***
Total pot $48 | Rake $0.50
Board [6s Ac 7c 9c Kd]
Seat 1: Chessnok (button) (small blind) showed [8h Ah] and won ($47.50) with a pair of Aces
Seat 4: DimaZips (big blind) showed [3c 3s] and lost with a pair of Threes


PokerStars Hand #170650447578:  Hold'em Limit ($3/$6 USD) - 2017/05/19 19:39:22 ET
Table 'Eunike' 6-max Seat #1 is the button
Seat 1: Chessnok ($472.56 in chips)
Seat 4: DimaZips ($141.02 in chips)
Chessnok: posts small blind $1
DimaZips: posts big blind $3
*** HOLE CARDS ***
Chessnok: raises $3 to $6
DimaZips: folds
Uncalled bet ($3) returned to Chessnok
Chessnok collected $6 from pot
Chessnok: doesn't show hand
*** SUMMARY ***
Total pot $6 | Rake $0
Seat 1: Chessnok (button) (small blind) collected ($6)
Seat 4: DimaZips (big blind) folded before Flop


PokerStars Hand #170650430765:  Hold'em Limit ($3/$6 USD) - 2017/05/19 19:38:53 ET
Table 'Eunike' 6-max Seat #4 is the button
Seat 1: Chessnok ($452.06 in chips)
Seat 4: DimaZips ($162.02 in chips)
DimaZips: posts small blind $1
Chessnok: posts big blind $3
*** HOLE CARDS ***
DimaZips: raises $3 to $6
Chessnok: calls $3
*** FLOP *** [As Qd 3h]
Chessnok: checks
DimaZips: bets $3
Chessnok: calls $3
*** TURN *** [As Qd 3h] [3c]
Chessnok: checks
DimaZips: bets $6
Chessnok: raises $6 to $12
DimaZips: calls $6
*** RIVER *** [As Qd 3h 3c] [Qh]
Chessnok: checks
DimaZips: checks
*** SHOW DOWN ***
Chessnok: shows [Ac 8h] (two pair, Aces and Queens)
DimaZips: mucks hand
Chessnok collected $41.50 from pot
*** SUMMARY ***
Total pot $42 | Rake $0.50
Board [As Qd 3h 3c Qh]
Seat 1: Chessnok (big blind) showed [Ac 8h] and won ($41.50) with two pair, Aces and Queens
Seat 4: DimaZips (button) (small blind) mucked


