PokerStars Hand #168608109699:  Hold'em Limit ($3/$6 USD) - 2017/04/05 9:12:39 ET
Table 'Eunike II' 6-max Seat #2 is the button
Seat 2: Mite1981 ($120 in chips)
Seat 3: Azrarn ($120 in chips)
Mite1981: posts small blind $1
Azrarn: posts big blind $3
*** HOLE CARDS ***
Mite1981: raises $3 to $6
Azrarn: calls $3
*** FLOP *** [Qc 4d Qd]
Azrarn: checks
Mite1981: checks
*** TURN *** [Qc 4d Qd] [Ad]
Azrarn: bets $6
Mite1981: folds
Uncalled bet ($6) returned to Azrarn
Azrarn collected $11.76 from pot
Azrarn: doesn't show hand
*** SUMMARY ***
Total pot $12 | Rake $0.24
Board [Qc 4d Qd Ad]
Seat 2: Mite1981 (button) (small blind) folded on the Turn
Seat 3: Azrarn (big blind) collected ($11.76)


PokerStars Hand #168608156028:  Hold'em Limit ($3/$6 USD) - 2017/04/05 9:14:00 ET
Table 'Eunike II' 6-max Seat #2 is the button
Seat 2: Mite1981 ($155.02 in chips)
Seat 3: Azrarn ($83.76 in chips)
Mite1981: posts small blind $1
Azrarn: posts big blind $3
*** HOLE CARDS ***
Mite1981: folds
Uncalled bet ($2) returned to Azrarn
Azrarn collected $2 from pot
Azrarn: doesn't show hand
*** SUMMARY ***
Total pot $2 | Rake $0
Seat 2: Mite1981 (button) (small blind) folded before Flop
Seat 3: Azrarn (big blind) collected ($2)


PokerStars Hand #168608163318:  Hold'em Limit ($3/$6 USD) - 2017/04/05 9:14:13 ET
Table 'Eunike II' 6-max Seat #2 is the button
Seat 2: Mite1981 ($151.02 in chips)
Seat 3: Azrarn ($87.76 in chips)
Mite1981: posts small blind $1
Azrarn: posts big blind $3
*** HOLE CARDS ***
Mite1981: raises $3 to $6
Azrarn: calls $3
*** FLOP *** [Kh Qc 3d]
Azrarn: checks
Mite1981: bets $3
Azrarn: folds
Uncalled bet ($3) returned to Mite1981
Mite1981 collected $11.76 from pot
Mite1981: doesn't show hand
*** SUMMARY ***
Total pot $12 | Rake $0.24
Board [Kh Qc 3d]
Seat 2: Mite1981 (button) (small blind) collected ($11.76)
Seat 3: Azrarn (big blind) folded on the Flop


PokerStars Hand #168608159084:  Hold'em Limit ($3/$6 USD) - 2017/04/05 9:14:06 ET
Table 'Eunike II' 6-max Seat #3 is the button
Seat 2: Mite1981 ($154.02 in chips)
Seat 3: Azrarn ($84.76 in chips)
Azrarn: posts small blind $1
Mite1981: posts big blind $3
*** HOLE CARDS ***
Azrarn: raises $3 to $6
Mite1981: folds
Uncalled bet ($3) returned to Azrarn
Azrarn collected $6 from pot
Azrarn: doesn't show hand
*** SUMMARY ***
Total pot $6 | Rake $0
Seat 2: Mite1981 (big blind) folded before Flop
Seat 3: Azrarn (button) (small blind) collected ($6)


PokerStars Hand #168608146836:  Hold'em Limit ($3/$6 USD) - 2017/04/05 9:13:44 ET
Table 'Eunike II' 6-max Seat #3 is the button
Seat 2: Mite1981 ($143.50 in chips)
Seat 3: Azrarn ($95.76 in chips)
Azrarn: posts small blind $1
Mite1981: posts big blind $3
*** HOLE CARDS ***
Azrarn: raises $3 to $6
Mite1981: raises $3 to $9
Azrarn: calls $3
*** FLOP *** [Th Js 2s]
Mite1981: bets $3
Azrarn: calls $3
*** TURN *** [Th Js 2s] [5h]
Mite1981: bets $6
Azrarn: folds
Uncalled bet ($6) returned to Mite1981
Mite1981 collected $23.52 from pot
Mite1981: doesn't show hand
*** SUMMARY ***
Total pot $24 | Rake $0.48
Board [Th Js 2s 5h]
Seat 2: Mite1981 (big blind) collected ($23.52)
Seat 3: Azrarn (button) (small blind) folded on the Turn


PokerStars Hand #168608142441:  Hold'em Limit ($3/$6 USD) - 2017/04/05 9:13:36 ET
Table 'Eunike II' 6-max Seat #2 is the button
Seat 2: Mite1981 ($140.50 in chips)
Seat 3: Azrarn ($98.76 in chips)
Mite1981: posts small blind $1
Azrarn: posts big blind $3
*** HOLE CARDS ***
Mite1981: raises $3 to $6
Azrarn: folds
Uncalled bet ($3) returned to Mite1981
Mite1981 collected $6 from pot
Mite1981: doesn't show hand
*** SUMMARY ***
Total pot $6 | Rake $0
Seat 2: Mite1981 (button) (small blind) collected ($6)
Seat 3: Azrarn (big blind) folded before Flop


PokerStars Hand #168608124805:  Hold'em Limit ($3/$6 USD) - 2017/04/05 9:13:06 ET
Table 'Eunike II' 6-max Seat #3 is the button
Seat 2: Mite1981 ($114 in chips)
Seat 3: Azrarn ($125.76 in chips)
Azrarn: posts small blind $1
Mite1981: posts big blind $3
*** HOLE CARDS ***
Azrarn: raises $3 to $6
Mite1981: raises $3 to $9
Azrarn: calls $3
*** FLOP *** [9c Ad 2d]
Mite1981: bets $3
Azrarn: raises $3 to $6
Mite1981: calls $3
*** TURN *** [9c Ad 2d] [8h]
Mite1981: checks
Azrarn: bets $6
Mite1981: calls $6
*** RIVER *** [9c Ad 2d 8h] [Td]
Mite1981: checks
Azrarn: bets $6
Mite1981: raises $6 to $12
Azrarn: folds
Uncalled bet ($6) returned to Mite1981
Mite1981 collected $53.50 from pot
Mite1981: doesn't show hand
*** SUMMARY ***
Total pot $54 | Rake $0.50
Board [9c Ad 2d 8h Td]
Seat 2: Mite1981 (big blind) collected ($53.50)
Seat 3: Azrarn (button) (small blind) folded on the River


PokerStars Hand #168608192451:  Hold'em Limit ($3/$6 USD) - 2017/04/05 9:15:05 ET
Table 'Eunike II' 6-max Seat #2 is the button
Seat 2: Mite1981 ($157.78 in chips)
Seat 3: Azrarn ($80.76 in chips)
Mite1981: posts small blind $1
Azrarn: posts big blind $3
*** HOLE CARDS ***
Mite1981: folds
Uncalled bet ($2) returned to Azrarn
Azrarn collected $2 from pot
Azrarn: doesn't show hand
*** SUMMARY ***
Total pot $2 | Rake $0
Seat 2: Mite1981 (button) (small blind) folded before Flop
Seat 3: Azrarn (big blind) collected ($2)


PokerStars Hand #168608187660:  Hold'em Limit ($3/$6 USD) - 2017/04/05 9:14:56 ET
Table 'Eunike II' 6-max Seat #3 is the button
Seat 2: Mite1981 ($156.78 in chips)
Seat 3: Azrarn ($81.76 in chips)
Azrarn: posts small blind $1
Mite1981: posts big blind $3
*** HOLE CARDS ***
Azrarn: folds
Uncalled bet ($2) returned to Mite1981
Mite1981 collected $2 from pot
Mite1981: doesn't show hand
*** SUMMARY ***
Total pot $2 | Rake $0
Seat 2: Mite1981 (big blind) collected ($2)
Seat 3: Azrarn (button) (small blind) folded before Flop


PokerStars Hand #168608177527:  Hold'em Limit ($3/$6 USD) - 2017/04/05 9:14:38 ET
Table 'Eunike II' 6-max Seat #2 is the button
Seat 2: Mite1981 ($157.78 in chips)
Seat 3: Azrarn ($80.76 in chips)
Mite1981: posts small blind $1
Azrarn: posts big blind $3
*** HOLE CARDS ***
Mite1981: folds
Uncalled bet ($2) returned to Azrarn
Azrarn collected $2 from pot
Azrarn: doesn't show hand
*** SUMMARY ***
Total pot $2 | Rake $0
Seat 2: Mite1981 (button) (small blind) folded before Flop
Seat 3: Azrarn (big blind) collected ($2)


PokerStars Hand #168608172300:  Hold'em Limit ($3/$6 USD) - 2017/04/05 9:14:29 ET
Table 'Eunike II' 6-max Seat #3 is the button
Seat 2: Mite1981 ($156.78 in chips)
Seat 3: Azrarn ($81.76 in chips)
Azrarn: posts small blind $1
Mite1981: posts big blind $3
*** HOLE CARDS ***
Azrarn: folds
Uncalled bet ($2) returned to Mite1981
Mite1981 collected $2 from pot
Mite1981: doesn't show hand
*** SUMMARY ***
Total pot $2 | Rake $0
Seat 2: Mite1981 (big blind) collected ($2)
Seat 3: Azrarn (button) (small blind) folded before Flop


PokerStars Hand #168608184437:  Hold'em Limit ($3/$6 USD) - 2017/04/05 9:14:51 ET
Table 'Eunike II' 6-max Seat #2 is the button
Seat 2: Mite1981 ($157.78 in chips)
Seat 3: Azrarn ($80.76 in chips)
Mite1981: posts small blind $1
Azrarn: posts big blind $3
*** HOLE CARDS ***
Mite1981: folds
Uncalled bet ($2) returned to Azrarn
Azrarn collected $2 from pot
Azrarn: doesn't show hand
*** SUMMARY ***
Total pot $2 | Rake $0
Seat 2: Mite1981 (button) (small blind) folded before Flop
Seat 3: Azrarn (big blind) collected ($2)


PokerStars Hand #168608180576:  Hold'em Limit ($3/$6 USD) - 2017/04/05 9:14:44 ET
Table 'Eunike II' 6-max Seat #3 is the button
Seat 2: Mite1981 ($156.78 in chips)
Seat 3: Azrarn ($81.76 in chips)
Azrarn: posts small blind $1
Mite1981: posts big blind $3
*** HOLE CARDS ***
Azrarn: folds
Uncalled bet ($2) returned to Mite1981
Mite1981 collected $2 from pot
*** SUMMARY ***
Total pot $2 | Rake $0
Seat 2: Mite1981 (big blind) collected ($2)
Seat 3: Azrarn (button) (small blind) folded before Flop


PokerStars Hand #168608195256:  Hold'em Limit ($3/$6 USD) - 2017/04/05 9:15:10 ET
Table 'Eunike II' 6-max Seat #3 is the button
Seat 2: Mite1981 ($156.78 in chips)
Seat 3: Azrarn ($81.76 in chips)
Azrarn: posts small blind $1
Mite1981: posts big blind $3
*** HOLE CARDS ***
Azrarn: raises $3 to $6
Mite1981: raises $3 to $9
Azrarn: calls $3
*** FLOP *** [Ah 6h 7s]
Mite1981: bets $3
Azrarn: calls $3
*** TURN *** [Ah 6h 7s] [5s]
Mite1981: checks
Azrarn: checks
*** RIVER *** [Ah 6h 7s 5s] [2c]
Mite1981: checks
Azrarn: bets $6
Mite1981: calls $6
*** SHOW DOWN ***
Azrarn: shows [Tc 9h] (high card Ace)
Mite1981: shows [3h 6d] (a pair of Sixes)
Mite1981 collected $35.50 from pot
*** SUMMARY ***
Total pot $36 | Rake $0.50
Board [Ah 6h 7s 5s 2c]
Seat 2: Mite1981 (big blind) showed [3h 6d] and won ($35.50) with a pair of Sixes
Seat 3: Azrarn (button) (small blind) showed [Tc 9h] and lost with high card Ace


PokerStars Hand #168608231251:  Hold'em Limit ($3/$6 USD) - 2017/04/05 9:16:14 ET
Table 'Eunike II' 6-max Seat #2 is the button
Seat 2: Mite1981 ($182.80 in chips)
Seat 3: Azrarn ($75 in chips)
Mite1981: posts small blind $1
Azrarn: posts big blind $3
*** HOLE CARDS ***
Mite1981: folds
Uncalled bet ($2) returned to Azrarn
Azrarn collected $2 from pot
Azrarn: doesn't show hand
*** SUMMARY ***
Total pot $2 | Rake $0
Seat 2: Mite1981 (button) (small blind) folded before Flop
Seat 3: Azrarn (big blind) collected ($2)


PokerStars Hand #168608227678:  Hold'em Limit ($3/$6 USD) - 2017/04/05 9:16:07 ET
Table 'Eunike II' 6-max Seat #3 is the button
Seat 2: Mite1981 ($185.80 in chips)
Seat 3: Azrarn ($72 in chips)
Azrarn: posts small blind $1
Mite1981: posts big blind $3
*** HOLE CARDS ***
Azrarn: raises $3 to $6
Mite1981: folds
Uncalled bet ($3) returned to Azrarn
Azrarn collected $6 from pot
Azrarn: doesn't show hand
*** SUMMARY ***
Total pot $6 | Rake $0
Seat 2: Mite1981 (big blind) folded before Flop
Seat 3: Azrarn (button) (small blind) collected ($6)


PokerStars Hand #168608234228:  Hold'em Limit ($3/$6 USD) - 2017/04/05 9:16:19 ET
Table 'Eunike II' 6-max Seat #3 is the button
Seat 2: Mite1981 ($181.80 in chips)
Seat 3: Azrarn ($76 in chips)
Azrarn: posts small blind $1
Mite1981: posts big blind $3
*** HOLE CARDS ***
Azrarn: folds
Uncalled bet ($2) returned to Mite1981
Mite1981 collected $2 from pot
Mite1981: doesn't show hand
*** SUMMARY ***
Total pot $2 | Rake $0
Seat 2: Mite1981 (big blind) collected ($2)
Seat 3: Azrarn (button) (small blind) folded before Flop


PokerStars Hand #168608220399:  Hold'em Limit ($3/$6 USD) - 2017/04/05 9:15:55 ET
Table 'Eunike II' 6-max Seat #3 is the button
Seat 2: Mite1981 ($185.80 in chips)
Seat 3: Azrarn ($72 in chips)
Azrarn: posts small blind $1
Mite1981: posts big blind $3
*** HOLE CARDS ***
Azrarn: raises $3 to $6
Mite1981: folds
Uncalled bet ($3) returned to Azrarn
Azrarn collected $6 from pot
Azrarn: doesn't show hand
*** SUMMARY ***
Total pot $6 | Rake $0
Seat 2: Mite1981 (big blind) folded before Flop
Seat 3: Azrarn (button) (small blind) collected ($6)


PokerStars Hand #168608205494:  Hold'em Limit ($3/$6 USD) - 2017/04/05 9:15:28 ET
Table 'Eunike II' 6-max Seat #2 is the button
Seat 2: Mite1981 ($174.28 in chips)
Seat 3: Azrarn ($72 in chips)
Mite1981: posts small blind $1
Azrarn: posts big blind $3
*** HOLE CARDS ***
Mite1981: raises $3 to $6
Azrarn: raises $3 to $9
Mite1981: calls $3
*** FLOP *** [4h Tc Jd]
Azrarn: bets $3
Mite1981: calls $3
*** TURN *** [4h Tc Jd] [8d]
Azrarn: checks
Mite1981: checks
*** RIVER *** [4h Tc Jd 8d] [9d]
Azrarn: checks
Mite1981: bets $6
Azrarn: folds
Uncalled bet ($6) returned to Mite1981
Mite1981 collected $23.52 from pot
Mite1981: doesn't show hand
*** SUMMARY ***
Total pot $24 | Rake $0.48
Board [4h Tc Jd 8d 9d]
Seat 2: Mite1981 (button) (small blind) collected ($23.52)
Seat 3: Azrarn (big blind) folded on the River


PokerStars Hand #168608224124:  Hold'em Limit ($3/$6 USD) - 2017/04/05 9:16:01 ET
Table 'Eunike II' 6-max Seat #2 is the button
Seat 2: Mite1981 ($182.80 in chips)
Seat 3: Azrarn ($75 in chips)
Mite1981: posts small blind $1
Azrarn: posts big blind $3
*** HOLE CARDS ***
Mite1981: raises $3 to $6
Azrarn: folds
Uncalled bet ($3) returned to Mite1981
Mite1981 collected $6 from pot
Mite1981: doesn't show hand
*** SUMMARY ***
Total pot $6 | Rake $0
Seat 2: Mite1981 (button) (small blind) collected ($6)
Seat 3: Azrarn (big blind) folded before Flop


PokerStars Hand #168608261654:  Hold'em Limit ($3/$6 USD) - 2017/04/05 9:17:07 ET
Table 'Eunike II' 6-max Seat #2 is the button
Seat 2: Mite1981 ($211.94 in chips)
Seat 3: Azrarn ($72 in chips)
Mite1981: posts small blind $1
Azrarn: posts big blind $3
*** HOLE CARDS ***
Mite1981: folds
Uncalled bet ($2) returned to Azrarn
Azrarn collected $2 from pot
Azrarn: doesn't show hand
*** SUMMARY ***
Total pot $2 | Rake $0
Seat 2: Mite1981 (button) (small blind) folded before Flop
Seat 3: Azrarn (big blind) collected ($2)


PokerStars Hand #168608264949:  Hold'em Limit ($3/$6 USD) - 2017/04/05 9:17:13 ET
Table 'Eunike II' 6-max Seat #3 is the button
Seat 2: Mite1981 ($210.94 in chips)
Seat 3: Azrarn ($73 in chips)
Azrarn: posts small blind $1
Mite1981: posts big blind $3
*** HOLE CARDS ***
Azrarn: folds
Uncalled bet ($2) returned to Mite1981
Mite1981 collected $2 from pot
Mite1981: doesn't show hand
*** SUMMARY ***
Total pot $2 | Rake $0
Seat 2: Mite1981 (big blind) collected ($2)
Seat 3: Azrarn (button) (small blind) folded before Flop


PokerStars Hand #168608251954:  Hold'em Limit ($3/$6 USD) - 2017/04/05 9:16:50 ET
Table 'Eunike II' 6-max Seat #3 is the button
Seat 2: Mite1981 ($203.30 in chips)
Seat 3: Azrarn ($72 in chips)
Azrarn: posts small blind $1
Mite1981: posts big blind $3
*** HOLE CARDS ***
Azrarn: raises $3 to $6
Mite1981: calls $3
*** FLOP *** [Js 5h Ad]
Mite1981: checks
Azrarn: bets $3
Mite1981: calls $3
*** TURN *** [Js 5h Ad] [9h]
Mite1981: checks
Azrarn: checks
*** RIVER *** [Js 5h Ad 9h] [3d]
Mite1981: checks
Azrarn: checks
*** SHOW DOWN ***
Mite1981: shows [Tc 5s] (a pair of Fives)
Azrarn: mucks hand
Mite1981 collected $17.64 from pot
*** SUMMARY ***
Total pot $18 | Rake $0.36
Board [Js 5h Ad 9h 3d]
Seat 2: Mite1981 (big blind) showed [Tc 5s] and won ($17.64) with a pair of Fives
Seat 3: Azrarn (button) (small blind) mucked


PokerStars Hand #168608238354:  Hold'em Limit ($3/$6 USD) - 2017/04/05 9:16:26 ET
Table 'Eunike II' 6-max Seat #2 is the button
Seat 2: Mite1981 ($182.80 in chips)
Seat 3: Azrarn ($75 in chips)
Mite1981: posts small blind $1
Azrarn: posts big blind $3
*** HOLE CARDS ***
Mite1981: raises $3 to $6
Azrarn: calls $3
*** FLOP *** [4d 3s 4c]
Azrarn: checks
Mite1981: bets $3
Azrarn: calls $3
*** TURN *** [4d 3s 4c] [5s]
Azrarn: bets $6
Mite1981: calls $6
*** RIVER *** [4d 3s 4c 5s] [Qh]
Azrarn: bets $6
Mite1981: calls $6
*** SHOW DOWN ***
Azrarn: shows [5d Kh] (two pair, Fives and Fours)
Mite1981: shows [Kd Kc] (two pair, Kings and Fours)
Mite1981 collected $41.50 from pot
*** SUMMARY ***
Total pot $42 | Rake $0.50
Board [4d 3s 4c 5s Qh]
Seat 2: Mite1981 (button) (small blind) showed [Kd Kc] and won ($41.50) with two pair, Kings and Fours
Seat 3: Azrarn (big blind) showed [5d Kh] and lost with two pair, Fives and Fours


PokerStars Hand #168608289577:  Hold'em Limit ($3/$6 USD) - 2017/04/05 9:17:56 ET
Table 'Eunike II' 6-max Seat #3 is the button
Seat 2: Mite1981 ($216.58 in chips)
Seat 3: Azrarn ($76 in chips)
Azrarn: posts small blind $1
Mite1981: posts big blind $3
*** HOLE CARDS ***
Azrarn: raises $3 to $6
Mite1981: calls $3
*** FLOP *** [7h Tc 5h]
Mite1981: checks
Azrarn: bets $3
Mite1981: calls $3
*** TURN *** [7h Tc 5h] [3d]
Mite1981: checks
Azrarn: checks
*** RIVER *** [7h Tc 5h 3d] [4c]
Mite1981: checks
Azrarn: checks
*** SHOW DOWN ***
Mite1981: shows [7c 3c] (two pair, Sevens and Threes)
Azrarn: mucks hand
Mite1981 collected $17.64 from pot
*** SUMMARY ***
Total pot $18 | Rake $0.36
Board [7h Tc 5h 3d 4c]
Seat 2: Mite1981 (big blind) showed [7c 3c] and won ($17.64) with two pair, Sevens and Threes
Seat 3: Azrarn (button) (small blind) mucked


PokerStars Hand #168608286661:  Hold'em Limit ($3/$6 USD) - 2017/04/05 9:17:51 ET
Table 'Eunike II' 6-max Seat #2 is the button
Seat 2: Mite1981 ($217.58 in chips)
Seat 3: Azrarn ($75 in chips)
Mite1981: posts small blind $1
Azrarn: posts big blind $3
*** HOLE CARDS ***
Mite1981: folds
Uncalled bet ($2) returned to Azrarn
Azrarn collected $2 from pot
Azrarn: doesn't show hand
*** SUMMARY ***
Total pot $2 | Rake $0
Seat 2: Mite1981 (button) (small blind) folded before Flop
Seat 3: Azrarn (big blind) collected ($2)


PokerStars Hand #168608283279:  Hold'em Limit ($3/$6 USD) - 2017/04/05 9:17:45 ET
Table 'Eunike II' 6-max Seat #3 is the button
Seat 2: Mite1981 ($220.58 in chips)
Seat 3: Azrarn ($72 in chips)
Azrarn: posts small blind $1
Mite1981: posts big blind $3
*** HOLE CARDS ***
Azrarn: raises $3 to $6
Mite1981: folds
Uncalled bet ($3) returned to Azrarn
Azrarn collected $6 from pot
Azrarn: doesn't show hand
*** SUMMARY ***
Total pot $6 | Rake $0
Seat 2: Mite1981 (big blind) folded before Flop
Seat 3: Azrarn (button) (small blind) collected ($6)


PokerStars Hand #168608269864:  Hold'em Limit ($3/$6 USD) - 2017/04/05 9:17:22 ET
Table 'Eunike II' 6-max Seat #2 is the button
Seat 2: Mite1981 ($211.94 in chips)
Seat 3: Azrarn ($72 in chips)
Mite1981: posts small blind $1
Azrarn: posts big blind $3
*** HOLE CARDS ***
Mite1981: raises $3 to $6
Azrarn: calls $3
*** FLOP *** [7s 8c 2c]
Azrarn: checks
Mite1981: bets $3
Azrarn: calls $3
*** TURN *** [7s 8c 2c] [2d]
Azrarn: checks
Mite1981: bets $6
Azrarn: folds
Uncalled bet ($6) returned to Mite1981
Mite1981 collected $17.64 from pot
Mite1981: doesn't show hand
*** SUMMARY ***
Total pot $18 | Rake $0.36
Board [7s 8c 2c 2d]
Seat 2: Mite1981 (button) (small blind) collected ($17.64)
Seat 3: Azrarn (big blind) folded on the Turn


PokerStars Hand #168608309208:  Hold'em Limit ($3/$6 USD) - 2017/04/05 9:18:31 ET
Table 'Eunike II' 6-max Seat #2 is the button
Seat 2: Mite1981 ($225.22 in chips)
Seat 3: Azrarn ($72 in chips)
Mite1981: posts small blind $1
Azrarn: posts big blind $3
*** HOLE CARDS ***
Mite1981: raises $3 to $6
Azrarn: raises $3 to $9
Mite1981: raises $3 to $12
Betting is capped
Azrarn: calls $3
*** FLOP *** [7d Ad 2s]
Azrarn: checks
Mite1981: bets $3
Azrarn: calls $3
*** TURN *** [7d Ad 2s] [Js]
Azrarn: checks
Mite1981: bets $6
Azrarn: calls $6
*** RIVER *** [7d Ad 2s Js] [Ks]
Azrarn: checks
Mite1981: bets $6
Azrarn: calls $6
*** SHOW DOWN ***
Mite1981: shows [Kd Kc] (three of a kind, Kings)
Azrarn: mucks hand
Mite1981 collected $53.50 from pot
*** SUMMARY ***
Total pot $54 | Rake $0.50
Board [7d Ad 2s Js Ks]
Seat 2: Mite1981 (button) (small blind) showed [Kd Kc] and won ($53.50) with three of a kind, Kings
Seat 3: Azrarn (big blind) mucked


PokerStars Hand #168608332356:  Hold'em Limit ($3/$6 USD) - 2017/04/05 9:19:11 ET
Table 'Eunike II' 6-max Seat #3 is the button
Seat 2: Mite1981 ($251.72 in chips)
Seat 3: Azrarn ($72 in chips)
Azrarn: posts small blind $1
Mite1981: posts big blind $3
*** HOLE CARDS ***
Azrarn: raises $3 to $6
Mite1981: folds
Uncalled bet ($3) returned to Azrarn
Azrarn collected $6 from pot
Azrarn: doesn't show hand
*** SUMMARY ***
Total pot $6 | Rake $0
Seat 2: Mite1981 (big blind) folded before Flop
Seat 3: Azrarn (button) (small blind) collected ($6)


PokerStars Hand #168608353956:  Hold'em Limit ($3/$6 USD) - 2017/04/05 9:19:50 ET
Table 'Eunike II' 6-max Seat #3 is the button
Seat 2: Mite1981 ($245.72 in chips)
Seat 3: Azrarn ($77.88 in chips)
Azrarn: posts small blind $1
Mite1981: posts big blind $3
*** HOLE CARDS ***
Azrarn: folds
Uncalled bet ($2) returned to Mite1981
Mite1981 collected $2 from pot
Mite1981: doesn't show hand
*** SUMMARY ***
Total pot $2 | Rake $0
Seat 2: Mite1981 (big blind) collected ($2)
Seat 3: Azrarn (button) (small blind) folded before Flop


PokerStars Hand #168608337535:  Hold'em Limit ($3/$6 USD) - 2017/04/05 9:19:21 ET
Table 'Eunike II' 6-max Seat #2 is the button
Seat 2: Mite1981 ($248.72 in chips)
Seat 3: Azrarn ($75 in chips)
Mite1981: posts small blind $1
Azrarn: posts big blind $3
*** HOLE CARDS ***
Mite1981: calls $2
Azrarn: checks
*** FLOP *** [9d 3c 4s]
Azrarn: checks
Mite1981: checks
*** TURN *** [9d 3c 4s] [8s]
Azrarn: checks
Mite1981: checks
*** RIVER *** [9d 3c 4s 8s] [4h]
Azrarn: bets $6
Mite1981: folds
Uncalled bet ($6) returned to Azrarn
Azrarn collected $5.88 from pot
Azrarn: doesn't show hand
*** SUMMARY ***
Total pot $6 | Rake $0.12
Board [9d 3c 4s 8s 4h]
Seat 2: Mite1981 (button) (small blind) folded on the River
Seat 3: Azrarn (big blind) collected ($5.88)


PokerStars Hand #168608372926:  Hold'em Limit ($3/$6 USD) - 2017/04/05 9:20:23 ET
Table 'Eunike II' 6-max Seat #2 is the button
Seat 2: Mite1981 ($239.72 in chips)
Seat 3: Azrarn ($83.64 in chips)
Mite1981: posts small blind $1
Azrarn: posts big blind $3
*** HOLE CARDS ***
Mite1981: raises $3 to $6
Azrarn: folds
Uncalled bet ($3) returned to Mite1981
Mite1981 collected $6 from pot
Mite1981: doesn't show hand
*** SUMMARY ***
Total pot $6 | Rake $0
Seat 2: Mite1981 (button) (small blind) collected ($6)
Seat 3: Azrarn (big blind) folded before Flop


PokerStars Hand #168608360985:  Hold'em Limit ($3/$6 USD) - 2017/04/05 9:20:02 ET
Table 'Eunike II' 6-max Seat #3 is the button
Seat 2: Mite1981 ($245.72 in chips)
Seat 3: Azrarn ($77.88 in chips)
Azrarn: posts small blind $1
Mite1981: posts big blind $3
*** HOLE CARDS ***
Azrarn: raises $3 to $6
Mite1981: calls $3
*** FLOP *** [2c Jd 7h]
Mite1981: checks
Azrarn: bets $3
Mite1981: folds
Uncalled bet ($3) returned to Azrarn
Azrarn collected $11.76 from pot
Azrarn: doesn't show hand
*** SUMMARY ***
Total pot $12 | Rake $0.24
Board [2c Jd 7h]
Seat 2: Mite1981 (big blind) folded on the Flop
Seat 3: Azrarn (button) (small blind) collected ($11.76)


PokerStars Hand #168608357947:  Hold'em Limit ($3/$6 USD) - 2017/04/05 9:19:57 ET
Table 'Eunike II' 6-max Seat #2 is the button
Seat 2: Mite1981 ($246.72 in chips)
Seat 3: Azrarn ($76.88 in chips)
Mite1981: posts small blind $1
Azrarn: posts big blind $3
*** HOLE CARDS ***
Mite1981: folds
Uncalled bet ($2) returned to Azrarn
Azrarn collected $2 from pot
Azrarn: doesn't show hand
*** SUMMARY ***
Total pot $2 | Rake $0
Seat 2: Mite1981 (button) (small blind) folded before Flop
Seat 3: Azrarn (big blind) collected ($2)


PokerStars Hand #168608384818:  Hold'em Limit ($3/$6 USD) - 2017/04/05 9:20:44 ET
Table 'Eunike II' 6-max Seat #2 is the button
Seat 2: Mite1981 ($251.36 in chips)
Seat 3: Azrarn ($72 in chips)
Mite1981: posts small blind $1
Azrarn: posts big blind $3
*** HOLE CARDS ***
Mite1981: folds
Uncalled bet ($2) returned to Azrarn
Azrarn collected $2 from pot
Azrarn: doesn't show hand
*** SUMMARY ***
Total pot $2 | Rake $0
Seat 2: Mite1981 (button) (small blind) folded before Flop
Seat 3: Azrarn (big blind) collected ($2)


PokerStars Hand #168608376792:  Hold'em Limit ($3/$6 USD) - 2017/04/05 9:20:30 ET
Table 'Eunike II' 6-max Seat #3 is the button
Seat 2: Mite1981 ($242.72 in chips)
Seat 3: Azrarn ($80.64 in chips)
Azrarn: posts small blind $1
Mite1981: posts big blind $3
*** HOLE CARDS ***
Azrarn: raises $3 to $6
Mite1981: raises $3 to $9
Jigorek1989 joins the table at seat #4
Azrarn: calls $3
*** FLOP *** [2h Ad Ac]
Mite1981: bets $3
Azrarn: folds
Uncalled bet ($3) returned to Mite1981
Mite1981 collected $17.64 from pot
Mite1981: doesn't show hand
*** SUMMARY ***
Total pot $18 | Rake $0.36
Board [2h Ad Ac]
Seat 2: Mite1981 (big blind) collected ($17.64)
Seat 3: Azrarn (button) (small blind) folded on the Flop


PokerStars Hand #168608463733:  Hold'em Limit ($3/$6 USD) - 2017/04/05 9:23:03 ET
Table 'Eunike II' 6-max Seat #3 is the button
Seat 3: Azrarn ($86.10 in chips)
Seat 5: Boxer-Carlo ($106 in chips)
HIGHIQ74 will be allowed to play after the button
Azrarn: posts small blind $1
Boxer-Carlo: posts big blind $3
*** HOLE CARDS ***
Azrarn: folds
Uncalled bet ($2) returned to Boxer-Carlo
Boxer-Carlo collected $2 from pot
Boxer-Carlo: doesn't show hand
Harry River joins the table at seat #6
*** SUMMARY ***
Total pot $2 | Rake $0
Seat 3: Azrarn (button) (small blind) folded before Flop
Seat 5: Boxer-Carlo (big blind) collected ($2)


PokerStars Hand #168609302545:  Hold'em Limit ($3/$6 USD) - 2017/04/05 9:47:24 ET
Table 'Eunike II' 6-max Seat #1 is the button
Seat 1: HIGHIQ74 ($108.96 in chips)
Seat 5: Boxer-Carlo ($120.53 in chips)
HIGHIQ74: posts small blind $1
Homasapien: is sitting out
krytalex: is sitting out
Boxer-Carlo: posts big blind $3
*** HOLE CARDS ***
HIGHIQ74: raises $3 to $6
Boxer-Carlo: calls $3
*** FLOP *** [8s Qh 6c]
Boxer-Carlo: checks
HIGHIQ74: bets $3
Boxer-Carlo: calls $3
*** TURN *** [8s Qh 6c] [2d]
Boxer-Carlo: checks
HIGHIQ74: checks
*** RIVER *** [8s Qh 6c 2d] [3d]
Boxer-Carlo: checks
HIGHIQ74: checks
*** SHOW DOWN ***
Boxer-Carlo: shows [5c Kh] (high card King)
HIGHIQ74: shows [Ks Ah] (high card Ace)
HIGHIQ74 collected $17.64 from pot
*** SUMMARY ***
Total pot $18 | Rake $0.36
Board [8s Qh 6c 2d 3d]
Seat 1: HIGHIQ74 (button) (small blind) showed [Ks Ah] and won ($17.64) with high card Ace
Seat 5: Boxer-Carlo (big blind) showed [5c Kh] and lost with high card King


PokerStars Hand #168609313153:  Hold'em Limit ($3/$6 USD) - 2017/04/05 9:47:43 ET
Table 'Eunike II' 6-max Seat #5 is the button
Seat 1: HIGHIQ74 ($117.60 in chips)
Seat 5: Boxer-Carlo ($111.53 in chips)
Boxer-Carlo: posts small blind $1
HIGHIQ74: posts big blind $3
*** HOLE CARDS ***
Boxer-Carlo: raises $3 to $6
HIGHIQ74: raises $3 to $9
Boxer-Carlo: calls $3
*** FLOP *** [Ts Ks 7s]
HIGHIQ74: bets $3
Boxer-Carlo: raises $3 to $6
HIGHIQ74: calls $3
*** TURN *** [Ts Ks 7s] [Th]
HIGHIQ74: checks
Boxer-Carlo: bets $6
HIGHIQ74: calls $6
*** RIVER *** [Ts Ks 7s Th] [8d]
HIGHIQ74: checks
Boxer-Carlo: bets $6
HIGHIQ74: calls $6
*** SHOW DOWN ***
Boxer-Carlo: shows [2d As] (a pair of Tens)
HIGHIQ74: shows [Qh Ah] (a pair of Tens - Ace+King+Queen kicker)
HIGHIQ74 collected $53.50 from pot
*** SUMMARY ***
Total pot $54 | Rake $0.50
Board [Ts Ks 7s Th 8d]
Seat 1: HIGHIQ74 (big blind) showed [Qh Ah] and won ($53.50) with a pair of Tens
Seat 5: Boxer-Carlo (button) (small blind) showed [2d As] and lost with a pair of Tens


PokerStars Hand #168611756564:  Hold'em Limit ($3/$6 USD) - 2017/04/05 10:55:35 ET
Table 'Eunike II' 6-max Seat #6 is the button
Seat 5: kolaz03 ($72 in chips)
Seat 6: B_loJkl ($122.57 in chips)
B_loJkl: posts small blind $1
kolaz03: posts big blind $3
*** HOLE CARDS ***
tttzzz leaves the table
B_loJkl: raises $3 to $6
kolaz03: raises $3 to $9
B_loJkl: calls $3
*** FLOP *** [8s 4d 6h]
kolaz03: bets $3
B_loJkl: calls $3
*** TURN *** [8s 4d 6h] [9h]
kolaz03: checks
B_loJkl: bets $6
kolaz03: calls $6
*** RIVER *** [8s 4d 6h 9h] [7c]
kolaz03: checks
B_loJkl: checks
*** SHOW DOWN ***
kolaz03: shows [Kh Jh] (high card King)
B_loJkl: shows [4s 3s] (a pair of Fours)
B_loJkl collected $35.50 from pot
*** SUMMARY ***
Total pot $36 | Rake $0.50
Board [8s 4d 6h 9h 7c]
Seat 5: kolaz03 (big blind) showed [Kh Jh] and lost with high card King
Seat 6: B_loJkl (button) (small blind) showed [4s 3s] and won ($35.50) with a pair of Fours


PokerStars Hand #168612895537:  Hold'em Limit ($3/$6 USD) - 2017/04/05 11:25:42 ET
Table 'Eunike II' 6-max Seat #1 is the button
Seat 1: B_loJkl ($239.07 in chips)
Seat 5: HAL9QQQ ($196.09 in chips)
Agniosius will be allowed to play after the button
B_loJkl: posts small blind $1
yamaxerm: is sitting out
HAL9QQQ: posts big blind $3
*** HOLE CARDS ***
B_loJkl: raises $3 to $6
HAL9QQQ: calls $3
*** FLOP *** [5h 5d 8d]
HAL9QQQ: bets $3
B_loJkl: calls $3
*** TURN *** [5h 5d 8d] [7c]
HAL9QQQ: bets $6
B_loJkl: calls $6
*** RIVER *** [5h 5d 8d 7c] [4h]
HAL9QQQ: bets $6
B_loJkl: calls $6
*** SHOW DOWN ***
HAL9QQQ: shows [9d Jd] (a pair of Fives)
B_loJkl: shows [Td 4d] (two pair, Fives and Fours)
B_loJkl collected $41.50 from pot
*** SUMMARY ***
Total pot $42 | Rake $0.50
Board [5h 5d 8d 7c 4h]
Seat 1: B_loJkl (button) (small blind) showed [Td 4d] and won ($41.50) with two pair, Fives and Fours
Seat 5: HAL9QQQ (big blind) showed [9d Jd] and lost with a pair of Fives


PokerStars Hand #168616229612:  Hold'em Limit ($3/$6 USD) - 2017/04/05 12:46:52 ET
Table 'Eunike II' 6-max Seat #6 is the button
Seat 5: B_loJkl ($153 in chips)
Seat 6: krytalex ($72 in chips)
krytalex: posts small blind $1
yamaxerm: is sitting out
B_loJkl: posts big blind $3
*** HOLE CARDS ***
krytalex: raises $3 to $6
yamaxerm leaves the table
B_loJkl: calls $3
*** FLOP *** [As 4d 3d]
B_loJkl: checks
krytalex: bets $3
B_loJkl: raises $3 to $6
krytalex: calls $3
*** TURN *** [As 4d 3d] [4c]
B_loJkl: checks
krytalex: bets $6
B_loJkl: folds
Uncalled bet ($6) returned to krytalex
krytalex collected $23.52 from pot
*** SUMMARY ***
Total pot $24 | Rake $0.48
Board [As 4d 3d 4c]
Seat 5: B_loJkl (big blind) folded on the Turn
Seat 6: krytalex (button) (small blind) collected ($23.52)


PokerStars Hand #168616266019:  Hold'em Limit ($3/$6 USD) - 2017/04/05 12:47:41 ET
Table 'Eunike II' 6-max Seat #5 is the button
Seat 5: B_loJkl ($141 in chips)
Seat 6: krytalex ($83.52 in chips)
B_loJkl: posts small blind $1
krytalex: posts big blind $3
*** HOLE CARDS ***
B_loJkl: raises $3 to $6
krytalex: raises $3 to $9
B_loJkl: calls $3
*** FLOP *** [9c 6c Ts]
krytalex: bets $3
B_loJkl: calls $3
*** TURN *** [9c 6c Ts] [Ks]
krytalex: bets $6
B_loJkl: calls $6
*** RIVER *** [9c 6c Ts Ks] [Jc]
krytalex: bets $6
B_loJkl: raises $6 to $12
krytalex: calls $6
*** SHOW DOWN ***
B_loJkl: shows [3s 7s] (high card King)
krytalex: shows [Kd Kc] (three of a kind, Kings)
krytalex collected $59.50 from pot
*** SUMMARY ***
Total pot $60 | Rake $0.50
Board [9c 6c Ts Ks Jc]
Seat 5: B_loJkl (button) (small blind) showed [3s 7s] and lost with high card King
Seat 6: krytalex (big blind) showed [Kd Kc] and won ($59.50) with three of a kind, Kings


PokerStars Hand #168616398037:  Hold'em Limit ($3/$6 USD) - 2017/04/05 12:50:39 ET
Table 'Eunike II' 6-max Seat #6 is the button
Seat 3: vavosik ($105.12 in chips)
Seat 6: krytalex ($113.02 in chips)
krytalex: posts small blind $1
vavosik: posts big blind $3
*** HOLE CARDS ***
krytalex: raises $3 to $6
vavosik: calls $3
*** FLOP *** [2h Qs Jh]
vavosik: checks
krytalex: bets $3
vavosik: calls $3
*** TURN *** [2h Qs Jh] [Js]
vavosik: checks
krytalex: checks
*** RIVER *** [2h Qs Jh Js] [9c]
vavosik: bets $6
krytalex: folds
Uncalled bet ($6) returned to vavosik
vavosik collected $17.64 from pot
vavosik: doesn't show hand
*** SUMMARY ***
Total pot $18 | Rake $0.36
Board [2h Qs Jh Js 9c]
Seat 3: vavosik (big blind) collected ($17.64)
Seat 6: krytalex (button) (small blind) folded on the River


PokerStars Hand #168616440338:  Hold'em Limit ($3/$6 USD) - 2017/04/05 12:51:36 ET
Table 'Eunike II' 6-max Seat #3 is the button
Seat 3: vavosik ($113.76 in chips)
Seat 6: krytalex ($104.02 in chips)
vavosik: posts small blind $1
krytalex: posts big blind $3
*** HOLE CARDS ***
oldtimers XX joins the table at seat #5
vavosik: raises $3 to $6
krytalex: calls $3
*** FLOP *** [3c 7c 7s]
krytalex: checks
vavosik: bets $3
HIGHIQ74 joins the table at seat #4
krytalex: calls $3
*** TURN *** [3c 7c 7s] [7d]
krytalex: checks
vavosik: bets $6
krytalex: calls $6
*** RIVER *** [3c 7c 7s 7d] [Qh]
B_loJkl joins the table at seat #1
krytalex: checks
vavosik: checks
*** SHOW DOWN ***
krytalex: shows [Kh 5c] (three of a kind, Sevens)
vavosik: shows [Ac 5h] (three of a kind, Sevens - Ace kicker)
vavosik collected $29.50 from pot
*** SUMMARY ***
Total pot $30 | Rake $0.50
Board [3c 7c 7s 7d Qh]
Seat 3: vavosik (button) (small blind) showed [Ac 5h] and won ($29.50) with three of a kind, Sevens
Seat 6: krytalex (big blind) showed [Kh 5c] and lost with three of a kind, Sevens


PokerStars Hand #168617785226:  Hold'em Limit ($3/$6 USD) - 2017/04/05 13:21:17 ET
Table 'Eunike II' 6-max Seat #1 is the button
Seat 1: B_loJkl ($96.35 in chips)
Seat 6: Jangoax ($48.79 in chips)
B_loJkl: posts small blind $1
makimaki: is sitting out
Jangoax: posts big blind $3
*** HOLE CARDS ***
B_loJkl: raises $3 to $6
makimaki leaves the table
Jangoax: calls $3
*** FLOP *** [3c Ad 4d]
Jangoax: checks
B_loJkl: bets $3
Jangoax: calls $3
*** TURN *** [3c Ad 4d] [7c]
Jangoax: checks
B_loJkl: checks
*** RIVER *** [3c Ad 4d 7c] [Td]
Jangoax: bets $6
B_loJkl: folds
Uncalled bet ($6) returned to Jangoax
Jangoax collected $17.64 from pot
Jangoax: doesn't show hand
*** SUMMARY ***
Total pot $18 | Rake $0.36
Board [3c Ad 4d 7c Td]
Seat 1: B_loJkl (button) (small blind) folded on the River
Seat 6: Jangoax (big blind) collected ($17.64)


PokerStars Hand #168617800361:  Hold'em Limit ($3/$6 USD) - 2017/04/05 13:21:36 ET
Table 'Eunike II' 6-max Seat #6 is the button
Seat 1: B_loJkl ($87.35 in chips)
Seat 6: Jangoax ($57.43 in chips)
Jangoax: posts small blind $1
B_loJkl: posts big blind $3
*** HOLE CARDS ***
belik555 joins the table at seat #2
Jangoax: folds
Uncalled bet ($2) returned to B_loJkl
B_loJkl collected $2 from pot
B_loJkl: doesn't show hand
*** SUMMARY ***
Total pot $2 | Rake $0
Seat 1: B_loJkl (big blind) collected ($2)
Seat 6: Jangoax (button) (small blind) folded before Flop


PokerStars Hand #168626728180:  Hold'em Limit ($3/$6 USD) - 2017/04/05 16:19:58 ET
Table 'Eunike II' 6-max Seat #3 is the button
Seat 3: Chessnok ($60 in chips)
Seat 5: tje777 ($268.13 in chips)
Chessnok: posts small blind $1
B_loJkl: is sitting out
tje777: posts big blind $3
*** HOLE CARDS ***
Chessnok: raises $3 to $6
tje777: calls $3
*** FLOP *** [9c 6d 3c]
tje777: checks
Chessnok: bets $3
tje777: calls $3
*** TURN *** [9c 6d 3c] [Qc]
tje777: checks
Chessnok: checks
*** RIVER *** [9c 6d 3c Qc] [8d]
tje777: checks
Chessnok: bets $6
tje777: calls $6
*** SHOW DOWN ***
Chessnok: shows [5s 5d] (a pair of Fives)
tje777: mucks hand
Chessnok collected $29.50 from pot
*** SUMMARY ***
Total pot $30 | Rake $0.50
Board [9c 6d 3c Qc 8d]
Seat 3: Chessnok (button) (small blind) showed [5s 5d] and won ($29.50) with a pair of Fives
Seat 5: tje777 (big blind) mucked


PokerStars Hand #168626751162:  Hold'em Limit ($3/$6 USD) - 2017/04/05 16:20:24 ET
Table 'Eunike II' 6-max Seat #5 is the button
Seat 3: Chessnok ($74.50 in chips)
Seat 5: tje777 ($253.13 in chips)
tje777: posts small blind $1
Chessnok: posts big blind $3
*** HOLE CARDS ***
tje777: raises $3 to $6
Chessnok: raises $3 to $9
tje777: calls $3
*** FLOP *** [8s Jd 9s]
Chessnok: bets $3
tje777: calls $3
*** TURN *** [8s Jd 9s] [Jc]
Chessnok: bets $6
tje777: folds
Uncalled bet ($6) returned to Chessnok
Chessnok collected $23.52 from pot
Chessnok: doesn't show hand
*** SUMMARY ***
Total pot $24 | Rake $0.48
Board [8s Jd 9s Jc]
Seat 3: Chessnok (big blind) collected ($23.52)
Seat 5: tje777 (button) (small blind) folded on the Turn


