PokerStars Hand #156037737326:  Hold'em Limit ($3/$6 USD) - 2016/07/16 9:19:08 ET
Table 'Eunomia' 6-max Seat #3 is the button
Seat 2: kolaz03 ($110.14 in chips)
Seat 3: AzureCaper ($140.25 in chips)
AzureCaper: posts small blind $1
abatic: is sitting out
kolaz03: posts big blind $3
*** HOLE CARDS ***
AzureCaper: folds
Uncalled bet ($2) returned to kolaz03
abatic leaves the table
kolaz03 collected $2 from pot
kolaz03: doesn't show hand
_fayzulllo_ leaves the table
*** SUMMARY ***
Total pot $2 | Rake $0
Seat 2: kolaz03 (big blind) collected ($2)
Seat 3: AzureCaper (button) (small blind) folded before Flop


PokerStars Hand #156038395891:  Hold'em Limit ($3/$6 USD) - 2016/07/16 9:39:36 ET
Table 'Eunomia' 6-max Seat #4 is the button
Seat 3: AzureCaper ($99.50 in chips)
Seat 4: FaStBluff ($130 in chips)
FaStBluff: posts small blind $1
AzureCaper: posts big blind $3
*** HOLE CARDS ***
FaStBluff: raises $3 to $6
AzureCaper: calls $3
*** FLOP *** [3d 2d 9d]
AzureCaper: checks
FaStBluff: checks
*** TURN *** [3d 2d 9d] [8h]
AzureCaper: bets $6
FaStBluff: calls $6
*** RIVER *** [3d 2d 9d 8h] [Jh]
AzureCaper: bets $6
FaStBluff: folds
Uncalled bet ($6) returned to AzureCaper
AzureCaper collected $23.52 from pot
AzureCaper: doesn't show hand
*** SUMMARY ***
Total pot $24 | Rake $0.48
Board [3d 2d 9d 8h Jh]
Seat 3: AzureCaper (big blind) collected ($23.52)
Seat 4: FaStBluff (button) (small blind) folded on the River


PokerStars Hand #156038402314:  Hold'em Limit ($3/$6 USD) - 2016/07/16 9:39:48 ET
Table 'Eunomia' 6-max Seat #3 is the button
Seat 3: AzureCaper ($111.02 in chips)
Seat 4: FaStBluff ($118 in chips)
AzureCaper: posts small blind $1
FaStBluff: posts big blind $3
*** HOLE CARDS ***
AzureCaper: raises $3 to $6
FaStBluff: calls $3
*** FLOP *** [6d Th Ac]
FaStBluff: checks
AzureCaper: bets $3
FaStBluff: folds
Uncalled bet ($3) returned to AzureCaper
AzureCaper collected $11.76 from pot
AzureCaper: doesn't show hand
*** SUMMARY ***
Total pot $12 | Rake $0.24
Board [6d Th Ac]
Seat 3: AzureCaper (button) (small blind) collected ($11.76)
Seat 4: FaStBluff (big blind) folded on the Flop


PokerStars Hand #156038406299:  Hold'em Limit ($3/$6 USD) - 2016/07/16 9:39:55 ET
Table 'Eunomia' 6-max Seat #4 is the button
Seat 3: AzureCaper ($116.78 in chips)
Seat 4: FaStBluff ($112 in chips)
FaStBluff: posts small blind $1
AzureCaper: posts big blind $3
*** HOLE CARDS ***
FaStBluff: raises $3 to $6
AzureCaper: calls $3
*** FLOP *** [Ac 8c 2s]
AzureCaper: checks
FaStBluff: bets $3
AzureCaper: folds
Uncalled bet ($3) returned to FaStBluff
FaStBluff collected $11.76 from pot
FaStBluff: doesn't show hand
*** SUMMARY ***
Total pot $12 | Rake $0.24
Board [Ac 8c 2s]
Seat 3: AzureCaper (big blind) folded on the Flop
Seat 4: FaStBluff (button) (small blind) collected ($11.76)


PokerStars Hand #156038419817:  Hold'em Limit ($3/$6 USD) - 2016/07/16 9:40:20 ET
Table 'Eunomia' 6-max Seat #4 is the button
Seat 3: AzureCaper ($110.53 in chips)
Seat 4: FaStBluff ($117.51 in chips)
FaStBluff: posts small blind $1
AzureCaper: posts big blind $3
*** HOLE CARDS ***
FaStBluff: folds
Uncalled bet ($2) returned to AzureCaper
AzureCaper collected $2 from pot
AzureCaper: doesn't show hand
*** SUMMARY ***
Total pot $2 | Rake $0
Seat 3: AzureCaper (big blind) collected ($2)
Seat 4: FaStBluff (button) (small blind) folded before Flop


PokerStars Hand #156038426122:  Hold'em Limit ($3/$6 USD) - 2016/07/16 9:40:32 ET
Table 'Eunomia' 6-max Seat #4 is the button
Seat 3: AzureCaper ($110.53 in chips)
Seat 4: FaStBluff ($117.51 in chips)
FaStBluff: posts small blind $1
AzureCaper: posts big blind $3
*** HOLE CARDS ***
FaStBluff: folds
Uncalled bet ($2) returned to AzureCaper
AzureCaper collected $2 from pot
AzureCaper: doesn't show hand
*** SUMMARY ***
Total pot $2 | Rake $0
Seat 3: AzureCaper (big blind) collected ($2)
Seat 4: FaStBluff (button) (small blind) folded before Flop


PokerStars Hand #156038422776:  Hold'em Limit ($3/$6 USD) - 2016/07/16 9:40:25 ET
Table 'Eunomia' 6-max Seat #3 is the button
Seat 3: AzureCaper ($111.53 in chips)
Seat 4: FaStBluff ($116.51 in chips)
AzureCaper: posts small blind $1
FaStBluff: posts big blind $3
*** HOLE CARDS ***
AzureCaper: folds
Uncalled bet ($2) returned to FaStBluff
FaStBluff collected $2 from pot
FaStBluff: doesn't show hand
*** SUMMARY ***
Total pot $2 | Rake $0
Seat 3: AzureCaper (button) (small blind) folded before Flop
Seat 4: FaStBluff (big blind) collected ($2)


PokerStars Hand #156038443651:  Hold'em Limit ($3/$6 USD) - 2016/07/16 9:41:04 ET
Table 'Eunomia' 6-max Seat #3 is the button
Seat 3: AzureCaper ($111.53 in chips)
Seat 4: FaStBluff ($116.51 in chips)
AzureCaper: posts small blind $1
FaStBluff: posts big blind $3
*** HOLE CARDS ***
AzureCaper: raises $3 to $6
FaStBluff: folds
Uncalled bet ($3) returned to AzureCaper
AzureCaper collected $6 from pot
AzureCaper: doesn't show hand
*** SUMMARY ***
Total pot $6 | Rake $0
Seat 3: AzureCaper (button) (small blind) collected ($6)
Seat 4: FaStBluff (big blind) folded before Flop


PokerStars Hand #156038438289:  Hold'em Limit ($3/$6 USD) - 2016/07/16 9:40:54 ET
Table 'Eunomia' 6-max Seat #4 is the button
Seat 3: AzureCaper ($114.53 in chips)
Seat 4: FaStBluff ($113.51 in chips)
FaStBluff: posts small blind $1
AzureCaper: posts big blind $3
*** HOLE CARDS ***
FaStBluff: raises $3 to $6
AzureCaper: folds
Uncalled bet ($3) returned to FaStBluff
FaStBluff collected $6 from pot
FaStBluff: doesn't show hand
*** SUMMARY ***
Total pot $6 | Rake $0
Seat 3: AzureCaper (big blind) folded before Flop
Seat 4: FaStBluff (button) (small blind) collected ($6)


PokerStars Hand #156038435762:  Hold'em Limit ($3/$6 USD) - 2016/07/16 9:40:49 ET
Table 'Eunomia' 6-max Seat #3 is the button
Seat 3: AzureCaper ($115.53 in chips)
Seat 4: FaStBluff ($112.51 in chips)
AzureCaper: posts small blind $1
FaStBluff: posts big blind $3
*** HOLE CARDS ***
AzureCaper: folds
Uncalled bet ($2) returned to FaStBluff
FaStBluff collected $2 from pot
FaStBluff: doesn't show hand
*** SUMMARY ***
Total pot $2 | Rake $0
Seat 3: AzureCaper (button) (small blind) folded before Flop
Seat 4: FaStBluff (big blind) collected ($2)


PokerStars Hand #156038433088:  Hold'em Limit ($3/$6 USD) - 2016/07/16 9:40:45 ET
Table 'Eunomia' 6-max Seat #4 is the button
Seat 3: AzureCaper ($114.53 in chips)
Seat 4: FaStBluff ($113.51 in chips)
FaStBluff: posts small blind $1
AzureCaper: posts big blind $3
*** HOLE CARDS ***
FaStBluff: folds
Uncalled bet ($2) returned to AzureCaper
AzureCaper collected $2 from pot
AzureCaper: doesn't show hand
*** SUMMARY ***
Total pot $2 | Rake $0
Seat 3: AzureCaper (big blind) collected ($2)
Seat 4: FaStBluff (button) (small blind) folded before Flop


PokerStars Hand #156038428835:  Hold'em Limit ($3/$6 USD) - 2016/07/16 9:40:37 ET
Table 'Eunomia' 6-max Seat #3 is the button
Seat 3: AzureCaper ($111.53 in chips)
Seat 4: FaStBluff ($116.51 in chips)
AzureCaper: posts small blind $1
FaStBluff: posts big blind $3
*** HOLE CARDS ***
AzureCaper: raises $3 to $6
FaStBluff: folds
Uncalled bet ($3) returned to AzureCaper
AzureCaper collected $6 from pot
AzureCaper: doesn't show hand
*** SUMMARY ***
Total pot $6 | Rake $0
Seat 3: AzureCaper (button) (small blind) collected ($6)
Seat 4: FaStBluff (big blind) folded before Flop


PokerStars Hand #156038411759:  Hold'em Limit ($3/$6 USD) - 2016/07/16 9:40:05 ET
Table 'Eunomia' 6-max Seat #3 is the button
Seat 3: AzureCaper ($110.78 in chips)
Seat 4: FaStBluff ($117.76 in chips)
AzureCaper: posts small blind $1
FaStBluff: posts big blind $3
*** HOLE CARDS ***
AzureCaper: raises $3 to $6
FaStBluff: calls $3
*** FLOP *** [Jh Td 9c]
FaStBluff: checks
AzureCaper: checks
*** TURN *** [Jh Td 9c] [Qh]
FaStBluff: bets $6
AzureCaper: calls $6
*** RIVER *** [Jh Td 9c Qh] [Jd]
FaStBluff: bets $6
AzureCaper: calls $6
*** SHOW DOWN ***
FaStBluff: shows [Ks Tc] (a straight, Nine to King)
AzureCaper: shows [Kc 9h] (a straight, Nine to King)
FaStBluff collected $17.75 from pot
AzureCaper collected $17.75 from pot
*** SUMMARY ***
Total pot $36 | Rake $0.50
Board [Jh Td 9c Qh Jd]
Seat 3: AzureCaper (button) (small blind) showed [Kc 9h] and won ($17.75) with a straight, Nine to King
Seat 4: FaStBluff (big blind) showed [Ks Tc] and won ($17.75) with a straight, Nine to King


PokerStars Hand #156038472554:  Hold'em Limit ($3/$6 USD) - 2016/07/16 9:41:57 ET
Table 'Eunomia' 6-max Seat #4 is the button
Seat 3: AzureCaper ($82.28 in chips)
Seat 4: FaStBluff ($144.76 in chips)
FaStBluff: posts small blind $1
AzureCaper: posts big blind $3
*** HOLE CARDS ***
FaStBluff: raises $3 to $6
AzureCaper: folds
Uncalled bet ($3) returned to FaStBluff
FaStBluff collected $6 from pot
FaStBluff: doesn't show hand
*** SUMMARY ***
Total pot $6 | Rake $0
Seat 3: AzureCaper (big blind) folded before Flop
Seat 4: FaStBluff (button) (small blind) collected ($6)


PokerStars Hand #156038469953:  Hold'em Limit ($3/$6 USD) - 2016/07/16 9:41:52 ET
Table 'Eunomia' 6-max Seat #3 is the button
Seat 3: AzureCaper ($79.28 in chips)
Seat 4: FaStBluff ($147.76 in chips)
AzureCaper: posts small blind $1
FaStBluff: posts big blind $3
*** HOLE CARDS ***
AzureCaper: raises $3 to $6
FaStBluff: folds
Uncalled bet ($3) returned to AzureCaper
AzureCaper collected $6 from pot
AzureCaper: doesn't show hand
*** SUMMARY ***
Total pot $6 | Rake $0
Seat 3: AzureCaper (button) (small blind) collected ($6)
Seat 4: FaStBluff (big blind) folded before Flop


PokerStars Hand #156038467431:  Hold'em Limit ($3/$6 USD) - 2016/07/16 9:41:47 ET
Table 'Eunomia' 6-max Seat #4 is the button
Seat 3: AzureCaper ($78.28 in chips)
Seat 4: FaStBluff ($148.76 in chips)
FaStBluff: posts small blind $1
AzureCaper: posts big blind $3
*** HOLE CARDS ***
FaStBluff: folds
Uncalled bet ($2) returned to AzureCaper
AzureCaper collected $2 from pot
AzureCaper: doesn't show hand
*** SUMMARY ***
Total pot $2 | Rake $0
Seat 3: AzureCaper (big blind) collected ($2)
Seat 4: FaStBluff (button) (small blind) folded before Flop


PokerStars Hand #156038456831:  Hold'em Limit ($3/$6 USD) - 2016/07/16 9:41:28 ET
Table 'Eunomia' 6-max Seat #3 is the button
Seat 3: AzureCaper ($78.53 in chips)
Seat 4: FaStBluff ($149.01 in chips)
AzureCaper: posts small blind $1
FaStBluff: posts big blind $3
*** HOLE CARDS ***
AzureCaper: raises $3 to $6
FaStBluff: calls $3
*** FLOP *** [6h 9c 7h]
FaStBluff: checks
AzureCaper: bets $3
FaStBluff: raises $3 to $6
AzureCaper: raises $3 to $9
FaStBluff: calls $3
*** TURN *** [6h 9c 7h] [5c]
FaStBluff: checks
AzureCaper: bets $6
FaStBluff: raises $6 to $12
AzureCaper: raises $6 to $18
FaStBluff: raises $6 to $24
Betting is capped
AzureCaper: calls $6
*** RIVER *** [6h 9c 7h 5c] [4c]
FaStBluff: bets $6
AzureCaper: calls $6
*** SHOW DOWN ***
FaStBluff: shows [9h 8h] (a straight, Five to Nine)
AzureCaper: shows [8s 8d] (a straight, Five to Nine)
FaStBluff collected $44.75 from pot
AzureCaper collected $44.75 from pot
*** SUMMARY ***
Total pot $90 | Rake $0.50
Board [6h 9c 7h 5c 4c]
Seat 3: AzureCaper (button) (small blind) showed [8s 8d] and won ($44.75) with a straight, Five to Nine
Seat 4: FaStBluff (big blind) showed [9h 8h] and won ($44.75) with a straight, Five to Nine


PokerStars Hand #156038446499:  Hold'em Limit ($3/$6 USD) - 2016/07/16 9:41:09 ET
Table 'Eunomia' 6-max Seat #4 is the button
Seat 3: AzureCaper ($114.53 in chips)
Seat 4: FaStBluff ($113.51 in chips)
FaStBluff: posts small blind $1
AzureCaper: posts big blind $3
*** HOLE CARDS ***
FaStBluff: raises $3 to $6
AzureCaper: raises $3 to $9
FaStBluff: calls $3
*** FLOP *** [3c 2d 8d]
AzureCaper: bets $3
FaStBluff: calls $3
*** TURN *** [3c 2d 8d] [Ac]
AzureCaper: bets $6
FaStBluff: raises $6 to $12
AzureCaper: raises $6 to $18
FaStBluff: calls $6
*** RIVER *** [3c 2d 8d Ac] [7s]
AzureCaper: bets $6
FaStBluff: calls $6
*** SHOW DOWN ***
AzureCaper: shows [Ad Kh] (a pair of Aces)
FaStBluff: shows [3h Ah] (two pair, Aces and Threes)
FaStBluff collected $71.50 from pot
*** SUMMARY ***
Total pot $72 | Rake $0.50
Board [3c 2d 8d Ac 7s]
Seat 3: AzureCaper (big blind) showed [Ad Kh] and lost with a pair of Aces
Seat 4: FaStBluff (button) (small blind) showed [3h Ah] and won ($71.50) with two pair, Aces and Threes


PokerStars Hand #156038501070:  Hold'em Limit ($3/$6 USD) - 2016/07/16 9:42:49 ET
Table 'Eunomia' 6-max Seat #4 is the button
Seat 3: AzureCaper ($85.78 in chips)
Seat 4: FaStBluff ($140.76 in chips)
FaStBluff: posts small blind $1
AzureCaper: posts big blind $3
*** HOLE CARDS ***
FaStBluff: folds
Uncalled bet ($2) returned to AzureCaper
perten joins the table at seat #5
AzureCaper collected $2 from pot
AzureCaper: doesn't show hand
*** SUMMARY ***
Total pot $2 | Rake $0
Seat 3: AzureCaper (big blind) collected ($2)
Seat 4: FaStBluff (button) (small blind) folded before Flop


PokerStars Hand #156038498779:  Hold'em Limit ($3/$6 USD) - 2016/07/16 9:42:45 ET
Table 'Eunomia' 6-max Seat #3 is the button
Seat 3: AzureCaper ($86.78 in chips)
Seat 4: FaStBluff ($139.76 in chips)
AzureCaper: posts small blind $1
FaStBluff: posts big blind $3
*** HOLE CARDS ***
AzureCaper: folds
Uncalled bet ($2) returned to FaStBluff
FaStBluff collected $2 from pot
FaStBluff: doesn't show hand
*** SUMMARY ***
Total pot $2 | Rake $0
Seat 3: AzureCaper (button) (small blind) folded before Flop
Seat 4: FaStBluff (big blind) collected ($2)


PokerStars Hand #156038492284:  Hold'em Limit ($3/$6 USD) - 2016/07/16 9:42:33 ET
Table 'Eunomia' 6-max Seat #4 is the button
Seat 3: AzureCaper ($89.78 in chips)
Seat 4: FaStBluff ($136.76 in chips)
FaStBluff: posts small blind $1
AzureCaper: posts big blind $3
*** HOLE CARDS ***
FaStBluff: raises $3 to $6
AzureCaper: folds
Uncalled bet ($3) returned to FaStBluff
FaStBluff collected $6 from pot
FaStBluff: doesn't show hand
*** SUMMARY ***
Total pot $6 | Rake $0
Seat 3: AzureCaper (big blind) folded before Flop
Seat 4: FaStBluff (button) (small blind) collected ($6)


PokerStars Hand #156038489691:  Hold'em Limit ($3/$6 USD) - 2016/07/16 9:42:28 ET
Table 'Eunomia' 6-max Seat #3 is the button
Seat 3: AzureCaper ($90.78 in chips)
Seat 4: FaStBluff ($135.76 in chips)
AzureCaper: posts small blind $1
FaStBluff: posts big blind $3
*** HOLE CARDS ***
AzureCaper: folds
Uncalled bet ($2) returned to FaStBluff
FaStBluff collected $2 from pot
FaStBluff: doesn't show hand
*** SUMMARY ***
Total pot $2 | Rake $0
Seat 3: AzureCaper (button) (small blind) folded before Flop
Seat 4: FaStBluff (big blind) collected ($2)


PokerStars Hand #156038487143:  Hold'em Limit ($3/$6 USD) - 2016/07/16 9:42:24 ET
Table 'Eunomia' 6-max Seat #4 is the button
Seat 3: AzureCaper ($89.78 in chips)
Seat 4: FaStBluff ($136.76 in chips)
FaStBluff: posts small blind $1
AzureCaper: posts big blind $3
*** HOLE CARDS ***
FaStBluff: folds
Uncalled bet ($2) returned to AzureCaper
AzureCaper collected $2 from pot
AzureCaper: doesn't show hand
*** SUMMARY ***
Total pot $2 | Rake $0
Seat 3: AzureCaper (big blind) collected ($2)
Seat 4: FaStBluff (button) (small blind) folded before Flop


PokerStars Hand #156038484863:  Hold'em Limit ($3/$6 USD) - 2016/07/16 9:42:19 ET
Table 'Eunomia' 6-max Seat #3 is the button
Seat 3: AzureCaper ($90.78 in chips)
Seat 4: FaStBluff ($135.76 in chips)
AzureCaper: posts small blind $1
FaStBluff: posts big blind $3
*** HOLE CARDS ***
AzureCaper: folds
Uncalled bet ($2) returned to FaStBluff
FaStBluff collected $2 from pot
FaStBluff: doesn't show hand
*** SUMMARY ***
Total pot $2 | Rake $0
Seat 3: AzureCaper (button) (small blind) folded before Flop
Seat 4: FaStBluff (big blind) collected ($2)


PokerStars Hand #156038482422:  Hold'em Limit ($3/$6 USD) - 2016/07/16 9:42:15 ET
Table 'Eunomia' 6-max Seat #4 is the button
Seat 3: AzureCaper ($93.78 in chips)
Seat 4: FaStBluff ($132.76 in chips)
FaStBluff: posts small blind $1
AzureCaper: posts big blind $3
*** HOLE CARDS ***
FaStBluff: raises $3 to $6
AzureCaper: folds
Uncalled bet ($3) returned to FaStBluff
FaStBluff collected $6 from pot
FaStBluff: doesn't show hand
*** SUMMARY ***
Total pot $6 | Rake $0
Seat 3: AzureCaper (big blind) folded before Flop
Seat 4: FaStBluff (button) (small blind) collected ($6)


PokerStars Hand #156038475378:  Hold'em Limit ($3/$6 USD) - 2016/07/16 9:42:02 ET
Table 'Eunomia' 6-max Seat #3 is the button
Seat 3: AzureCaper ($79.28 in chips)
Seat 4: FaStBluff ($147.76 in chips)
AzureCaper: posts small blind $1
FaStBluff: posts big blind $3
*** HOLE CARDS ***
AzureCaper: raises $3 to $6
FaStBluff: raises $3 to $9
AzureCaper: calls $3
*** FLOP *** [4c Ts Kc]
FaStBluff: bets $3
AzureCaper: raises $3 to $6
FaStBluff: calls $3
*** TURN *** [4c Ts Kc] [6d]
FaStBluff: checks
AzureCaper: bets $6
FaStBluff: folds
Uncalled bet ($6) returned to AzureCaper
AzureCaper collected $29.50 from pot
AzureCaper: doesn't show hand
*** SUMMARY ***
Total pot $30 | Rake $0.50
Board [4c Ts Kc 6d]
Seat 3: AzureCaper (button) (small blind) collected ($29.50)
Seat 4: FaStBluff (big blind) folded on the Turn


PokerStars Hand #156038542116:  Hold'em Limit ($3/$6 USD) - 2016/07/16 9:44:05 ET
Table 'Eunomia' 6-max Seat #4 is the button
Seat 3: AzureCaper ($85.06 in chips)
Seat 4: FaStBluff ($155.26 in chips)
FaStBluff: posts small blind $1
AzureCaper: posts big blind $3
*** HOLE CARDS ***
FaStBluff: folds
Uncalled bet ($2) returned to AzureCaper
AzureCaper collected $2 from pot
AzureCaper: doesn't show hand
*** SUMMARY ***
Total pot $2 | Rake $0
Seat 3: AzureCaper (big blind) collected ($2)
Seat 4: FaStBluff (button) (small blind) folded before Flop


PokerStars Hand #156038535057:  Hold'em Limit ($3/$6 USD) - 2016/07/16 9:43:52 ET
Table 'Eunomia' 6-max Seat #3 is the button
Seat 3: AzureCaper ($91.06 in chips)
Seat 4: FaStBluff ($149.50 in chips)
AzureCaper: posts small blind $1
FaStBluff: posts big blind $3
*** HOLE CARDS ***
AzureCaper: raises $3 to $6
FaStBluff: calls $3
*** FLOP *** [Qh Ks Ac]
FaStBluff: bets $3
AzureCaper: folds
Uncalled bet ($3) returned to FaStBluff
FaStBluff collected $11.76 from pot
FaStBluff: doesn't show hand
*** SUMMARY ***
Total pot $12 | Rake $0.24
Board [Qh Ks Ac]
Seat 3: AzureCaper (button) (small blind) folded on the Flop
Seat 4: FaStBluff (big blind) collected ($11.76)


PokerStars Hand #156038532387:  Hold'em Limit ($3/$6 USD) - 2016/07/16 9:43:47 ET
Table 'Eunomia' 6-max Seat #4 is the button
Seat 3: AzureCaper ($90.06 in chips)
Seat 4: FaStBluff ($150.50 in chips)
FaStBluff: posts small blind $1
AzureCaper: posts big blind $3
*** HOLE CARDS ***
FaStBluff: folds
Uncalled bet ($2) returned to AzureCaper
AzureCaper collected $2 from pot
AzureCaper: doesn't show hand
*** SUMMARY ***
Total pot $2 | Rake $0
Seat 3: AzureCaper (big blind) collected ($2)
Seat 4: FaStBluff (button) (small blind) folded before Flop


PokerStars Hand #156038552035:  Hold'em Limit ($3/$6 USD) - 2016/07/16 9:44:24 ET
Table 'Eunomia' 6-max Seat #3 is the button
Seat 3: AzureCaper ($86.06 in chips)
Seat 4: FaStBluff ($154.26 in chips)
AzureCaper: posts small blind $1
FaStBluff: posts big blind $3
*** HOLE CARDS ***
AzureCaper: raises $3 to $6
FaStBluff: folds
Uncalled bet ($3) returned to AzureCaper
AzureCaper collected $6 from pot
AzureCaper: doesn't show hand
*** SUMMARY ***
Total pot $6 | Rake $0
Seat 3: AzureCaper (button) (small blind) collected ($6)
Seat 4: FaStBluff (big blind) folded before Flop


PokerStars Hand #156038548764:  Hold'em Limit ($3/$6 USD) - 2016/07/16 9:44:18 ET
Table 'Eunomia' 6-max Seat #4 is the button
Seat 3: AzureCaper ($85.06 in chips)
Seat 4: FaStBluff ($155.26 in chips)
FaStBluff: posts small blind $1
AzureCaper: posts big blind $3
*** HOLE CARDS ***
FaStBluff: folds
Uncalled bet ($2) returned to AzureCaper
AzureCaper collected $2 from pot
AzureCaper: doesn't show hand
*** SUMMARY ***
Total pot $2 | Rake $0
Seat 3: AzureCaper (big blind) collected ($2)
Seat 4: FaStBluff (button) (small blind) folded before Flop


PokerStars Hand #156038565916:  Hold'em Limit ($3/$6 USD) - 2016/07/16 9:44:49 ET
Table 'Eunomia' 6-max Seat #4 is the button
Seat 3: AzureCaper ($72 in chips)
Seat 4: FaStBluff ($170.76 in chips)
FaStBluff: posts small blind $1
AzureCaper: posts big blind $3
*** HOLE CARDS ***
FaStBluff: raises $3 to $6
AzureCaper: calls $3
*** FLOP *** [8s 9h 4d]
AzureCaper: checks
FaStBluff: bets $3
AzureCaper: calls $3
*** TURN *** [8s 9h 4d] [3c]
AzureCaper: checks
FaStBluff: bets $6
AzureCaper: calls $6
*** RIVER *** [8s 9h 4d 3c] [Qc]
AzureCaper: checks
FaStBluff: checks
*** SHOW DOWN ***
AzureCaper: shows [Ks Jc] (high card King)
FaStBluff: shows [Kh Js] (high card King)
AzureCaper collected $14.75 from pot
FaStBluff collected $14.75 from pot
*** SUMMARY ***
Total pot $30 | Rake $0.50
Board [8s 9h 4d 3c Qc]
Seat 3: AzureCaper (big blind) showed [Ks Jc] and won ($14.75) with high card King
Seat 4: FaStBluff (button) (small blind) showed [Kh Js] and won ($14.75) with high card King


PokerStars Hand #156038557941:  Hold'em Limit ($3/$6 USD) - 2016/07/16 9:44:34 ET
Table 'Eunomia' 6-max Seat #3 is the button
Seat 3: AzureCaper ($90.06 in chips)
Seat 4: FaStBluff ($150.26 in chips)
AzureCaper: posts small blind $1
FaStBluff: posts big blind $3
*** HOLE CARDS ***
AzureCaper: raises $3 to $6
FaStBluff: raises $3 to $9
AzureCaper: calls $3
*** FLOP *** [4s 9h 8h]
FaStBluff: bets $3
AzureCaper: raises $3 to $6
FaStBluff: calls $3
*** TURN *** [4s 9h 8h] [9d]
FaStBluff: checks
AzureCaper: bets $6
FaStBluff: calls $6
*** RIVER *** [4s 9h 8h 9d] [6c]
FaStBluff: checks
AzureCaper: checks
*** SHOW DOWN ***
FaStBluff: shows [Kc As] (a pair of Nines)
AzureCaper: mucks hand
FaStBluff collected $41.50 from pot
*** SUMMARY ***
Total pot $42 | Rake $0.50
Board [4s 9h 8h 9d 6c]
Seat 3: AzureCaper (button) (small blind) mucked
Seat 4: FaStBluff (big blind) showed [Kc As] and won ($41.50) with a pair of Nines


PokerStars Hand #156038544487:  Hold'em Limit ($3/$6 USD) - 2016/07/16 9:44:10 ET
Table 'Eunomia' 6-max Seat #3 is the button
Seat 3: AzureCaper ($86.06 in chips)
Seat 4: FaStBluff ($154.26 in chips)
AzureCaper: posts small blind $1
FaStBluff: posts big blind $3
*** HOLE CARDS ***
AzureCaper: folds
Uncalled bet ($2) returned to FaStBluff
FaStBluff collected $2 from pot
FaStBluff: doesn't show hand
*** SUMMARY ***
Total pot $2 | Rake $0
Seat 3: AzureCaper (button) (small blind) folded before Flop
Seat 4: FaStBluff (big blind) collected ($2)


PokerStars Hand #156038600980:  Hold'em Limit ($3/$6 USD) - 2016/07/16 9:45:54 ET
Table 'Eunomia' 6-max Seat #3 is the button
Seat 3: AzureCaper ($95.50 in chips)
Seat 4: FaStBluff ($147.51 in chips)
AzureCaper: posts small blind $1
FaStBluff: posts big blind $3
*** HOLE CARDS ***
AzureCaper: raises $3 to $6
FaStBluff: raises $3 to $9
AzureCaper: calls $3
*** FLOP *** [Jd 9h Ac]
FaStBluff: bets $3
AzureCaper: calls $3
*** TURN *** [Jd 9h Ac] [4h]
FaStBluff: bets $6
AzureCaper: calls $6
*** RIVER *** [Jd 9h Ac 4h] [4d]
FaStBluff: bets $6
AzureCaper: calls $6
*** SHOW DOWN ***
FaStBluff: shows [Tc Ad] (two pair, Aces and Fours)
AzureCaper: mucks hand
FaStBluff collected $47.50 from pot
*** SUMMARY ***
Total pot $48 | Rake $0.50
Board [Jd 9h Ac 4h 4d]
Seat 3: AzureCaper (button) (small blind) mucked
Seat 4: FaStBluff (big blind) showed [Tc Ad] and won ($47.50) with two pair, Aces and Fours


PokerStars Hand #156038592778:  Hold'em Limit ($3/$6 USD) - 2016/07/16 9:45:39 ET
Table 'Eunomia' 6-max Seat #3 is the button
Seat 3: AzureCaper ($95.50 in chips)
Seat 4: FaStBluff ($147.51 in chips)
AzureCaper: posts small blind $1
FaStBluff: posts big blind $3
*** HOLE CARDS ***
AzureCaper: raises $3 to $6
FaStBluff: folds
Uncalled bet ($3) returned to AzureCaper
AzureCaper collected $6 from pot
AzureCaper: doesn't show hand
*** SUMMARY ***
Total pot $6 | Rake $0
Seat 3: AzureCaper (button) (small blind) collected ($6)
Seat 4: FaStBluff (big blind) folded before Flop


PokerStars Hand #156038580326:  Hold'em Limit ($3/$6 USD) - 2016/07/16 9:45:16 ET
Table 'Eunomia' 6-max Seat #4 is the button
Seat 3: AzureCaper ($72 in chips)
Seat 4: FaStBluff ($171.51 in chips)
FaStBluff: posts small blind $1
AzureCaper: posts big blind $3
*** HOLE CARDS ***
FaStBluff: raises $3 to $6
AzureCaper: calls $3
*** FLOP *** [9s Jh 3d]
AzureCaper: checks
FaStBluff: bets $3
AzureCaper: raises $3 to $6
FaStBluff: calls $3
*** TURN *** [9s Jh 3d] [Jd]
AzureCaper: bets $6
FaStBluff: calls $6
*** RIVER *** [9s Jh 3d Jd] [8c]
AzureCaper: bets $6
FaStBluff: calls $6
*** SHOW DOWN ***
AzureCaper: shows [7h Th] (a straight, Seven to Jack)
FaStBluff: mucks hand
AzureCaper collected $47.50 from pot
*** SUMMARY ***
Total pot $48 | Rake $0.50
Board [9s Jh 3d Jd 8c]
Seat 3: AzureCaper (big blind) showed [7h Th] and won ($47.50) with a straight, Seven to Jack
Seat 4: FaStBluff (button) (small blind) mucked


PokerStars Hand #156038578009:  Hold'em Limit ($3/$6 USD) - 2016/07/16 9:45:11 ET
Table 'Eunomia' 6-max Seat #3 is the button
Seat 3: AzureCaper ($72 in chips)
Seat 4: FaStBluff ($170.51 in chips)
AzureCaper: posts small blind $1
FaStBluff: posts big blind $3
*** HOLE CARDS ***
AzureCaper: folds
Uncalled bet ($2) returned to FaStBluff
FaStBluff collected $2 from pot
FaStBluff: doesn't show hand
*** SUMMARY ***
Total pot $2 | Rake $0
Seat 3: AzureCaper (button) (small blind) folded before Flop
Seat 4: FaStBluff (big blind) collected ($2)


PokerStars Hand #156038625694:  Hold'em Limit ($3/$6 USD) - 2016/07/16 9:46:40 ET
Table 'Eunomia' 6-max Seat #4 is the button
Seat 3: AzureCaper ($77.76 in chips)
Seat 4: FaStBluff ($179.51 in chips)
FaStBluff: posts small blind $1
AzureCaper: posts big blind $3
*** HOLE CARDS ***
FaStBluff: raises $3 to $6
AzureCaper: calls $3
*** FLOP *** [3h Ad Td]
AzureCaper: checks
FaStBluff: bets $3
AzureCaper: folds
Uncalled bet ($3) returned to FaStBluff
FaStBluff collected $11.76 from pot
FaStBluff: doesn't show hand
*** SUMMARY ***
Total pot $12 | Rake $0.24
Board [3h Ad Td]
Seat 3: AzureCaper (big blind) folded on the Flop
Seat 4: FaStBluff (button) (small blind) collected ($11.76)


PokerStars Hand #156038619295:  Hold'em Limit ($3/$6 USD) - 2016/07/16 9:46:28 ET
Table 'Eunomia' 6-max Seat #3 is the button
Seat 3: AzureCaper ($72 in chips)
Seat 4: FaStBluff ($185.51 in chips)
AzureCaper: posts small blind $1
FaStBluff: posts big blind $3
*** HOLE CARDS ***
AzureCaper: raises $3 to $6
FaStBluff: calls $3
*** FLOP *** [Kc As 7h]
FaStBluff: checks
AzureCaper: bets $3
FaStBluff: folds
Uncalled bet ($3) returned to AzureCaper
AzureCaper collected $11.76 from pot
AzureCaper: doesn't show hand
*** SUMMARY ***
Total pot $12 | Rake $0.24
Board [Kc As 7h]
Seat 3: AzureCaper (button) (small blind) collected ($11.76)
Seat 4: FaStBluff (big blind) folded on the Flop


PokerStars Hand #156038607917:  Hold'em Limit ($3/$6 USD) - 2016/07/16 9:46:07 ET
Table 'Eunomia' 6-max Seat #4 is the button
Seat 3: AzureCaper ($72 in chips)
Seat 4: FaStBluff ($171.01 in chips)
FaStBluff: posts small blind $1
AzureCaper: posts big blind $3
*** HOLE CARDS ***
FaStBluff: raises $3 to $6
AzureCaper: calls $3
*** FLOP *** [3h 2c 8c]
AzureCaper: checks
FaStBluff: bets $3
AzureCaper: calls $3
*** TURN *** [3h 2c 8c] [4h]
AzureCaper: checks
FaStBluff: bets $6
AzureCaper: calls $6
*** RIVER *** [3h 2c 8c 4h] [6s]
AzureCaper: checks
FaStBluff: bets $6
AzureCaper: folds
Uncalled bet ($6) returned to FaStBluff
FaStBluff collected $29.50 from pot
FaStBluff: doesn't show hand
*** SUMMARY ***
Total pot $30 | Rake $0.50
Board [3h 2c 8c 4h 6s]
Seat 3: AzureCaper (big blind) folded on the River
Seat 4: FaStBluff (button) (small blind) collected ($29.50)


