PokerStars Hand #166343576284:  Hold'em Limit ($3/$6 USD) - 2017/02/17 9:44:48 ET
Table 'Eunomia II' 6-max Seat #4 is the button
Seat 2: belik555 ($90 in chips)
Seat 4: AzureCaper ($89.28 in chips)
AzureCaper: posts small blind $1
belik555: posts big blind $3
*** HOLE CARDS ***
AzureCaper: raises $3 to $6
belik555: folds
Uncalled bet ($3) returned to AzureCaper
AzureCaper collected $6 from pot
AzureCaper: doesn't show hand
*** SUMMARY ***
Total pot $6 | Rake $0
Seat 2: belik555 (big blind) folded before Flop
Seat 4: AzureCaper (button) (small blind) collected ($6)


PokerStars Hand #166343562340:  Hold'em Limit ($3/$6 USD) - 2017/02/17 9:44:27 ET
Table 'Eunomia II' 6-max Seat #2 is the button
Seat 2: belik555 ($90 in chips)
Seat 4: AzureCaper ($77.76 in chips)
belik555: posts small blind $1
AzureCaper: posts big blind $3
*** HOLE CARDS ***
belik555: raises $3 to $6
AzureCaper: raises $3 to $9
belik555: calls $3
*** FLOP *** [Jc 2c 7h]
AzureCaper: bets $3
belik555: calls $3
*** TURN *** [Jc 2c 7h] [5c]
AzureCaper: bets $6
belik555: folds
Uncalled bet ($6) returned to AzureCaper
AzureCaper collected $23.52 from pot
AzureCaper: doesn't show hand
*** SUMMARY ***
Total pot $24 | Rake $0.48
Board [Jc 2c 7h 5c]
Seat 2: belik555 (button) (small blind) folded on the Turn
Seat 4: AzureCaper (big blind) collected ($23.52)


