PokerStars Hand #166529320465:  Hold'em Limit ($3/$6 USD) - 2017/02/20 19:14:55 ET
Table 'Eunomia' 10-max Seat #1 is the button
Seat 1: maxthecat11 ($57.61 in chips)
Seat 7: TinaTurner72 ($173.10 in chips)
maxthecat11: posts small blind $1
TinaTurner72: posts big blind $3
*** HOLE CARDS ***
Zubasa07 leaves the table
maxthecat11: folds
Uncalled bet ($2) returned to TinaTurner72
TinaTurner72 collected $2 from pot
TinaTurner72: doesn't show hand
*** SUMMARY ***
Total pot $2 | Rake $0
Seat 1: maxthecat11 (button) (small blind) folded before Flop
Seat 7: TinaTurner72 (big blind) collected ($2)


PokerStars Hand #166529306855:  Hold'em Limit ($3/$6 USD) - 2017/02/20 19:14:34 ET
Table 'Eunomia' 10-max Seat #7 is the button
Seat 1: maxthecat11 ($75.61 in chips)
Seat 7: TinaTurner72 ($155.60 in chips)
TinaTurner72: posts small blind $1
maxthecat11: posts big blind $3
*** HOLE CARDS ***
TinaTurner72: raises $3 to $6
maxthecat11: calls $3
*** FLOP *** [6s 9c 2h]
maxthecat11: bets $3
TinaTurner72: raises $3 to $6
maxthecat11: calls $3
*** TURN *** [6s 9c 2h] [7h]
maxthecat11: checks
TinaTurner72: bets $6
maxthecat11: calls $6
*** RIVER *** [6s 9c 2h 7h] [Jh]
maxthecat11: checks
TinaTurner72: bets $6
maxthecat11: folds
Uncalled bet ($6) returned to TinaTurner72
TinaTurner72 collected $35.50 from pot
TinaTurner72: doesn't show hand
*** SUMMARY ***
Total pot $36 | Rake $0.50
Board [6s 9c 2h 7h Jh]
Seat 1: maxthecat11 (big blind) folded on the River
Seat 7: TinaTurner72 (button) (small blind) collected ($35.50)


PokerStars Hand #166529323709:  Hold'em Limit ($3/$6 USD) - 2017/02/20 19:15:01 ET
Table 'Eunomia' 10-max Seat #7 is the button
Seat 1: maxthecat11 ($56.61 in chips)
Seat 7: TinaTurner72 ($174.10 in chips)
TinaTurner72: posts small blind $1
maxthecat11: posts big blind $3
*** HOLE CARDS ***
TinaTurner72: raises $3 to $6
maxthecat11: folds
Uncalled bet ($3) returned to TinaTurner72
TinaTurner72 collected $6 from pot
TinaTurner72: doesn't show hand
*** SUMMARY ***
Total pot $6 | Rake $0
Seat 1: maxthecat11 (big blind) folded before Flop
Seat 7: TinaTurner72 (button) (small blind) collected ($6)


PokerStars Hand #166529327473:  Hold'em Limit ($3/$6 USD) - 2017/02/20 19:15:06 ET
Table 'Eunomia' 10-max Seat #1 is the button
Seat 1: maxthecat11 ($53.61 in chips)
Seat 7: TinaTurner72 ($177.10 in chips)
maxthecat11: posts small blind $1
TinaTurner72: posts big blind $3
*** HOLE CARDS ***
maxthecat11: raises $3 to $6
TinaTurner72: folds
Uncalled bet ($3) returned to maxthecat11
maxthecat11 collected $6 from pot
maxthecat11: doesn't show hand
*** SUMMARY ***
Total pot $6 | Rake $0
Seat 1: maxthecat11 (button) (small blind) collected ($6)
Seat 7: TinaTurner72 (big blind) folded before Flop


PokerStars Hand #166529332491:  Hold'em Limit ($3/$6 USD) - 2017/02/20 19:15:14 ET
Table 'Eunomia' 10-max Seat #7 is the button
Seat 1: maxthecat11 ($56.61 in chips)
Seat 7: TinaTurner72 ($174.10 in chips)
TinaTurner72: posts small blind $1
maxthecat11: posts big blind $3
*** HOLE CARDS ***
TinaTurner72: raises $3 to $6
maxthecat11: raises $3 to $9
TinaTurner72: calls $3
*** FLOP *** [5s Ad 5d]
maxthecat11: bets $3
TinaTurner72: calls $3
*** TURN *** [5s Ad 5d] [6s]
maxthecat11: bets $6
TinaTurner72: calls $6
*** RIVER *** [5s Ad 5d 6s] [4d]
maxthecat11: bets $6
TinaTurner72: calls $6
*** SHOW DOWN ***
maxthecat11: shows [Ac Jd] (two pair, Aces and Fives)
TinaTurner72: mucks hand
maxthecat11 collected $47.50 from pot
maxthecat11 said, "&-B"
*** SUMMARY ***
Total pot $48 | Rake $0.50
Board [5s Ad 5d 6s 4d]
Seat 1: maxthecat11 (big blind) showed [Ac Jd] and won ($47.50) with two pair, Aces and Fives
Seat 7: TinaTurner72 (button) (small blind) mucked


PokerStars Hand #166529297247:  Hold'em Limit ($3/$6 USD) - 2017/02/20 19:14:19 ET
Table 'Eunomia' 10-max Seat #1 is the button
Seat 1: maxthecat11 ($81.61 in chips)
Seat 7: TinaTurner72 ($149.84 in chips)
maxthecat11: posts small blind $1
Zubasa07: is sitting out
TinaTurner72: posts big blind $3
*** HOLE CARDS ***
maxthecat11: raises $3 to $6
TinaTurner72: calls $3
*** FLOP *** [2c 2h Jc]
TinaTurner72: checks
maxthecat11: checks
*** TURN *** [2c 2h Jc] [Js]
TinaTurner72: checks
maxthecat11: checks
*** RIVER *** [2c 2h Jc Js] [7h]
TinaTurner72: checks
maxthecat11: checks
*** SHOW DOWN ***
TinaTurner72: shows [8s Kh] (two pair, Jacks and Deuces)
maxthecat11: mucks hand
TinaTurner72 collected $11.76 from pot
*** SUMMARY ***
Total pot $12 | Rake $0.24
Board [2c 2h Jc Js 7h]
Seat 1: maxthecat11 (button) (small blind) mucked
Seat 7: TinaTurner72 (big blind) showed [8s Kh] and won ($11.76) with two pair, Jacks and Deuces


PokerStars Hand #166529344075:  Hold'em Limit ($3/$6 USD) - 2017/02/20 19:15:32 ET
Table 'Eunomia' 10-max Seat #1 is the button
Seat 1: maxthecat11 ($80.11 in chips)
Seat 7: TinaTurner72 ($150.10 in chips)
maxthecat11: posts small blind $1
TinaTurner72: posts big blind $3
*** HOLE CARDS ***
maxthecat11: raises $3 to $6
TinaTurner72: calls $3
*** FLOP *** [Ad 6s 5h]
TinaTurner72: checks
maxthecat11: bets $3
TinaTurner72: raises $3 to $6
maxthecat11: folds
Uncalled bet ($3) returned to TinaTurner72
TinaTurner72 collected $17.64 from pot
TinaTurner72: doesn't show hand
*** SUMMARY ***
Total pot $18 | Rake $0.36
Board [Ad 6s 5h]
Seat 1: maxthecat11 (button) (small blind) folded on the Flop
Seat 7: TinaTurner72 (big blind) collected ($17.64)


PokerStars Hand #166529352195:  Hold'em Limit ($3/$6 USD) - 2017/02/20 19:15:45 ET
Table 'Eunomia' 10-max Seat #7 is the button
Seat 1: maxthecat11 ($71.11 in chips)
Seat 7: TinaTurner72 ($158.74 in chips)
TinaTurner72: posts small blind $1
maxthecat11: posts big blind $3
*** HOLE CARDS ***
TinaTurner72: raises $3 to $6
maxthecat11: calls $3
*** FLOP *** [7d 9d Ad]
maxthecat11: checks
TinaTurner72: bets $3
maxthecat11: folds
Uncalled bet ($3) returned to TinaTurner72
TinaTurner72 collected $11.76 from pot
TinaTurner72: doesn't show hand
*** SUMMARY ***
Total pot $12 | Rake $0.24
Board [7d 9d Ad]
Seat 1: maxthecat11 (big blind) folded on the Flop
Seat 7: TinaTurner72 (button) (small blind) collected ($11.76)


PokerStars Hand #166529357840:  Hold'em Limit ($3/$6 USD) - 2017/02/20 19:15:54 ET
Table 'Eunomia' 10-max Seat #1 is the button
Seat 1: maxthecat11 ($65.11 in chips)
Seat 7: TinaTurner72 ($164.50 in chips)
maxthecat11: posts small blind $1
TinaTurner72: posts big blind $3
*** HOLE CARDS ***
maxthecat11: raises $3 to $6
TinaTurner72: calls $3
*** FLOP *** [8c 7d 9d]
TinaTurner72: checks
maxthecat11: bets $3
TinaTurner72: raises $3 to $6
maxthecat11: calls $3
*** TURN *** [8c 7d 9d] [Tc]
TinaTurner72: bets $6
maxthecat11: calls $6
*** RIVER *** [8c 7d 9d Tc] [2c]
TinaTurner72: checks
maxthecat11: checks
*** SHOW DOWN ***
TinaTurner72: shows [3d Qd] (high card Queen)
maxthecat11: shows [5d 9c] (a pair of Nines)
maxthecat11 collected $35.50 from pot
*** SUMMARY ***
Total pot $36 | Rake $0.50
Board [8c 7d 9d Tc 2c]
Seat 1: maxthecat11 (button) (small blind) showed [5d 9c] and won ($35.50) with a pair of Nines
Seat 7: TinaTurner72 (big blind) showed [3d Qd] and lost with high card Queen


PokerStars Hand #166529373137:  Hold'em Limit ($3/$6 USD) - 2017/02/20 19:16:18 ET
Table 'Eunomia' 10-max Seat #1 is the button
Seat 1: maxthecat11 ($79.61 in chips)
Seat 7: TinaTurner72 ($149.50 in chips)
maxthecat11: posts small blind $1
TinaTurner72: posts big blind $3
*** HOLE CARDS ***
maxthecat11: folds
Uncalled bet ($2) returned to TinaTurner72
TinaTurner72 collected $2 from pot
maxthecat11 said, "&-B"
TinaTurner72: doesn't show hand
*** SUMMARY ***
Total pot $2 | Rake $0
Seat 1: maxthecat11 (button) (small blind) folded before Flop
Seat 7: TinaTurner72 (big blind) collected ($2)


PokerStars Hand #166529369511:  Hold'em Limit ($3/$6 USD) - 2017/02/20 19:16:13 ET
Table 'Eunomia' 10-max Seat #7 is the button
Seat 1: maxthecat11 ($82.61 in chips)
Seat 7: TinaTurner72 ($146.50 in chips)
maxthecat11 said, "&-B"
TinaTurner72: posts small blind $1
maxthecat11: posts big blind $3
*** HOLE CARDS ***
TinaTurner72: raises $3 to $6
maxthecat11: folds
Uncalled bet ($3) returned to TinaTurner72
TinaTurner72 collected $6 from pot
maxthecat11 said, "<'))><"
TinaTurner72: doesn't show hand
*** SUMMARY ***
Total pot $6 | Rake $0
Seat 1: maxthecat11 (big blind) folded before Flop
Seat 7: TinaTurner72 (button) (small blind) collected ($6)


PokerStars Hand #166529376275:  Hold'em Limit ($3/$6 USD) - 2017/02/20 19:16:23 ET
Table 'Eunomia' 10-max Seat #7 is the button
Seat 1: maxthecat11 ($78.61 in chips)
Seat 7: TinaTurner72 ($150.50 in chips)
TinaTurner72: posts small blind $1
maxthecat11: posts big blind $3
*** HOLE CARDS ***
TinaTurner72: raises $3 to $6
maxthecat11: raises $3 to $9
TinaTurner72: calls $3
*** FLOP *** [Td Kd 5d]
maxthecat11: bets $3
TinaTurner72: calls $3
*** TURN *** [Td Kd 5d] [Jd]
maxthecat11: bets $6
TinaTurner72: calls $6
*** RIVER *** [Td Kd 5d Jd] [5h]
maxthecat11: bets $6
TinaTurner72: calls $6
*** SHOW DOWN ***
maxthecat11: shows [Qh Js] (two pair, Jacks and Fives)
TinaTurner72: shows [Ks 2s] (two pair, Kings and Fives)
TinaTurner72 collected $47.50 from pot
*** SUMMARY ***
Total pot $48 | Rake $0.50
Board [Td Kd 5d Jd 5h]
Seat 1: maxthecat11 (big blind) showed [Qh Js] and lost with two pair, Jacks and Fives
Seat 7: TinaTurner72 (button) (small blind) showed [Ks 2s] and won ($47.50) with two pair, Kings and Fives


PokerStars Hand #166529405078:  Hold'em Limit ($3/$6 USD) - 2017/02/20 19:17:08 ET
Table 'Eunomia' 10-max Seat #7 is the button
Seat 1: maxthecat11 ($36.61 in chips)
Seat 7: TinaTurner72 ($191.50 in chips)
TinaTurner72: posts small blind $1
maxthecat11: posts big blind $3
*** HOLE CARDS ***
TinaTurner72: folds
Uncalled bet ($2) returned to maxthecat11
maxthecat11 collected $2 from pot
maxthecat11: doesn't show hand
*** SUMMARY ***
Total pot $2 | Rake $0
Seat 1: maxthecat11 (big blind) collected ($2)
Seat 7: TinaTurner72 (button) (small blind) folded before Flop


PokerStars Hand #166529393766:  Hold'em Limit ($3/$6 USD) - 2017/02/20 19:16:50 ET
Table 'Eunomia' 10-max Seat #1 is the button
Seat 1: maxthecat11 ($54.61 in chips)
Seat 7: TinaTurner72 ($174 in chips)
maxthecat11: posts small blind $1
TinaTurner72: posts big blind $3
*** HOLE CARDS ***
maxthecat11: raises $3 to $6
TinaTurner72: raises $3 to $9
maxthecat11: raises $3 to $12
Betting is capped
TinaTurner72: calls $3
*** FLOP *** [6d 6s Ac]
TinaTurner72: checks
maxthecat11: checks
*** TURN *** [6d 6s Ac] [3c]
TinaTurner72: bets $6
maxthecat11: calls $6
*** RIVER *** [6d 6s Ac 3c] [8s]
TinaTurner72: checks
maxthecat11: checks
*** SHOW DOWN ***
TinaTurner72: shows [Jd Qh] (a pair of Sixes)
maxthecat11: mucks hand
TinaTurner72 collected $35.50 from pot
*** SUMMARY ***
Total pot $36 | Rake $0.50
Board [6d 6s Ac 3c 8s]
Seat 1: maxthecat11 (button) (small blind) mucked
Seat 7: TinaTurner72 (big blind) showed [Jd Qh] and won ($35.50) with a pair of Sixes


PokerStars Hand #166529390540:  Hold'em Limit ($3/$6 USD) - 2017/02/20 19:16:45 ET
Table 'Eunomia' 10-max Seat #7 is the button
Seat 1: maxthecat11 ($53.61 in chips)
Seat 7: TinaTurner72 ($175 in chips)
TinaTurner72: posts small blind $1
maxthecat11: posts big blind $3
*** HOLE CARDS ***
TinaTurner72: folds
Uncalled bet ($2) returned to maxthecat11
maxthecat11 collected $2 from pot
maxthecat11: doesn't show hand
*** SUMMARY ***
Total pot $2 | Rake $0
Seat 1: maxthecat11 (big blind) collected ($2)
Seat 7: TinaTurner72 (button) (small blind) folded before Flop


PokerStars Hand #166529387124:  Hold'em Limit ($3/$6 USD) - 2017/02/20 19:16:40 ET
Table 'Eunomia' 10-max Seat #1 is the button
Seat 1: maxthecat11 ($54.61 in chips)
Seat 7: TinaTurner72 ($174 in chips)
maxthecat11: posts small blind $1
TinaTurner72: posts big blind $3
*** HOLE CARDS ***
maxthecat11: folds
Uncalled bet ($2) returned to TinaTurner72
TinaTurner72 collected $2 from pot
TinaTurner72: doesn't show hand
maxthecat11 said, "&-B"
TinaTurner72 said, ":*"
*** SUMMARY ***
Total pot $2 | Rake $0
Seat 1: maxthecat11 (button) (small blind) folded before Flop
Seat 7: TinaTurner72 (big blind) collected ($2)


PokerStars Hand #166529435736:  Hold'em Limit ($3/$6 USD) - 2017/02/20 19:17:56 ET
Table 'Eunomia' 10-max Seat #7 is the button
Seat 1: maxthecat11 ($44.62 in chips)
Seat 7: TinaTurner72 ($227.61 in chips)
TinaTurner72: posts small blind $1
maxthecat11: posts big blind $3
*** HOLE CARDS ***
maxthecat11 said, "I KILL HER"
TinaTurner72: raises $3 to $6
maxthecat11: raises $3 to $9
maxthecat11 said, "MOTHER"
TinaTurner72: calls $3
*** FLOP *** [Kc Th 2d]
maxthecat11: bets $3
TinaTurner72: folds
Uncalled bet ($3) returned to maxthecat11
maxthecat11 collected $17.64 from pot
maxthecat11: doesn't show hand
*** SUMMARY ***
Total pot $18 | Rake $0.36
Board [Kc Th 2d]
Seat 1: maxthecat11 (big blind) collected ($17.64)
Seat 7: TinaTurner72 (button) (small blind) folded on the Flop


PokerStars Hand #166529408337:  Hold'em Limit ($3/$6 USD) - 2017/02/20 19:17:13 ET
Table 'Eunomia' 10-max Seat #1 is the button
Seat 1: maxthecat11 ($37.61 in chips)
Seat 7: TinaTurner72 ($190.50 in chips)
maxthecat11: posts small blind $1
TinaTurner72: posts big blind $3
*** HOLE CARDS ***
maxthecat11: raises $3 to $6
TinaTurner72: calls $3
*** FLOP *** [9c 7s 6c]
TinaTurner72: checks
maxthecat11: checks
*** TURN *** [9c 7s 6c] [Qc]
TinaTurner72: bets $6
maxthecat11: raises $6 to $12
TinaTurner72: raises $6 to $18
maxthecat11: raises $6 to $24
Betting is capped
TinaTurner72: calls $6
*** RIVER *** [9c 7s 6c Qc] [Kh]
TinaTurner72: bets $6
maxthecat11: raises $1.61 to $7.61 and is all-in
TinaTurner72: calls $1.61
*** SHOW DOWN ***
maxthecat11: shows [Ac Qh] (a pair of Queens)
TinaTurner72: shows [5c Kc] (a flush, King high)
TinaTurner72 collected $74.72 from pot
*** SUMMARY ***
Total pot $75.22 | Rake $0.50
Board [9c 7s 6c Qc Kh]
Seat 1: maxthecat11 (button) (small blind) showed [Ac Qh] and lost with a pair of Queens
Seat 7: TinaTurner72 (big blind) showed [5c Kc] and won ($74.72) with a flush, King high


PokerStars Hand #166529444376:  Hold'em Limit ($3/$6 USD) - 2017/02/20 19:18:09 ET
Table 'Eunomia' 10-max Seat #1 is the button
Seat 1: maxthecat11 ($53.26 in chips)
Seat 7: TinaTurner72 ($218.61 in chips)
maxthecat11: posts small blind $1
TinaTurner72: posts big blind $3
*** HOLE CARDS ***
maxthecat11: calls $2
TinaTurner72: raises $3 to $6
maxthecat11: raises $3 to $9
TinaTurner72: calls $3
*** FLOP *** [8s Ts 4s]
TinaTurner72: checks
maxthecat11: checks
*** TURN *** [8s Ts 4s] [3s]
TinaTurner72: bets $6
maxthecat11: calls $6
*** RIVER *** [8s Ts 4s 3s] [2d]
TinaTurner72: bets $6
maxthecat11: calls $6
*** SHOW DOWN ***
TinaTurner72: shows [9c Ks] (a flush, King high)
maxthecat11: mucks hand
TinaTurner72 collected $41.50 from pot
*** SUMMARY ***
Total pot $42 | Rake $0.50
Board [8s Ts 4s 3s 2d]
Seat 1: maxthecat11 (button) (small blind) mucked
Seat 7: TinaTurner72 (big blind) showed [9c Ks] and won ($41.50) with a flush, King high


PokerStars Hand #166529457582:  Hold'em Limit ($3/$6 USD) - 2017/02/20 19:18:30 ET
Table 'Eunomia' 10-max Seat #7 is the button
Seat 1: maxthecat11 ($32.26 in chips)
Seat 7: TinaTurner72 ($239.11 in chips)
TinaTurner72: posts small blind $1
maxthecat11: posts big blind $3
*** HOLE CARDS ***
TinaTurner72: raises $3 to $6
maxthecat11: raises $3 to $9
TinaTurner72: calls $3
*** FLOP *** [3h 5c 6c]
maxthecat11: bets $3
TinaTurner72: calls $3
*** TURN *** [3h 5c 6c] [9h]
maxthecat11: bets $6
TinaTurner72: calls $6
*** RIVER *** [3h 5c 6c 9h] [3d]
maxthecat11: bets $6
TinaTurner72: calls $6
*** SHOW DOWN ***
maxthecat11: shows [Ac 4c] (a pair of Threes)
TinaTurner72: mucks hand
maxthecat11 collected $47.50 from pot
*** SUMMARY ***
Total pot $48 | Rake $0.50
Board [3h 5c 6c 9h 3d]
Seat 1: maxthecat11 (big blind) showed [Ac 4c] and won ($47.50) with a pair of Threes
Seat 7: TinaTurner72 (button) (small blind) mucked


PokerStars Hand #166529468661:  Hold'em Limit ($3/$6 USD) - 2017/02/20 19:18:48 ET
Table 'Eunomia' 10-max Seat #1 is the button
Seat 1: maxthecat11 ($55.76 in chips)
Seat 7: TinaTurner72 ($215.11 in chips)
maxthecat11: posts small blind $1
TinaTurner72: posts big blind $3
*** HOLE CARDS ***
maxthecat11: raises $3 to $6
TinaTurner72: raises $3 to $9
maxthecat11: raises $3 to $12
Betting is capped
TinaTurner72: calls $3
*** FLOP *** [Tc 9d 3s]
TinaTurner72: checks
maxthecat11: bets $3
TinaTurner72: calls $3
*** TURN *** [Tc 9d 3s] [6d]
TinaTurner72: checks
maxthecat11: bets $6
TinaTurner72: calls $6
*** RIVER *** [Tc 9d 3s 6d] [Kc]
TinaTurner72: bets $6
maxthecat11: calls $6
*** SHOW DOWN ***
TinaTurner72: shows [Ad Ks] (a pair of Kings)
maxthecat11: mucks hand
TinaTurner72 collected $53.50 from pot
*** SUMMARY ***
Total pot $54 | Rake $0.50
Board [Tc 9d 3s 6d Kc]
Seat 1: maxthecat11 (button) (small blind) mucked
Seat 7: TinaTurner72 (big blind) showed [Ad Ks] and won ($53.50) with a pair of Kings


PokerStars Hand #166529501753:  Hold'em Limit ($3/$6 USD) - 2017/02/20 19:19:40 ET
Table 'Eunomia' 10-max Seat #7 is the button
Seat 1: maxthecat11 ($36.40 in chips)
Seat 7: TinaTurner72 ($233.61 in chips)
TinaTurner72: posts small blind $1
maxthecat11: posts big blind $3
*** HOLE CARDS ***
maxthecat11 said, "I KLL HER"
TinaTurner72: calls $2
maxthecat11: checks
*** FLOP *** [9c 3c Ts]
maxthecat11 said, "MOTHER"
maxthecat11: checks
TinaTurner72 said, "only that ?"
TinaTurner72: bets $3
maxthecat11: folds
Uncalled bet ($3) returned to TinaTurner72
TinaTurner72 collected $5.88 from pot
TinaTurner72: doesn't show hand
*** SUMMARY ***
Total pot $6 | Rake $0.12
Board [9c 3c Ts]
Seat 1: maxthecat11 (big blind) folded on the Flop
Seat 7: TinaTurner72 (button) (small blind) collected ($5.88)


PokerStars Hand #166529498473:  Hold'em Limit ($3/$6 USD) - 2017/02/20 19:19:35 ET
Table 'Eunomia' 10-max Seat #1 is the button
Seat 1: maxthecat11 ($37.40 in chips)
Seat 7: TinaTurner72 ($232.61 in chips)
maxthecat11: posts small blind $1
TinaTurner72: posts big blind $3
*** HOLE CARDS ***
maxthecat11: folds
Uncalled bet ($2) returned to TinaTurner72
TinaTurner72 collected $2 from pot
TinaTurner72: doesn't show hand
*** SUMMARY ***
Total pot $2 | Rake $0
Seat 1: maxthecat11 (button) (small blind) folded before Flop
Seat 7: TinaTurner72 (big blind) collected ($2)


PokerStars Hand #166529483798:  Hold'em Limit ($3/$6 USD) - 2017/02/20 19:19:12 ET
Table 'Eunomia' 10-max Seat #7 is the button
Seat 1: maxthecat11 ($28.76 in chips)
Seat 7: TinaTurner72 ($241.61 in chips)
TinaTurner72: posts small blind $1
maxthecat11: posts big blind $3
*** HOLE CARDS ***
maxthecat11 said, "MOTHERR"
TinaTurner72: raises $3 to $6
maxthecat11: calls $3
*** FLOP *** [Kd 8h 6d]
maxthecat11: checks
TinaTurner72: bets $3
maxthecat11: raises $3 to $6
TinaTurner72: folds
Uncalled bet ($3) returned to maxthecat11
maxthecat11 collected $17.64 from pot
maxthecat11: doesn't show hand
*** SUMMARY ***
Total pot $18 | Rake $0.36
Board [Kd 8h 6d]
Seat 1: maxthecat11 (big blind) collected ($17.64)
Seat 7: TinaTurner72 (button) (small blind) folded on the Flop


PokerStars Hand #166529528032:  Hold'em Limit ($3/$6 USD) - 2017/02/20 19:20:21 ET
Table 'Eunomia' 10-max Seat #1 is the button
Seat 1: maxthecat11 ($40.16 in chips)
Seat 7: TinaTurner72 ($229.49 in chips)
maxthecat11: posts small blind $1
TinaTurner72: posts big blind $3
*** HOLE CARDS ***
maxthecat11: folds
Uncalled bet ($2) returned to TinaTurner72
TinaTurner72 collected $2 from pot
TinaTurner72: doesn't show hand
*** SUMMARY ***
Total pot $2 | Rake $0
Seat 1: maxthecat11 (button) (small blind) folded before Flop
Seat 7: TinaTurner72 (big blind) collected ($2)


PokerStars Hand #166529524734:  Hold'em Limit ($3/$6 USD) - 2017/02/20 19:20:16 ET
Table 'Eunomia' 10-max Seat #7 is the button
Seat 1: maxthecat11 ($39.16 in chips)
Seat 7: TinaTurner72 ($230.49 in chips)
TinaTurner72: posts small blind $1
maxthecat11: posts big blind $3
*** HOLE CARDS ***
TinaTurner72: folds
Uncalled bet ($2) returned to maxthecat11
maxthecat11 collected $2 from pot
maxthecat11: doesn't show hand
*** SUMMARY ***
Total pot $2 | Rake $0
Seat 1: maxthecat11 (big blind) collected ($2)
Seat 7: TinaTurner72 (button) (small blind) folded before Flop


PokerStars Hand #166529512664:  Hold'em Limit ($3/$6 USD) - 2017/02/20 19:19:57 ET
Table 'Eunomia' 10-max Seat #1 is the button
Seat 1: maxthecat11 ($33.40 in chips)
Seat 7: TinaTurner72 ($236.49 in chips)
maxthecat11: posts small blind $1
maxthecat11 said, "RAPE HER"
TinaTurner72: posts big blind $3
*** HOLE CARDS ***
maxthecat11: raises $3 to $6
TinaTurner72 said, "better"
TinaTurner72: calls $3
*** FLOP *** [6s Tc 9d]
TinaTurner72: checks
maxthecat11: checks
*** TURN *** [6s Tc 9d] [4c]
TinaTurner72: checks
maxthecat11: checks
*** RIVER *** [6s Tc 9d 4c] [4s]
TinaTurner72: checks
maxthecat11: checks
*** SHOW DOWN ***
TinaTurner72: shows [7h Qd] (a pair of Fours)
maxthecat11: shows [8h As] (a pair of Fours - Ace kicker)
maxthecat11 collected $11.76 from pot
*** SUMMARY ***
Total pot $12 | Rake $0.24
Board [6s Tc 9d 4c 4s]
Seat 1: maxthecat11 (button) (small blind) showed [8h As] and won ($11.76) with a pair of Fours
Seat 7: TinaTurner72 (big blind) showed [7h Qd] and lost with a pair of Fours


PokerStars Hand #166529562157:  Hold'em Limit ($3/$6 USD) - 2017/02/20 19:21:15 ET
Table 'Eunomia' 10-max Seat #7 is the button
Seat 1: maxthecat11 ($24.16 in chips)
Seat 7: TinaTurner72 ($244.89 in chips)
TinaTurner72: posts small blind $1
maxthecat11: posts big blind $3
*** HOLE CARDS ***
TinaTurner72: raises $3 to $6
maxthecat11: calls $3
*** FLOP *** [5d Js 9c]
maxthecat11: checks
TinaTurner72: bets $3
maxthecat11: folds
Uncalled bet ($3) returned to TinaTurner72
TinaTurner72 collected $11.76 from pot
TinaTurner72: doesn't show hand
*** SUMMARY ***
Total pot $12 | Rake $0.24
Board [5d Js 9c]
Seat 1: maxthecat11 (big blind) folded on the Flop
Seat 7: TinaTurner72 (button) (small blind) collected ($11.76)


PokerStars Hand #166529558938:  Hold'em Limit ($3/$6 USD) - 2017/02/20 19:21:10 ET
Table 'Eunomia' 10-max Seat #1 is the button
Seat 1: maxthecat11 ($25.16 in chips)
Seat 7: TinaTurner72 ($243.89 in chips)
maxthecat11: posts small blind $1
TinaTurner72: posts big blind $3
*** HOLE CARDS ***
maxthecat11: folds
Uncalled bet ($2) returned to TinaTurner72
TinaTurner72 collected $2 from pot
TinaTurner72: doesn't show hand
*** SUMMARY ***
Total pot $2 | Rake $0
Seat 1: maxthecat11 (button) (small blind) folded before Flop
Seat 7: TinaTurner72 (big blind) collected ($2)


PokerStars Hand #166529538408:  Hold'em Limit ($3/$6 USD) - 2017/02/20 19:20:38 ET
Table 'Eunomia' 10-max Seat #1 is the button
Seat 1: maxthecat11 ($40.16 in chips)
Seat 7: TinaTurner72 ($229.49 in chips)
maxthecat11: posts small blind $1
TinaTurner72: posts big blind $3
*** HOLE CARDS ***
maxthecat11: raises $3 to $6
TinaTurner72: calls $3
*** FLOP *** [Kh 8c Th]
TinaTurner72: checks
maxthecat11: checks
*** TURN *** [Kh 8c Th] [9h]
TinaTurner72: bets $6
maxthecat11: folds
Uncalled bet ($6) returned to TinaTurner72
TinaTurner72 collected $11.76 from pot
TinaTurner72: doesn't show hand
*** SUMMARY ***
Total pot $12 | Rake $0.24
Board [Kh 8c Th 9h]
Seat 1: maxthecat11 (button) (small blind) folded on the Turn
Seat 7: TinaTurner72 (big blind) collected ($11.76)


PokerStars Hand #166529547257:  Hold'em Limit ($3/$6 USD) - 2017/02/20 19:20:52 ET
Table 'Eunomia' 10-max Seat #7 is the button
Seat 1: maxthecat11 ($34.16 in chips)
Seat 7: TinaTurner72 ($235.25 in chips)
TinaTurner72: posts small blind $1
maxthecat11: posts big blind $3
*** HOLE CARDS ***
TinaTurner72: raises $3 to $6
maxthecat11: calls $3
*** FLOP *** [6d 9h 3h]
maxthecat11: checks
TinaTurner72: bets $3
maxthecat11: calls $3
*** TURN *** [6d 9h 3h] [Jd]
maxthecat11: checks
TinaTurner72: checks
*** RIVER *** [6d 9h 3h Jd] [2s]
maxthecat11: checks
TinaTurner72: checks
*** SHOW DOWN ***
maxthecat11: shows [4s 7s] (high card Jack)
TinaTurner72: shows [5h Ks] (high card King)
TinaTurner72 collected $17.64 from pot
*** SUMMARY ***
Total pot $18 | Rake $0.36
Board [6d 9h 3h Jd 2s]
Seat 1: maxthecat11 (big blind) showed [4s 7s] and lost with high card Jack
Seat 7: TinaTurner72 (button) (small blind) showed [5h Ks] and won ($17.64) with high card King


PokerStars Hand #166529531232:  Hold'em Limit ($3/$6 USD) - 2017/02/20 19:20:26 ET
Table 'Eunomia' 10-max Seat #7 is the button
Seat 1: maxthecat11 ($39.16 in chips)
Seat 7: TinaTurner72 ($230.49 in chips)
TinaTurner72: posts small blind $1
maxthecat11: posts big blind $3
*** HOLE CARDS ***
TinaTurner72: folds
Uncalled bet ($2) returned to maxthecat11
maxthecat11 collected $2 from pot
maxthecat11: doesn't show hand
*** SUMMARY ***
Total pot $2 | Rake $0
Seat 1: maxthecat11 (big blind) collected ($2)
Seat 7: TinaTurner72 (button) (small blind) folded before Flop


PokerStars Hand #166529575528:  Hold'em Limit ($3/$6 USD) - 2017/02/20 19:21:37 ET
Table 'Eunomia' 10-max Seat #7 is the button
Seat 1: maxthecat11 ($23.92 in chips)
Seat 7: TinaTurner72 ($244.65 in chips)
TinaTurner72: posts small blind $1
maxthecat11: posts big blind $3
*** HOLE CARDS ***
TinaTurner72: raises $3 to $6
maxthecat11: calls $3
*** FLOP *** [9c 4c Qh]
maxthecat11: checks
TinaTurner72: bets $3
maxthecat11: raises $3 to $6
TinaTurner72: calls $3
*** TURN *** [9c 4c Qh] [Ks]
maxthecat11: bets $6
maxthecat11 said, "HAAHAHAHAHAH"
maxthecat11 said, ":*"
maxthecat11 said, "MOTHER"
maxthecat11 said, "22"
TinaTurner72: folds
Uncalled bet ($6) returned to maxthecat11
maxthecat11 collected $23.52 from pot
maxthecat11: doesn't show hand
*** SUMMARY ***
Total pot $24 | Rake $0.48
Board [9c 4c Qh Ks]
Seat 1: maxthecat11 (big blind) collected ($23.52)
Seat 7: TinaTurner72 (button) (small blind) folded on the Turn


PokerStars Hand #166529569329:  Hold'em Limit ($3/$6 USD) - 2017/02/20 19:21:27 ET
Table 'Eunomia' 10-max Seat #1 is the button
Seat 1: maxthecat11 ($18.16 in chips)
Seat 7: TinaTurner72 ($250.65 in chips)
maxthecat11: posts small blind $1
TinaTurner72: posts big blind $3
*** HOLE CARDS ***
maxthecat11: raises $3 to $6
TinaTurner72: calls $3
*** FLOP *** [Qc Qh Td]
TinaTurner72: checks
maxthecat11: bets $3
TinaTurner72: folds
Uncalled bet ($3) returned to maxthecat11
maxthecat11 collected $11.76 from pot
maxthecat11: doesn't show hand
*** SUMMARY ***
Total pot $12 | Rake $0.24
Board [Qc Qh Td]
Seat 1: maxthecat11 (button) (small blind) collected ($11.76)
Seat 7: TinaTurner72 (big blind) folded on the Flop


PokerStars Hand #166529599353:  Hold'em Limit ($3/$6 USD) - 2017/02/20 19:22:15 ET
Table 'Eunomia' 10-max Seat #1 is the button
Seat 1: maxthecat11 ($35.44 in chips)
Seat 7: TinaTurner72 ($232.65 in chips)
maxthecat11: posts small blind $1
TinaTurner72: posts big blind $3
*** HOLE CARDS ***
maxthecat11: folds
Uncalled bet ($2) returned to TinaTurner72
TinaTurner72 collected $2 from pot
TinaTurner72: doesn't show hand
*** SUMMARY ***
Total pot $2 | Rake $0
Seat 1: maxthecat11 (button) (small blind) folded before Flop
Seat 7: TinaTurner72 (big blind) collected ($2)


PokerStars Hand #166529648497:  Hold'em Limit ($3/$6 USD) - 2017/02/20 19:23:19 ET
Table 'Eunomia' 10-max Seat #7 is the button
Seat 1: maxthecat11 ($58.44 in chips)
Seat 7: TinaTurner72 ($208.65 in chips)
TinaTurner72: posts small blind $1
maxthecat11: posts big blind $3
*** HOLE CARDS ***
TinaTurner72: folds
Uncalled bet ($2) returned to maxthecat11
maxthecat11 collected $2 from pot
maxthecat11: doesn't show hand
ABATAPP joins the table at seat #2
*** SUMMARY ***
Total pot $2 | Rake $0
Seat 1: maxthecat11 (big blind) collected ($2)
Seat 7: TinaTurner72 (button) (small blind) folded before Flop


PokerStars Hand #166529620936:  Hold'em Limit ($3/$6 USD) - 2017/02/20 19:22:35 ET
Table 'Eunomia' 10-max Seat #1 is the button
Seat 1: maxthecat11 ($51.94 in chips)
Seat 7: TinaTurner72 ($215.65 in chips)
maxthecat11: posts small blind $1
TinaTurner72: posts big blind $3
*** HOLE CARDS ***
maxthecat11: folds
Uncalled bet ($2) returned to TinaTurner72
TinaTurner72 collected $2 from pot
TinaTurner72: doesn't show hand
maxthecat11 said, "&-B"
*** SUMMARY ***
Total pot $2 | Rake $0
Seat 1: maxthecat11 (button) (small blind) folded before Flop
Seat 7: TinaTurner72 (big blind) collected ($2)


PokerStars Hand #166529611290:  Hold'em Limit ($3/$6 USD) - 2017/02/20 19:22:20 ET
Table 'Eunomia' 10-max Seat #7 is the button
Seat 1: maxthecat11 ($34.44 in chips)
Seat 7: TinaTurner72 ($233.65 in chips)
TinaTurner72: posts small blind $1
maxthecat11: posts big blind $3
*** HOLE CARDS ***
TinaTurner72: raises $3 to $6
maxthecat11: raises $3 to $9
TinaTurner72: calls $3
*** FLOP *** [As 8c 7h]
maxthecat11: bets $3
TinaTurner72: raises $3 to $6
maxthecat11: raises $3 to $9
TinaTurner72: calls $3
*** TURN *** [As 8c 7h] [2h]
maxthecat11: bets $6
TinaTurner72: folds
Uncalled bet ($6) returned to maxthecat11
maxthecat11 collected $35.50 from pot
maxthecat11: doesn't show hand
*** SUMMARY ***
Total pot $36 | Rake $0.50
Board [As 8c 7h 2h]
Seat 1: maxthecat11 (big blind) collected ($35.50)
Seat 7: TinaTurner72 (button) (small blind) folded on the Turn


PokerStars Hand #166529624136:  Hold'em Limit ($3/$6 USD) - 2017/02/20 19:22:40 ET
Table 'Eunomia' 10-max Seat #7 is the button
Seat 1: maxthecat11 ($50.94 in chips)
Seat 7: TinaTurner72 ($216.65 in chips)
TinaTurner72: posts small blind $1
maxthecat11: posts big blind $3
*** HOLE CARDS ***
TinaTurner72: raises $3 to $6
maxthecat11 said, "<'))><"
maxthecat11: folds
Uncalled bet ($3) returned to TinaTurner72
maxthecat11 said, "22"
TinaTurner72 collected $6 from pot
TinaTurner72: doesn't show hand
*** SUMMARY ***
Total pot $6 | Rake $0
Seat 1: maxthecat11 (big blind) folded before Flop
Seat 7: TinaTurner72 (button) (small blind) collected ($6)


PokerStars Hand #166529641340:  Hold'em Limit ($3/$6 USD) - 2017/02/20 19:23:08 ET
Table 'Eunomia' 10-max Seat #7 is the button
Seat 1: maxthecat11 ($62.44 in chips)
Seat 7: TinaTurner72 ($204.65 in chips)
TinaTurner72: posts small blind $1
maxthecat11: posts big blind $3
*** HOLE CARDS ***
TinaTurner72: raises $3 to $6
maxthecat11: folds
Uncalled bet ($3) returned to TinaTurner72
TinaTurner72 collected $6 from pot
maxthecat11 said, "<'))><"
TinaTurner72: doesn't show hand
*** SUMMARY ***
Total pot $6 | Rake $0
Seat 1: maxthecat11 (big blind) folded before Flop
Seat 7: TinaTurner72 (button) (small blind) collected ($6)


PokerStars Hand #166529628750:  Hold'em Limit ($3/$6 USD) - 2017/02/20 19:22:48 ET
Table 'Eunomia' 10-max Seat #1 is the button
Seat 1: maxthecat11 ($47.94 in chips)
Seat 7: TinaTurner72 ($219.65 in chips)
maxthecat11: posts small blind $1
TinaTurner72: posts big blind $3
*** HOLE CARDS ***
maxthecat11: raises $3 to $6
TinaTurner72: calls $3
*** FLOP *** [5h 3s 5d]
TinaTurner72: checks
maxthecat11: bets $3
TinaTurner72: calls $3
*** TURN *** [5h 3s 5d] [Jd]
TinaTurner72: checks
maxthecat11: checks
*** RIVER *** [5h 3s 5d Jd] [Ks]
TinaTurner72: bets $6
maxthecat11: calls $6
*** SHOW DOWN ***
TinaTurner72: shows [6s 8d] (a pair of Fives)
maxthecat11: shows [Qc Kh] (two pair, Kings and Fives)
maxthecat11 collected $29.50 from pot
*** SUMMARY ***
Total pot $30 | Rake $0.50
Board [5h 3s 5d Jd Ks]
Seat 1: maxthecat11 (button) (small blind) showed [Qc Kh] and won ($29.50) with two pair, Kings and Fives
Seat 7: TinaTurner72 (big blind) showed [6s 8d] and lost with a pair of Fives


PokerStars Hand #166529645019:  Hold'em Limit ($3/$6 USD) - 2017/02/20 19:23:13 ET
Table 'Eunomia' 10-max Seat #1 is the button
Seat 1: maxthecat11 ($59.44 in chips)
Seat 7: TinaTurner72 ($207.65 in chips)
maxthecat11: posts small blind $1
TinaTurner72: posts big blind $3
*** HOLE CARDS ***
maxthecat11: folds
Uncalled bet ($2) returned to TinaTurner72
TinaTurner72 collected $2 from pot
TinaTurner72: doesn't show hand
maxthecat11 said, "&-B"
*** SUMMARY ***
Total pot $2 | Rake $0
Seat 1: maxthecat11 (button) (small blind) folded before Flop
Seat 7: TinaTurner72 (big blind) collected ($2)


