PokerStars Hand #175936383356:  Hold'em Limit ($3/$6 USD) - 2017/09/21 13:00:49 ET
Table 'Eunomia II' 6-max Seat #3 is the button
Seat 3: Ag3r0n ($72 in chips)
Seat 6: sadamilli ($120.50 in chips)
Ag3r0n: posts small blind $1
sadamilli: posts big blind $3
*** HOLE CARDS ***
Ag3r0n: raises $3 to $6
sadamilli: folds
Uncalled bet ($3) returned to Ag3r0n
Ag3r0n collected $6 from pot
Ag3r0n: doesn't show hand
*** SUMMARY ***
Total pot $6 | Rake $0
Seat 3: Ag3r0n (button) (small blind) collected ($6)
Seat 6: sadamilli (big blind) folded before Flop


PokerStars Hand #175936370480:  Hold'em Limit ($3/$6 USD) - 2017/09/21 13:00:27 ET
Table 'Eunomia II' 6-max Seat #6 is the button
Seat 3: Ag3r0n ($85.50 in chips)
Seat 6: sadamilli ($106 in chips)
sadamilli: posts small blind $1
Ag3r0n: posts big blind $3
*** HOLE CARDS ***
sadamilli: raises $3 to $6
Ag3r0n: raises $3 to $9
sadamilli: raises $3 to $12
Betting is capped
Ag3r0n: calls $3
*** FLOP *** [3s Ts 4c]
Ag3r0n: checks
sadamilli: bets $3
Ag3r0n: calls $3
*** TURN *** [3s Ts 4c] [Tc]
Ag3r0n: checks
sadamilli: bets $6
Ag3r0n: folds
Uncalled bet ($6) returned to sadamilli
sadamilli collected $29.50 from pot
sadamilli: doesn't show hand
*** SUMMARY ***
Total pot $30 | Rake $0.50
Board [3s Ts 4c Tc]
Seat 3: Ag3r0n (big blind) folded on the Turn
Seat 6: sadamilli (button) (small blind) collected ($29.50)


PokerStars Hand #175936410114:  Hold'em Limit ($3/$6 USD) - 2017/09/21 13:01:31 ET
Table 'Eunomia II' 6-max Seat #6 is the button
Seat 3: Ag3r0n ($92.50 in chips)
Seat 6: sadamilli ($99.26 in chips)
sadamilli: posts small blind $1
Ag3r0n: posts big blind $3
*** HOLE CARDS ***
sadamilli: raises $3 to $6
Ag3r0n: folds
Uncalled bet ($3) returned to sadamilli
sadamilli collected $6 from pot
sadamilli: doesn't show hand
*** SUMMARY ***
Total pot $6 | Rake $0
Seat 3: Ag3r0n (big blind) folded before Flop
Seat 6: sadamilli (button) (small blind) collected ($6)


PokerStars Hand #175936405936:  Hold'em Limit ($3/$6 USD) - 2017/09/21 13:01:24 ET
Table 'Eunomia II' 6-max Seat #3 is the button
Seat 3: Ag3r0n ($93.50 in chips)
Seat 6: sadamilli ($98.26 in chips)
Ag3r0n: posts small blind $1
sadamilli: posts big blind $3
*** HOLE CARDS ***
Ag3r0n: folds
Uncalled bet ($2) returned to sadamilli
sadamilli collected $2 from pot
sadamilli: doesn't show hand
*** SUMMARY ***
Total pot $2 | Rake $0
Seat 3: Ag3r0n (button) (small blind) folded before Flop
Seat 6: sadamilli (big blind) collected ($2)


PokerStars Hand #175936400576:  Hold'em Limit ($3/$6 USD) - 2017/09/21 13:01:16 ET
Table 'Eunomia II' 6-max Seat #6 is the button
Seat 3: Ag3r0n ($99.50 in chips)
Seat 6: sadamilli ($92.50 in chips)
sadamilli: posts small blind $1
Ag3r0n: posts big blind $3
*** HOLE CARDS ***
sadamilli: raises $3 to $6
Ag3r0n: calls $3
*** FLOP *** [2h 7s 9h]
Ag3r0n: checks
sadamilli: bets $3
Ag3r0n: folds
Uncalled bet ($3) returned to sadamilli
sadamilli collected $11.76 from pot
sadamilli: doesn't show hand
*** SUMMARY ***
Total pot $12 | Rake $0.24
Board [2h 7s 9h]
Seat 3: Ag3r0n (big blind) folded on the Flop
Seat 6: sadamilli (button) (small blind) collected ($11.76)


PokerStars Hand #175936389813:  Hold'em Limit ($3/$6 USD) - 2017/09/21 13:00:59 ET
Table 'Eunomia II' 6-max Seat #3 is the button
Seat 3: Ag3r0n ($76 in chips)
Seat 6: sadamilli ($116.50 in chips)
Ag3r0n: posts small blind $1
sadamilli: posts big blind $3
*** HOLE CARDS ***
Ag3r0n: raises $3 to $6
sadamilli: raises $3 to $9
Ag3r0n: calls $3
*** FLOP *** [4c Ac 5s]
sadamilli: bets $3
Ag3r0n: calls $3
*** TURN *** [4c Ac 5s] [8d]
sadamilli: bets $6
Ag3r0n: calls $6
*** RIVER *** [4c Ac 5s 8d] [Td]
sadamilli: bets $6
Ag3r0n: calls $6
*** SHOW DOWN ***
sadamilli: shows [Ks Jh] (high card Ace)
Ag3r0n: shows [7h 5h] (a pair of Fives)
Ag3r0n collected $47.50 from pot
*** SUMMARY ***
Total pot $48 | Rake $0.50
Board [4c Ac 5s 8d Td]
Seat 3: Ag3r0n (button) (small blind) showed [7h 5h] and won ($47.50) with a pair of Fives
Seat 6: sadamilli (big blind) showed [Ks Jh] and lost with high card Ace


PokerStars Hand #175936386719:  Hold'em Limit ($3/$6 USD) - 2017/09/21 13:00:54 ET
Table 'Eunomia II' 6-max Seat #6 is the button
Seat 3: Ag3r0n ($75 in chips)
Seat 6: sadamilli ($117.50 in chips)
sadamilli: posts small blind $1
Ag3r0n: posts big blind $3
*** HOLE CARDS ***
sadamilli: folds
Uncalled bet ($2) returned to Ag3r0n
Ag3r0n collected $2 from pot
Ag3r0n: doesn't show hand
*** SUMMARY ***
Total pot $2 | Rake $0
Seat 3: Ag3r0n (big blind) collected ($2)
Seat 6: sadamilli (button) (small blind) folded before Flop


PokerStars Hand #175936444780:  Hold'em Limit ($3/$6 USD) - 2017/09/21 13:02:23 ET
Table 'Eunomia II' 6-max Seat #6 is the button
Seat 3: Ag3r0n ($92.50 in chips)
Seat 6: sadamilli ($104.76 in chips)
sadamilli: posts small blind $1
Ag3r0n: posts big blind $3
*** HOLE CARDS ***
sadamilli: raises $3 to $6
Ag3r0n: calls $3
*** FLOP *** [9c 7c Qd]
Ag3r0n: checks
sadamilli: bets $3
Ag3r0n: calls $3
*** TURN *** [9c 7c Qd] [9s]
Ag3r0n: checks
sadamilli: bets $6
Ag3r0n: calls $6
*** RIVER *** [9c 7c Qd 9s] [3h]
Ag3r0n: checks
sadamilli: bets $6
Ag3r0n: calls $6
*** SHOW DOWN ***
sadamilli: shows [3c 3d] (a full house, Threes full of Nines)
Ag3r0n: mucks hand
sadamilli collected $41.50 from pot
*** SUMMARY ***
Total pot $42 | Rake $0.50
Board [9c 7c Qd 9s 3h]
Seat 3: Ag3r0n (big blind) mucked
Seat 6: sadamilli (button) (small blind) showed [3c 3d] and won ($41.50) with a full house, Threes full of Nines


PokerStars Hand #175936440421:  Hold'em Limit ($3/$6 USD) - 2017/09/21 13:02:16 ET
Table 'Eunomia II' 6-max Seat #3 is the button
Seat 3: Ag3r0n ($89.50 in chips)
Seat 6: sadamilli ($107.76 in chips)
Ag3r0n: posts small blind $1
sadamilli: posts big blind $3
*** HOLE CARDS ***
Ag3r0n: raises $3 to $6
sadamilli: folds
Uncalled bet ($3) returned to Ag3r0n
Ag3r0n collected $6 from pot
Ag3r0n: doesn't show hand
*** SUMMARY ***
Total pot $6 | Rake $0
Seat 3: Ag3r0n (button) (small blind) collected ($6)
Seat 6: sadamilli (big blind) folded before Flop


PokerStars Hand #175936427239:  Hold'em Limit ($3/$6 USD) - 2017/09/21 13:01:56 ET
Table 'Eunomia II' 6-max Seat #6 is the button
Seat 3: Ag3r0n ($72 in chips)
Seat 6: sadamilli ($125.76 in chips)
sadamilli: posts small blind $1
Ag3r0n: posts big blind $3
*** HOLE CARDS ***
sadamilli: raises $3 to $6
Ag3r0n: raises $3 to $9
sadamilli: calls $3
*** FLOP *** [6c 4c 2c]
Ag3r0n: bets $3
sadamilli: calls $3
*** TURN *** [6c 4c 2c] [Kd]
Ag3r0n: bets $6
sadamilli: calls $6
*** RIVER *** [6c 4c 2c Kd] [Tc]
Ag3r0n: bets $6
sadamilli: folds
Uncalled bet ($6) returned to Ag3r0n
Ag3r0n collected $35.50 from pot
Ag3r0n: doesn't show hand
*** SUMMARY ***
Total pot $36 | Rake $0.50
Board [6c 4c 2c Kd Tc]
Seat 3: Ag3r0n (big blind) collected ($35.50)
Seat 6: sadamilli (button) (small blind) folded on the River


PokerStars Hand #175936413688:  Hold'em Limit ($3/$6 USD) - 2017/09/21 13:01:36 ET
Table 'Eunomia II' 6-max Seat #3 is the button
Seat 3: Ag3r0n ($89.50 in chips)
Seat 6: sadamilli ($102.26 in chips)
Ag3r0n: posts small blind $1
sadamilli: posts big blind $3
*** HOLE CARDS ***
Ag3r0n: raises $3 to $6
sadamilli: calls $3
*** FLOP *** [Ad 5s Ac]
sadamilli: checks
Ag3r0n: bets $3
sadamilli: raises $3 to $6
Ag3r0n: calls $3
*** TURN *** [Ad 5s Ac] [Td]
sadamilli: bets $6
Ag3r0n: raises $6 to $12
sadamilli: calls $6
*** RIVER *** [Ad 5s Ac Td] [8h]
sadamilli: checks
Ag3r0n: checks
*** SHOW DOWN ***
sadamilli: shows [5h Qd] (two pair, Aces and Fives)
Ag3r0n: mucks hand
sadamilli collected $47.50 from pot
*** SUMMARY ***
Total pot $48 | Rake $0.50
Board [Ad 5s Ac Td 8h]
Seat 3: Ag3r0n (button) (small blind) mucked
Seat 6: sadamilli (big blind) showed [5h Qd] and won ($47.50) with two pair, Aces and Fives


