PokerStars Hand #155548462303:  Hold'em Limit ($3/$6 USD) - 2016/07/04 9:42:56 ET
Table 'Eunomia' 6-max Seat #3 is the button
Seat 3: partyalex92 ($108.53 in chips)
Seat 4: VolkovDmitri ($120 in chips)
partyalex92: posts small blind $1
VolkovDmitri: posts big blind $3
*** HOLE CARDS ***
partyalex92: raises $3 to $6
VolkovDmitri: raises $3 to $9
partyalex92: calls $3
*** FLOP *** [3h Qh 5c]
VolkovDmitri: bets $3
partyalex92: folds
Uncalled bet ($3) returned to VolkovDmitri
VolkovDmitri collected $17.64 from pot
VolkovDmitri: doesn't show hand
*** SUMMARY ***
Total pot $18 | Rake $0.36
Board [3h Qh 5c]
Seat 3: partyalex92 (button) (small blind) folded on the Flop
Seat 4: VolkovDmitri (big blind) collected ($17.64)


PokerStars Hand #155548491952:  Hold'em Limit ($3/$6 USD) - 2016/07/04 9:43:53 ET
Table 'Eunomia' 6-max Seat #3 is the button
Seat 3: partyalex92 ($90.53 in chips)
Seat 4: VolkovDmitri ($137.28 in chips)
partyalex92: posts small blind $1
VolkovDmitri: posts big blind $3
*** HOLE CARDS ***
partyalex92: folds
Uncalled bet ($2) returned to VolkovDmitri
VolkovDmitri collected $2 from pot
VolkovDmitri: doesn't show hand
*** SUMMARY ***
Total pot $2 | Rake $0
Seat 3: partyalex92 (button) (small blind) folded before Flop
Seat 4: VolkovDmitri (big blind) collected ($2)


PokerStars Hand #155548477659:  Hold'em Limit ($3/$6 USD) - 2016/07/04 9:43:26 ET
Table 'Eunomia' 6-max Seat #4 is the button
Seat 3: partyalex92 ($99.53 in chips)
Seat 4: VolkovDmitri ($128.64 in chips)
VolkovDmitri: posts small blind $1
partyalex92: posts big blind $3
*** HOLE CARDS ***
VolkovDmitri: raises $3 to $6
partyalex92: calls $3
*** FLOP *** [Ad 9h 5s]
boony444 joins the table at seat #5
partyalex92: checks
VolkovDmitri: bets $3
partyalex92: calls $3
*** TURN *** [Ad 9h 5s] [3h]
partyalex92: checks
stackchips84 joins the table at seat #2
VolkovDmitri: bets $6
partyalex92: folds
Uncalled bet ($6) returned to VolkovDmitri
VolkovDmitri collected $17.64 from pot
VolkovDmitri: doesn't show hand
*** SUMMARY ***
Total pot $18 | Rake $0.36
Board [Ad 9h 5s 3h]
Seat 3: partyalex92 (big blind) folded on the Turn
Seat 4: VolkovDmitri (button) (small blind) collected ($17.64)


PokerStars Hand #155550033717:  Hold'em Limit ($3/$6 USD) - 2016/07/04 10:32:08 ET
Table 'Eunomia' 6-max Seat #1 is the button
Seat 1: haydy142 ($254.65 in chips)
Seat 3: laci36 ($16.53 in chips)
haydy142: posts small blind $1
laci36: posts big blind $3
*** HOLE CARDS ***
haydy142: folds
Uncalled bet ($2) returned to laci36
VolkovDmitri leaves the table
laci36 collected $2 from pot
laci36: doesn't show hand
*** SUMMARY ***
Total pot $2 | Rake $0
Seat 1: haydy142 (button) (small blind) folded before Flop
Seat 3: laci36 (big blind) collected ($2)


PokerStars Hand #155550036112:  Hold'em Limit ($3/$6 USD) - 2016/07/04 10:32:13 ET
Table 'Eunomia' 6-max Seat #3 is the button
Seat 1: haydy142 ($253.65 in chips)
Seat 3: laci36 ($17.53 in chips)
laci36: posts small blind $1
haydy142: posts big blind $3
*** HOLE CARDS ***
laci36: raises $3 to $6
haydy142: folds
Uncalled bet ($3) returned to laci36
laci36 collected $6 from pot
laci36: doesn't show hand
*** SUMMARY ***
Total pot $6 | Rake $0
Seat 1: haydy142 (big blind) folded before Flop
Seat 3: laci36 (button) (small blind) collected ($6)


