PokerStars Hand #146423523506:  Hold'em Limit ($3/$6 USD) - 2016/01/03 18:52:15 ET
Table 'Euphrosyne' 2-max Seat #1 is the button
Seat 1: elifnur2008 ($129 in chips)
Seat 2: lululoop ($35.17 in chips)
elifnur2008: posts small blind $1
lululoop: posts big blind $3
*** HOLE CARDS ***
elifnur2008: folds
Uncalled bet ($2) returned to lululoop
lululoop collected $2 from pot
lululoop: doesn't show hand
*** SUMMARY ***
Total pot $2 | Rake $0
Seat 1: elifnur2008 (button) (small blind) folded before Flop
Seat 2: lululoop (big blind) collected ($2)


PokerStars Hand #146423518742:  Hold'em Limit ($3/$6 USD) - 2016/01/03 18:52:10 ET
Table 'Euphrosyne' 2-max Seat #2 is the button
Seat 1: elifnur2008 ($128 in chips)
Seat 2: lululoop ($36.17 in chips)
lululoop: posts small blind $1
elifnur2008: posts big blind $3
*** HOLE CARDS ***
lululoop: folds
Uncalled bet ($2) returned to elifnur2008
elifnur2008 collected $2 from pot
elifnur2008: doesn't show hand
*** SUMMARY ***
Total pot $2 | Rake $0
Seat 1: elifnur2008 (big blind) collected ($2)
Seat 2: lululoop (button) (small blind) folded before Flop


PokerStars Hand #146423512209:  Hold'em Limit ($3/$6 USD) - 2016/01/03 18:52:02 ET
Table 'Euphrosyne' 2-max Seat #1 is the button
Seat 1: elifnur2008 ($125 in chips)
Seat 2: lululoop ($39.17 in chips)
elifnur2008: posts small blind $1
lululoop: posts big blind $3
*** HOLE CARDS ***
elifnur2008: raises $3 to $6
lululoop: folds
Uncalled bet ($3) returned to elifnur2008
elifnur2008 collected $6 from pot
elifnur2008: doesn't show hand
*** SUMMARY ***
Total pot $6 | Rake $0
Seat 1: elifnur2008 (button) (small blind) collected ($6)
Seat 2: lululoop (big blind) folded before Flop


PokerStars Hand #146423506909:  Hold'em Limit ($3/$6 USD) - 2016/01/03 18:51:56 ET
Table 'Euphrosyne' 2-max Seat #2 is the button
Seat 1: elifnur2008 ($124 in chips)
Seat 2: lululoop ($40.17 in chips)
lululoop: posts small blind $1
elifnur2008: posts big blind $3
*** HOLE CARDS ***
lululoop: folds
Uncalled bet ($2) returned to elifnur2008
elifnur2008 collected $2 from pot
elifnur2008: doesn't show hand
*** SUMMARY ***
Total pot $2 | Rake $0
Seat 1: elifnur2008 (big blind) collected ($2)
Seat 2: lululoop (button) (small blind) folded before Flop


PokerStars Hand #146423502605:  Hold'em Limit ($3/$6 USD) - 2016/01/03 18:51:51 ET
Table 'Euphrosyne' 2-max Seat #1 is the button
Seat 1: elifnur2008 ($125 in chips)
Seat 2: lululoop ($39.17 in chips)
elifnur2008: posts small blind $1
lululoop: posts big blind $3
*** HOLE CARDS ***
elifnur2008: folds
Uncalled bet ($2) returned to lululoop
lululoop collected $2 from pot
lululoop: doesn't show hand
*** SUMMARY ***
Total pot $2 | Rake $0
Seat 1: elifnur2008 (button) (small blind) folded before Flop
Seat 2: lululoop (big blind) collected ($2)


PokerStars Hand #146423496872:  Hold'em Limit ($3/$6 USD) - 2016/01/03 18:51:44 ET
Table 'Euphrosyne' 2-max Seat #2 is the button
Seat 1: elifnur2008 ($124 in chips)
Seat 2: lululoop ($40.17 in chips)
lululoop: posts small blind $1
elifnur2008: posts big blind $3
*** HOLE CARDS ***
lululoop: folds
Uncalled bet ($2) returned to elifnur2008
elifnur2008 collected $2 from pot
elifnur2008: doesn't show hand
*** SUMMARY ***
Total pot $2 | Rake $0
Seat 1: elifnur2008 (big blind) collected ($2)
Seat 2: lululoop (button) (small blind) folded before Flop


PokerStars Hand #146423554732:  Hold'em Limit ($3/$6 USD) - 2016/01/03 18:52:51 ET
Table 'Euphrosyne' 2-max Seat #2 is the button
Seat 1: elifnur2008 ($145.50 in chips)
Seat 2: lululoop ($17.93 in chips)
lululoop: posts small blind $1
elifnur2008: posts big blind $3
*** HOLE CARDS ***
lululoop: raises $3 to $6
elifnur2008: raises $3 to $9
lululoop: calls $3
*** FLOP *** [Jd Ac 2d]
elifnur2008: bets $3
lululoop: calls $3
*** TURN *** [Jd Ac 2d] [5h]
elifnur2008: bets $6
lululoop: calls $5.93 and is all-in
Uncalled bet ($0.07) returned to elifnur2008
*** RIVER *** [Jd Ac 2d 5h] [Td]
*** SHOW DOWN ***
elifnur2008: shows [9d 9c] (a pair of Nines)
lululoop: shows [7d 2h] (a pair of Deuces)
elifnur2008 collected $35.36 from pot
*** SUMMARY ***
Total pot $35.86 | Rake $0.50
Board [Jd Ac 2d 5h Td]
Seat 1: elifnur2008 (big blind) showed [9d 9c] and won ($35.36) with a pair of Nines
Seat 2: lululoop (button) (small blind) showed [7d 2h] and lost with a pair of Deuces


PokerStars Hand #146423539351:  Hold'em Limit ($3/$6 USD) - 2016/01/03 18:52:33 ET
Table 'Euphrosyne' 2-max Seat #1 is the button
Seat 1: elifnur2008 ($122 in chips)
Seat 2: lululoop ($41.93 in chips)
elifnur2008: posts small blind $1
lululoop: posts big blind $3
*** HOLE CARDS ***
elifnur2008: raises $3 to $6
lululoop: raises $3 to $9
elifnur2008: calls $3
*** FLOP *** [Kd As Qc]
lululoop: bets $3
elifnur2008: calls $3
*** TURN *** [Kd As Qc] [Ks]
lululoop: bets $6
elifnur2008: calls $6
*** RIVER *** [Kd As Qc Ks] [7h]
lululoop: bets $6
elifnur2008: calls $6
*** SHOW DOWN ***
lululoop: shows [6h Js] (a pair of Kings)
elifnur2008: shows [Qs 9c] (two pair, Kings and Queens)
elifnur2008 collected $47.50 from pot
*** SUMMARY ***
Total pot $48 | Rake $0.50
Board [Kd As Qc Ks 7h]
Seat 1: elifnur2008 (button) (small blind) showed [Qs 9c] and won ($47.50) with two pair, Kings and Queens
Seat 2: lululoop (big blind) showed [6h Js] and lost with a pair of Kings


PokerStars Hand #146423527918:  Hold'em Limit ($3/$6 USD) - 2016/01/03 18:52:20 ET
Table 'Euphrosyne' 2-max Seat #2 is the button
Seat 1: elifnur2008 ($128 in chips)
Seat 2: lululoop ($36.17 in chips)
lululoop: posts small blind $1
elifnur2008: posts big blind $3
*** HOLE CARDS ***
lululoop: raises $3 to $6
elifnur2008: calls $3
*** FLOP *** [5d Ac 4h]
elifnur2008: checks
lululoop: bets $3
elifnur2008: folds
Uncalled bet ($3) returned to lululoop
lululoop collected $11.76 from pot
lululoop: doesn't show hand
*** SUMMARY ***
Total pot $12 | Rake $0.24
Board [5d Ac 4h]
Seat 1: elifnur2008 (big blind) folded on the Flop
Seat 2: lululoop (button) (small blind) collected ($11.76)


