PokerStars Hand #157705451349:  Hold'em Limit ($3/$6 USD) - 2016/08/24 22:53:57 ET
Table 'Euphemia II' 6-max Seat #4 is the button
Seat 4: anetkaapro ($73 in chips)
Seat 6: bibbar ($4895.04 in chips)
anetkaapro: posts small blind $1
bibbar: posts big blind $3
*** HOLE CARDS ***
anetkaapro: raises $3 to $6
bibbar: calls $3
*** FLOP *** [Th Qd 5h]
bibbar: checks
anetkaapro: bets $3
bibbar: raises $3 to $6
anetkaapro: calls $3
*** TURN *** [Th Qd 5h] [6s]
bibbar: bets $6
anetkaapro: calls $6
*** RIVER *** [Th Qd 5h 6s] [8c]
bibbar: bets $6
anetkaapro: folds
Uncalled bet ($6) returned to bibbar
bibbar collected $35.50 from pot
bibbar: doesn't show hand
*** SUMMARY ***
Total pot $36 | Rake $0.50
Board [Th Qd 5h 6s 8c]
Seat 4: anetkaapro (button) (small blind) folded on the River
Seat 6: bibbar (big blind) collected ($35.50)


PokerStars Hand #157705455247:  Hold'em Limit ($3/$6 USD) - 2016/08/24 22:54:10 ET
Table 'Euphemia II' 6-max Seat #6 is the button
Seat 4: anetkaapro ($72 in chips)
Seat 6: bibbar ($4912.54 in chips)
bibbar: posts small blind $1
anetkaapro: posts big blind $3
*** HOLE CARDS ***
bibbar: raises $3 to $6
anetkaapro: calls $3
*** FLOP *** [Qs Qd Js]
anetkaapro: checks
bibbar: bets $3
anetkaapro: calls $3
*** TURN *** [Qs Qd Js] [Tc]
anetkaapro: checks
bibbar: checks
*** RIVER *** [Qs Qd Js Tc] [Ts]
anetkaapro: bets $6
bibbar: calls $6
*** SHOW DOWN ***
anetkaapro: shows [3c Qc] (a full house, Queens full of Tens)
bibbar: mucks hand
anetkaapro collected $29.50 from pot
*** SUMMARY ***
Total pot $30 | Rake $0.50
Board [Qs Qd Js Tc Ts]
Seat 4: anetkaapro (big blind) showed [3c Qc] and won ($29.50) with a full house, Queens full of Tens
Seat 6: bibbar (button) (small blind) mucked


PokerStars Hand #157705458487:  Hold'em Limit ($3/$6 USD) - 2016/08/24 22:54:21 ET
Table 'Euphemia II' 6-max Seat #4 is the button
Seat 4: anetkaapro ($86.50 in chips)
Seat 6: bibbar ($4897.54 in chips)
anetkaapro: posts small blind $1
bibbar: posts big blind $3
*** HOLE CARDS ***
anetkaapro: raises $3 to $6
bibbar: calls $3
*** FLOP *** [Tc Ac Jh]
bibbar: checks
anetkaapro: bets $3
bibbar: calls $3
*** TURN *** [Tc Ac Jh] [Qh]
bibbar: checks
anetkaapro: bets $6
bibbar: calls $6
*** RIVER *** [Tc Ac Jh Qh] [Jd]
bibbar: checks
anetkaapro: checks
*** SHOW DOWN ***
bibbar: shows [4s Ah] (two pair, Aces and Jacks)
anetkaapro: mucks hand
bibbar collected $29.50 from pot
*** SUMMARY ***
Total pot $30 | Rake $0.50
Board [Tc Ac Jh Qh Jd]
Seat 4: anetkaapro (button) (small blind) mucked
Seat 6: bibbar (big blind) showed [4s Ah] and won ($29.50) with two pair, Aces and Jacks


PokerStars Hand #157705466059:  Hold'em Limit ($3/$6 USD) - 2016/08/24 22:54:46 ET
Table 'Euphemia II' 6-max Seat #4 is the button
Seat 4: anetkaapro ($72 in chips)
Seat 6: bibbar ($4941.54 in chips)
anetkaapro: posts small blind $1
bibbar: posts big blind $3
*** HOLE CARDS ***
anetkaapro: raises $3 to $6
bibbar: folds
Uncalled bet ($3) returned to anetkaapro
anetkaapro collected $6 from pot
anetkaapro: doesn't show hand
*** SUMMARY ***
Total pot $6 | Rake $0
Seat 4: anetkaapro (button) (small blind) collected ($6)
Seat 6: bibbar (big blind) folded before Flop


PokerStars Hand #157705462376:  Hold'em Limit ($3/$6 USD) - 2016/08/24 22:54:34 ET
Table 'Euphemia II' 6-max Seat #6 is the button
Seat 4: anetkaapro ($72 in chips)
Seat 6: bibbar ($4912.04 in chips)
bibbar: posts small blind $1
anetkaapro: posts big blind $3
*** HOLE CARDS ***
bibbar: raises $3 to $6
anetkaapro: calls $3
*** FLOP *** [3d 2h 8d]
anetkaapro: checks
bibbar: bets $3
anetkaapro: raises $3 to $6
bibbar: calls $3
*** TURN *** [3d 2h 8d] [Qs]
anetkaapro: bets $6
bibbar: raises $6 to $12
anetkaapro: calls $6
*** RIVER *** [3d 2h 8d Qs] [4s]
anetkaapro: checks
bibbar: bets $6
anetkaapro: calls $6
*** SHOW DOWN ***
bibbar: shows [Jc Jh] (a pair of Jacks)
anetkaapro: mucks hand
bibbar collected $59.50 from pot
*** SUMMARY ***
Total pot $60 | Rake $0.50
Board [3d 2h 8d Qs 4s]
Seat 4: anetkaapro (big blind) mucked
Seat 6: bibbar (button) (small blind) showed [Jc Jh] and won ($59.50) with a pair of Jacks


PokerStars Hand #157705471003:  Hold'em Limit ($3/$6 USD) - 2016/08/24 22:55:03 ET
Table 'Euphemia II' 6-max Seat #4 is the button
Seat 4: anetkaapro ($72 in chips)
Seat 6: bibbar ($4947.18 in chips)
anetkaapro: posts small blind $1
bibbar: posts big blind $3
*** HOLE CARDS ***
anetkaapro: raises $3 to $6
bibbar: calls $3
*** FLOP *** [Qs 4h 2c]
bibbar: checks
anetkaapro: bets $3
bibbar: folds
Uncalled bet ($3) returned to anetkaapro
anetkaapro collected $11.76 from pot
anetkaapro: doesn't show hand
*** SUMMARY ***
Total pot $12 | Rake $0.24
Board [Qs 4h 2c]
Seat 4: anetkaapro (button) (small blind) collected ($11.76)
Seat 6: bibbar (big blind) folded on the Flop


PokerStars Hand #157705467520:  Hold'em Limit ($3/$6 USD) - 2016/08/24 22:54:51 ET
Table 'Euphemia II' 6-max Seat #6 is the button
Seat 4: anetkaapro ($75 in chips)
Seat 6: bibbar ($4938.54 in chips)
bibbar: posts small blind $1
anetkaapro: posts big blind $3
*** HOLE CARDS ***
bibbar: raises $3 to $6
anetkaapro: calls $3
*** FLOP *** [Ks 2h 2d]
anetkaapro: checks
bibbar: bets $3
anetkaapro: calls $3
*** TURN *** [Ks 2h 2d] [Qc]
anetkaapro: checks
bibbar: bets $6
anetkaapro: folds
Uncalled bet ($6) returned to bibbar
bibbar collected $17.64 from pot
bibbar: doesn't show hand
*** SUMMARY ***
Total pot $18 | Rake $0.36
Board [Ks 2h 2d Qc]
Seat 4: anetkaapro (big blind) folded on the Turn
Seat 6: bibbar (button) (small blind) collected ($17.64)


PokerStars Hand #157705473173:  Hold'em Limit ($3/$6 USD) - 2016/08/24 22:55:12 ET
Table 'Euphemia II' 6-max Seat #6 is the button
Seat 4: anetkaapro ($77.76 in chips)
Seat 6: bibbar ($4941.18 in chips)
bibbar: posts small blind $1
anetkaapro: posts big blind $3
*** HOLE CARDS ***
bibbar: folds
Uncalled bet ($2) returned to anetkaapro
anetkaapro collected $2 from pot
anetkaapro: doesn't show hand
*** SUMMARY ***
Total pot $2 | Rake $0
Seat 4: anetkaapro (big blind) collected ($2)
Seat 6: bibbar (button) (small blind) folded before Flop


PokerStars Hand #157705488970:  Hold'em Limit ($3/$6 USD) - 2016/08/24 22:56:14 ET
Table 'Euphemia II' 6-max Seat #4 is the button
Seat 4: anetkaapro ($89.50 in chips)
Seat 6: bibbar ($4931.82 in chips)
anetkaapro: posts small blind $1
bibbar: posts big blind $3
*** HOLE CARDS ***
anetkaapro: raises $3 to $6
bibbar: folds
Uncalled bet ($3) returned to anetkaapro
anetkaapro collected $6 from pot
anetkaapro: doesn't show hand
*** SUMMARY ***
Total pot $6 | Rake $0
Seat 4: anetkaapro (button) (small blind) collected ($6)
Seat 6: bibbar (big blind) folded before Flop


PokerStars Hand #157705487751:  Hold'em Limit ($3/$6 USD) - 2016/08/24 22:56:09 ET
Table 'Euphemia II' 6-max Seat #6 is the button
Seat 4: anetkaapro ($92.50 in chips)
Seat 6: bibbar ($4928.82 in chips)
bibbar: posts small blind $1
anetkaapro: posts big blind $3
*** HOLE CARDS ***
bibbar: raises $3 to $6
anetkaapro: folds
Uncalled bet ($3) returned to bibbar
bibbar collected $6 from pot
bibbar: doesn't show hand
*** SUMMARY ***
Total pot $6 | Rake $0
Seat 4: anetkaapro (big blind) folded before Flop
Seat 6: bibbar (button) (small blind) collected ($6)


PokerStars Hand #157705483115:  Hold'em Limit ($3/$6 USD) - 2016/08/24 22:55:51 ET
Table 'Euphemia II' 6-max Seat #6 is the button
Seat 4: anetkaapro ($92.50 in chips)
Seat 6: bibbar ($4928.82 in chips)
bibbar: posts small blind $1
anetkaapro: posts big blind $3
*** HOLE CARDS ***
bibbar: folds
Uncalled bet ($2) returned to anetkaapro
anetkaapro collected $2 from pot
anetkaapro: doesn't show hand
*** SUMMARY ***
Total pot $2 | Rake $0
Seat 4: anetkaapro (big blind) collected ($2)
Seat 6: bibbar (button) (small blind) folded before Flop


PokerStars Hand #157705486578:  Hold'em Limit ($3/$6 USD) - 2016/08/24 22:56:05 ET
Table 'Euphemia II' 6-max Seat #4 is the button
Seat 4: anetkaapro ($89.50 in chips)
Seat 6: bibbar ($4931.82 in chips)
anetkaapro: posts small blind $1
bibbar: posts big blind $3
*** HOLE CARDS ***
anetkaapro: raises $3 to $6
bibbar: folds
Uncalled bet ($3) returned to anetkaapro
anetkaapro collected $6 from pot
anetkaapro: doesn't show hand
*** SUMMARY ***
Total pot $6 | Rake $0
Seat 4: anetkaapro (button) (small blind) collected ($6)
Seat 6: bibbar (big blind) folded before Flop


PokerStars Hand #157705485322:  Hold'em Limit ($3/$6 USD) - 2016/08/24 22:56:00 ET
Table 'Euphemia II' 6-max Seat #6 is the button
Seat 4: anetkaapro ($92.50 in chips)
Seat 6: bibbar ($4928.82 in chips)
bibbar: posts small blind $1
anetkaapro: posts big blind $3
*** HOLE CARDS ***
bibbar: raises $3 to $6
anetkaapro: folds
Uncalled bet ($3) returned to bibbar
bibbar collected $6 from pot
bibbar: doesn't show hand
*** SUMMARY ***
Total pot $6 | Rake $0
Seat 4: anetkaapro (big blind) folded before Flop
Seat 6: bibbar (button) (small blind) collected ($6)


PokerStars Hand #157705475634:  Hold'em Limit ($3/$6 USD) - 2016/08/24 22:55:22 ET
Table 'Euphemia II' 6-max Seat #6 is the button
Seat 4: anetkaapro ($77.76 in chips)
Seat 6: bibbar ($4941.18 in chips)
bibbar: posts small blind $1
anetkaapro: posts big blind $3
*** HOLE CARDS ***
bibbar: raises $3 to $6
anetkaapro: calls $3
*** FLOP *** [6h Kh Jd]
anetkaapro: checks
bibbar: bets $3
anetkaapro: calls $3
*** TURN *** [6h Kh Jd] [Ac]
anetkaapro: checks
bibbar: bets $6
anetkaapro: folds
Uncalled bet ($6) returned to bibbar
bibbar collected $17.64 from pot
bibbar: doesn't show hand
*** SUMMARY ***
Total pot $18 | Rake $0.36
Board [6h Kh Jd Ac]
Seat 4: anetkaapro (big blind) folded on the Turn
Seat 6: bibbar (button) (small blind) collected ($17.64)


PokerStars Hand #157705478164:  Hold'em Limit ($3/$6 USD) - 2016/08/24 22:55:32 ET
Table 'Euphemia II' 6-max Seat #4 is the button
Seat 4: anetkaapro ($72 in chips)
Seat 6: bibbar ($4949.82 in chips)
anetkaapro: posts small blind $1
bibbar: posts big blind $3
*** HOLE CARDS ***
anetkaapro: raises $3 to $6
bibbar: calls $3
*** FLOP *** [Qs 6c 3s]
bibbar: checks
anetkaapro: bets $3
bibbar: calls $3
*** TURN *** [Qs 6c 3s] [Th]
bibbar: checks
anetkaapro: bets $6
bibbar: calls $6
*** RIVER *** [Qs 6c 3s Th] [Ks]
bibbar: bets $6
anetkaapro: calls $6
*** SHOW DOWN ***
bibbar: shows [6s Jc] (a pair of Sixes)
anetkaapro: shows [Qh 8c] (a pair of Queens)
anetkaapro collected $41.50 from pot
*** SUMMARY ***
Total pot $42 | Rake $0.50
Board [Qs 6c 3s Th Ks]
Seat 4: anetkaapro (button) (small blind) showed [Qh 8c] and won ($41.50) with a pair of Queens
Seat 6: bibbar (big blind) showed [6s Jc] and lost with a pair of Sixes


PokerStars Hand #157705490056:  Hold'em Limit ($3/$6 USD) - 2016/08/24 22:56:18 ET
Table 'Euphemia II' 6-max Seat #6 is the button
Seat 4: anetkaapro ($92.50 in chips)
Seat 6: bibbar ($4928.82 in chips)
bibbar: posts small blind $1
anetkaapro: posts big blind $3
*** HOLE CARDS ***
bibbar: raises $3 to $6
anetkaapro: raises $3 to $9
bibbar: calls $3
*** FLOP *** [Tc Jd 2s]
anetkaapro: bets $3
bibbar: calls $3
*** TURN *** [Tc Jd 2s] [Jh]
anetkaapro: bets $6
bibbar: calls $6
*** RIVER *** [Tc Jd 2s Jh] [9d]
anetkaapro: checks
bibbar: bets $6
anetkaapro: calls $6
*** SHOW DOWN ***
bibbar: shows [Qc 9s] (two pair, Jacks and Nines)
anetkaapro: mucks hand
bibbar collected $47.50 from pot
*** SUMMARY ***
Total pot $48 | Rake $0.50
Board [Tc Jd 2s Jh 9d]
Seat 4: anetkaapro (big blind) mucked
Seat 6: bibbar (button) (small blind) showed [Qc 9s] and won ($47.50) with two pair, Jacks and Nines


PokerStars Hand #157705493502:  Hold'em Limit ($3/$6 USD) - 2016/08/24 22:56:32 ET
Table 'Euphemia II' 6-max Seat #4 is the button
Seat 4: anetkaapro ($72 in chips)
Seat 6: bibbar ($4952.32 in chips)
anetkaapro: posts small blind $1
bibbar: posts big blind $3
*** HOLE CARDS ***
anetkaapro: raises $3 to $6
bibbar: folds
Uncalled bet ($3) returned to anetkaapro
anetkaapro collected $6 from pot
anetkaapro: doesn't show hand
*** SUMMARY ***
Total pot $6 | Rake $0
Seat 4: anetkaapro (button) (small blind) collected ($6)
Seat 6: bibbar (big blind) folded before Flop


PokerStars Hand #157705498118:  Hold'em Limit ($3/$6 USD) - 2016/08/24 22:56:50 ET
Table 'Euphemia II' 6-max Seat #4 is the button
Seat 4: anetkaapro ($72 in chips)
Seat 6: bibbar ($4966.82 in chips)
anetkaapro: posts small blind $1
bibbar: posts big blind $3
*** HOLE CARDS ***
anetkaapro: raises $3 to $6
bibbar: calls $3
*** FLOP *** [Qc 8d 3c]
bibbar: checks
anetkaapro: bets $3
bibbar: raises $3 to $6
anetkaapro: calls $3
*** TURN *** [Qc 8d 3c] [Ks]
bibbar: bets $6
anetkaapro: folds
Uncalled bet ($6) returned to bibbar
bibbar collected $23.52 from pot
bibbar: doesn't show hand
*** SUMMARY ***
Total pot $24 | Rake $0.48
Board [Qc 8d 3c Ks]
Seat 4: anetkaapro (button) (small blind) folded on the Turn
Seat 6: bibbar (big blind) collected ($23.52)


PokerStars Hand #157705494691:  Hold'em Limit ($3/$6 USD) - 2016/08/24 22:56:36 ET
Table 'Euphemia II' 6-max Seat #6 is the button
Seat 4: anetkaapro ($75 in chips)
Seat 6: bibbar ($4949.32 in chips)
bibbar: posts small blind $1
anetkaapro: posts big blind $3
*** HOLE CARDS ***
bibbar: raises $3 to $6
anetkaapro: raises $3 to $9
bibbar: calls $3
*** FLOP *** [6c 7h Th]
anetkaapro: bets $3
bibbar: calls $3
*** TURN *** [6c 7h Th] [Qs]
anetkaapro: checks
bibbar: bets $6
anetkaapro: calls $6
*** RIVER *** [6c 7h Th Qs] [5s]
anetkaapro: checks
bibbar: bets $6
anetkaapro: folds
Uncalled bet ($6) returned to bibbar
bibbar collected $35.50 from pot
bibbar: doesn't show hand
*** SUMMARY ***
Total pot $36 | Rake $0.50
Board [6c 7h Th Qs 5s]
Seat 4: anetkaapro (big blind) folded on the River
Seat 6: bibbar (button) (small blind) collected ($35.50)


PokerStars Hand #157705516810:  Hold'em Limit ($3/$6 USD) - 2016/08/24 22:58:01 ET
Table 'Euphemia II' 6-max Seat #4 is the button
Seat 4: anetkaapro ($101.50 in chips)
Seat 6: bibbar ($4962.84 in chips)
anetkaapro: posts small blind $1
bibbar: posts big blind $3
*** HOLE CARDS ***
anetkaapro: raises $3 to $6
bibbar: calls $3
*** FLOP *** [8c 7c 4s]
bibbar: checks
anetkaapro: bets $3
bibbar: folds
Uncalled bet ($3) returned to anetkaapro
anetkaapro collected $11.76 from pot
anetkaapro: doesn't show hand
*** SUMMARY ***
Total pot $12 | Rake $0.24
Board [8c 7c 4s]
Seat 4: anetkaapro (button) (small blind) collected ($11.76)
Seat 6: bibbar (big blind) folded on the Flop


PokerStars Hand #157705507719:  Hold'em Limit ($3/$6 USD) - 2016/08/24 22:57:27 ET
Table 'Euphemia II' 6-max Seat #4 is the button
Seat 4: anetkaapro ($86.50 in chips)
Seat 6: bibbar ($4963.34 in chips)
anetkaapro: posts small blind $1
bibbar: posts big blind $3
*** HOLE CARDS ***
anetkaapro: raises $3 to $6
bibbar: calls $3
*** FLOP *** [7c 4c 5c]
bibbar: checks
anetkaapro: bets $3
bibbar: raises $3 to $6
anetkaapro: calls $3
*** TURN *** [7c 4c 5c] [2s]
bibbar: bets $6
anetkaapro: calls $6
*** RIVER *** [7c 4c 5c 2s] [6h]
bibbar: bets $6
anetkaapro: raises $6 to $12
bibbar: calls $6
*** SHOW DOWN ***
anetkaapro: shows [As Jc] (high card Ace)
bibbar: shows [7d 9s] (a pair of Sevens)
bibbar collected $59.50 from pot
*** SUMMARY ***
Total pot $60 | Rake $0.50
Board [7c 4c 5c 2s 6h]
Seat 4: anetkaapro (button) (small blind) showed [As Jc] and lost with high card Ace
Seat 6: bibbar (big blind) showed [7d 9s] and won ($59.50) with a pair of Sevens


PokerStars Hand #157705512270:  Hold'em Limit ($3/$6 USD) - 2016/08/24 22:57:44 ET
Table 'Euphemia II' 6-max Seat #6 is the button
Seat 4: anetkaapro ($72 in chips)
Seat 6: bibbar ($4992.84 in chips)
bibbar: posts small blind $1
anetkaapro: posts big blind $3
*** HOLE CARDS ***
bibbar: raises $3 to $6
anetkaapro: calls $3
*** FLOP *** [7c 5h 8s]
anetkaapro: checks
bibbar: bets $3
anetkaapro: raises $3 to $6
bibbar: calls $3
*** TURN *** [7c 5h 8s] [Ac]
anetkaapro: bets $6
bibbar: raises $6 to $12
anetkaapro: raises $6 to $18
bibbar: calls $6
*** RIVER *** [7c 5h 8s Ac] [Tc]
anetkaapro: bets $6
bibbar: folds
Uncalled bet ($6) returned to anetkaapro
anetkaapro collected $59.50 from pot
anetkaapro: doesn't show hand
*** SUMMARY ***
Total pot $60 | Rake $0.50
Board [7c 5h 8s Ac Tc]
Seat 4: anetkaapro (big blind) collected ($59.50)
Seat 6: bibbar (button) (small blind) folded on the River


PokerStars Hand #157705504233:  Hold'em Limit ($3/$6 USD) - 2016/08/24 22:57:13 ET
Table 'Euphemia II' 6-max Seat #6 is the button
Seat 4: anetkaapro ($72 in chips)
Seat 6: bibbar ($4978.34 in chips)
bibbar: posts small blind $1
anetkaapro: posts big blind $3
*** HOLE CARDS ***
bibbar: raises $3 to $6
anetkaapro: raises $3 to $9
bibbar: calls $3
*** FLOP *** [Kd 4h Qs]
anetkaapro: bets $3
bibbar: raises $3 to $6
anetkaapro: calls $3
*** TURN *** [Kd 4h Qs] [4c]
anetkaapro: checks
bibbar: checks
*** RIVER *** [Kd 4h Qs 4c] [Ts]
anetkaapro: bets $6
bibbar: folds
Uncalled bet ($6) returned to anetkaapro
anetkaapro collected $29.50 from pot
anetkaapro: doesn't show hand
*** SUMMARY ***
Total pot $30 | Rake $0.50
Board [Kd 4h Qs 4c Ts]
Seat 4: anetkaapro (big blind) collected ($29.50)
Seat 6: bibbar (button) (small blind) folded on the River


PokerStars Hand #157705531315:  Hold'em Limit ($3/$6 USD) - 2016/08/24 22:58:57 ET
Table 'Euphemia II' 6-max Seat #6 is the button
Seat 4: anetkaapro ($72 in chips)
Seat 6: bibbar ($5004.84 in chips)
bibbar: posts small blind $1
anetkaapro: posts big blind $3
*** HOLE CARDS ***
bibbar: raises $3 to $6
anetkaapro: calls $3
*** FLOP *** [Kd 4c Td]
anetkaapro: checks
bibbar: bets $3
anetkaapro: folds
Uncalled bet ($3) returned to bibbar
bibbar collected $11.76 from pot
bibbar: doesn't show hand
*** SUMMARY ***
Total pot $12 | Rake $0.24
Board [Kd 4c Td]
Seat 4: anetkaapro (big blind) folded on the Flop
Seat 6: bibbar (button) (small blind) collected ($11.76)


PokerStars Hand #157705520898:  Hold'em Limit ($3/$6 USD) - 2016/08/24 22:58:17 ET
Table 'Euphemia II' 6-max Seat #4 is the button
Seat 4: anetkaapro ($113.02 in chips)
Seat 6: bibbar ($4950.84 in chips)
anetkaapro: posts small blind $1
bibbar: posts big blind $3
*** HOLE CARDS ***
anetkaapro: raises $3 to $6
bibbar: raises $3 to $9
anetkaapro: calls $3
*** FLOP *** [9d 4s Ah]
bibbar: bets $3
anetkaapro: calls $3
*** TURN *** [9d 4s Ah] [3d]
bibbar: bets $6
anetkaapro: raises $6 to $12
bibbar: calls $6
*** RIVER *** [9d 4s Ah 3d] [5d]
bibbar: checks
anetkaapro: bets $6
bibbar: raises $6 to $12
anetkaapro: calls $6
*** SHOW DOWN ***
bibbar: shows [5c 5h] (three of a kind, Fives)
anetkaapro: mucks hand
bibbar collected $71.50 from pot
*** SUMMARY ***
Total pot $72 | Rake $0.50
Board [9d 4s Ah 3d 5d]
Seat 4: anetkaapro (button) (small blind) mucked
Seat 6: bibbar (big blind) showed [5c 5h] and won ($71.50) with three of a kind, Fives


PokerStars Hand #157705527059:  Hold'em Limit ($3/$6 USD) - 2016/08/24 22:58:41 ET
Table 'Euphemia II' 6-max Seat #6 is the button
Seat 4: anetkaapro ($77.02 in chips)
Seat 6: bibbar ($4986.34 in chips)
bibbar: posts small blind $1
anetkaapro: posts big blind $3
*** HOLE CARDS ***
bibbar: raises $3 to $6
anetkaapro: calls $3
*** FLOP *** [Qd 2s Qh]
anetkaapro: checks
bibbar: bets $3
anetkaapro: raises $3 to $6
bibbar: calls $3
*** TURN *** [Qd 2s Qh] [2h]
anetkaapro: bets $6
bibbar: raises $6 to $12
anetkaapro: folds
Uncalled bet ($6) returned to bibbar
bibbar collected $35.50 from pot
bibbar: doesn't show hand
*** SUMMARY ***
Total pot $36 | Rake $0.50
Board [Qd 2s Qh 2h]
Seat 4: anetkaapro (big blind) folded on the Turn
Seat 6: bibbar (button) (small blind) collected ($35.50)


PokerStars Hand #157705534273:  Hold'em Limit ($3/$6 USD) - 2016/08/24 22:59:09 ET
Table 'Euphemia II' 6-max Seat #4 is the button
Seat 4: anetkaapro ($72 in chips)
Seat 6: bibbar ($5010.60 in chips)
anetkaapro: posts small blind $1
bibbar: posts big blind $3
*** HOLE CARDS ***
anetkaapro: raises $3 to $6
bibbar: calls $3
*** FLOP *** [Jd 2c 4h]
bibbar: checks
anetkaapro: bets $3
bibbar: folds
Uncalled bet ($3) returned to anetkaapro
anetkaapro collected $11.76 from pot
anetkaapro: doesn't show hand
*** SUMMARY ***
Total pot $12 | Rake $0.24
Board [Jd 2c 4h]
Seat 4: anetkaapro (button) (small blind) collected ($11.76)
Seat 6: bibbar (big blind) folded on the Flop


PokerStars Hand #157705524652:  Hold'em Limit ($3/$6 USD) - 2016/08/24 22:58:32 ET
Table 'Euphemia II' 6-max Seat #6 is the button
Seat 4: anetkaapro ($77.02 in chips)
Seat 6: bibbar ($4986.34 in chips)
bibbar: posts small blind $1
anetkaapro: posts big blind $3
*** HOLE CARDS ***
bibbar: folds
Uncalled bet ($2) returned to anetkaapro
anetkaapro collected $2 from pot
anetkaapro: doesn't show hand
*** SUMMARY ***
Total pot $2 | Rake $0
Seat 4: anetkaapro (big blind) collected ($2)
Seat 6: bibbar (button) (small blind) folded before Flop


PokerStars Hand #157705550455:  Hold'em Limit ($3/$6 USD) - 2016/08/24 23:00:11 ET
Table 'Euphemia II' 6-max Seat #6 is the button
Seat 4: anetkaapro ($116 in chips)
Seat 6: bibbar ($4982.86 in chips)
bibbar: posts small blind $1
anetkaapro: posts big blind $3
*** HOLE CARDS ***
bibbar: raises $3 to $6
anetkaapro: calls $3
*** FLOP *** [Kc 9s 6c]
anetkaapro: checks
bibbar: bets $3
anetkaapro: folds
Uncalled bet ($3) returned to bibbar
bibbar collected $11.76 from pot
bibbar: doesn't show hand
*** SUMMARY ***
Total pot $12 | Rake $0.24
Board [Kc 9s 6c]
Seat 4: anetkaapro (big blind) folded on the Flop
Seat 6: bibbar (button) (small blind) collected ($11.76)


PokerStars Hand #157705537304:  Hold'em Limit ($3/$6 USD) - 2016/08/24 22:59:20 ET
Table 'Euphemia II' 6-max Seat #6 is the button
Seat 4: anetkaapro ($77.76 in chips)
Seat 6: bibbar ($5004.60 in chips)
bibbar: posts small blind $1
anetkaapro: posts big blind $3
*** HOLE CARDS ***
bibbar: raises $3 to $6
anetkaapro: calls $3
*** FLOP *** [7d Jc 3h]
anetkaapro: checks
bibbar: bets $3
anetkaapro: folds
Uncalled bet ($3) returned to bibbar
bibbar collected $11.76 from pot
bibbar: doesn't show hand
*** SUMMARY ***
Total pot $12 | Rake $0.24
Board [7d Jc 3h]
Seat 4: anetkaapro (big blind) folded on the Flop
Seat 6: bibbar (button) (small blind) collected ($11.76)


PokerStars Hand #157705539298:  Hold'em Limit ($3/$6 USD) - 2016/08/24 22:59:28 ET
Table 'Euphemia II' 6-max Seat #4 is the button
Seat 4: anetkaapro ($72 in chips)
Seat 6: bibbar ($5010.36 in chips)
anetkaapro: posts small blind $1
bibbar: posts big blind $3
*** HOLE CARDS ***
anetkaapro: raises $3 to $6
bibbar: calls $3
*** FLOP *** [Qd 5c Ks]
bibbar: checks
anetkaapro: bets $3
bibbar: raises $3 to $6
anetkaapro: calls $3
*** TURN *** [Qd 5c Ks] [4d]
bibbar: bets $6
anetkaapro: calls $6
*** RIVER *** [Qd 5c Ks 4d] [Th]
bibbar: bets $6
anetkaapro: folds
Uncalled bet ($6) returned to bibbar
bibbar collected $35.50 from pot
bibbar: doesn't show hand
*** SUMMARY ***
Total pot $36 | Rake $0.50
Board [Qd 5c Ks 4d Th]
Seat 4: anetkaapro (button) (small blind) folded on the River
Seat 6: bibbar (big blind) collected ($35.50)


PokerStars Hand #157705546025:  Hold'em Limit ($3/$6 USD) - 2016/08/24 22:59:54 ET
Table 'Euphemia II' 6-max Seat #4 is the button
Seat 4: anetkaapro ($86.50 in chips)
Seat 6: bibbar ($5012.86 in chips)
anetkaapro: posts small blind $1
bibbar: posts big blind $3
*** HOLE CARDS ***
anetkaapro: raises $3 to $6
bibbar: calls $3
*** FLOP *** [Qh 8s 3c]
bibbar: checks
anetkaapro: bets $3
bibbar: raises $3 to $6
anetkaapro: calls $3
*** TURN *** [Qh 8s 3c] [Kc]
bibbar: bets $6
anetkaapro: raises $6 to $12
bibbar: calls $6
*** RIVER *** [Qh 8s 3c Kc] [6c]
bibbar: checks
anetkaapro: bets $6
bibbar: calls $6
*** SHOW DOWN ***
anetkaapro: shows [Ks 3s] (two pair, Kings and Threes)
bibbar: mucks hand
anetkaapro collected $59.50 from pot
*** SUMMARY ***
Total pot $60 | Rake $0.50
Board [Qh 8s 3c Kc 6c]
Seat 4: anetkaapro (button) (small blind) showed [Ks 3s] and won ($59.50) with two pair, Kings and Threes
Seat 6: bibbar (big blind) mucked


PokerStars Hand #157705542821:  Hold'em Limit ($3/$6 USD) - 2016/08/24 22:59:42 ET
Table 'Euphemia II' 6-max Seat #6 is the button
Seat 4: anetkaapro ($72 in chips)
Seat 6: bibbar ($5027.86 in chips)
bibbar: posts small blind $1
anetkaapro: posts big blind $3
*** HOLE CARDS ***
bibbar: raises $3 to $6
anetkaapro: calls $3
*** FLOP *** [Js 2h Jh]
anetkaapro: checks
bibbar: bets $3
anetkaapro: calls $3
*** TURN *** [Js 2h Jh] [4d]
anetkaapro: checks
bibbar: bets $6
anetkaapro: calls $6
*** RIVER *** [Js 2h Jh 4d] [5h]
anetkaapro: checks
bibbar: checks
*** SHOW DOWN ***
anetkaapro: shows [Ah 2d] (two pair, Jacks and Deuces)
bibbar: mucks hand
anetkaapro collected $29.50 from pot
*** SUMMARY ***
Total pot $30 | Rake $0.50
Board [Js 2h Jh 4d 5h]
Seat 4: anetkaapro (big blind) showed [Ah 2d] and won ($29.50) with two pair, Jacks and Deuces
Seat 6: bibbar (button) (small blind) mucked


PokerStars Hand #157705563040:  Hold'em Limit ($3/$6 USD) - 2016/08/24 23:00:57 ET
Table 'Euphemia II' 6-max Seat #4 is the button
Seat 4: anetkaapro ($92.76 in chips)
Seat 6: bibbar ($5004.88 in chips)
anetkaapro: posts small blind $1
bibbar: posts big blind $3
*** HOLE CARDS ***
anetkaapro: raises $3 to $6
bibbar: folds
Uncalled bet ($3) returned to anetkaapro
anetkaapro collected $6 from pot
anetkaapro: doesn't show hand
*** SUMMARY ***
Total pot $6 | Rake $0
Seat 4: anetkaapro (button) (small blind) collected ($6)
Seat 6: bibbar (big blind) folded before Flop


PokerStars Hand #157705561790:  Hold'em Limit ($3/$6 USD) - 2016/08/24 23:00:53 ET
Table 'Euphemia II' 6-max Seat #6 is the button
Seat 4: anetkaapro ($91.76 in chips)
Seat 6: bibbar ($5005.88 in chips)
bibbar: posts small blind $1
anetkaapro: posts big blind $3
*** HOLE CARDS ***
bibbar: folds
Uncalled bet ($2) returned to anetkaapro
anetkaapro collected $2 from pot
anetkaapro: doesn't show hand
*** SUMMARY ***
Total pot $2 | Rake $0
Seat 4: anetkaapro (big blind) collected ($2)
Seat 6: bibbar (button) (small blind) folded before Flop


PokerStars Hand #157705554949:  Hold'em Limit ($3/$6 USD) - 2016/08/24 23:00:28 ET
Table 'Euphemia II' 6-max Seat #4 is the button
Seat 4: anetkaapro ($110 in chips)
Seat 6: bibbar ($4988.62 in chips)
anetkaapro: posts small blind $1
bibbar: posts big blind $3
*** HOLE CARDS ***
anetkaapro: raises $3 to $6
bibbar: raises $3 to $9
anetkaapro: calls $3
*** FLOP *** [5s Qs Tc]
bibbar: bets $3
anetkaapro: calls $3
*** TURN *** [5s Qs Tc] [6d]
bibbar: bets $6
anetkaapro: calls $6
*** RIVER *** [5s Qs Tc 6d] [7s]
bibbar: bets $6
anetkaapro: folds
Uncalled bet ($6) returned to bibbar
bibbar collected $35.50 from pot
bibbar: doesn't show hand
*** SUMMARY ***
Total pot $36 | Rake $0.50
Board [5s Qs Tc 6d 7s]
Seat 4: anetkaapro (button) (small blind) folded on the River
Seat 6: bibbar (big blind) collected ($35.50)


PokerStars Hand #157705553772:  Hold'em Limit ($3/$6 USD) - 2016/08/24 23:00:23 ET
Table 'Euphemia II' 6-max Seat #6 is the button
Seat 4: anetkaapro ($109 in chips)
Seat 6: bibbar ($4989.62 in chips)
bibbar: posts small blind $1
anetkaapro: posts big blind $3
*** HOLE CARDS ***
bibbar: folds
Uncalled bet ($2) returned to anetkaapro
anetkaapro collected $2 from pot
anetkaapro: doesn't show hand
*** SUMMARY ***
Total pot $2 | Rake $0
Seat 4: anetkaapro (big blind) collected ($2)
Seat 6: bibbar (button) (small blind) folded before Flop


PokerStars Hand #157705552182:  Hold'em Limit ($3/$6 USD) - 2016/08/24 23:00:18 ET
Table 'Euphemia II' 6-max Seat #4 is the button
Seat 4: anetkaapro ($110 in chips)
Seat 6: bibbar ($4988.62 in chips)
anetkaapro: posts small blind $1
bibbar: posts big blind $3
*** HOLE CARDS ***
anetkaapro: folds
Uncalled bet ($2) returned to bibbar
bibbar collected $2 from pot
bibbar: doesn't show hand
*** SUMMARY ***
Total pot $2 | Rake $0
Seat 4: anetkaapro (button) (small blind) folded before Flop
Seat 6: bibbar (big blind) collected ($2)


PokerStars Hand #157705565633:  Hold'em Limit ($3/$6 USD) - 2016/08/24 23:01:06 ET
Table 'Euphemia II' 6-max Seat #4 is the button
Seat 4: anetkaapro ($96.76 in chips)
Seat 6: bibbar ($5000.88 in chips)
anetkaapro: posts small blind $1
bibbar: posts big blind $3
*** HOLE CARDS ***
anetkaapro: folds
Uncalled bet ($2) returned to bibbar
bibbar collected $2 from pot
bibbar: doesn't show hand
*** SUMMARY ***
Total pot $2 | Rake $0
Seat 4: anetkaapro (button) (small blind) folded before Flop
Seat 6: bibbar (big blind) collected ($2)


PokerStars Hand #157705564472:  Hold'em Limit ($3/$6 USD) - 2016/08/24 23:01:02 ET
Table 'Euphemia II' 6-max Seat #6 is the button
Seat 4: anetkaapro ($95.76 in chips)
Seat 6: bibbar ($5001.88 in chips)
bibbar: posts small blind $1
anetkaapro: posts big blind $3
*** HOLE CARDS ***
bibbar: folds
Uncalled bet ($2) returned to anetkaapro
anetkaapro collected $2 from pot
anetkaapro: doesn't show hand
*** SUMMARY ***
Total pot $2 | Rake $0
Seat 4: anetkaapro (big blind) collected ($2)
Seat 6: bibbar (button) (small blind) folded before Flop


PokerStars Hand #157705559668:  Hold'em Limit ($3/$6 USD) - 2016/08/24 23:00:45 ET
Table 'Euphemia II' 6-max Seat #4 is the button
Seat 4: anetkaapro ($86 in chips)
Seat 6: bibbar ($5011.88 in chips)
anetkaapro: posts small blind $1
bibbar: posts big blind $3
*** HOLE CARDS ***
anetkaapro: raises $3 to $6
bibbar: calls $3
*** FLOP *** [Qd 4s 5s]
bibbar: checks
anetkaapro: bets $3
bibbar: folds
Uncalled bet ($3) returned to anetkaapro
anetkaapro collected $11.76 from pot
anetkaapro: doesn't show hand
*** SUMMARY ***
Total pot $12 | Rake $0.24
Board [Qd 4s 5s]
Seat 4: anetkaapro (button) (small blind) collected ($11.76)
Seat 6: bibbar (big blind) folded on the Flop


PokerStars Hand #157705557917:  Hold'em Limit ($3/$6 USD) - 2016/08/24 23:00:39 ET
Table 'Euphemia II' 6-max Seat #6 is the button
Seat 4: anetkaapro ($92 in chips)
Seat 6: bibbar ($5006.12 in chips)
bibbar: posts small blind $1
anetkaapro: posts big blind $3
*** HOLE CARDS ***
bibbar: raises $3 to $6
anetkaapro: calls $3
*** FLOP *** [Js 4c Ad]
anetkaapro: checks
bibbar: bets $3
anetkaapro: folds
Uncalled bet ($3) returned to bibbar
bibbar collected $11.76 from pot
bibbar: doesn't show hand
*** SUMMARY ***
Total pot $12 | Rake $0.24
Board [Js 4c Ad]
Seat 4: anetkaapro (big blind) folded on the Flop
Seat 6: bibbar (button) (small blind) collected ($11.76)


PokerStars Hand #157705573352:  Hold'em Limit ($3/$6 USD) - 2016/08/24 23:01:33 ET
Table 'Euphemia II' 6-max Seat #6 is the button
Seat 4: anetkaapro ($95.28 in chips)
Seat 6: bibbar ($5001.40 in chips)
bibbar: posts small blind $1
anetkaapro: posts big blind $3
*** HOLE CARDS ***
bibbar: raises $3 to $6
anetkaapro: calls $3
*** FLOP *** [Kh 8h 2h]
anetkaapro: checks
bibbar: bets $3
anetkaapro: raises $3 to $6
bibbar: folds
Uncalled bet ($3) returned to anetkaapro
anetkaapro collected $17.64 from pot
anetkaapro: doesn't show hand
*** SUMMARY ***
Total pot $18 | Rake $0.36
Board [Kh 8h 2h]
Seat 4: anetkaapro (big blind) collected ($17.64)
Seat 6: bibbar (button) (small blind) folded on the Flop


PokerStars Hand #157705570705:  Hold'em Limit ($3/$6 USD) - 2016/08/24 23:01:24 ET
Table 'Euphemia II' 6-max Seat #4 is the button
Seat 4: anetkaapro ($107.28 in chips)
Seat 6: bibbar ($4989.88 in chips)
anetkaapro: posts small blind $1
bibbar: posts big blind $3
*** HOLE CARDS ***
anetkaapro: raises $3 to $6
bibbar: raises $3 to $9
anetkaapro: calls $3
*** FLOP *** [Jc As 4c]
bibbar: bets $3
anetkaapro: calls $3
*** TURN *** [Jc As 4c] [Jd]
bibbar: bets $6
anetkaapro: folds
Uncalled bet ($6) returned to bibbar
bibbar collected $23.52 from pot
bibbar: doesn't show hand
*** SUMMARY ***
Total pot $24 | Rake $0.48
Board [Jc As 4c Jd]
Seat 4: anetkaapro (button) (small blind) folded on the Turn
Seat 6: bibbar (big blind) collected ($23.52)


PokerStars Hand #157705567309:  Hold'em Limit ($3/$6 USD) - 2016/08/24 23:01:12 ET
Table 'Euphemia II' 6-max Seat #6 is the button
Seat 4: anetkaapro ($95.76 in chips)
Seat 6: bibbar ($5001.88 in chips)
bibbar: posts small blind $1
anetkaapro: posts big blind $3
*** HOLE CARDS ***
bibbar: raises $3 to $6
anetkaapro: raises $3 to $9
bibbar: calls $3
*** FLOP *** [Th Td 6h]
anetkaapro: bets $3
bibbar: calls $3
*** TURN *** [Th Td 6h] [Jc]
anetkaapro: checks
bibbar: checks
*** RIVER *** [Th Td 6h Jc] [Jd]
anetkaapro: bets $6
bibbar: folds
Uncalled bet ($6) returned to anetkaapro
anetkaapro collected $23.52 from pot
anetkaapro: doesn't show hand
*** SUMMARY ***
Total pot $24 | Rake $0.48
Board [Th Td 6h Jc Jd]
Seat 4: anetkaapro (big blind) collected ($23.52)
Seat 6: bibbar (button) (small blind) folded on the River


PokerStars Hand #157705576806:  Hold'em Limit ($3/$6 USD) - 2016/08/24 23:01:46 ET
Table 'Euphemia II' 6-max Seat #6 is the button
Seat 4: anetkaapro ($102.92 in chips)
Seat 6: bibbar ($4993.40 in chips)
bibbar: posts small blind $1
anetkaapro: posts big blind $3
*** HOLE CARDS ***
bibbar: raises $3 to $6
anetkaapro: raises $3 to $9
bibbar: calls $3
*** FLOP *** [Qh 3s 4s]
anetkaapro: bets $3
bibbar: folds
Uncalled bet ($3) returned to anetkaapro
anetkaapro collected $17.64 from pot
anetkaapro: doesn't show hand
*** SUMMARY ***
Total pot $18 | Rake $0.36
Board [Qh 3s 4s]
Seat 4: anetkaapro (big blind) collected ($17.64)
Seat 6: bibbar (button) (small blind) folded on the Flop


PokerStars Hand #157705575637:  Hold'em Limit ($3/$6 USD) - 2016/08/24 23:01:41 ET
Table 'Euphemia II' 6-max Seat #4 is the button
Seat 4: anetkaapro ($103.92 in chips)
Seat 6: bibbar ($4992.40 in chips)
anetkaapro: posts small blind $1
bibbar: posts big blind $3
*** HOLE CARDS ***
anetkaapro: folds
Uncalled bet ($2) returned to bibbar
bibbar collected $2 from pot
bibbar: doesn't show hand
*** SUMMARY ***
Total pot $2 | Rake $0
Seat 4: anetkaapro (button) (small blind) folded before Flop
Seat 6: bibbar (big blind) collected ($2)


PokerStars Hand #157705580084:  Hold'em Limit ($3/$6 USD) - 2016/08/24 23:01:57 ET
Table 'Euphemia II' 6-max Seat #6 is the button
Seat 4: anetkaapro ($114.56 in chips)
Seat 6: bibbar ($4981.40 in chips)
bibbar: posts small blind $1
anetkaapro: posts big blind $3
*** HOLE CARDS ***
bibbar: folds
Uncalled bet ($2) returned to anetkaapro
anetkaapro collected $2 from pot
anetkaapro: doesn't show hand
*** SUMMARY ***
Total pot $2 | Rake $0
Seat 4: anetkaapro (big blind) collected ($2)
Seat 6: bibbar (button) (small blind) folded before Flop


PokerStars Hand #157705578816:  Hold'em Limit ($3/$6 USD) - 2016/08/24 23:01:53 ET
Table 'Euphemia II' 6-max Seat #4 is the button
Seat 4: anetkaapro ($111.56 in chips)
Seat 6: bibbar ($4984.40 in chips)
anetkaapro: posts small blind $1
bibbar: posts big blind $3
*** HOLE CARDS ***
anetkaapro: raises $3 to $6
bibbar: folds
Uncalled bet ($3) returned to anetkaapro
anetkaapro collected $6 from pot
anetkaapro: doesn't show hand
*** SUMMARY ***
Total pot $6 | Rake $0
Seat 4: anetkaapro (button) (small blind) collected ($6)
Seat 6: bibbar (big blind) folded before Flop


PokerStars Hand #157705581540:  Hold'em Limit ($3/$6 USD) - 2016/08/24 23:02:02 ET
Table 'Euphemia II' 6-max Seat #4 is the button
Seat 4: anetkaapro ($115.56 in chips)
Seat 6: bibbar ($4980.40 in chips)
anetkaapro: posts small blind $1
bibbar: posts big blind $3
*** HOLE CARDS ***
anetkaapro: folds
Uncalled bet ($2) returned to bibbar
bibbar collected $2 from pot
bibbar: doesn't show hand
*** SUMMARY ***
Total pot $2 | Rake $0
Seat 4: anetkaapro (button) (small blind) folded before Flop
Seat 6: bibbar (big blind) collected ($2)


PokerStars Hand #157705583063:  Hold'em Limit ($3/$6 USD) - 2016/08/24 23:02:07 ET
Table 'Euphemia II' 6-max Seat #6 is the button
Seat 4: anetkaapro ($114.56 in chips)
Seat 6: bibbar ($4981.40 in chips)
bibbar: posts small blind $1
anetkaapro: posts big blind $3
*** HOLE CARDS ***
bibbar: raises $3 to $6
anetkaapro: calls $3
*** FLOP *** [6d 4c Qh]
anetkaapro: checks
bibbar: bets $3
anetkaapro: calls $3
*** TURN *** [6d 4c Qh] [2h]
anetkaapro: checks
bibbar: checks
*** RIVER *** [6d 4c Qh 2h] [3d]
anetkaapro: bets $6
bibbar: folds
Uncalled bet ($6) returned to anetkaapro
anetkaapro collected $17.64 from pot
anetkaapro: doesn't show hand
*** SUMMARY ***
Total pot $18 | Rake $0.36
Board [6d 4c Qh 2h 3d]
Seat 4: anetkaapro (big blind) collected ($17.64)
Seat 6: bibbar (button) (small blind) folded on the River


PokerStars Hand #157705586400:  Hold'em Limit ($3/$6 USD) - 2016/08/24 23:02:19 ET
Table 'Euphemia II' 6-max Seat #4 is the button
Seat 4: anetkaapro ($123.20 in chips)
Seat 6: bibbar ($4972.40 in chips)
anetkaapro: posts small blind $1
bibbar: posts big blind $3
*** HOLE CARDS ***
anetkaapro: raises $3 to $6
bibbar: raises $3 to $9
anetkaapro: calls $3
*** FLOP *** [Ad Tc 2h]
bibbar: bets $3
anetkaapro: calls $3
*** TURN *** [Ad Tc 2h] [Td]
bibbar: bets $6
anetkaapro: calls $6
*** RIVER *** [Ad Tc 2h Td] [3c]
bibbar: bets $6
anetkaapro: calls $6
*** SHOW DOWN ***
bibbar: shows [8d 5d] (a pair of Tens)
anetkaapro: shows [8h Ah] (two pair, Aces and Tens)
anetkaapro collected $47.50 from pot
*** SUMMARY ***
Total pot $48 | Rake $0.50
Board [Ad Tc 2h Td 3c]
Seat 4: anetkaapro (button) (small blind) showed [8h Ah] and won ($47.50) with two pair, Aces and Tens
Seat 6: bibbar (big blind) showed [8d 5d] and lost with a pair of Tens


PokerStars Hand #157705596433:  Hold'em Limit ($3/$6 USD) - 2016/08/24 23:02:54 ET
Table 'Euphemia II' 6-max Seat #4 is the button
Seat 4: anetkaapro ($146.45 in chips)
Seat 6: bibbar ($4948.15 in chips)
anetkaapro: posts small blind $1
bibbar: posts big blind $3
*** HOLE CARDS ***
anetkaapro: folds
Uncalled bet ($2) returned to bibbar
bibbar collected $2 from pot
bibbar: doesn't show hand
*** SUMMARY ***
Total pot $2 | Rake $0
Seat 4: anetkaapro (button) (small blind) folded before Flop
Seat 6: bibbar (big blind) collected ($2)


PokerStars Hand #157705592840:  Hold'em Limit ($3/$6 USD) - 2016/08/24 23:02:41 ET
Table 'Euphemia II' 6-max Seat #6 is the button
Seat 4: anetkaapro ($146.70 in chips)
Seat 6: bibbar ($4948.40 in chips)
bibbar: posts small blind $1
anetkaapro: posts big blind $3
*** HOLE CARDS ***
bibbar: raises $3 to $6
anetkaapro: calls $3
*** FLOP *** [3c Jc Kc]
anetkaapro: checks
bibbar: bets $3
anetkaapro: calls $3
*** TURN *** [3c Jc Kc] [3h]
anetkaapro: checks
bibbar: bets $6
anetkaapro: calls $6
*** RIVER *** [3c Jc Kc 3h] [7d]
anetkaapro: checks
bibbar: bets $6
anetkaapro: calls $6
*** SHOW DOWN ***
bibbar: shows [9h 7h] (two pair, Sevens and Threes)
anetkaapro: shows [7s 4c] (two pair, Sevens and Threes)
anetkaapro collected $20.75 from pot
bibbar collected $20.75 from pot
*** SUMMARY ***
Total pot $42 | Rake $0.50
Board [3c Jc Kc 3h 7d]
Seat 4: anetkaapro (big blind) showed [7s 4c] and won ($20.75) with two pair, Sevens and Threes
Seat 6: bibbar (button) (small blind) showed [9h 7h] and won ($20.75) with two pair, Sevens and Threes


PokerStars Hand #157705591696:  Hold'em Limit ($3/$6 USD) - 2016/08/24 23:02:37 ET
Table 'Euphemia II' 6-max Seat #4 is the button
Seat 4: anetkaapro ($147.70 in chips)
Seat 6: bibbar ($4947.40 in chips)
anetkaapro: posts small blind $1
bibbar: posts big blind $3
*** HOLE CARDS ***
anetkaapro: folds
Uncalled bet ($2) returned to bibbar
bibbar collected $2 from pot
bibbar: doesn't show hand
*** SUMMARY ***
Total pot $2 | Rake $0
Seat 4: anetkaapro (button) (small blind) folded before Flop
Seat 6: bibbar (big blind) collected ($2)


PokerStars Hand #157705590393:  Hold'em Limit ($3/$6 USD) - 2016/08/24 23:02:33 ET
Table 'Euphemia II' 6-max Seat #6 is the button
Seat 4: anetkaapro ($146.70 in chips)
Seat 6: bibbar ($4948.40 in chips)
bibbar: posts small blind $1
anetkaapro: posts big blind $3
*** HOLE CARDS ***
bibbar: folds
Uncalled bet ($2) returned to anetkaapro
anetkaapro collected $2 from pot
anetkaapro: doesn't show hand
*** SUMMARY ***
Total pot $2 | Rake $0
Seat 4: anetkaapro (big blind) collected ($2)
Seat 6: bibbar (button) (small blind) folded before Flop


PokerStars Hand #157705602035:  Hold'em Limit ($3/$6 USD) - 2016/08/24 23:03:13 ET
Table 'Euphemia II' 6-max Seat #6 is the button
Seat 4: anetkaapro ($145.21 in chips)
Seat 6: bibbar ($4948.91 in chips)
bibbar: posts small blind $1
anetkaapro: posts big blind $3
*** HOLE CARDS ***
bibbar: folds
Uncalled bet ($2) returned to anetkaapro
anetkaapro collected $2 from pot
anetkaapro: doesn't show hand
*** SUMMARY ***
Total pot $2 | Rake $0
Seat 4: anetkaapro (big blind) collected ($2)
Seat 6: bibbar (button) (small blind) folded before Flop


PokerStars Hand #157705599887:  Hold'em Limit ($3/$6 USD) - 2016/08/24 23:03:06 ET
Table 'Euphemia II' 6-max Seat #4 is the button
Seat 4: anetkaapro ($139.45 in chips)
Seat 6: bibbar ($4954.91 in chips)
anetkaapro: posts small blind $1
bibbar: posts big blind $3
*** HOLE CARDS ***
anetkaapro: raises $3 to $6
bibbar: calls $3
*** FLOP *** [Qh 8d 8c]
bibbar: checks
anetkaapro: bets $3
bibbar: folds
Uncalled bet ($3) returned to anetkaapro
anetkaapro collected $11.76 from pot
anetkaapro: doesn't show hand
*** SUMMARY ***
Total pot $12 | Rake $0.24
Board [Qh 8d 8c]
Seat 4: anetkaapro (button) (small blind) collected ($11.76)
Seat 6: bibbar (big blind) folded on the Flop


PokerStars Hand #157705597973:  Hold'em Limit ($3/$6 USD) - 2016/08/24 23:02:59 ET
Table 'Euphemia II' 6-max Seat #6 is the button
Seat 4: anetkaapro ($145.45 in chips)
Seat 6: bibbar ($4949.15 in chips)
bibbar: posts small blind $1
anetkaapro: posts big blind $3
*** HOLE CARDS ***
bibbar: raises $3 to $6
anetkaapro: calls $3
*** FLOP *** [7h Th 8d]
anetkaapro: checks
bibbar: bets $3
anetkaapro: folds
Uncalled bet ($3) returned to bibbar
bibbar collected $11.76 from pot
bibbar: doesn't show hand
*** SUMMARY ***
Total pot $12 | Rake $0.24
Board [7h Th 8d]
Seat 4: anetkaapro (big blind) folded on the Flop
Seat 6: bibbar (button) (small blind) collected ($11.76)


PokerStars Hand #157705614134:  Hold'em Limit ($3/$6 USD) - 2016/08/24 23:03:55 ET
Table 'Euphemia II' 6-max Seat #6 is the button
Seat 4: anetkaapro ($86.21 in chips)
Seat 6: bibbar ($5006.43 in chips)
bibbar: posts small blind $1
anetkaapro: posts big blind $3
*** HOLE CARDS ***
bibbar: raises $3 to $6
anetkaapro: raises $3 to $9
bibbar: raises $3 to $12
Betting is capped
anetkaapro: calls $3
*** FLOP *** [Td 7h Tc]
anetkaapro: checks
bibbar: bets $3
anetkaapro: calls $3
*** TURN *** [Td 7h Tc] [Kd]
anetkaapro: checks
bibbar: bets $6
anetkaapro: calls $6
*** RIVER *** [Td 7h Tc Kd] [Ac]
anetkaapro: checks
bibbar: checks
*** SHOW DOWN ***
anetkaapro: shows [8c 6c] (a pair of Tens)
bibbar: shows [Qc Qs] (two pair, Queens and Tens)
bibbar collected $41.50 from pot
*** SUMMARY ***
Total pot $42 | Rake $0.50
Board [Td 7h Tc Kd Ac]
Seat 4: anetkaapro (big blind) showed [8c 6c] and lost with a pair of Tens
Seat 6: bibbar (button) (small blind) showed [Qc Qs] and won ($41.50) with two pair, Queens and Tens


PokerStars Hand #157705611045:  Hold'em Limit ($3/$6 USD) - 2016/08/24 23:03:44 ET
Table 'Euphemia II' 6-max Seat #4 is the button
Seat 4: anetkaapro ($110.21 in chips)
Seat 6: bibbar ($4982.93 in chips)
anetkaapro: posts small blind $1
bibbar: posts big blind $3
*** HOLE CARDS ***
anetkaapro: raises $3 to $6
bibbar: raises $3 to $9
anetkaapro: calls $3
*** FLOP *** [Ah 2h As]
bibbar: bets $3
anetkaapro: calls $3
*** TURN *** [Ah 2h As] [9s]
bibbar: bets $6
anetkaapro: calls $6
*** RIVER *** [Ah 2h As 9s] [6c]
bibbar: bets $6
anetkaapro: calls $6
*** SHOW DOWN ***
bibbar: shows [Ad Kh] (three of a kind, Aces)
anetkaapro: mucks hand
bibbar collected $47.50 from pot
*** SUMMARY ***
Total pot $48 | Rake $0.50
Board [Ah 2h As 9s 6c]
Seat 4: anetkaapro (button) (small blind) mucked
Seat 6: bibbar (big blind) showed [Ad Kh] and won ($47.50) with three of a kind, Aces


PokerStars Hand #157705607062:  Hold'em Limit ($3/$6 USD) - 2016/08/24 23:03:30 ET
Table 'Euphemia II' 6-max Seat #6 is the button
Seat 4: anetkaapro ($122.21 in chips)
Seat 6: bibbar ($4971.41 in chips)
bibbar: posts small blind $1
anetkaapro: posts big blind $3
*** HOLE CARDS ***
bibbar: calls $2
anetkaapro: raises $3 to $6
bibbar: raises $3 to $9
anetkaapro: calls $3
*** FLOP *** [3c 7d Qh]
anetkaapro: checks
bibbar: bets $3
anetkaapro: calls $3
*** TURN *** [3c 7d Qh] [4h]
anetkaapro: checks
bibbar: bets $6
anetkaapro: folds
Uncalled bet ($6) returned to bibbar
bibbar collected $23.52 from pot
bibbar: doesn't show hand
*** SUMMARY ***
Total pot $24 | Rake $0.48
Board [3c 7d Qh 4h]
Seat 4: anetkaapro (big blind) folded on the Turn
Seat 6: bibbar (button) (small blind) collected ($23.52)


PokerStars Hand #157705603456:  Hold'em Limit ($3/$6 USD) - 2016/08/24 23:03:18 ET
Table 'Euphemia II' 6-max Seat #4 is the button
Seat 4: anetkaapro ($146.21 in chips)
Seat 6: bibbar ($4947.91 in chips)
anetkaapro: posts small blind $1
bibbar: posts big blind $3
*** HOLE CARDS ***
anetkaapro: raises $3 to $6
bibbar: raises $3 to $9
anetkaapro: calls $3
*** FLOP *** [7c 4s 8h]
bibbar: bets $3
anetkaapro: calls $3
*** TURN *** [7c 4s 8h] [3s]
bibbar: bets $6
anetkaapro: calls $6
*** RIVER *** [7c 4s 8h 3s] [6c]
bibbar: bets $6
anetkaapro: calls $6
*** SHOW DOWN ***
bibbar: shows [9h 8s] (a pair of Eights)
anetkaapro: mucks hand
bibbar collected $47.50 from pot
*** SUMMARY ***
Total pot $48 | Rake $0.50
Board [7c 4s 8h 3s 6c]
Seat 4: anetkaapro (button) (small blind) mucked
Seat 6: bibbar (big blind) showed [9h 8s] and won ($47.50) with a pair of Eights


PokerStars Hand #157705617805:  Hold'em Limit ($3/$6 USD) - 2016/08/24 23:04:08 ET
Table 'Euphemia II' 6-max Seat #4 is the button
Seat 4: anetkaapro ($72 in chips)
Seat 6: bibbar ($5026.93 in chips)
anetkaapro: posts small blind $1
bibbar: posts big blind $3
*** HOLE CARDS ***
anetkaapro: raises $3 to $6
bibbar: calls $3
*** FLOP *** [Qs 2c 4d]
bibbar: checks
anetkaapro: bets $3
bibbar: folds
Uncalled bet ($3) returned to anetkaapro
anetkaapro collected $11.76 from pot
anetkaapro: doesn't show hand
*** SUMMARY ***
Total pot $12 | Rake $0.24
Board [Qs 2c 4d]
Seat 4: anetkaapro (button) (small blind) collected ($11.76)
Seat 6: bibbar (big blind) folded on the Flop


PokerStars Hand #157705623102:  Hold'em Limit ($3/$6 USD) - 2016/08/24 23:04:26 ET
Table 'Euphemia II' 6-max Seat #4 is the button
Seat 4: anetkaapro ($72 in chips)
Seat 6: bibbar ($5032.45 in chips)
anetkaapro: posts small blind $1
bibbar: posts big blind $3
*** HOLE CARDS ***
anetkaapro: raises $3 to $6
bibbar: raises $3 to $9
anetkaapro: calls $3
*** FLOP *** [Th 5c 2h]
bibbar: bets $3
anetkaapro: calls $3
*** TURN *** [Th 5c 2h] [8s]
bibbar: bets $6
anetkaapro: calls $6
*** RIVER *** [Th 5c 2h 8s] [Kh]
bibbar: bets $6
anetkaapro: folds
Uncalled bet ($6) returned to bibbar
bibbar collected $35.50 from pot
bibbar: doesn't show hand
*** SUMMARY ***
Total pot $36 | Rake $0.50
Board [Th 5c 2h 8s Kh]
Seat 4: anetkaapro (button) (small blind) folded on the River
Seat 6: bibbar (big blind) collected ($35.50)


PokerStars Hand #157705620032:  Hold'em Limit ($3/$6 USD) - 2016/08/24 23:04:15 ET
Table 'Euphemia II' 6-max Seat #6 is the button
Seat 4: anetkaapro ($77.76 in chips)
Seat 6: bibbar ($5020.93 in chips)
bibbar: posts small blind $1
anetkaapro: posts big blind $3
*** HOLE CARDS ***
bibbar: raises $3 to $6
anetkaapro: raises $3 to $9
bibbar: calls $3
*** FLOP *** [Ac 8d 8h]
anetkaapro: bets $3
bibbar: calls $3
*** TURN *** [Ac 8d 8h] [7h]
anetkaapro: checks
bibbar: bets $6
anetkaapro: folds
Uncalled bet ($6) returned to bibbar
bibbar collected $23.52 from pot
bibbar: doesn't show hand
*** SUMMARY ***
Total pot $24 | Rake $0.48
Board [Ac 8d 8h 7h]
Seat 4: anetkaapro (big blind) folded on the Turn
Seat 6: bibbar (button) (small blind) collected ($23.52)


PokerStars Hand #157705629764:  Hold'em Limit ($3/$6 USD) - 2016/08/24 23:04:49 ET
Table 'Euphemia II' 6-max Seat #6 is the button
Seat 4: anetkaapro ($72 in chips)
Seat 6: bibbar ($5053.95 in chips)
bibbar: posts small blind $1
anetkaapro: posts big blind $3
*** HOLE CARDS ***
bibbar: raises $3 to $6
anetkaapro: raises $3 to $9
bibbar: calls $3
*** FLOP *** [3s 8s 8d]
anetkaapro: bets $3
bibbar: raises $3 to $6
anetkaapro: calls $3
*** TURN *** [3s 8s 8d] [Tc]
anetkaapro: checks
bibbar: bets $6
anetkaapro: calls $6
*** RIVER *** [3s 8s 8d Tc] [Jd]
anetkaapro: checks
bibbar: checks
*** SHOW DOWN ***
anetkaapro: shows [9h Ah] (a pair of Eights)
bibbar: shows [4c 3c] (two pair, Eights and Threes)
bibbar collected $41.50 from pot
*** SUMMARY ***
Total pot $42 | Rake $0.50
Board [3s 8s 8d Tc Jd]
Seat 4: anetkaapro (big blind) showed [9h Ah] and lost with a pair of Eights
Seat 6: bibbar (button) (small blind) showed [4c 3c] and won ($41.50) with two pair, Eights and Threes


PokerStars Hand #157705628440:  Hold'em Limit ($3/$6 USD) - 2016/08/24 23:04:45 ET
Table 'Euphemia II' 6-max Seat #4 is the button
Seat 4: anetkaapro ($72 in chips)
Seat 6: bibbar ($5052.95 in chips)
anetkaapro: posts small blind $1
bibbar: posts big blind $3
*** HOLE CARDS ***
anetkaapro: folds
Uncalled bet ($2) returned to bibbar
bibbar collected $2 from pot
bibbar: doesn't show hand
*** SUMMARY ***
Total pot $2 | Rake $0
Seat 4: anetkaapro (button) (small blind) folded before Flop
Seat 6: bibbar (big blind) collected ($2)


PokerStars Hand #157705626970:  Hold'em Limit ($3/$6 USD) - 2016/08/24 23:04:40 ET
Table 'Euphemia II' 6-max Seat #6 is the button
Seat 4: anetkaapro ($72 in chips)
Seat 6: bibbar ($5049.95 in chips)
bibbar: posts small blind $1
anetkaapro: posts big blind $3
*** HOLE CARDS ***
bibbar: raises $3 to $6
anetkaapro: folds
Uncalled bet ($3) returned to bibbar
bibbar collected $6 from pot
bibbar: doesn't show hand
*** SUMMARY ***
Total pot $6 | Rake $0
Seat 4: anetkaapro (big blind) folded before Flop
Seat 6: bibbar (button) (small blind) collected ($6)


PokerStars Hand #157705637067:  Hold'em Limit ($3/$6 USD) - 2016/08/24 23:05:14 ET
Table 'Euphemia II' 6-max Seat #6 is the button
Seat 4: anetkaapro ($98.50 in chips)
Seat 6: bibbar ($5047.45 in chips)
bibbar: posts small blind $1
anetkaapro: posts big blind $3
*** HOLE CARDS ***
bibbar: raises $3 to $6
anetkaapro: calls $3
*** FLOP *** [7s Js 2c]
anetkaapro: checks
bibbar: bets $3
anetkaapro: folds
Uncalled bet ($3) returned to bibbar
bibbar collected $11.76 from pot
bibbar: doesn't show hand
*** SUMMARY ***
Total pot $12 | Rake $0.24
Board [7s Js 2c]
Seat 4: anetkaapro (big blind) folded on the Flop
Seat 6: bibbar (button) (small blind) collected ($11.76)


PokerStars Hand #157705633401:  Hold'em Limit ($3/$6 USD) - 2016/08/24 23:05:02 ET
Table 'Euphemia II' 6-max Seat #4 is the button
Seat 4: anetkaapro ($72 in chips)
Seat 6: bibbar ($5074.45 in chips)
anetkaapro: posts small blind $1
bibbar: posts big blind $3
*** HOLE CARDS ***
anetkaapro: raises $3 to $6
bibbar: calls $3
*** FLOP *** [As 3c 5d]
bibbar: checks
anetkaapro: bets $3
bibbar: calls $3
*** TURN *** [As 3c 5d] [Jd]
bibbar: checks
anetkaapro: bets $6
bibbar: raises $6 to $12
anetkaapro: calls $6
*** RIVER *** [As 3c 5d Jd] [7h]
bibbar: bets $6
anetkaapro: calls $6
*** SHOW DOWN ***
bibbar: shows [Qs Jh] (a pair of Jacks)
anetkaapro: shows [Ad 8s] (a pair of Aces)
anetkaapro collected $53.50 from pot
*** SUMMARY ***
Total pot $54 | Rake $0.50
Board [As 3c 5d Jd 7h]
Seat 4: anetkaapro (button) (small blind) showed [Ad 8s] and won ($53.50) with a pair of Aces
Seat 6: bibbar (big blind) showed [Qs Jh] and lost with a pair of Jacks


PokerStars Hand #157705643349:  Hold'em Limit ($3/$6 USD) - 2016/08/24 23:05:36 ET
Table 'Euphemia II' 6-max Seat #6 is the button
Seat 4: anetkaapro ($113 in chips)
Seat 6: bibbar ($5032.21 in chips)
bibbar: posts small blind $1
anetkaapro: posts big blind $3
*** HOLE CARDS ***
bibbar: raises $3 to $6
anetkaapro: calls $3
*** FLOP *** [5h 3d 7c]
anetkaapro: checks
bibbar: bets $3
anetkaapro: calls $3
*** TURN *** [5h 3d 7c] [Jh]
anetkaapro: checks
bibbar: checks
*** RIVER *** [5h 3d 7c Jh] [6s]
anetkaapro: checks
bibbar: checks
*** SHOW DOWN ***
anetkaapro: shows [2h Kc] (high card King)
bibbar: shows [8d Ad] (high card Ace)
bibbar collected $17.64 from pot
*** SUMMARY ***
Total pot $18 | Rake $0.36
Board [5h 3d 7c Jh 6s]
Seat 4: anetkaapro (big blind) showed [2h Kc] and lost with high card King
Seat 6: bibbar (button) (small blind) showed [8d Ad] and won ($17.64) with high card Ace


PokerStars Hand #157705649267:  Hold'em Limit ($3/$6 USD) - 2016/08/24 23:05:56 ET
Table 'Euphemia II' 6-max Seat #6 is the button
Seat 4: anetkaapro ($107 in chips)
Seat 6: bibbar ($5037.85 in chips)
bibbar: posts small blind $1
anetkaapro: posts big blind $3
*** HOLE CARDS ***
bibbar: folds
Uncalled bet ($2) returned to anetkaapro
anetkaapro collected $2 from pot
anetkaapro: doesn't show hand
*** SUMMARY ***
Total pot $2 | Rake $0
Seat 4: anetkaapro (big blind) collected ($2)
Seat 6: bibbar (button) (small blind) folded before Flop


PokerStars Hand #157705647853:  Hold'em Limit ($3/$6 USD) - 2016/08/24 23:05:51 ET
Table 'Euphemia II' 6-max Seat #4 is the button
Seat 4: anetkaapro ($104 in chips)
Seat 6: bibbar ($5040.85 in chips)
anetkaapro: posts small blind $1
bibbar: posts big blind $3
*** HOLE CARDS ***
anetkaapro: raises $3 to $6
bibbar: folds
Uncalled bet ($3) returned to anetkaapro
anetkaapro collected $6 from pot
anetkaapro: doesn't show hand
*** SUMMARY ***
Total pot $6 | Rake $0
Seat 4: anetkaapro (button) (small blind) collected ($6)
Seat 6: bibbar (big blind) folded before Flop


PokerStars Hand #157705650488:  Hold'em Limit ($3/$6 USD) - 2016/08/24 23:06:00 ET
Table 'Euphemia II' 6-max Seat #4 is the button
Seat 4: anetkaapro ($108 in chips)
Seat 6: bibbar ($5036.85 in chips)
anetkaapro: posts small blind $1
bibbar: posts big blind $3
*** HOLE CARDS ***
anetkaapro: raises $3 to $6
bibbar: calls $3
*** FLOP *** [3c 8h 5h]
bibbar: checks
anetkaapro: bets $3
bibbar: calls $3
*** TURN *** [3c 8h 5h] [Jc]
bibbar: checks
anetkaapro: checks
*** RIVER *** [3c 8h 5h Jc] [3h]
bibbar: bets $6
anetkaapro: calls $6
*** SHOW DOWN ***
bibbar: shows [7d 9h] (a pair of Threes)
anetkaapro: shows [Qh Ac] (a pair of Threes - Ace kicker)
anetkaapro collected $29.50 from pot
*** SUMMARY ***
Total pot $30 | Rake $0.50
Board [3c 8h 5h Jc 3h]
Seat 4: anetkaapro (button) (small blind) showed [Qh Ac] and won ($29.50) with a pair of Threes
Seat 6: bibbar (big blind) showed [7d 9h] and lost with a pair of Threes


PokerStars Hand #157705639016:  Hold'em Limit ($3/$6 USD) - 2016/08/24 23:05:21 ET
Table 'Euphemia II' 6-max Seat #4 is the button
Seat 4: anetkaapro ($92.50 in chips)
Seat 6: bibbar ($5053.21 in chips)
anetkaapro: posts small blind $1
bibbar: posts big blind $3
*** HOLE CARDS ***
anetkaapro: raises $3 to $6
bibbar: calls $3
*** FLOP *** [6c 5c Kd]
bibbar: checks
anetkaapro: bets $3
bibbar: calls $3
*** TURN *** [6c 5c Kd] [4d]
bibbar: checks
anetkaapro: bets $6
bibbar: calls $6
*** RIVER *** [6c 5c Kd 4d] [7d]
bibbar: checks
anetkaapro: bets $6
bibbar: calls $6
*** SHOW DOWN ***
anetkaapro: shows [Jh Jd] (a pair of Jacks)
bibbar: mucks hand
anetkaapro collected $41.50 from pot
*** SUMMARY ***
Total pot $42 | Rake $0.50
Board [6c 5c Kd 4d 7d]
Seat 4: anetkaapro (button) (small blind) showed [Jh Jd] and won ($41.50) with a pair of Jacks
Seat 6: bibbar (big blind) mucked


PokerStars Hand #157705660657:  Hold'em Limit ($3/$6 USD) - 2016/08/24 23:06:35 ET
Table 'Euphemia II' 6-max Seat #4 is the button
Seat 4: anetkaapro ($114.26 in chips)
Seat 6: bibbar ($5029.35 in chips)
anetkaapro: posts small blind $1
bibbar: posts big blind $3
*** HOLE CARDS ***
anetkaapro: raises $3 to $6
bibbar: calls $3
*** FLOP *** [3d 2c 9s]
bibbar: checks
anetkaapro: bets $3
bibbar: raises $3 to $6
anetkaapro: calls $3
*** TURN *** [3d 2c 9s] [Kh]
bibbar: bets $6
anetkaapro: folds
Uncalled bet ($6) returned to bibbar
bibbar collected $23.52 from pot
bibbar: doesn't show hand
*** SUMMARY ***
Total pot $24 | Rake $0.48
Board [3d 2c 9s Kh]
Seat 4: anetkaapro (button) (small blind) folded on the Turn
Seat 6: bibbar (big blind) collected ($23.52)


PokerStars Hand #157705667140:  Hold'em Limit ($3/$6 USD) - 2016/08/24 23:06:57 ET
Table 'Euphemia II' 6-max Seat #4 is the button
Seat 4: anetkaapro ($81.26 in chips)
Seat 6: bibbar ($5061.37 in chips)
anetkaapro: posts small blind $1
bibbar: posts big blind $3
*** HOLE CARDS ***
anetkaapro: folds
Uncalled bet ($2) returned to bibbar
bibbar collected $2 from pot
bibbar: doesn't show hand
*** SUMMARY ***
Total pot $2 | Rake $0
Seat 4: anetkaapro (button) (small blind) folded before Flop
Seat 6: bibbar (big blind) collected ($2)


PokerStars Hand #157705663445:  Hold'em Limit ($3/$6 USD) - 2016/08/24 23:06:45 ET
Table 'Euphemia II' 6-max Seat #6 is the button
Seat 4: anetkaapro ($102.26 in chips)
Seat 6: bibbar ($5040.87 in chips)
bibbar: posts small blind $1
anetkaapro: posts big blind $3
*** HOLE CARDS ***
bibbar: raises $3 to $6
anetkaapro: raises $3 to $9
bibbar: raises $3 to $12
Betting is capped
anetkaapro: calls $3
*** FLOP *** [8h 2s 2c]
anetkaapro: checks
bibbar: bets $3
anetkaapro: calls $3
*** TURN *** [8h 2s 2c] [7c]
anetkaapro: checks
bibbar: bets $6
anetkaapro: calls $6
*** RIVER *** [8h 2s 2c 7c] [Jh]
anetkaapro: checks
bibbar: bets $6
anetkaapro: folds
Uncalled bet ($6) returned to bibbar
bibbar collected $41.50 from pot
bibbar: doesn't show hand
*** SUMMARY ***
Total pot $42 | Rake $0.50
Board [8h 2s 2c 7c Jh]
Seat 4: anetkaapro (big blind) folded on the River
Seat 6: bibbar (button) (small blind) collected ($41.50)


PokerStars Hand #157705673600:  Hold'em Limit ($3/$6 USD) - 2016/08/24 23:07:19 ET
Table 'Euphemia II' 6-max Seat #4 is the button
Seat 4: anetkaapro ($74.26 in chips)
Seat 6: bibbar ($5068.13 in chips)
anetkaapro: posts small blind $1
bibbar: posts big blind $3
*** HOLE CARDS ***
anetkaapro: folds
Uncalled bet ($2) returned to bibbar
bibbar collected $2 from pot
bibbar: doesn't show hand
*** SUMMARY ***
Total pot $2 | Rake $0
Seat 4: anetkaapro (button) (small blind) folded before Flop
Seat 6: bibbar (big blind) collected ($2)


PokerStars Hand #157705671042:  Hold'em Limit ($3/$6 USD) - 2016/08/24 23:07:10 ET
Table 'Euphemia II' 6-max Seat #6 is the button
Seat 4: anetkaapro ($80.26 in chips)
Seat 6: bibbar ($5062.37 in chips)
bibbar: posts small blind $1
anetkaapro: posts big blind $3
*** HOLE CARDS ***
bibbar: raises $3 to $6
anetkaapro: calls $3
*** FLOP *** [6c 3c Td]
anetkaapro: checks
bibbar: bets $3
anetkaapro: folds
Uncalled bet ($3) returned to bibbar
bibbar collected $11.76 from pot
bibbar: doesn't show hand
*** SUMMARY ***
Total pot $12 | Rake $0.24
Board [6c 3c Td]
Seat 4: anetkaapro (big blind) folded on the Flop
Seat 6: bibbar (button) (small blind) collected ($11.76)


PokerStars Hand #157705669747:  Hold'em Limit ($3/$6 USD) - 2016/08/24 23:07:06 ET
Table 'Euphemia II' 6-max Seat #4 is the button
Seat 4: anetkaapro ($77.26 in chips)
Seat 6: bibbar ($5065.37 in chips)
anetkaapro: posts small blind $1
bibbar: posts big blind $3
*** HOLE CARDS ***
anetkaapro: raises $3 to $6
bibbar: folds
Uncalled bet ($3) returned to anetkaapro
anetkaapro collected $6 from pot
anetkaapro: doesn't show hand
*** SUMMARY ***
Total pot $6 | Rake $0
Seat 4: anetkaapro (button) (small blind) collected ($6)
Seat 6: bibbar (big blind) folded before Flop


PokerStars Hand #157705668352:  Hold'em Limit ($3/$6 USD) - 2016/08/24 23:07:01 ET
Table 'Euphemia II' 6-max Seat #6 is the button
Seat 4: anetkaapro ($80.26 in chips)
Seat 6: bibbar ($5062.37 in chips)
bibbar: posts small blind $1
anetkaapro: posts big blind $3
*** HOLE CARDS ***
bibbar: raises $3 to $6
anetkaapro: folds
Uncalled bet ($3) returned to bibbar
bibbar collected $6 from pot
bibbar: doesn't show hand
*** SUMMARY ***
Total pot $6 | Rake $0
Seat 4: anetkaapro (big blind) folded before Flop
Seat 6: bibbar (button) (small blind) collected ($6)


PokerStars Hand #157705659453:  Hold'em Limit ($3/$6 USD) - 2016/08/24 23:06:31 ET
Table 'Euphemia II' 6-max Seat #6 is the button
Seat 4: anetkaapro ($113.26 in chips)
Seat 6: bibbar ($5030.35 in chips)
bibbar: posts small blind $1
anetkaapro: posts big blind $3
*** HOLE CARDS ***
bibbar: folds
Uncalled bet ($2) returned to anetkaapro
anetkaapro collected $2 from pot
anetkaapro: doesn't show hand
*** SUMMARY ***
Total pot $2 | Rake $0
Seat 4: anetkaapro (big blind) collected ($2)
Seat 6: bibbar (button) (small blind) folded before Flop


PokerStars Hand #157705657519:  Hold'em Limit ($3/$6 USD) - 2016/08/24 23:06:24 ET
Table 'Euphemia II' 6-max Seat #4 is the button
Seat 4: anetkaapro ($107.50 in chips)
Seat 6: bibbar ($5036.35 in chips)
anetkaapro: posts small blind $1
bibbar: posts big blind $3
*** HOLE CARDS ***
anetkaapro: raises $3 to $6
bibbar: calls $3
*** FLOP *** [Ah 7s Ac]
bibbar: checks
anetkaapro: bets $3
bibbar: folds
Uncalled bet ($3) returned to anetkaapro
anetkaapro collected $11.76 from pot
anetkaapro: doesn't show hand
*** SUMMARY ***
Total pot $12 | Rake $0.24
Board [Ah 7s Ac]
Seat 4: anetkaapro (button) (small blind) collected ($11.76)
Seat 6: bibbar (big blind) folded on the Flop


PokerStars Hand #157705654701:  Hold'em Limit ($3/$6 USD) - 2016/08/24 23:06:14 ET
Table 'Euphemia II' 6-max Seat #6 is the button
Seat 4: anetkaapro ($122.50 in chips)
Seat 6: bibbar ($5021.85 in chips)
bibbar: posts small blind $1
anetkaapro: posts big blind $3
*** HOLE CARDS ***
bibbar: raises $3 to $6
anetkaapro: raises $3 to $9
bibbar: raises $3 to $12
Betting is capped
anetkaapro: calls $3
*** FLOP *** [2s Th 2h]
anetkaapro: checks
bibbar: bets $3
anetkaapro: calls $3
*** TURN *** [2s Th 2h] [Td]
anetkaapro: checks
bibbar: bets $6
anetkaapro: folds
Uncalled bet ($6) returned to bibbar
bibbar collected $29.50 from pot
bibbar: doesn't show hand
*** SUMMARY ***
Total pot $30 | Rake $0.50
Board [2s Th 2h Td]
Seat 4: anetkaapro (big blind) folded on the Turn
Seat 6: bibbar (button) (small blind) collected ($29.50)


PokerStars Hand #157705678698:  Hold'em Limit ($3/$6 USD) - 2016/08/24 23:07:36 ET
Table 'Euphemia II' 6-max Seat #6 is the button
Seat 4: anetkaapro ($82.02 in chips)
Seat 6: bibbar ($5060.13 in chips)
bibbar: posts small blind $1
anetkaapro: posts big blind $3
*** HOLE CARDS ***
bibbar: raises $3 to $6
anetkaapro: calls $3
*** FLOP *** [5h 3h Ac]
anetkaapro: checks
bibbar: bets $3
anetkaapro: calls $3
*** TURN *** [5h 3h Ac] [As]
anetkaapro: checks
bibbar: bets $6
anetkaapro: calls $6
*** RIVER *** [5h 3h Ac As] [6s]
anetkaapro: checks
bibbar: checks
*** SHOW DOWN ***
anetkaapro: shows [Qh 2d] (a pair of Aces)
bibbar: shows [8s Kd] (a pair of Aces - King kicker)
bibbar collected $29.50 from pot
*** SUMMARY ***
Total pot $30 | Rake $0.50
Board [5h 3h Ac As 6s]
Seat 4: anetkaapro (big blind) showed [Qh 2d] and lost with a pair of Aces
Seat 6: bibbar (button) (small blind) showed [8s Kd] and won ($29.50) with a pair of Aces


PokerStars Hand #157705686766:  Hold'em Limit ($3/$6 USD) - 2016/08/24 23:08:04 ET
Table 'Euphemia II' 6-max Seat #4 is the button
Seat 4: anetkaapro ($72 in chips)
Seat 6: bibbar ($5086.27 in chips)
anetkaapro: posts small blind $1
bibbar: posts big blind $3
*** HOLE CARDS ***
anetkaapro: raises $3 to $6
bibbar: folds
Uncalled bet ($3) returned to anetkaapro
anetkaapro collected $6 from pot
anetkaapro: doesn't show hand
*** SUMMARY ***
Total pot $6 | Rake $0
Seat 4: anetkaapro (button) (small blind) collected ($6)
Seat 6: bibbar (big blind) folded before Flop


PokerStars Hand #157705685187:  Hold'em Limit ($3/$6 USD) - 2016/08/24 23:07:58 ET
Table 'Euphemia II' 6-max Seat #6 is the button
Seat 4: anetkaapro ($72 in chips)
Seat 6: bibbar ($5083.27 in chips)
bibbar: posts small blind $1
anetkaapro: posts big blind $3
*** HOLE CARDS ***
bibbar: raises $3 to $6
anetkaapro: folds
Uncalled bet ($3) returned to bibbar
bibbar collected $6 from pot
bibbar: doesn't show hand
*** SUMMARY ***
Total pot $6 | Rake $0
Seat 4: anetkaapro (big blind) folded before Flop
Seat 6: bibbar (button) (small blind) collected ($6)


PokerStars Hand #157705681978:  Hold'em Limit ($3/$6 USD) - 2016/08/24 23:07:47 ET
Table 'Euphemia II' 6-max Seat #4 is the button
Seat 4: anetkaapro ($72 in chips)
Seat 6: bibbar ($5074.63 in chips)
anetkaapro: posts small blind $1
bibbar: posts big blind $3
*** HOLE CARDS ***
anetkaapro: raises $3 to $6
bibbar: calls $3
*** FLOP *** [8h 4c Ah]
bibbar: checks
anetkaapro: bets $3
bibbar: calls $3
*** TURN *** [8h 4c Ah] [2d]
bibbar: checks
anetkaapro: checks
*** RIVER *** [8h 4c Ah 2d] [Kd]
bibbar: bets $6
anetkaapro: folds
Uncalled bet ($6) returned to bibbar
bibbar collected $17.64 from pot
bibbar: doesn't show hand
*** SUMMARY ***
Total pot $18 | Rake $0.36
Board [8h 4c Ah 2d Kd]
Seat 4: anetkaapro (button) (small blind) folded on the River
Seat 6: bibbar (big blind) collected ($17.64)


PokerStars Hand #157705677384:  Hold'em Limit ($3/$6 USD) - 2016/08/24 23:07:32 ET
Table 'Euphemia II' 6-max Seat #4 is the button
Seat 4: anetkaapro ($79.02 in chips)
Seat 6: bibbar ($5063.13 in chips)
anetkaapro: posts small blind $1
bibbar: posts big blind $3
*** HOLE CARDS ***
anetkaapro: raises $3 to $6
bibbar: folds
Uncalled bet ($3) returned to anetkaapro
anetkaapro collected $6 from pot
anetkaapro: doesn't show hand
*** SUMMARY ***
Total pot $6 | Rake $0
Seat 4: anetkaapro (button) (small blind) collected ($6)
Seat 6: bibbar (big blind) folded before Flop


PokerStars Hand #157705691601:  Hold'em Limit ($3/$6 USD) - 2016/08/24 23:08:20 ET
Table 'Euphemia II' 6-max Seat #4 is the button
Seat 4: anetkaapro ($72 in chips)
Seat 6: bibbar ($5100.77 in chips)
anetkaapro: posts small blind $1
bibbar: posts big blind $3
*** HOLE CARDS ***
anetkaapro: raises $3 to $6
bibbar: raises $3 to $9
anetkaapro: calls $3
*** FLOP *** [6h Ad 5d]
bibbar: bets $3
anetkaapro: calls $3
*** TURN *** [6h Ad 5d] [8s]
bibbar: bets $6
anetkaapro: calls $6
*** RIVER *** [6h Ad 5d 8s] [6s]
bibbar: checks
anetkaapro: checks
*** SHOW DOWN ***
bibbar: shows [Ks Qh] (a pair of Sixes)
anetkaapro: shows [5c 2c] (two pair, Sixes and Fives)
anetkaapro collected $35.50 from pot
*** SUMMARY ***
Total pot $36 | Rake $0.50
Board [6h Ad 5d 8s 6s]
Seat 4: anetkaapro (button) (small blind) showed [5c 2c] and won ($35.50) with two pair, Sixes and Fives
Seat 6: bibbar (big blind) showed [Ks Qh] and lost with a pair of Sixes


PokerStars Hand #157705688094:  Hold'em Limit ($3/$6 USD) - 2016/08/24 23:08:08 ET
Table 'Euphemia II' 6-max Seat #6 is the button
Seat 4: anetkaapro ($75 in chips)
Seat 6: bibbar ($5083.27 in chips)
bibbar: posts small blind $1
anetkaapro: posts big blind $3
*** HOLE CARDS ***
bibbar: raises $3 to $6
anetkaapro: raises $3 to $9
bibbar: calls $3
*** FLOP *** [Ts 9d 8h]
anetkaapro: bets $3
bibbar: calls $3
*** TURN *** [Ts 9d 8h] [5c]
anetkaapro: checks
bibbar: bets $6
anetkaapro: calls $6
*** RIVER *** [Ts 9d 8h 5c] [8d]
anetkaapro: checks
bibbar: bets $6
anetkaapro: folds
Uncalled bet ($6) returned to bibbar
bibbar collected $35.50 from pot
bibbar: doesn't show hand
*** SUMMARY ***
Total pot $36 | Rake $0.50
Board [Ts 9d 8h 5c 8d]
Seat 4: anetkaapro (big blind) folded on the River
Seat 6: bibbar (button) (small blind) collected ($35.50)


PokerStars Hand #157705695752:  Hold'em Limit ($3/$6 USD) - 2016/08/24 23:08:34 ET
Table 'Euphemia II' 6-max Seat #6 is the button
Seat 4: anetkaapro ($89.50 in chips)
Seat 6: bibbar ($5082.77 in chips)
bibbar: posts small blind $1
anetkaapro: posts big blind $3
*** HOLE CARDS ***
bibbar: folds
Uncalled bet ($2) returned to anetkaapro
anetkaapro collected $2 from pot
anetkaapro: doesn't show hand
*** SUMMARY ***
Total pot $2 | Rake $0
Seat 4: anetkaapro (big blind) collected ($2)
Seat 6: bibbar (button) (small blind) folded before Flop


PokerStars Hand #157705704666:  Hold'em Limit ($3/$6 USD) - 2016/08/24 23:09:05 ET
Table 'Euphemia II' 6-max Seat #4 is the button
Seat 4: anetkaapro ($93 in chips)
Seat 6: bibbar ($5078.29 in chips)
anetkaapro: posts small blind $1
bibbar: posts big blind $3
*** HOLE CARDS ***
anetkaapro: raises $3 to $6
bibbar: calls $3
*** FLOP *** [9h 4h 9d]
bibbar: checks
anetkaapro: bets $3
bibbar: folds
Uncalled bet ($3) returned to anetkaapro
anetkaapro collected $11.76 from pot
anetkaapro: doesn't show hand
*** SUMMARY ***
Total pot $12 | Rake $0.24
Board [9h 4h 9d]
Seat 4: anetkaapro (button) (small blind) collected ($11.76)
Seat 6: bibbar (big blind) folded on the Flop


PokerStars Hand #157705700878:  Hold'em Limit ($3/$6 USD) - 2016/08/24 23:08:51 ET
Table 'Euphemia II' 6-max Seat #6 is the button
Seat 4: anetkaapro ($105 in chips)
Seat 6: bibbar ($5066.77 in chips)
bibbar: posts small blind $1
anetkaapro: posts big blind $3
*** HOLE CARDS ***
bibbar: raises $3 to $6
anetkaapro: raises $3 to $9
bibbar: calls $3
*** FLOP *** [Ks Ah Jd]
anetkaapro: bets $3
bibbar: calls $3
*** TURN *** [Ks Ah Jd] [8s]
anetkaapro: checks
bibbar: checks
*** RIVER *** [Ks Ah Jd 8s] [Jc]
anetkaapro: checks
bibbar: bets $6
anetkaapro: folds
Uncalled bet ($6) returned to bibbar
bibbar collected $23.52 from pot
bibbar: doesn't show hand
*** SUMMARY ***
Total pot $24 | Rake $0.48
Board [Ks Ah Jd 8s Jc]
Seat 4: anetkaapro (big blind) folded on the River
Seat 6: bibbar (button) (small blind) collected ($23.52)


PokerStars Hand #157705719618:  Hold'em Limit ($3/$6 USD) - 2016/08/24 23:09:56 ET
Table 'Euphemia II' 6-max Seat #4 is the button
Seat 4: anetkaapro ($72 in chips)
Seat 6: bibbar ($5103.93 in chips)
anetkaapro: posts small blind $1
bibbar: posts big blind $3
*** HOLE CARDS ***
anetkaapro: folds
Uncalled bet ($2) returned to bibbar
bibbar collected $2 from pot
bibbar: doesn't show hand
*** SUMMARY ***
Total pot $2 | Rake $0
Seat 4: anetkaapro (button) (small blind) folded before Flop
Seat 6: bibbar (big blind) collected ($2)


PokerStars Hand #157705716451:  Hold'em Limit ($3/$6 USD) - 2016/08/24 23:09:45 ET
Table 'Euphemia II' 6-max Seat #6 is the button
Seat 4: anetkaapro ($83.64 in chips)
Seat 6: bibbar ($5086.43 in chips)
bibbar: posts small blind $1
anetkaapro: posts big blind $3
*** HOLE CARDS ***
bibbar: raises $3 to $6
anetkaapro: raises $3 to $9
bibbar: calls $3
*** FLOP *** [4h 9s Kh]
anetkaapro: bets $3
bibbar: calls $3
*** TURN *** [4h 9s Kh] [5h]
anetkaapro: checks
bibbar: bets $6
anetkaapro: calls $6
*** RIVER *** [4h 9s Kh 5h] [Js]
anetkaapro: checks
bibbar: bets $6
anetkaapro: folds
Uncalled bet ($6) returned to bibbar
bibbar collected $35.50 from pot
bibbar: doesn't show hand
*** SUMMARY ***
Total pot $36 | Rake $0.50
Board [4h 9s Kh 5h Js]
Seat 4: anetkaapro (big blind) folded on the River
Seat 6: bibbar (button) (small blind) collected ($35.50)


PokerStars Hand #157705715114:  Hold'em Limit ($3/$6 USD) - 2016/08/24 23:09:40 ET
Table 'Euphemia II' 6-max Seat #4 is the button
Seat 4: anetkaapro ($80.64 in chips)
Seat 6: bibbar ($5089.43 in chips)
anetkaapro: posts small blind $1
bibbar: posts big blind $3
*** HOLE CARDS ***
anetkaapro: raises $3 to $6
bibbar: folds
Uncalled bet ($3) returned to anetkaapro
anetkaapro collected $6 from pot
anetkaapro: doesn't show hand
*** SUMMARY ***
Total pot $6 | Rake $0
Seat 4: anetkaapro (button) (small blind) collected ($6)
Seat 6: bibbar (big blind) folded before Flop


PokerStars Hand #157705713026:  Hold'em Limit ($3/$6 USD) - 2016/08/24 23:09:33 ET
Table 'Euphemia II' 6-max Seat #6 is the button
Seat 4: anetkaapro ($72 in chips)
Seat 6: bibbar ($5098.43 in chips)
bibbar: posts small blind $1
anetkaapro: posts big blind $3
*** HOLE CARDS ***
bibbar: raises $3 to $6
anetkaapro: calls $3
*** FLOP *** [Ac 9d Kd]
anetkaapro: checks
bibbar: bets $3
anetkaapro: raises $3 to $6
bibbar: folds
Uncalled bet ($3) returned to anetkaapro
anetkaapro collected $17.64 from pot
anetkaapro: doesn't show hand
*** SUMMARY ***
Total pot $18 | Rake $0.36
Board [Ac 9d Kd]
Seat 4: anetkaapro (big blind) collected ($17.64)
Seat 6: bibbar (button) (small blind) folded on the Flop


PokerStars Hand #157705722338:  Hold'em Limit ($3/$6 USD) - 2016/08/24 23:10:05 ET
Table 'Euphemia II' 6-max Seat #4 is the button
Seat 4: anetkaapro ($73 in chips)
Seat 6: bibbar ($5103.93 in chips)
anetkaapro: posts small blind $1
bibbar: posts big blind $3
*** HOLE CARDS ***
anetkaapro: folds
Uncalled bet ($2) returned to bibbar
bibbar collected $2 from pot
bibbar: doesn't show hand
*** SUMMARY ***
Total pot $2 | Rake $0
Seat 4: anetkaapro (button) (small blind) folded before Flop
Seat 6: bibbar (big blind) collected ($2)


PokerStars Hand #157705720991:  Hold'em Limit ($3/$6 USD) - 2016/08/24 23:10:00 ET
Table 'Euphemia II' 6-max Seat #6 is the button
Seat 4: anetkaapro ($72 in chips)
Seat 6: bibbar ($5104.93 in chips)
bibbar: posts small blind $1
anetkaapro: posts big blind $3
*** HOLE CARDS ***
bibbar: folds
Uncalled bet ($2) returned to anetkaapro
anetkaapro collected $2 from pot
anetkaapro: doesn't show hand
*** SUMMARY ***
Total pot $2 | Rake $0
Seat 4: anetkaapro (big blind) collected ($2)
Seat 6: bibbar (button) (small blind) folded before Flop


PokerStars Hand #157705709995:  Hold'em Limit ($3/$6 USD) - 2016/08/24 23:09:23 ET
Table 'Euphemia II' 6-max Seat #4 is the button
Seat 4: anetkaapro ($80.76 in chips)
Seat 6: bibbar ($5089.79 in chips)
anetkaapro: posts small blind $1
bibbar: posts big blind $3
*** HOLE CARDS ***
anetkaapro: raises $3 to $6
bibbar: calls $3
*** FLOP *** [9s Ks 4d]
bibbar: checks
anetkaapro: bets $3
bibbar: calls $3
*** TURN *** [9s Ks 4d] [2c]
bibbar: checks
anetkaapro: checks
*** RIVER *** [9s Ks 4d 2c] [3s]
bibbar: bets $6
anetkaapro: folds
Uncalled bet ($6) returned to bibbar
bibbar collected $17.64 from pot
bibbar: doesn't show hand
*** SUMMARY ***
Total pot $18 | Rake $0.36
Board [9s Ks 4d 2c 3s]
Seat 4: anetkaapro (button) (small blind) folded on the River
Seat 6: bibbar (big blind) collected ($17.64)


PokerStars Hand #157705706600:  Hold'em Limit ($3/$6 USD) - 2016/08/24 23:09:11 ET
Table 'Euphemia II' 6-max Seat #6 is the button
Seat 4: anetkaapro ($98.76 in chips)
Seat 6: bibbar ($5072.29 in chips)
bibbar: posts small blind $1
anetkaapro: posts big blind $3
*** HOLE CARDS ***
bibbar: raises $3 to $6
anetkaapro: raises $3 to $9
bibbar: raises $3 to $12
Betting is capped
anetkaapro: calls $3
*** FLOP *** [Jd Js Ks]
anetkaapro: checks
bibbar: checks
*** TURN *** [Jd Js Ks] [5d]
anetkaapro: checks
bibbar: checks
*** RIVER *** [Jd Js Ks 5d] [4c]
anetkaapro: checks
bibbar: bets $6
anetkaapro: calls $6
*** SHOW DOWN ***
bibbar: shows [9s Ah] (a pair of Jacks)
anetkaapro: mucks hand
bibbar collected $35.50 from pot
*** SUMMARY ***
Total pot $36 | Rake $0.50
Board [Jd Js Ks 5d 4c]
Seat 4: anetkaapro (big blind) mucked
Seat 6: bibbar (button) (small blind) showed [9s Ah] and won ($35.50) with a pair of Jacks


PokerStars Hand #157705723673:  Hold'em Limit ($3/$6 USD) - 2016/08/24 23:10:10 ET
Table 'Euphemia II' 6-max Seat #6 is the button
Seat 4: anetkaapro ($72 in chips)
Seat 6: bibbar ($5104.93 in chips)
bibbar: posts small blind $1
anetkaapro: posts big blind $3
*** HOLE CARDS ***
bibbar: raises $3 to $6
anetkaapro: raises $3 to $9
bibbar: calls $3
*** FLOP *** [6s 5c 8c]
anetkaapro: bets $3
bibbar: calls $3
*** TURN *** [6s 5c 8c] [5h]
anetkaapro: bets $6
bibbar: raises $6 to $12
anetkaapro: raises $6 to $18
bibbar: raises $6 to $24
Betting is capped
anetkaapro: calls $6
*** RIVER *** [6s 5c 8c 5h] [4s]
anetkaapro: checks
bibbar: bets $6
anetkaapro: calls $6
*** SHOW DOWN ***
bibbar: shows [4c 5s] (a full house, Fives full of Fours)
anetkaapro: mucks hand
bibbar collected $83.50 from pot
*** SUMMARY ***
Total pot $84 | Rake $0.50
Board [6s 5c 8c 5h 4s]
Seat 4: anetkaapro (big blind) mucked
Seat 6: bibbar (button) (small blind) showed [4c 5s] and won ($83.50) with a full house, Fives full of Fours


PokerStars Hand #157705734654:  Hold'em Limit ($3/$6 USD) - 2016/08/24 23:10:48 ET
Table 'Euphemia II' 6-max Seat #4 is the button
Seat 4: anetkaapro ($86.50 in chips)
Seat 6: bibbar ($5145.93 in chips)
anetkaapro: posts small blind $1
bibbar: posts big blind $3
*** HOLE CARDS ***
anetkaapro: folds
Uncalled bet ($2) returned to bibbar
bibbar collected $2 from pot
bibbar: doesn't show hand
*** SUMMARY ***
Total pot $2 | Rake $0
Seat 4: anetkaapro (button) (small blind) folded before Flop
Seat 6: bibbar (big blind) collected ($2)


PokerStars Hand #157705731689:  Hold'em Limit ($3/$6 USD) - 2016/08/24 23:10:38 ET
Table 'Euphemia II' 6-max Seat #6 is the button
Seat 4: anetkaapro ($72 in chips)
Seat 6: bibbar ($5160.93 in chips)
bibbar: posts small blind $1
anetkaapro: posts big blind $3
*** HOLE CARDS ***
bibbar: raises $3 to $6
anetkaapro: calls $3
*** FLOP *** [4c Ad 9c]
anetkaapro: checks
bibbar: bets $3
anetkaapro: calls $3
*** TURN *** [4c Ad 9c] [3d]
anetkaapro: checks
bibbar: bets $6
anetkaapro: raises $6 to $12
bibbar: folds
Uncalled bet ($6) returned to anetkaapro
anetkaapro collected $29.50 from pot
anetkaapro: doesn't show hand
*** SUMMARY ***
Total pot $30 | Rake $0.50
Board [4c Ad 9c 3d]
Seat 4: anetkaapro (big blind) collected ($29.50)
Seat 6: bibbar (button) (small blind) folded on the Turn


PokerStars Hand #157705727643:  Hold'em Limit ($3/$6 USD) - 2016/08/24 23:10:24 ET
Table 'Euphemia II' 6-max Seat #4 is the button
Seat 4: anetkaapro ($72 in chips)
Seat 6: bibbar ($5146.43 in chips)
anetkaapro: posts small blind $1
bibbar: posts big blind $3
*** HOLE CARDS ***
anetkaapro: raises $3 to $6
bibbar: calls $3
*** FLOP *** [9c 8h 5d]
bibbar: checks
anetkaapro: bets $3
bibbar: calls $3
*** TURN *** [9c 8h 5d] [6c]
bibbar: checks
anetkaapro: checks
*** RIVER *** [9c 8h 5d 6c] [Qd]
bibbar: bets $6
anetkaapro: calls $6
*** SHOW DOWN ***
bibbar: shows [Js Qh] (a pair of Queens)
anetkaapro: mucks hand
bibbar collected $29.50 from pot
*** SUMMARY ***
Total pot $30 | Rake $0.50
Board [9c 8h 5d 6c Qd]
Seat 4: anetkaapro (button) (small blind) mucked
Seat 6: bibbar (big blind) showed [Js Qh] and won ($29.50) with a pair of Queens


PokerStars Hand #157705737314:  Hold'em Limit ($3/$6 USD) - 2016/08/24 23:10:57 ET
Table 'Euphemia II' 6-max Seat #4 is the button
Seat 4: anetkaapro ($82.50 in chips)
Seat 6: bibbar ($5149.93 in chips)
anetkaapro: posts small blind $1
bibbar: posts big blind $3
*** HOLE CARDS ***
anetkaapro: raises $3 to $6
bibbar: raises $3 to $9
anetkaapro: calls $3
*** FLOP *** [5h 2s 8h]
bibbar: bets $3
anetkaapro: calls $3
*** TURN *** [5h 2s 8h] [Kc]
bibbar: bets $6
anetkaapro: folds
Uncalled bet ($6) returned to bibbar
bibbar collected $23.52 from pot
bibbar: doesn't show hand
*** SUMMARY ***
Total pot $24 | Rake $0.48
Board [5h 2s 8h Kc]
Seat 4: anetkaapro (button) (small blind) folded on the Turn
Seat 6: bibbar (big blind) collected ($23.52)


PokerStars Hand #157705735859:  Hold'em Limit ($3/$6 USD) - 2016/08/24 23:10:52 ET
Table 'Euphemia II' 6-max Seat #6 is the button
Seat 4: anetkaapro ($85.50 in chips)
Seat 6: bibbar ($5146.93 in chips)
bibbar: posts small blind $1
anetkaapro: posts big blind $3
*** HOLE CARDS ***
bibbar: raises $3 to $6
anetkaapro: folds
Uncalled bet ($3) returned to bibbar
bibbar collected $6 from pot
bibbar: doesn't show hand
*** SUMMARY ***
Total pot $6 | Rake $0
Seat 4: anetkaapro (big blind) folded before Flop
Seat 6: bibbar (button) (small blind) collected ($6)


PokerStars Hand #157705755699:  Hold'em Limit ($3/$6 USD) - 2016/08/24 23:12:01 ET
Table 'Euphemia II' 6-max Seat #4 is the button
Seat 4: anetkaapro ($133.14 in chips)
Seat 6: bibbar ($5097.95 in chips)
anetkaapro: posts small blind $1
bibbar: posts big blind $3
*** HOLE CARDS ***
anetkaapro: raises $3 to $6
bibbar: folds
Uncalled bet ($3) returned to anetkaapro
anetkaapro collected $6 from pot
anetkaapro: doesn't show hand
*** SUMMARY ***
Total pot $6 | Rake $0
Seat 4: anetkaapro (button) (small blind) collected ($6)
Seat 6: bibbar (big blind) folded before Flop


PokerStars Hand #157705746201:  Hold'em Limit ($3/$6 USD) - 2016/08/24 23:11:28 ET
Table 'Euphemia II' 6-max Seat #6 is the button
Seat 4: anetkaapro ($77.50 in chips)
Seat 6: bibbar ($5154.95 in chips)
bibbar: posts small blind $1
anetkaapro: posts big blind $3
*** HOLE CARDS ***
bibbar: raises $3 to $6
anetkaapro: calls $3
*** FLOP *** [Tc 6d Qd]
anetkaapro: checks
bibbar: bets $3
anetkaapro: raises $3 to $6
bibbar: folds
Uncalled bet ($3) returned to anetkaapro
anetkaapro collected $17.64 from pot
anetkaapro: doesn't show hand
*** SUMMARY ***
Total pot $18 | Rake $0.36
Board [Tc 6d Qd]
Seat 4: anetkaapro (big blind) collected ($17.64)
Seat 6: bibbar (button) (small blind) folded on the Flop


PokerStars Hand #157705742965:  Hold'em Limit ($3/$6 USD) - 2016/08/24 23:11:17 ET
Table 'Euphemia II' 6-max Seat #4 is the button
Seat 4: anetkaapro ($95.50 in chips)
Seat 6: bibbar ($5137.45 in chips)
anetkaapro: posts small blind $1
bibbar: posts big blind $3
*** HOLE CARDS ***
anetkaapro: raises $3 to $6
bibbar: raises $3 to $9
anetkaapro: calls $3
*** FLOP *** [5d 7d 9d]
bibbar: bets $3
anetkaapro: calls $3
*** TURN *** [5d 7d 9d] [Td]
bibbar: checks
anetkaapro: checks
*** RIVER *** [5d 7d 9d Td] [3s]
bibbar: bets $6
anetkaapro: calls $6
*** SHOW DOWN ***
bibbar: shows [4d 4h] (a flush, Ten high)
anetkaapro: mucks hand
bibbar collected $35.50 from pot
*** SUMMARY ***
Total pot $36 | Rake $0.50
Board [5d 7d 9d Td 3s]
Seat 4: anetkaapro (button) (small blind) mucked
Seat 6: bibbar (big blind) showed [4d 4h] and won ($35.50) with a flush, Ten high


PokerStars Hand #157705752795:  Hold'em Limit ($3/$6 USD) - 2016/08/24 23:11:51 ET
Table 'Euphemia II' 6-max Seat #6 is the button
Seat 4: anetkaapro ($115.64 in chips)
Seat 6: bibbar ($5115.95 in chips)
bibbar: posts small blind $1
anetkaapro: posts big blind $3
*** HOLE CARDS ***
bibbar: raises $3 to $6
anetkaapro: calls $3
*** FLOP *** [Tc 4d Jd]
anetkaapro: checks
bibbar: bets $3
anetkaapro: raises $3 to $6
bibbar: calls $3
*** TURN *** [Tc 4d Jd] [6c]
anetkaapro: bets $6
bibbar: calls $6
*** RIVER *** [Tc 4d Jd 6c] [7d]
anetkaapro: bets $6
bibbar: folds
Uncalled bet ($6) returned to anetkaapro
anetkaapro collected $35.50 from pot
anetkaapro: doesn't show hand
*** SUMMARY ***
Total pot $36 | Rake $0.50
Board [Tc 4d Jd 6c 7d]
Seat 4: anetkaapro (big blind) collected ($35.50)
Seat 6: bibbar (button) (small blind) folded on the River


PokerStars Hand #157705739818:  Hold'em Limit ($3/$6 USD) - 2016/08/24 23:11:06 ET
Table 'Euphemia II' 6-max Seat #6 is the button
Seat 4: anetkaapro ($72 in chips)
Seat 6: bibbar ($5161.45 in chips)
bibbar: posts small blind $1
anetkaapro: posts big blind $3
*** HOLE CARDS ***
bibbar: raises $3 to $6
anetkaapro: raises $3 to $9
bibbar: calls $3
*** FLOP *** [Th 7s Qs]
anetkaapro: bets $3
bibbar: calls $3
*** TURN *** [Th 7s Qs] [Qd]
anetkaapro: bets $6
bibbar: calls $6
*** RIVER *** [Th 7s Qs Qd] [4s]
anetkaapro: bets $6
bibbar: calls $6
*** SHOW DOWN ***
anetkaapro: shows [Qh Tc] (a full house, Queens full of Tens)
bibbar: mucks hand
anetkaapro collected $47.50 from pot
*** SUMMARY ***
Total pot $48 | Rake $0.50
Board [Th 7s Qs Qd 4s]
Seat 4: anetkaapro (big blind) showed [Qh Tc] and won ($47.50) with a full house, Queens full of Tens
Seat 6: bibbar (button) (small blind) mucked


PokerStars Hand #157705748354:  Hold'em Limit ($3/$6 USD) - 2016/08/24 23:11:35 ET
Table 'Euphemia II' 6-max Seat #4 is the button
Seat 4: anetkaapro ($86.14 in chips)
Seat 6: bibbar ($5145.95 in chips)
anetkaapro: posts small blind $1
bibbar: posts big blind $3
*** HOLE CARDS ***
anetkaapro: raises $3 to $6
bibbar: calls $3
*** FLOP *** [4c 9h Kd]
bibbar: checks
anetkaapro: bets $3
bibbar: raises $3 to $6
anetkaapro: calls $3
*** TURN *** [4c 9h Kd] [Tc]
bibbar: bets $6
anetkaapro: raises $6 to $12
bibbar: calls $6
*** RIVER *** [4c 9h Kd Tc] [Qd]
bibbar: checks
anetkaapro: bets $6
bibbar: calls $6
*** SHOW DOWN ***
anetkaapro: shows [Ad As] (a pair of Aces)
bibbar: mucks hand
anetkaapro collected $59.50 from pot
*** SUMMARY ***
Total pot $60 | Rake $0.50
Board [4c 9h Kd Tc Qd]
Seat 4: anetkaapro (button) (small blind) showed [Ad As] and won ($59.50) with a pair of Aces
Seat 6: bibbar (big blind) mucked


PokerStars Hand #157705761505:  Hold'em Limit ($3/$6 USD) - 2016/08/24 23:12:21 ET
Table 'Euphemia II' 6-max Seat #4 is the button
Seat 4: anetkaapro ($165.64 in chips)
Seat 6: bibbar ($5064.95 in chips)
anetkaapro: posts small blind $1
bibbar: posts big blind $3
*** HOLE CARDS ***
anetkaapro: raises $3 to $6
bibbar: calls $3
*** FLOP *** [7c 7h Ah]
bibbar: checks
anetkaapro: bets $3
bibbar: raises $3 to $6
anetkaapro: calls $3
*** TURN *** [7c 7h Ah] [8d]
bibbar: bets $6
anetkaapro: folds
Uncalled bet ($6) returned to bibbar
bibbar collected $23.52 from pot
bibbar: doesn't show hand
*** SUMMARY ***
Total pot $24 | Rake $0.48
Board [7c 7h Ah 8d]
Seat 4: anetkaapro (button) (small blind) folded on the Turn
Seat 6: bibbar (big blind) collected ($23.52)


PokerStars Hand #157705768291:  Hold'em Limit ($3/$6 USD) - 2016/08/24 23:12:45 ET
Table 'Euphemia II' 6-max Seat #4 is the button
Seat 4: anetkaapro ($177.14 in chips)
Seat 6: bibbar ($5052.47 in chips)
anetkaapro: posts small blind $1
bibbar: posts big blind $3
*** HOLE CARDS ***
anetkaapro: raises $3 to $6
bibbar: folds
Uncalled bet ($3) returned to anetkaapro
anetkaapro collected $6 from pot
anetkaapro: doesn't show hand
*** SUMMARY ***
Total pot $6 | Rake $0
Seat 4: anetkaapro (button) (small blind) collected ($6)
Seat 6: bibbar (big blind) folded before Flop


PokerStars Hand #157705764728:  Hold'em Limit ($3/$6 USD) - 2016/08/24 23:12:32 ET
Table 'Euphemia II' 6-max Seat #6 is the button
Seat 4: anetkaapro ($153.64 in chips)
Seat 6: bibbar ($5076.47 in chips)
bibbar: posts small blind $1
anetkaapro: posts big blind $3
*** HOLE CARDS ***
bibbar: raises $3 to $6
anetkaapro: raises $3 to $9
bibbar: raises $3 to $12
Betting is capped
anetkaapro: calls $3
*** FLOP *** [Kc Th 2c]
anetkaapro: checks
bibbar: checks
*** TURN *** [Kc Th 2c] [Jd]
anetkaapro: bets $6
bibbar: calls $6
*** RIVER *** [Kc Th 2c Jd] [Td]
anetkaapro: bets $6
bibbar: calls $6
*** SHOW DOWN ***
anetkaapro: shows [Tc Qs] (three of a kind, Tens)
bibbar: mucks hand
anetkaapro collected $47.50 from pot
*** SUMMARY ***
Total pot $48 | Rake $0.50
Board [Kc Th 2c Jd Td]
Seat 4: anetkaapro (big blind) showed [Tc Qs] and won ($47.50) with three of a kind, Tens
Seat 6: bibbar (button) (small blind) mucked


PokerStars Hand #157705756965:  Hold'em Limit ($3/$6 USD) - 2016/08/24 23:12:06 ET
Table 'Euphemia II' 6-max Seat #6 is the button
Seat 4: anetkaapro ($136.14 in chips)
Seat 6: bibbar ($5094.95 in chips)
bibbar: posts small blind $1
anetkaapro: posts big blind $3
*** HOLE CARDS ***
bibbar: raises $3 to $6
anetkaapro: calls $3
*** FLOP *** [2s 6s Kd]
anetkaapro: checks
bibbar: bets $3
anetkaapro: raises $3 to $6
bibbar: raises $3 to $9
anetkaapro: raises $3 to $12
Betting is capped
bibbar: calls $3
*** TURN *** [2s 6s Kd] [8s]
anetkaapro: bets $6
bibbar: calls $6
*** RIVER *** [2s 6s Kd 8s] [5d]
anetkaapro: bets $6
bibbar: calls $6
*** SHOW DOWN ***
anetkaapro: shows [2d 6d] (two pair, Sixes and Deuces)
bibbar: mucks hand
anetkaapro collected $59.50 from pot
*** SUMMARY ***
Total pot $60 | Rake $0.50
Board [2s 6s Kd 8s 5d]
Seat 4: anetkaapro (big blind) showed [2d 6d] and won ($59.50) with two pair, Sixes and Deuces
Seat 6: bibbar (button) (small blind) mucked


PokerStars Hand #157705774024:  Hold'em Limit ($3/$6 USD) - 2016/08/24 23:13:05 ET
Table 'Euphemia II' 6-max Seat #6 is the button
Seat 4: anetkaapro ($179.78 in chips)
Seat 6: bibbar ($5049.11 in chips)
bibbar: posts small blind $1
anetkaapro: posts big blind $3
*** HOLE CARDS ***
bibbar: raises $3 to $6
anetkaapro: raises $3 to $9
bibbar: calls $3
*** FLOP *** [Td Ks 2c]
anetkaapro: bets $3
bibbar: calls $3
*** TURN *** [Td Ks 2c] [9s]
anetkaapro: bets $6
bibbar: raises $6 to $12
anetkaapro: raises $6 to $18
bibbar: folds
Uncalled bet ($6) returned to anetkaapro
anetkaapro collected $47.50 from pot
anetkaapro: doesn't show hand
*** SUMMARY ***
Total pot $48 | Rake $0.50
Board [Td Ks 2c 9s]
Seat 4: anetkaapro (big blind) collected ($47.50)
Seat 6: bibbar (button) (small blind) folded on the Turn


PokerStars Hand #157705772095:  Hold'em Limit ($3/$6 USD) - 2016/08/24 23:12:58 ET
Table 'Euphemia II' 6-max Seat #4 is the button
Seat 4: anetkaapro ($188.78 in chips)
Seat 6: bibbar ($5040.47 in chips)
anetkaapro: posts small blind $1
bibbar: posts big blind $3
*** HOLE CARDS ***
anetkaapro: raises $3 to $6
bibbar: raises $3 to $9
anetkaapro: calls $3
*** FLOP *** [Ac 9s Qc]
bibbar: bets $3
anetkaapro: folds
Uncalled bet ($3) returned to bibbar
bibbar collected $17.64 from pot
bibbar: doesn't show hand
*** SUMMARY ***
Total pot $18 | Rake $0.36
Board [Ac 9s Qc]
Seat 4: anetkaapro (button) (small blind) folded on the Flop
Seat 6: bibbar (big blind) collected ($17.64)


PokerStars Hand #157705769668:  Hold'em Limit ($3/$6 USD) - 2016/08/24 23:12:50 ET
Table 'Euphemia II' 6-max Seat #6 is the button
Seat 4: anetkaapro ($180.14 in chips)
Seat 6: bibbar ($5049.47 in chips)
bibbar: posts small blind $1
anetkaapro: posts big blind $3
*** HOLE CARDS ***
bibbar: raises $3 to $6
anetkaapro: calls $3
*** FLOP *** [Ad 3s 7c]
anetkaapro: checks
bibbar: bets $3
anetkaapro: raises $3 to $6
bibbar: folds
Uncalled bet ($3) returned to anetkaapro
anetkaapro collected $17.64 from pot
anetkaapro: doesn't show hand
*** SUMMARY ***
Total pot $18 | Rake $0.36
Board [Ad 3s 7c]
Seat 4: anetkaapro (big blind) collected ($17.64)
Seat 6: bibbar (button) (small blind) folded on the Flop


PokerStars Hand #157705778945:  Hold'em Limit ($3/$6 USD) - 2016/08/24 23:13:23 ET
Table 'Euphemia II' 6-max Seat #6 is the button
Seat 4: anetkaapro ($194.28 in chips)
Seat 6: bibbar ($5033.75 in chips)
bibbar: posts small blind $1
anetkaapro: posts big blind $3
*** HOLE CARDS ***
bibbar: raises $3 to $6
anetkaapro: calls $3
*** FLOP *** [6c 6h 2d]
anetkaapro: checks
bibbar: bets $3
anetkaapro: folds
Uncalled bet ($3) returned to bibbar
bibbar collected $11.76 from pot
bibbar: doesn't show hand
*** SUMMARY ***
Total pot $12 | Rake $0.24
Board [6c 6h 2d]
Seat 4: anetkaapro (big blind) folded on the Flop
Seat 6: bibbar (button) (small blind) collected ($11.76)


PokerStars Hand #157705785919:  Hold'em Limit ($3/$6 USD) - 2016/08/24 23:13:47 ET
Table 'Euphemia II' 6-max Seat #4 is the button
Seat 4: anetkaapro ($167.28 in chips)
Seat 6: bibbar ($5059.67 in chips)
anetkaapro: posts small blind $1
bibbar: posts big blind $3
*** HOLE CARDS ***
anetkaapro: folds
Uncalled bet ($2) returned to bibbar
bibbar collected $2 from pot
bibbar: doesn't show hand
*** SUMMARY ***
Total pot $2 | Rake $0
Seat 4: anetkaapro (button) (small blind) folded before Flop
Seat 6: bibbar (big blind) collected ($2)


PokerStars Hand #157705783111:  Hold'em Limit ($3/$6 USD) - 2016/08/24 23:13:37 ET
Table 'Euphemia II' 6-max Seat #6 is the button
Seat 4: anetkaapro ($176.28 in chips)
Seat 6: bibbar ($5051.03 in chips)
bibbar: posts small blind $1
anetkaapro: posts big blind $3
*** HOLE CARDS ***
bibbar: raises $3 to $6
anetkaapro: calls $3
*** FLOP *** [8c 4h 7d]
anetkaapro: checks
bibbar: bets $3
anetkaapro: calls $3
*** TURN *** [8c 4h 7d] [Jh]
anetkaapro: checks
bibbar: bets $6
anetkaapro: folds
Uncalled bet ($6) returned to bibbar
bibbar collected $17.64 from pot
bibbar: doesn't show hand
*** SUMMARY ***
Total pot $18 | Rake $0.36
Board [8c 4h 7d Jh]
Seat 4: anetkaapro (big blind) folded on the Turn
Seat 6: bibbar (button) (small blind) collected ($17.64)


PokerStars Hand #157705776883:  Hold'em Limit ($3/$6 USD) - 2016/08/24 23:13:15 ET
Table 'Euphemia II' 6-max Seat #4 is the button
Seat 4: anetkaapro ($203.28 in chips)
Seat 6: bibbar ($5025.11 in chips)
anetkaapro: posts small blind $1
bibbar: posts big blind $3
*** HOLE CARDS ***
anetkaapro: raises $3 to $6
bibbar: raises $3 to $9
anetkaapro: calls $3
*** FLOP *** [6d Js 9c]
bibbar: bets $3
anetkaapro: folds
Uncalled bet ($3) returned to bibbar
bibbar collected $17.64 from pot
bibbar: doesn't show hand
*** SUMMARY ***
Total pot $18 | Rake $0.36
Board [6d Js 9c]
Seat 4: anetkaapro (button) (small blind) folded on the Flop
Seat 6: bibbar (big blind) collected ($17.64)


PokerStars Hand #157705787288:  Hold'em Limit ($3/$6 USD) - 2016/08/24 23:13:52 ET
Table 'Euphemia II' 6-max Seat #6 is the button
Seat 4: anetkaapro ($166.28 in chips)
Seat 6: bibbar ($5060.67 in chips)
bibbar: posts small blind $1
anetkaapro: posts big blind $3
*** HOLE CARDS ***
bibbar: raises $3 to $6
anetkaapro: raises $3 to $9
bibbar: calls $3
*** FLOP *** [2c Js 4h]
anetkaapro: bets $3
bibbar: folds
Uncalled bet ($3) returned to anetkaapro
anetkaapro collected $17.64 from pot
anetkaapro: doesn't show hand
*** SUMMARY ***
Total pot $18 | Rake $0.36
Board [2c Js 4h]
Seat 4: anetkaapro (big blind) collected ($17.64)
Seat 6: bibbar (button) (small blind) folded on the Flop


PokerStars Hand #157705795484:  Hold'em Limit ($3/$6 USD) - 2016/08/24 23:14:21 ET
Table 'Euphemia II' 6-max Seat #4 is the button
Seat 4: anetkaapro ($190.42 in chips)
Seat 6: bibbar ($5035.67 in chips)
anetkaapro: posts small blind $1
bibbar: posts big blind $3
*** HOLE CARDS ***
anetkaapro: folds
Uncalled bet ($2) returned to bibbar
bibbar collected $2 from pot
bibbar: doesn't show hand
*** SUMMARY ***
Total pot $2 | Rake $0
Seat 4: anetkaapro (button) (small blind) folded before Flop
Seat 6: bibbar (big blind) collected ($2)


PokerStars Hand #157705794216:  Hold'em Limit ($3/$6 USD) - 2016/08/24 23:14:17 ET
Table 'Euphemia II' 6-max Seat #6 is the button
Seat 4: anetkaapro ($189.42 in chips)
Seat 6: bibbar ($5036.67 in chips)
bibbar: posts small blind $1
anetkaapro: posts big blind $3
*** HOLE CARDS ***
bibbar: folds
Uncalled bet ($2) returned to anetkaapro
anetkaapro collected $2 from pot
anetkaapro: doesn't show hand
*** SUMMARY ***
Total pot $2 | Rake $0
Seat 4: anetkaapro (big blind) collected ($2)
Seat 6: bibbar (button) (small blind) folded before Flop


PokerStars Hand #157705789335:  Hold'em Limit ($3/$6 USD) - 2016/08/24 23:13:59 ET
Table 'Euphemia II' 6-max Seat #4 is the button
Seat 4: anetkaapro ($174.92 in chips)
Seat 6: bibbar ($5051.67 in chips)
anetkaapro: posts small blind $1
bibbar: posts big blind $3
*** HOLE CARDS ***
anetkaapro: raises $3 to $6
bibbar: calls $3
*** FLOP *** [6s Ac 3h]
bibbar: checks
anetkaapro: bets $3
bibbar: calls $3
*** TURN *** [6s Ac 3h] [Kh]
bibbar: checks
anetkaapro: checks
*** RIVER *** [6s Ac 3h Kh] [3c]
bibbar: bets $6
anetkaapro: calls $6
*** SHOW DOWN ***
bibbar: shows [Jh 8h] (a pair of Threes)
anetkaapro: shows [5s 6c] (two pair, Sixes and Threes)
anetkaapro collected $29.50 from pot
*** SUMMARY ***
Total pot $30 | Rake $0.50
Board [6s Ac 3h Kh 3c]
Seat 4: anetkaapro (button) (small blind) showed [5s 6c] and won ($29.50) with two pair, Sixes and Threes
Seat 6: bibbar (big blind) showed [Jh 8h] and lost with a pair of Threes


PokerStars Hand #157705807739:  Hold'em Limit ($3/$6 USD) - 2016/08/24 23:15:02 ET
Table 'Euphemia II' 6-max Seat #4 is the button
Seat 4: anetkaapro ($159.42 in chips)
Seat 6: bibbar ($5065.69 in chips)
anetkaapro: posts small blind $1
bibbar: posts big blind $3
*** HOLE CARDS ***
anetkaapro: raises $3 to $6
bibbar: raises $3 to $9
anetkaapro: calls $3
*** FLOP *** [Qd 2s 8d]
bibbar: bets $3
anetkaapro: calls $3
*** TURN *** [Qd 2s 8d] [7h]
bibbar: bets $6
anetkaapro: raises $6 to $12
bibbar: calls $6
*** RIVER *** [Qd 2s 8d 7h] [7s]
bibbar: checks
anetkaapro: bets $6
bibbar: folds
Uncalled bet ($6) returned to anetkaapro
anetkaapro collected $47.50 from pot
anetkaapro: doesn't show hand
*** SUMMARY ***
Total pot $48 | Rake $0.50
Board [Qd 2s 8d 7h 7s]
Seat 4: anetkaapro (button) (small blind) collected ($47.50)
Seat 6: bibbar (big blind) folded on the River


PokerStars Hand #157705806411:  Hold'em Limit ($3/$6 USD) - 2016/08/24 23:14:58 ET
Table 'Euphemia II' 6-max Seat #6 is the button
Seat 4: anetkaapro ($162.42 in chips)
Seat 6: bibbar ($5062.69 in chips)
bibbar: posts small blind $1
anetkaapro: posts big blind $3
*** HOLE CARDS ***
bibbar: raises $3 to $6
anetkaapro: folds
Uncalled bet ($3) returned to bibbar
bibbar collected $6 from pot
bibbar: doesn't show hand
*** SUMMARY ***
Total pot $6 | Rake $0
Seat 4: anetkaapro (big blind) folded before Flop
Seat 6: bibbar (button) (small blind) collected ($6)


PokerStars Hand #157705800422:  Hold'em Limit ($3/$6 USD) - 2016/08/24 23:14:37 ET
Table 'Euphemia II' 6-max Seat #6 is the button
Seat 4: anetkaapro ($189.42 in chips)
Seat 6: bibbar ($5036.67 in chips)
bibbar: posts small blind $1
anetkaapro: posts big blind $3
*** HOLE CARDS ***
bibbar: raises $3 to $6
anetkaapro: calls $3
*** FLOP *** [6s 3s 2s]
anetkaapro: checks
bibbar: bets $3
anetkaapro: calls $3
*** TURN *** [6s 3s 2s] [9h]
anetkaapro: checks
bibbar: bets $6
anetkaapro: calls $6
*** RIVER *** [6s 3s 2s 9h] [Jc]
anetkaapro: checks
bibbar: bets $6
anetkaapro: folds
Uncalled bet ($6) returned to bibbar
bibbar collected $29.50 from pot
bibbar: doesn't show hand
*** SUMMARY ***
Total pot $30 | Rake $0.50
Board [6s 3s 2s 9h Jc]
Seat 4: anetkaapro (big blind) folded on the River
Seat 6: bibbar (button) (small blind) collected ($29.50)


PokerStars Hand #157705796768:  Hold'em Limit ($3/$6 USD) - 2016/08/24 23:14:26 ET
Table 'Euphemia II' 6-max Seat #6 is the button
Seat 4: anetkaapro ($189.42 in chips)
Seat 6: bibbar ($5036.67 in chips)
bibbar: posts small blind $1
anetkaapro: posts big blind $3
*** HOLE CARDS ***
bibbar: raises $3 to $6
anetkaapro: folds
Uncalled bet ($3) returned to bibbar
bibbar collected $6 from pot
bibbar: doesn't show hand
*** SUMMARY ***
Total pot $6 | Rake $0
Seat 4: anetkaapro (big blind) folded before Flop
Seat 6: bibbar (button) (small blind) collected ($6)


PokerStars Hand #157705798072:  Hold'em Limit ($3/$6 USD) - 2016/08/24 23:14:30 ET
Table 'Euphemia II' 6-max Seat #4 is the button
Seat 4: anetkaapro ($186.42 in chips)
Seat 6: bibbar ($5039.67 in chips)
anetkaapro: posts small blind $1
bibbar: posts big blind $3
*** HOLE CARDS ***
anetkaapro: raises $3 to $6
bibbar: folds
Uncalled bet ($3) returned to anetkaapro
anetkaapro collected $6 from pot
anetkaapro: doesn't show hand
*** SUMMARY ***
Total pot $6 | Rake $0
Seat 4: anetkaapro (button) (small blind) collected ($6)
Seat 6: bibbar (big blind) folded before Flop


PokerStars Hand #157705817431:  Hold'em Limit ($3/$6 USD) - 2016/08/24 23:15:37 ET
Table 'Euphemia II' 6-max Seat #4 is the button
Seat 4: anetkaapro ($197.42 in chips)
Seat 6: bibbar ($5026.45 in chips)
anetkaapro: posts small blind $1
bibbar: posts big blind $3
*** HOLE CARDS ***
anetkaapro: raises $3 to $6
bibbar: calls $3
*** FLOP *** [9c Qh Ah]
bibbar: checks
anetkaapro: bets $3
bibbar: folds
Uncalled bet ($3) returned to anetkaapro
anetkaapro collected $11.76 from pot
anetkaapro: doesn't show hand
*** SUMMARY ***
Total pot $12 | Rake $0.24
Board [9c Qh Ah]
Seat 4: anetkaapro (button) (small blind) collected ($11.76)
Seat 6: bibbar (big blind) folded on the Flop


PokerStars Hand #157705815730:  Hold'em Limit ($3/$6 USD) - 2016/08/24 23:15:31 ET
Table 'Euphemia II' 6-max Seat #6 is the button
Seat 4: anetkaapro ($203.42 in chips)
Seat 6: bibbar ($5020.69 in chips)
bibbar: posts small blind $1
anetkaapro: posts big blind $3
*** HOLE CARDS ***
bibbar: raises $3 to $6
anetkaapro: calls $3
*** FLOP *** [3h Qc Jc]
anetkaapro: checks
bibbar: bets $3
anetkaapro: folds
Uncalled bet ($3) returned to bibbar
bibbar collected $11.76 from pot
bibbar: doesn't show hand
*** SUMMARY ***
Total pot $12 | Rake $0.24
Board [3h Qc Jc]
Seat 4: anetkaapro (big blind) folded on the Flop
Seat 6: bibbar (button) (small blind) collected ($11.76)


PokerStars Hand #157705821646:  Hold'em Limit ($3/$6 USD) - 2016/08/24 23:15:51 ET
Table 'Euphemia II' 6-max Seat #4 is the button
Seat 4: anetkaapro ($194.18 in chips)
Seat 6: bibbar ($5029.09 in chips)
anetkaapro: posts small blind $1
bibbar: posts big blind $3
*** HOLE CARDS ***
anetkaapro: raises $3 to $6
bibbar: calls $3
*** FLOP *** [5h 4h Ad]
bibbar: checks
anetkaapro: bets $3
bibbar: folds
Uncalled bet ($3) returned to anetkaapro
anetkaapro collected $11.76 from pot
anetkaapro: doesn't show hand
*** SUMMARY ***
Total pot $12 | Rake $0.24
Board [5h 4h Ad]
Seat 4: anetkaapro (button) (small blind) collected ($11.76)
Seat 6: bibbar (big blind) folded on the Flop


PokerStars Hand #157705831331:  Hold'em Limit ($3/$6 USD) - 2016/08/24 23:16:09 ET
Table 'Euphemia II' 6-max Seat #4 is the button
Seat 4: anetkaapro ($214.44 in chips)
Seat 6: bibbar ($5008.09 in chips)
anetkaapro: posts small blind $1
bibbar: posts big blind $3
*** HOLE CARDS ***
anetkaapro: raises $3 to $6
bibbar: folds
Uncalled bet ($3) returned to anetkaapro
anetkaapro collected $6 from pot
anetkaapro: doesn't show hand
*** SUMMARY ***
Total pot $6 | Rake $0
Seat 4: anetkaapro (button) (small blind) collected ($6)
Seat 6: bibbar (big blind) folded before Flop


PokerStars Hand #157705823620:  Hold'em Limit ($3/$6 USD) - 2016/08/24 23:15:58 ET
Table 'Euphemia II' 6-max Seat #6 is the button
Seat 4: anetkaapro ($199.94 in chips)
Seat 6: bibbar ($5023.09 in chips)
bibbar: posts small blind $1
anetkaapro: posts big blind $3
*** HOLE CARDS ***
bibbar: raises $3 to $6
anetkaapro: calls $3
*** FLOP *** [5c Ks Ac]
anetkaapro: checks
bibbar: bets $3
anetkaapro: calls $3
*** TURN *** [5c Ks Ac] [Th]
anetkaapro: checks
bibbar: bets $6
anetkaapro: calls $6
*** RIVER *** [5c Ks Ac Th] [8s]
anetkaapro: checks
bibbar: checks
*** SHOW DOWN ***
anetkaapro: shows [Qh 8d] (a pair of Eights)
bibbar: mucks hand
anetkaapro collected $29.50 from pot
*** SUMMARY ***
Total pot $30 | Rake $0.50
Board [5c Ks Ac Th 8s]
Seat 4: anetkaapro (big blind) showed [Qh 8d] and won ($29.50) with a pair of Eights
Seat 6: bibbar (button) (small blind) mucked


PokerStars Hand #157705813992:  Hold'em Limit ($3/$6 USD) - 2016/08/24 23:15:24 ET
Table 'Euphemia II' 6-max Seat #4 is the button
Seat 4: anetkaapro ($200.42 in chips)
Seat 6: bibbar ($5023.69 in chips)
anetkaapro: posts small blind $1
bibbar: posts big blind $3
*** HOLE CARDS ***
anetkaapro: raises $3 to $6
bibbar: folds
Uncalled bet ($3) returned to anetkaapro
anetkaapro collected $6 from pot
anetkaapro: doesn't show hand
*** SUMMARY ***
Total pot $6 | Rake $0
Seat 4: anetkaapro (button) (small blind) collected ($6)
Seat 6: bibbar (big blind) folded before Flop


PokerStars Hand #157705811173:  Hold'em Limit ($3/$6 USD) - 2016/08/24 23:15:15 ET
Table 'Euphemia II' 6-max Seat #6 is the button
Seat 4: anetkaapro ($182.92 in chips)
Seat 6: bibbar ($5041.69 in chips)
bibbar: posts small blind $1
anetkaapro: posts big blind $3
*** HOLE CARDS ***
bibbar: raises $3 to $6
anetkaapro: raises $3 to $9
bibbar: calls $3
*** FLOP *** [8d 5h 4c]
anetkaapro: bets $3
bibbar: calls $3
*** TURN *** [8d 5h 4c] [8s]
anetkaapro: bets $6
bibbar: calls $6
*** RIVER *** [8d 5h 4c 8s] [Ac]
anetkaapro: bets $6
bibbar: folds
Uncalled bet ($6) returned to anetkaapro
anetkaapro collected $35.50 from pot
anetkaapro: doesn't show hand
*** SUMMARY ***
Total pot $36 | Rake $0.50
Board [8d 5h 4c 8s Ac]
Seat 4: anetkaapro (big blind) collected ($35.50)
Seat 6: bibbar (button) (small blind) folded on the River


PokerStars Hand #157705819492:  Hold'em Limit ($3/$6 USD) - 2016/08/24 23:15:44 ET
Table 'Euphemia II' 6-max Seat #6 is the button
Seat 4: anetkaapro ($203.18 in chips)
Seat 6: bibbar ($5020.45 in chips)
bibbar: posts small blind $1
anetkaapro: posts big blind $3
*** HOLE CARDS ***
bibbar: raises $3 to $6
anetkaapro: calls $3
*** FLOP *** [Ac Tc 6s]
anetkaapro: checks
bibbar: bets $3
anetkaapro: calls $3
*** TURN *** [Ac Tc 6s] [3d]
anetkaapro: checks
bibbar: bets $6
anetkaapro: folds
Uncalled bet ($6) returned to bibbar
bibbar collected $17.64 from pot
bibbar: doesn't show hand
*** SUMMARY ***
Total pot $18 | Rake $0.36
Board [Ac Tc 6s 3d]
Seat 4: anetkaapro (big blind) folded on the Turn
Seat 6: bibbar (button) (small blind) collected ($17.64)


PokerStars Hand #157705842996:  Hold'em Limit ($3/$6 USD) - 2016/08/24 23:16:50 ET
Table 'Euphemia II' 6-max Seat #4 is the button
Seat 4: anetkaapro ($214.94 in chips)
Seat 6: bibbar ($5006.59 in chips)
anetkaapro: posts small blind $1
bibbar: posts big blind $3
*** HOLE CARDS ***
anetkaapro: raises $3 to $6
bibbar: raises $3 to $9
anetkaapro: calls $3
*** FLOP *** [4h 6c 5c]
bibbar: bets $3
anetkaapro: raises $3 to $6
bibbar: raises $3 to $9
anetkaapro: calls $3
*** TURN *** [4h 6c 5c] [2d]
bibbar: bets $6
anetkaapro: calls $6
*** RIVER *** [4h 6c 5c 2d] [Td]
bibbar: bets $6
anetkaapro: calls $6
*** SHOW DOWN ***
bibbar: shows [9d 9s] (a pair of Nines)
anetkaapro: mucks hand
bibbar collected $59.50 from pot
*** SUMMARY ***
Total pot $60 | Rake $0.50
Board [4h 6c 5c 2d Td]
Seat 4: anetkaapro (button) (small blind) mucked
Seat 6: bibbar (big blind) showed [9d 9s] and won ($59.50) with a pair of Nines


PokerStars Hand #157705846383:  Hold'em Limit ($3/$6 USD) - 2016/08/24 23:17:02 ET
Table 'Euphemia II' 6-max Seat #6 is the button
Seat 4: anetkaapro ($184.94 in chips)
Seat 6: bibbar ($5036.09 in chips)
bibbar: posts small blind $1
anetkaapro: posts big blind $3
*** HOLE CARDS ***
bibbar: raises $3 to $6
anetkaapro: raises $3 to $9
bibbar: calls $3
*** FLOP *** [9h 6c 6h]
anetkaapro: bets $3
bibbar: calls $3
*** TURN *** [9h 6c 6h] [Tc]
anetkaapro: bets $6
bibbar: folds
Uncalled bet ($6) returned to anetkaapro
anetkaapro collected $23.52 from pot
anetkaapro: doesn't show hand
*** SUMMARY ***
Total pot $24 | Rake $0.48
Board [9h 6c 6h Tc]
Seat 4: anetkaapro (big blind) collected ($23.52)
Seat 6: bibbar (button) (small blind) folded on the Turn


PokerStars Hand #157705841364:  Hold'em Limit ($3/$6 USD) - 2016/08/24 23:16:44 ET
Table 'Euphemia II' 6-max Seat #6 is the button
Seat 4: anetkaapro ($213.94 in chips)
Seat 6: bibbar ($5007.59 in chips)
bibbar: posts small blind $1
anetkaapro: posts big blind $3
*** HOLE CARDS ***
bibbar: folds
Uncalled bet ($2) returned to anetkaapro
anetkaapro collected $2 from pot
anetkaapro: doesn't show hand
*** SUMMARY ***
Total pot $2 | Rake $0
Seat 4: anetkaapro (big blind) collected ($2)
Seat 6: bibbar (button) (small blind) folded before Flop


PokerStars Hand #157705837383:  Hold'em Limit ($3/$6 USD) - 2016/08/24 23:16:30 ET
Table 'Euphemia II' 6-max Seat #4 is the button
Seat 4: anetkaapro ($240.94 in chips)
Seat 6: bibbar ($4981.09 in chips)
anetkaapro: posts small blind $1
bibbar: posts big blind $3
*** HOLE CARDS ***
anetkaapro: raises $3 to $6
bibbar: raises $3 to $9
anetkaapro: calls $3
*** FLOP *** [6s Tc Js]
bibbar: bets $3
anetkaapro: raises $3 to $6
bibbar: calls $3
*** TURN *** [6s Tc Js] [Kh]
bibbar: checks
anetkaapro: bets $6
bibbar: calls $6
*** RIVER *** [6s Tc Js Kh] [As]
bibbar: bets $6
anetkaapro: calls $6
*** SHOW DOWN ***
bibbar: shows [Qh Ts] (a straight, Ten to Ace)
anetkaapro: mucks hand
bibbar collected $53.50 from pot
*** SUMMARY ***
Total pot $54 | Rake $0.50
Board [6s Tc Js Kh As]
Seat 4: anetkaapro (button) (small blind) mucked
Seat 6: bibbar (big blind) showed [Qh Ts] and won ($53.50) with a straight, Ten to Ace


PokerStars Hand #157705832672:  Hold'em Limit ($3/$6 USD) - 2016/08/24 23:16:13 ET
Table 'Euphemia II' 6-max Seat #6 is the button
Seat 4: anetkaapro ($217.44 in chips)
Seat 6: bibbar ($5005.09 in chips)
bibbar: posts small blind $1
anetkaapro: posts big blind $3
*** HOLE CARDS ***
bibbar: raises $3 to $6
anetkaapro: raises $3 to $9
bibbar: raises $3 to $12
Betting is capped
anetkaapro: calls $3
*** FLOP *** [Td 7s Jd]
anetkaapro: checks
bibbar: bets $3
anetkaapro: raises $3 to $6
bibbar: calls $3
*** TURN *** [Td 7s Jd] [5c]
anetkaapro: bets $6
bibbar: calls $6
*** RIVER *** [Td 7s Jd 5c] [7d]
anetkaapro: bets $6
bibbar: folds
Uncalled bet ($6) returned to anetkaapro
anetkaapro collected $47.50 from pot
anetkaapro: doesn't show hand
*** SUMMARY ***
Total pot $48 | Rake $0.50
Board [Td 7s Jd 5c 7d]
Seat 4: anetkaapro (big blind) collected ($47.50)
Seat 6: bibbar (button) (small blind) folded on the River


PokerStars Hand #157705863403:  Hold'em Limit ($3/$6 USD) - 2016/08/24 23:18:02 ET
Table 'Euphemia II' 6-max Seat #6 is the button
Seat 4: anetkaapro ($222.46 in chips)
Seat 6: bibbar ($4996.59 in chips)
bibbar: posts small blind $1
anetkaapro: posts big blind $3
*** HOLE CARDS ***
bibbar: raises $3 to $6
anetkaapro: raises $3 to $9
bibbar: raises $3 to $12
Betting is capped
anetkaapro: calls $3
*** FLOP *** [7h Th 3s]
anetkaapro: checks
bibbar: bets $3
anetkaapro: calls $3
*** TURN *** [7h Th 3s] [4h]
anetkaapro: checks
bibbar: bets $6
anetkaapro: folds
Uncalled bet ($6) returned to bibbar
bibbar collected $29.50 from pot
bibbar: doesn't show hand
*** SUMMARY ***
Total pot $30 | Rake $0.50
Board [7h Th 3s 4h]
Seat 4: anetkaapro (big blind) folded on the Turn
Seat 6: bibbar (button) (small blind) collected ($29.50)


PokerStars Hand #157705856913:  Hold'em Limit ($3/$6 USD) - 2016/08/24 23:17:39 ET
Table 'Euphemia II' 6-max Seat #4 is the button
Seat 4: anetkaapro ($186.96 in chips)
Seat 6: bibbar ($5032.59 in chips)
anetkaapro: posts small blind $1
bibbar: posts big blind $3
*** HOLE CARDS ***
anetkaapro: raises $3 to $6
bibbar: folds
Uncalled bet ($3) returned to anetkaapro
anetkaapro collected $6 from pot
anetkaapro: doesn't show hand
*** SUMMARY ***
Total pot $6 | Rake $0
Seat 4: anetkaapro (button) (small blind) collected ($6)
Seat 6: bibbar (big blind) folded before Flop


PokerStars Hand #157705853038:  Hold'em Limit ($3/$6 USD) - 2016/08/24 23:17:25 ET
Table 'Euphemia II' 6-max Seat #6 is the button
Seat 4: anetkaapro ($166.46 in chips)
Seat 6: bibbar ($5053.59 in chips)
bibbar: posts small blind $1
anetkaapro: posts big blind $3
*** HOLE CARDS ***
bibbar: raises $3 to $6
anetkaapro: calls $3
*** FLOP *** [Qs Qd 3c]
anetkaapro: checks
bibbar: bets $3
anetkaapro: raises $3 to $6
bibbar: raises $3 to $9
anetkaapro: calls $3
*** TURN *** [Qs Qd 3c] [2d]
anetkaapro: checks
bibbar: bets $6
anetkaapro: raises $6 to $12
bibbar: folds
Uncalled bet ($6) returned to anetkaapro
anetkaapro collected $41.50 from pot
anetkaapro: doesn't show hand
*** SUMMARY ***
Total pot $42 | Rake $0.50
Board [Qs Qd 3c 2d]
Seat 4: anetkaapro (big blind) collected ($41.50)
Seat 6: bibbar (button) (small blind) folded on the Turn


PokerStars Hand #157705862115:  Hold'em Limit ($3/$6 USD) - 2016/08/24 23:17:58 ET
Table 'Euphemia II' 6-max Seat #4 is the button
Seat 4: anetkaapro ($219.46 in chips)
Seat 6: bibbar ($4999.59 in chips)
anetkaapro: posts small blind $1
bibbar: posts big blind $3
*** HOLE CARDS ***
anetkaapro: raises $3 to $6
bibbar: folds
Uncalled bet ($3) returned to anetkaapro
anetkaapro collected $6 from pot
anetkaapro: doesn't show hand
*** SUMMARY ***
Total pot $6 | Rake $0
Seat 4: anetkaapro (button) (small blind) collected ($6)
Seat 6: bibbar (big blind) folded before Flop


PokerStars Hand #157705858122:  Hold'em Limit ($3/$6 USD) - 2016/08/24 23:17:43 ET
Table 'Euphemia II' 6-max Seat #6 is the button
Seat 4: anetkaapro ($189.96 in chips)
Seat 6: bibbar ($5029.59 in chips)
bibbar: posts small blind $1
anetkaapro: posts big blind $3
*** HOLE CARDS ***
bibbar: raises $3 to $6
anetkaapro: calls $3
*** FLOP *** [3c 4s 8d]
anetkaapro: checks
bibbar: bets $3
anetkaapro: raises $3 to $6
bibbar: raises $3 to $9
anetkaapro: raises $3 to $12
Betting is capped
bibbar: calls $3
*** TURN *** [3c 4s 8d] [Jc]
anetkaapro: bets $6
bibbar: calls $6
*** RIVER *** [3c 4s 8d Jc] [Ad]
anetkaapro: checks
bibbar: bets $6
anetkaapro: calls $6
*** SHOW DOWN ***
bibbar: shows [8c 7s] (a pair of Eights)
anetkaapro: shows [8s 9d] (a pair of Eights - Ace+Jack+Nine kicker)
anetkaapro collected $59.50 from pot
*** SUMMARY ***
Total pot $60 | Rake $0.50
Board [3c 4s 8d Jc Ad]
Seat 4: anetkaapro (big blind) showed [8s 9d] and won ($59.50) with a pair of Eights
Seat 6: bibbar (button) (small blind) showed [8c 7s] and lost with a pair of Eights


PokerStars Hand #157705848538:  Hold'em Limit ($3/$6 USD) - 2016/08/24 23:17:10 ET
Table 'Euphemia II' 6-max Seat #4 is the button
Seat 4: anetkaapro ($196.46 in chips)
Seat 6: bibbar ($5024.09 in chips)
anetkaapro: posts small blind $1
bibbar: posts big blind $3
*** HOLE CARDS ***
anetkaapro: raises $3 to $6
bibbar: calls $3
*** FLOP *** [Kd 4s Td]
bibbar: checks
anetkaapro: bets $3
bibbar: raises $3 to $6
anetkaapro: calls $3
*** TURN *** [Kd 4s Td] [7c]
bibbar: bets $6
anetkaapro: calls $6
*** RIVER *** [Kd 4s Td 7c] [3d]
bibbar: checks
anetkaapro: bets $6
bibbar: raises $6 to $12
anetkaapro: calls $6
*** SHOW DOWN ***
bibbar: shows [6s 5s] (a straight, Three to Seven)
anetkaapro: mucks hand
bibbar collected $59.50 from pot
*** SUMMARY ***
Total pot $60 | Rake $0.50
Board [Kd 4s Td 7c 3d]
Seat 4: anetkaapro (button) (small blind) mucked
Seat 6: bibbar (big blind) showed [6s 5s] and won ($59.50) with a straight, Three to Seven


PokerStars Hand #157705871318:  Hold'em Limit ($3/$6 USD) - 2016/08/24 23:18:30 ET
Table 'Euphemia II' 6-max Seat #4 is the button
Seat 4: anetkaapro ($224.96 in chips)
Seat 6: bibbar ($4993.09 in chips)
anetkaapro: posts small blind $1
bibbar: posts big blind $3
*** HOLE CARDS ***
anetkaapro: raises $3 to $6
bibbar: folds
Uncalled bet ($3) returned to anetkaapro
anetkaapro collected $6 from pot
anetkaapro: doesn't show hand
*** SUMMARY ***
Total pot $6 | Rake $0
Seat 4: anetkaapro (button) (small blind) collected ($6)
Seat 6: bibbar (big blind) folded before Flop


PokerStars Hand #157705867530:  Hold'em Limit ($3/$6 USD) - 2016/08/24 23:18:17 ET
Table 'Euphemia II' 6-max Seat #6 is the button
Seat 4: anetkaapro ($210.46 in chips)
Seat 6: bibbar ($5008.09 in chips)
bibbar: posts small blind $1
anetkaapro: posts big blind $3
*** HOLE CARDS ***
bibbar: raises $3 to $6
anetkaapro: calls $3
*** FLOP *** [8h 4d 5c]
anetkaapro: checks
bibbar: bets $3
anetkaapro: calls $3
*** TURN *** [8h 4d 5c] [Ts]
anetkaapro: checks
bibbar: bets $6
anetkaapro: calls $6
*** RIVER *** [8h 4d 5c Ts] [Kh]
anetkaapro: checks
bibbar: checks
*** SHOW DOWN ***
anetkaapro: shows [4h Ac] (a pair of Fours)
bibbar: mucks hand
anetkaapro collected $29.50 from pot
*** SUMMARY ***
Total pot $30 | Rake $0.50
Board [8h 4d 5c Ts Kh]
Seat 4: anetkaapro (big blind) showed [4h Ac] and won ($29.50) with a pair of Fours
Seat 6: bibbar (button) (small blind) mucked


PokerStars Hand #157705878271:  Hold'em Limit ($3/$6 USD) - 2016/08/24 23:18:55 ET
Table 'Euphemia II' 6-max Seat #4 is the button
Seat 4: anetkaapro ($239.48 in chips)
Seat 6: bibbar ($4978.09 in chips)
anetkaapro: posts small blind $1
bibbar: posts big blind $3
*** HOLE CARDS ***
anetkaapro: raises $3 to $6
bibbar: calls $3
*** FLOP *** [Ts Ac 2c]
bibbar: checks
anetkaapro: bets $3
bibbar: calls $3
*** TURN *** [Ts Ac 2c] [Kc]
bibbar: checks
anetkaapro: bets $6
bibbar: folds
Uncalled bet ($6) returned to anetkaapro
anetkaapro collected $17.64 from pot
anetkaapro: doesn't show hand
*** SUMMARY ***
Total pot $18 | Rake $0.36
Board [Ts Ac 2c Kc]
Seat 4: anetkaapro (button) (small blind) collected ($17.64)
Seat 6: bibbar (big blind) folded on the Turn


PokerStars Hand #157705872750:  Hold'em Limit ($3/$6 USD) - 2016/08/24 23:18:35 ET
Table 'Euphemia II' 6-max Seat #6 is the button
Seat 4: anetkaapro ($227.96 in chips)
Seat 6: bibbar ($4990.09 in chips)
bibbar: posts small blind $1
anetkaapro: posts big blind $3
*** HOLE CARDS ***
bibbar: raises $3 to $6
anetkaapro: calls $3
*** FLOP *** [4c 9h 9d]
anetkaapro: checks
bibbar: checks
*** TURN *** [4c 9h 9d] [Kc]
anetkaapro: checks
bibbar: bets $6
anetkaapro: raises $6 to $12
bibbar: folds
Uncalled bet ($6) returned to anetkaapro
anetkaapro collected $23.52 from pot
anetkaapro: doesn't show hand
*** SUMMARY ***
Total pot $24 | Rake $0.48
Board [4c 9h 9d Kc]
Seat 4: anetkaapro (big blind) collected ($23.52)
Seat 6: bibbar (button) (small blind) folded on the Turn


PokerStars Hand #157705866187:  Hold'em Limit ($3/$6 USD) - 2016/08/24 23:18:12 ET
Table 'Euphemia II' 6-max Seat #4 is the button
Seat 4: anetkaapro ($207.46 in chips)
Seat 6: bibbar ($5011.09 in chips)
anetkaapro: posts small blind $1
bibbar: posts big blind $3
*** HOLE CARDS ***
anetkaapro: raises $3 to $6
bibbar: folds
Uncalled bet ($3) returned to anetkaapro
anetkaapro collected $6 from pot
anetkaapro: doesn't show hand
*** SUMMARY ***
Total pot $6 | Rake $0
Seat 4: anetkaapro (button) (small blind) collected ($6)
Seat 6: bibbar (big blind) folded before Flop


PokerStars Hand #157705890937:  Hold'em Limit ($3/$6 USD) - 2016/08/24 23:19:40 ET
Table 'Euphemia II' 6-max Seat #6 is the button
Seat 4: anetkaapro ($253.62 in chips)
Seat 6: bibbar ($4962.61 in chips)
bibbar: posts small blind $1
anetkaapro: posts big blind $3
*** HOLE CARDS ***
bibbar: raises $3 to $6
anetkaapro: calls $3
*** FLOP *** [Td Ad 8c]
anetkaapro: checks
bibbar: bets $3
anetkaapro: calls $3
*** TURN *** [Td Ad 8c] [Th]
anetkaapro: checks
bibbar: bets $6
anetkaapro: calls $6
*** RIVER *** [Td Ad 8c Th] [8h]
anetkaapro: checks
bibbar: checks
*** SHOW DOWN ***
anetkaapro: shows [Ks 5s] (two pair, Tens and Eights)
bibbar: shows [Jc 6d] (two pair, Tens and Eights)
anetkaapro collected $14.75 from pot
bibbar collected $14.75 from pot
*** SUMMARY ***
Total pot $30 | Rake $0.50
Board [Td Ad 8c Th 8h]
Seat 4: anetkaapro (big blind) showed [Ks 5s] and won ($14.75) with two pair, Tens and Eights
Seat 6: bibbar (button) (small blind) showed [Jc 6d] and won ($14.75) with two pair, Tens and Eights


PokerStars Hand #157705893947:  Hold'em Limit ($3/$6 USD) - 2016/08/24 23:19:51 ET
Table 'Euphemia II' 6-max Seat #4 is the button
Seat 4: anetkaapro ($253.37 in chips)
Seat 6: bibbar ($4962.36 in chips)
anetkaapro: posts small blind $1
bibbar: posts big blind $3
*** HOLE CARDS ***
anetkaapro: raises $3 to $6
bibbar: calls $3
*** FLOP *** [6d Qh 6c]
bibbar: checks
anetkaapro: bets $3
bibbar: calls $3
*** TURN *** [6d Qh 6c] [3h]
bibbar: checks
anetkaapro: bets $6
bibbar: raises $6 to $12
ulrich80 joins the table at seat #3
anetkaapro: calls $6
*** RIVER *** [6d Qh 6c 3h] [9h]
bibbar: bets $6
anetkaapro: calls $6
*** SHOW DOWN ***
bibbar: shows [Ks 3d] (two pair, Sixes and Threes)
anetkaapro: shows [Qd 8c] (two pair, Queens and Sixes)
anetkaapro collected $53.50 from pot
*** SUMMARY ***
Total pot $54 | Rake $0.50
Board [6d Qh 6c 3h 9h]
Seat 4: anetkaapro (button) (small blind) showed [Qd 8c] and won ($53.50) with two pair, Queens and Sixes
Seat 6: bibbar (big blind) showed [Ks 3d] and lost with two pair, Sixes and Threes


PokerStars Hand #157705881312:  Hold'em Limit ($3/$6 USD) - 2016/08/24 23:19:06 ET
Table 'Euphemia II' 6-max Seat #6 is the button
Seat 4: anetkaapro ($248.12 in chips)
Seat 6: bibbar ($4969.09 in chips)
bibbar: posts small blind $1
anetkaapro: posts big blind $3
*** HOLE CARDS ***
bibbar: raises $3 to $6
anetkaapro: raises $3 to $9
bibbar: calls $3
*** FLOP *** [Ts Ks 6s]
anetkaapro: bets $3
bibbar: calls $3
*** TURN *** [Ts Ks 6s] [2h]
anetkaapro: checks
bibbar: bets $6
anetkaapro: calls $6
*** RIVER *** [Ts Ks 6s 2h] [4h]
anetkaapro: checks
bibbar: checks
*** SHOW DOWN ***
anetkaapro: shows [9c Ac] (high card Ace)
bibbar: mucks hand
anetkaapro collected $35.50 from pot
*** SUMMARY ***
Total pot $36 | Rake $0.50
Board [Ts Ks 6s 2h 4h]
Seat 4: anetkaapro (big blind) showed [9c Ac] and won ($35.50) with high card Ace
Seat 6: bibbar (button) (small blind) mucked


PokerStars Hand #157705885010:  Hold'em Limit ($3/$6 USD) - 2016/08/24 23:19:19 ET
Table 'Euphemia II' 6-max Seat #4 is the button
Seat 4: anetkaapro ($265.62 in chips)
Seat 6: bibbar ($4951.09 in chips)
anetkaapro: posts small blind $1
bibbar: posts big blind $3
*** HOLE CARDS ***
anetkaapro: raises $3 to $6
bibbar: raises $3 to $9
anetkaapro: calls $3
*** FLOP *** [6d 3c 4s]
bibbar: bets $3
anetkaapro: calls $3
*** TURN *** [6d 3c 4s] [3s]
bibbar: checks
anetkaapro: checks
*** RIVER *** [6d 3c 4s 3s] [Ac]
bibbar: bets $6
anetkaapro: folds
Uncalled bet ($6) returned to bibbar
bibbar collected $23.52 from pot
bibbar: doesn't show hand
*** SUMMARY ***
Total pot $24 | Rake $0.48
Board [6d 3c 4s 3s Ac]
Seat 4: anetkaapro (button) (small blind) folded on the River
Seat 6: bibbar (big blind) collected ($23.52)


PokerStars Hand #157705906111:  Hold'em Limit ($3/$6 USD) - 2016/08/24 23:20:34 ET
Table 'Euphemia II' 6-max Seat #3 is the button
Seat 3: ulrich80 ($86.10 in chips)
Seat 4: anetkaapro ($267.87 in chips)
ulrich80: posts small blind $1
anetkaapro: posts big blind $3
*** HOLE CARDS ***
ulrich80: raises $3 to $6
anetkaapro: calls $3
*** FLOP *** [5c Ts As]
anetkaapro: checks
ulrich80: checks
*** TURN *** [5c Ts As] [7h]
anetkaapro: checks
ulrich80: checks
*** RIVER *** [5c Ts As 7h] [3s]
anetkaapro: checks
ulrich80: checks
*** SHOW DOWN ***
anetkaapro: shows [Qs 6h] (high card Ace)
ulrich80: shows [Kc 2s] (high card Ace - King kicker)
ulrich80 collected $11.76 from pot
*** SUMMARY ***
Total pot $12 | Rake $0.24
Board [5c Ts As 7h 3s]
Seat 3: ulrich80 (button) (small blind) showed [Kc 2s] and won ($11.76) with high card Ace
Seat 4: anetkaapro (big blind) showed [Qs 6h] and lost with high card Ace


PokerStars Hand #157705914071:  Hold'em Limit ($3/$6 USD) - 2016/08/24 23:21:03 ET
Table 'Euphemia II' 6-max Seat #4 is the button
Seat 4: anetkaapro ($261.87 in chips)
Seat 6: bibbar ($4929.36 in chips)
anetkaapro: posts small blind $1
bibbar: posts big blind $3
*** HOLE CARDS ***
anetkaapro: folds
Uncalled bet ($2) returned to bibbar
bibbar collected $2 from pot
bibbar: doesn't show hand
*** SUMMARY ***
Total pot $2 | Rake $0
Seat 4: anetkaapro (button) (small blind) folded before Flop
Seat 6: bibbar (big blind) collected ($2)


PokerStars Hand #157705915887:  Hold'em Limit ($3/$6 USD) - 2016/08/24 23:21:09 ET
Table 'Euphemia II' 6-max Seat #6 is the button
Seat 4: anetkaapro ($260.87 in chips)
Seat 6: bibbar ($4930.36 in chips)
bibbar: posts small blind $1
anetkaapro: posts big blind $3
*** HOLE CARDS ***
bibbar: raises $3 to $6
anetkaapro: raises $3 to $9
bibbar: calls $3
*** FLOP *** [Js 8s Kd]
DC4515 joins the table at seat #2
anetkaapro: bets $3
ulrich80 leaves the table
bibbar: calls $3
*** TURN *** [Js 8s Kd] [Ks]
anetkaapro: checks
bibbar: bets $6
anetkaapro: folds
Uncalled bet ($6) returned to bibbar
bibbar collected $23.52 from pot
bibbar: doesn't show hand
*** SUMMARY ***
Total pot $24 | Rake $0.48
Board [Js 8s Kd Ks]
Seat 4: anetkaapro (big blind) folded on the Turn
Seat 6: bibbar (button) (small blind) collected ($23.52)


PokerStars Hand #157705926093:  Hold'em Limit ($3/$6 USD) - 2016/08/24 23:21:46 ET
Table 'Euphemia II' 6-max Seat #4 is the button
Seat 4: anetkaapro ($248.87 in chips)
Seat 6: bibbar ($4941.88 in chips)
anetkaapro: posts small blind $1
bibbar: posts big blind $3
*** HOLE CARDS ***
anetkaapro said, "DC let us play heads up please :)"
anetkaapro: raises $3 to $6
bibbar: folds
Uncalled bet ($3) returned to anetkaapro
anetkaapro collected $6 from pot
anetkaapro: doesn't show hand
*** SUMMARY ***
Total pot $6 | Rake $0
Seat 4: anetkaapro (button) (small blind) collected ($6)
Seat 6: bibbar (big blind) folded before Flop


PokerStars Hand #157705939640:  Hold'em Limit ($3/$6 USD) - 2016/08/24 23:22:34 ET
Table 'Euphemia II' 6-max Seat #4 is the button
Seat 4: anetkaapro ($252.87 in chips)
Seat 6: bibbar ($4937.88 in chips)
anetkaapro: posts small blind $1
bibbar: posts big blind $3
*** HOLE CARDS ***
anetkaapro: raises $3 to $6
bibbar: calls $3
*** FLOP *** [6c Th 8c]
bibbar: checks
anetkaapro: bets $3
bibbar: calls $3
*** TURN *** [6c Th 8c] [3c]
bibbar: checks
DC4515 joins the table at seat #3
anetkaapro: bets $6
bibbar: folds
Uncalled bet ($6) returned to anetkaapro
anetkaapro collected $17.64 from pot
anetkaapro: doesn't show hand
*** SUMMARY ***
Total pot $18 | Rake $0.36
Board [6c Th 8c 3c]
Seat 4: anetkaapro (button) (small blind) collected ($17.64)
Seat 6: bibbar (big blind) folded on the Turn


PokerStars Hand #157705937934:  Hold'em Limit ($3/$6 USD) - 2016/08/24 23:22:28 ET
Table 'Euphemia II' 6-max Seat #6 is the button
Seat 4: anetkaapro ($251.87 in chips)
Seat 6: bibbar ($4938.88 in chips)
bibbar: posts small blind $1
anetkaapro: posts big blind $3
*** HOLE CARDS ***
bibbar: folds
Uncalled bet ($2) returned to anetkaapro
anetkaapro collected $2 from pot
anetkaapro: doesn't show hand
*** SUMMARY ***
Total pot $2 | Rake $0
Seat 4: anetkaapro (big blind) collected ($2)
Seat 6: bibbar (button) (small blind) folded before Flop


PokerStars Hand #157705955126:  Hold'em Limit ($3/$6 USD) - 2016/08/24 23:23:30 ET
Table 'Euphemia II' 6-max Seat #5 is the button
Seat 3: DC4515 ($96 in chips)
Seat 5: Chessnok ($120 in chips)
bibbar leaves the table
Chessnok: posts small blind $1
DC4515: posts big blind $3
*** HOLE CARDS ***
Chessnok: raises $3 to $6
DC4515: raises $3 to $9
Chessnok: calls $3
*** FLOP *** [6s 4s 3s]
DC4515: bets $3
Chessnok: calls $3
*** TURN *** [6s 4s 3s] [2c]
DC4515: bets $6
Chessnok: calls $6
*** RIVER *** [6s 4s 3s 2c] [2h]
DC4515: bets $6
Chessnok: calls $6
*** SHOW DOWN ***
DC4515: shows [Kh 9d] (a pair of Deuces)
Chessnok: shows [9h Ac] (a pair of Deuces - Ace kicker)
Chessnok collected $47.50 from pot
*** SUMMARY ***
Total pot $48 | Rake $0.50
Board [6s 4s 3s 2c 2h]
Seat 3: DC4515 (big blind) showed [Kh 9d] and lost with a pair of Deuces
Seat 5: Chessnok (button) (small blind) showed [9h Ac] and won ($47.50) with a pair of Deuces


PokerStars Hand #157705963998:  Hold'em Limit ($3/$6 USD) - 2016/08/24 23:24:01 ET
Table 'Euphemia II' 6-max Seat #3 is the button
Seat 3: DC4515 ($71.76 in chips)
Seat 5: Chessnok ($143.26 in chips)
DC4515: posts small blind $1
Chessnok: posts big blind $3
*** HOLE CARDS ***
DC4515: folds
Uncalled bet ($2) returned to Chessnok
Chessnok collected $2 from pot
Chessnok: doesn't show hand
*** SUMMARY ***
Total pot $2 | Rake $0
Seat 3: DC4515 (button) (small blind) folded before Flop
Seat 5: Chessnok (big blind) collected ($2)


PokerStars Hand #157705961692:  Hold'em Limit ($3/$6 USD) - 2016/08/24 23:23:53 ET
Table 'Euphemia II' 6-max Seat #5 is the button
Seat 3: DC4515 ($77.76 in chips)
Seat 5: Chessnok ($137.50 in chips)
Chessnok: posts small blind $1
DC4515: posts big blind $3
*** HOLE CARDS ***
Chessnok: raises $3 to $6
DC4515: calls $3
*** FLOP *** [7d 7c Qc]
DC4515: checks
Chessnok: bets $3
DC4515: folds
Uncalled bet ($3) returned to Chessnok
Chessnok collected $11.76 from pot
Chessnok: doesn't show hand
*** SUMMARY ***
Total pot $12 | Rake $0.24
Board [7d 7c Qc]
Seat 3: DC4515 (big blind) folded on the Flop
Seat 5: Chessnok (button) (small blind) collected ($11.76)


PokerStars Hand #157705969247:  Hold'em Limit ($3/$6 USD) - 2016/08/24 23:24:20 ET
Table 'Euphemia II' 6-max Seat #3 is the button
Seat 3: DC4515 ($94.26 in chips)
Seat 5: Chessnok ($120.26 in chips)
DC4515: posts small blind $1
Chessnok: posts big blind $3
*** HOLE CARDS ***
DC4515: raises $3 to $6
Chessnok: folds
Uncalled bet ($3) returned to DC4515
DC4515 collected $6 from pot
DC4515: doesn't show hand
*** SUMMARY ***
Total pot $6 | Rake $0
Seat 3: DC4515 (button) (small blind) collected ($6)
Seat 5: Chessnok (big blind) folded before Flop


PokerStars Hand #157705965348:  Hold'em Limit ($3/$6 USD) - 2016/08/24 23:24:06 ET
Table 'Euphemia II' 6-max Seat #5 is the button
Seat 3: DC4515 ($70.76 in chips)
Seat 5: Chessnok ($144.26 in chips)
Chessnok: posts small blind $1
DC4515: posts big blind $3
*** HOLE CARDS ***
Chessnok: raises $3 to $6
DC4515: raises $3 to $9
Chessnok: calls $3
*** FLOP *** [9s 5h Td]
DC4515: bets $3
Chessnok: calls $3
*** TURN *** [9s 5h Td] [2s]
DC4515: bets $6
Chessnok: calls $6
*** RIVER *** [9s 5h Td 2s] [Kh]
DC4515: bets $6
Chessnok: calls $6
*** SHOW DOWN ***
DC4515: shows [Jh Qs] (a straight, Nine to King)
Chessnok: mucks hand
DC4515 collected $47.50 from pot
*** SUMMARY ***
Total pot $48 | Rake $0.50
Board [9s 5h Td 2s Kh]
Seat 3: DC4515 (big blind) showed [Jh Qs] and won ($47.50) with a straight, Nine to King
Seat 5: Chessnok (button) (small blind) mucked


PokerStars Hand #157705978413:  Hold'em Limit ($3/$6 USD) - 2016/08/24 23:24:53 ET
Table 'Euphemia II' 6-max Seat #3 is the button
Seat 3: DC4515 ($76.26 in chips)
Seat 5: Chessnok ($137.54 in chips)
DC4515: posts small blind $1
Chessnok: posts big blind $3
*** HOLE CARDS ***
DC4515: folds
Uncalled bet ($2) returned to Chessnok
Chessnok collected $2 from pot
Chessnok: doesn't show hand
*** SUMMARY ***
Total pot $2 | Rake $0
Seat 3: DC4515 (button) (small blind) folded before Flop
Seat 5: Chessnok (big blind) collected ($2)


PokerStars Hand #157705977163:  Hold'em Limit ($3/$6 USD) - 2016/08/24 23:24:49 ET
Table 'Euphemia II' 6-max Seat #5 is the button
Seat 3: DC4515 ($79.26 in chips)
Seat 5: Chessnok ($134.54 in chips)
Chessnok: posts small blind $1
DC4515: posts big blind $3
*** HOLE CARDS ***
Chessnok: raises $3 to $6
DC4515: folds
Uncalled bet ($3) returned to Chessnok
Chessnok collected $6 from pot
Chessnok: doesn't show hand
*** SUMMARY ***
Total pot $6 | Rake $0
Seat 3: DC4515 (big blind) folded before Flop
Seat 5: Chessnok (button) (small blind) collected ($6)


PokerStars Hand #157705973582:  Hold'em Limit ($3/$6 USD) - 2016/08/24 23:24:36 ET
Table 'Euphemia II' 6-max Seat #3 is the button
Seat 3: DC4515 ($91.26 in chips)
Seat 5: Chessnok ($123.02 in chips)
DC4515: posts small blind $1
Chessnok: posts big blind $3
*** HOLE CARDS ***
DC4515: raises $3 to $6
Chessnok: calls $3
*** FLOP *** [5h Kh 8h]
Chessnok: checks
DC4515: checks
*** TURN *** [5h Kh 8h] [8s]
Chessnok: checks
DC4515: checks
*** RIVER *** [5h Kh 8h 8s] [Qd]
Chessnok: bets $6
DC4515: calls $6
*** SHOW DOWN ***
Chessnok: shows [2s Kd] (two pair, Kings and Eights)
DC4515: mucks hand
Chessnok collected $23.52 from pot
*** SUMMARY ***
Total pot $24 | Rake $0.48
Board [5h Kh 8h 8s Qd]
Seat 3: DC4515 (button) (small blind) mucked
Seat 5: Chessnok (big blind) showed [2s Kd] and won ($23.52) with two pair, Kings and Eights


PokerStars Hand #157705971434:  Hold'em Limit ($3/$6 USD) - 2016/08/24 23:24:28 ET
Table 'Euphemia II' 6-max Seat #5 is the button
Seat 3: DC4515 ($97.26 in chips)
Seat 5: Chessnok ($117.26 in chips)
Chessnok: posts small blind $1
DC4515: posts big blind $3
*** HOLE CARDS ***
Chessnok: raises $3 to $6
DC4515: calls $3
*** FLOP *** [Qc 6h 4s]
DC4515: checks
Chessnok: bets $3
DC4515: folds
Uncalled bet ($3) returned to Chessnok
Chessnok collected $11.76 from pot
Chessnok: doesn't show hand
*** SUMMARY ***
Total pot $12 | Rake $0.24
Board [Qc 6h 4s]
Seat 3: DC4515 (big blind) folded on the Flop
Seat 5: Chessnok (button) (small blind) collected ($11.76)


PokerStars Hand #157705982717:  Hold'em Limit ($3/$6 USD) - 2016/08/24 23:25:09 ET
Table 'Euphemia II' 6-max Seat #3 is the button
Seat 3: DC4515 ($60.26 in chips)
Seat 5: Chessnok ($153.04 in chips)
DC4515: posts small blind $1
Chessnok: posts big blind $3
*** HOLE CARDS ***
DC4515: raises $3 to $6
Chessnok: folds
Uncalled bet ($3) returned to DC4515
DC4515 collected $6 from pot
DC4515: doesn't show hand
*** SUMMARY ***
Total pot $6 | Rake $0
Seat 3: DC4515 (button) (small blind) collected ($6)
Seat 5: Chessnok (big blind) folded before Flop


PokerStars Hand #157705979635:  Hold'em Limit ($3/$6 USD) - 2016/08/24 23:24:58 ET
Table 'Euphemia II' 6-max Seat #5 is the button
Seat 3: DC4515 ($75.26 in chips)
Seat 5: Chessnok ($138.54 in chips)
Chessnok: posts small blind $1
DC4515: posts big blind $3
*** HOLE CARDS ***
Chessnok: raises $3 to $6
DC4515: calls $3
*** FLOP *** [Tc Jd 8c]
DC4515: bets $3
Chessnok: calls $3
*** TURN *** [Tc Jd 8c] [8s]
DC4515: bets $6
Chessnok: raises $6 to $12
DC4515: folds
Uncalled bet ($6) returned to Chessnok
Chessnok collected $29.50 from pot
Chessnok: doesn't show hand
*** SUMMARY ***
Total pot $30 | Rake $0.50
Board [Tc Jd 8c 8s]
Seat 3: DC4515 (big blind) folded on the Turn
Seat 5: Chessnok (button) (small blind) collected ($29.50)


PokerStars Hand #157705989202:  Hold'em Limit ($3/$6 USD) - 2016/08/24 23:25:33 ET
Table 'Euphemia II' 6-max Seat #5 is the button
Seat 3: DC4515 ($66.02 in chips)
Seat 5: Chessnok ($147.04 in chips)
Chessnok: posts small blind $1
DC4515: posts big blind $3
*** HOLE CARDS ***
Chessnok: raises $3 to $6
DC4515: raises $3 to $9
Chessnok: calls $3
*** FLOP *** [8c 3c 5c]
DC4515: bets $3
Chessnok: calls $3
*** TURN *** [8c 3c 5c] [Ac]
DC4515: bets $6
Chessnok: calls $6
*** RIVER *** [8c 3c 5c Ac] [Jh]
DC4515: bets $6
Chessnok: raises $6 to $12
DC4515: folds
Uncalled bet ($6) returned to Chessnok
Chessnok collected $47.50 from pot
Chessnok: doesn't show hand
*** SUMMARY ***
Total pot $48 | Rake $0.50
Board [8c 3c 5c Ac Jh]
Seat 3: DC4515 (big blind) folded on the River
Seat 5: Chessnok (button) (small blind) collected ($47.50)


PokerStars Hand #157705994172:  Hold'em Limit ($3/$6 USD) - 2016/08/24 23:25:51 ET
Table 'Euphemia II' 6-max Seat #3 is the button
Seat 3: DC4515 ($58.72 in chips)
Seat 5: Chessnok ($170.54 in chips)
DC4515: posts small blind $1
Chessnok: posts big blind $3
*** HOLE CARDS ***
DC4515: raises $3 to $6
Chessnok: raises $3 to $9
DC4515: calls $3
*** FLOP *** [2c Ah 6c]
Chessnok: bets $3
DC4515: calls $3
*** TURN *** [2c Ah 6c] [5s]
Chessnok: bets $6
DC4515: folds
Uncalled bet ($6) returned to Chessnok
Chessnok collected $23.52 from pot
Chessnok: doesn't show hand
*** SUMMARY ***
Total pot $24 | Rake $0.48
Board [2c Ah 6c 5s]
Seat 3: DC4515 (button) (small blind) folded on the Turn
Seat 5: Chessnok (big blind) collected ($23.52)


PokerStars Hand #157705984534:  Hold'em Limit ($3/$6 USD) - 2016/08/24 23:25:15 ET
Table 'Euphemia II' 6-max Seat #5 is the button
Seat 3: DC4515 ($63.26 in chips)
Seat 5: Chessnok ($150.04 in chips)
Chessnok: posts small blind $1
DC4515: posts big blind $3
*** HOLE CARDS ***
Chessnok: raises $3 to $6
DC4515: folds
Uncalled bet ($3) returned to Chessnok
Chessnok collected $6 from pot
Chessnok: doesn't show hand
*** SUMMARY ***
Total pot $6 | Rake $0
Seat 3: DC4515 (big blind) folded before Flop
Seat 5: Chessnok (button) (small blind) collected ($6)


PokerStars Hand #157705997182:  Hold'em Limit ($3/$6 USD) - 2016/08/24 23:26:02 ET
Table 'Euphemia II' 6-max Seat #5 is the button
Seat 3: DC4515 ($46.72 in chips)
Seat 5: Chessnok ($182.06 in chips)
Chessnok: posts small blind $1
DC4515: posts big blind $3
*** HOLE CARDS ***
Chessnok: raises $3 to $6
DC4515: raises $3 to $9
Chessnok: calls $3
*** FLOP *** [3c 7h Ac]
DC4515: bets $3
Chessnok: calls $3
*** TURN *** [3c 7h Ac] [Td]
DC4515: bets $6
Chessnok: folds
Uncalled bet ($6) returned to DC4515
DC4515 collected $23.52 from pot
DC4515: doesn't show hand
*** SUMMARY ***
Total pot $24 | Rake $0.48
Board [3c 7h Ac Td]
Seat 3: DC4515 (big blind) collected ($23.52)
Seat 5: Chessnok (button) (small blind) folded on the Turn


PokerStars Hand #157706004446:  Hold'em Limit ($3/$6 USD) - 2016/08/24 23:26:28 ET
Table 'Euphemia II' 6-max Seat #3 is the button
Seat 3: DC4515 ($61 in chips)
Seat 5: Chessnok ($167.06 in chips)
DC4515: posts small blind $1
Chessnok: posts big blind $3
*** HOLE CARDS ***
DC4515: calls $2
Chessnok: raises $3 to $6
DC4515: calls $3
*** FLOP *** [2c 9h Kh]
Chessnok: bets $3
DC4515: calls $3
*** TURN *** [2c 9h Kh] [3d]
Chessnok: bets $6
DC4515: folds
Uncalled bet ($6) returned to Chessnok
Chessnok collected $17.64 from pot
Chessnok: doesn't show hand
*** SUMMARY ***
Total pot $18 | Rake $0.36
Board [2c 9h Kh 3d]
Seat 3: DC4515 (button) (small blind) folded on the Turn
Seat 5: Chessnok (big blind) collected ($17.64)


PokerStars Hand #157706013441:  Hold'em Limit ($3/$6 USD) - 2016/08/24 23:27:01 ET
Table 'Euphemia II' 6-max Seat #5 is the button
Seat 3: DC4515 ($81.02 in chips)
Seat 5: Chessnok ($145.70 in chips)
Chessnok: posts small blind $1
DC4515: posts big blind $3
*** HOLE CARDS ***
Chessnok: raises $3 to $6
DC4515: calls $3
*** FLOP *** [9h 6h 9c]
DC4515: checks
Chessnok: bets $3
DC4515: calls $3
*** TURN *** [9h 6h 9c] [Kc]
DC4515: checks
Chessnok: checks
*** RIVER *** [9h 6h 9c Kc] [6s]
DC4515: checks
Chessnok: checks
*** SHOW DOWN ***
DC4515: shows [Ts Kh] (two pair, Kings and Nines)
Chessnok: mucks hand
DC4515 collected $17.64 from pot
*** SUMMARY ***
Total pot $18 | Rake $0.36
Board [9h 6h 9c Kc 6s]
Seat 3: DC4515 (big blind) showed [Ts Kh] and won ($17.64) with two pair, Kings and Nines
Seat 5: Chessnok (button) (small blind) mucked


PokerStars Hand #157706003045:  Hold'em Limit ($3/$6 USD) - 2016/08/24 23:26:23 ET
Table 'Euphemia II' 6-max Seat #5 is the button
Seat 3: DC4515 ($64 in chips)
Seat 5: Chessnok ($164.06 in chips)
Chessnok: posts small blind $1
DC4515: posts big blind $3
*** HOLE CARDS ***
Chessnok: raises $3 to $6
DC4515: folds
Uncalled bet ($3) returned to Chessnok
Chessnok collected $6 from pot
Chessnok: doesn't show hand
*** SUMMARY ***
Total pot $6 | Rake $0
Seat 3: DC4515 (big blind) folded before Flop
Seat 5: Chessnok (button) (small blind) collected ($6)


PokerStars Hand #157706000570:  Hold'em Limit ($3/$6 USD) - 2016/08/24 23:26:14 ET
Table 'Euphemia II' 6-max Seat #3 is the button
Seat 3: DC4515 ($58.24 in chips)
Seat 5: Chessnok ($170.06 in chips)
DC4515: posts small blind $1
Chessnok: posts big blind $3
*** HOLE CARDS ***
DC4515: raises $3 to $6
Chessnok: calls $3
*** FLOP *** [Js Ah Kd]
Chessnok: checks
DC4515: bets $3
Chessnok: folds
Uncalled bet ($3) returned to DC4515
DC4515 collected $11.76 from pot
DC4515: doesn't show hand
*** SUMMARY ***
Total pot $12 | Rake $0.24
Board [Js Ah Kd]
Seat 3: DC4515 (button) (small blind) collected ($11.76)
Seat 5: Chessnok (big blind) folded on the Flop


PokerStars Hand #157706007177:  Hold'em Limit ($3/$6 USD) - 2016/08/24 23:26:38 ET
Table 'Euphemia II' 6-max Seat #5 is the button
Seat 3: DC4515 ($52 in chips)
Seat 5: Chessnok ($175.70 in chips)
Chessnok: posts small blind $1
DC4515: posts big blind $3
*** HOLE CARDS ***
Chessnok: raises $3 to $6
DC4515: raises $3 to $9
Chessnok: calls $3
*** FLOP *** [4h 4s 4c]
DC4515: bets $3
Chessnok: calls $3
*** TURN *** [4h 4s 4c] [Jh]
DC4515: bets $6
Chessnok: folds
Uncalled bet ($6) returned to DC4515
DC4515 collected $23.52 from pot
DC4515: doesn't show hand
*** SUMMARY ***
Total pot $24 | Rake $0.48
Board [4h 4s 4c Jh]
Seat 3: DC4515 (big blind) collected ($23.52)
Seat 5: Chessnok (button) (small blind) folded on the Turn


PokerStars Hand #157706010070:  Hold'em Limit ($3/$6 USD) - 2016/08/24 23:26:49 ET
Table 'Euphemia II' 6-max Seat #3 is the button
Seat 3: DC4515 ($63.52 in chips)
Seat 5: Chessnok ($163.70 in chips)
DC4515: posts small blind $1
Chessnok: posts big blind $3
*** HOLE CARDS ***
DC4515: raises $3 to $6
Chessnok: calls $3
*** FLOP *** [2h 5s As]
Chessnok: checks
DC4515: checks
*** TURN *** [2h 5s As] [7c]
Chessnok: bets $6
DC4515: raises $6 to $12
Chessnok: calls $6
*** RIVER *** [2h 5s As 7c] [8c]
Chessnok: checks
DC4515: bets $6
Chessnok: folds
Uncalled bet ($6) returned to DC4515
DC4515 collected $35.50 from pot
DC4515: doesn't show hand
*** SUMMARY ***
Total pot $36 | Rake $0.50
Board [2h 5s As 7c 8c]
Seat 3: DC4515 (button) (small blind) collected ($35.50)
Seat 5: Chessnok (big blind) folded on the River


PokerStars Hand #157706023960:  Hold'em Limit ($3/$6 USD) - 2016/08/24 23:27:40 ET
Table 'Euphemia II' 6-max Seat #3 is the button
Seat 3: DC4515 ($106.94 in chips)
Seat 5: Chessnok ($118.70 in chips)
DC4515: posts small blind $1
Chessnok: posts big blind $3
*** HOLE CARDS ***
DC4515: raises $3 to $6
Chessnok: raises $3 to $9
DC4515: calls $3
*** FLOP *** [Ts Jh 9c]
Chessnok: bets $3
DC4515: raises $3 to $6
Chessnok: raises $3 to $9
DC4515: raises $3 to $12
Betting is capped
Chessnok: calls $3
*** TURN *** [Ts Jh 9c] [4d]
Chessnok: bets $6
DC4515: calls $6
*** RIVER *** [Ts Jh 9c 4d] [7h]
Chessnok: bets $6
DC4515: calls $6
*** SHOW DOWN ***
Chessnok: shows [Td Tc] (three of a kind, Tens)
DC4515: shows [Ac 8s] (a straight, Seven to Jack)
DC4515 collected $65.50 from pot
*** SUMMARY ***
Total pot $66 | Rake $0.50
Board [Ts Jh 9c 4d 7h]
Seat 3: DC4515 (button) (small blind) showed [Ac 8s] and won ($65.50) with a straight, Seven to Jack
Seat 5: Chessnok (big blind) showed [Td Tc] and lost with three of a kind, Tens


PokerStars Hand #157706027884:  Hold'em Limit ($3/$6 USD) - 2016/08/24 23:27:55 ET
Table 'Euphemia II' 6-max Seat #5 is the button
Seat 3: DC4515 ($139.44 in chips)
Seat 5: Chessnok ($85.70 in chips)
Chessnok: posts small blind $1
DC4515: posts big blind $3
*** HOLE CARDS ***
Chessnok: raises $3 to $6
DC4515: raises $3 to $9
Chessnok: calls $3
*** FLOP *** [Qc 5c 6c]
DC4515: checks
Chessnok: bets $3
DC4515: calls $3
*** TURN *** [Qc 5c 6c] [7s]
DC4515: checks
Chessnok: checks
*** RIVER *** [Qc 5c 6c 7s] [9s]
DC4515: checks
Chessnok: checks
*** SHOW DOWN ***
DC4515: shows [Kd Ah] (high card Ace)
Chessnok: mucks hand
DC4515 collected $23.52 from pot
*** SUMMARY ***
Total pot $24 | Rake $0.48
Board [Qc 5c 6c 7s 9s]
Seat 3: DC4515 (big blind) showed [Kd Ah] and won ($23.52) with high card Ace
Seat 5: Chessnok (button) (small blind) mucked


PokerStars Hand #157706017378:  Hold'em Limit ($3/$6 USD) - 2016/08/24 23:27:16 ET
Table 'Euphemia II' 6-max Seat #3 is the button
Seat 3: DC4515 ($89.66 in chips)
Seat 5: Chessnok ($136.70 in chips)
DC4515: posts small blind $1
Chessnok: posts big blind $3
*** HOLE CARDS ***
DC4515: calls $2
Chessnok: raises $3 to $6
DC4515: raises $3 to $9
Chessnok: calls $3
*** FLOP *** [2s Ah Jc]
Chessnok: checks
DC4515: bets $3
Chessnok: folds
Uncalled bet ($3) returned to DC4515
DC4515 collected $17.64 from pot
DC4515: doesn't show hand
*** SUMMARY ***
Total pot $18 | Rake $0.36
Board [2s Ah Jc]
Seat 3: DC4515 (button) (small blind) collected ($17.64)
Seat 5: Chessnok (big blind) folded on the Flop


PokerStars Hand #157706020282:  Hold'em Limit ($3/$6 USD) - 2016/08/24 23:27:27 ET
Table 'Euphemia II' 6-max Seat #5 is the button
Seat 3: DC4515 ($98.30 in chips)
Seat 5: Chessnok ($127.70 in chips)
Chessnok: posts small blind $1
DC4515: posts big blind $3
*** HOLE CARDS ***
Chessnok: raises $3 to $6
DC4515: calls $3
*** FLOP *** [Jc 8c Th]
DC4515: checks
Chessnok: bets $3
DC4515: calls $3
*** TURN *** [Jc 8c Th] [9c]
DC4515: checks
Chessnok: checks
*** RIVER *** [Jc 8c Th 9c] [Kc]
DC4515: checks
Chessnok: checks
*** SHOW DOWN ***
DC4515: shows [6c Ah] (a flush, King high)
Chessnok: mucks hand
DC4515 collected $17.64 from pot
*** SUMMARY ***
Total pot $18 | Rake $0.36
Board [Jc 8c Th 9c Kc]
Seat 3: DC4515 (big blind) showed [6c Ah] and won ($17.64) with a flush, King high
Seat 5: Chessnok (button) (small blind) mucked


PokerStars Hand #157706040869:  Hold'em Limit ($3/$6 USD) - 2016/08/24 23:28:43 ET
Table 'Euphemia II' 6-max Seat #3 is the button
Seat 3: DC4515 ($175.46 in chips)
Seat 5: Chessnok ($71.64 in chips)
DC4515: posts small blind $1
Chessnok: posts big blind $3
*** HOLE CARDS ***
DC4515: raises $3 to $6
Chessnok: raises $3 to $9
DC4515: calls $3
*** FLOP *** [4s Jc Ts]
Chessnok: bets $3
DC4515: calls $3
*** TURN *** [4s Jc Ts] [Kc]
Chessnok: bets $6
DC4515: calls $6
*** RIVER *** [4s Jc Ts Kc] [6c]
Chessnok: bets $6
DC4515: calls $6
*** SHOW DOWN ***
Chessnok: shows [Kh 3h] (a pair of Kings)
DC4515: mucks hand
Chessnok collected $47.50 from pot
*** SUMMARY ***
Total pot $48 | Rake $0.50
Board [4s Jc Ts Kc 6c]
Seat 3: DC4515 (button) (small blind) mucked
Seat 5: Chessnok (big blind) showed [Kh 3h] and won ($47.50) with a pair of Kings


PokerStars Hand #157706035295:  Hold'em Limit ($3/$6 USD) - 2016/08/24 23:28:22 ET
Table 'Euphemia II' 6-max Seat #5 is the button
Seat 3: DC4515 ($186.46 in chips)
Seat 5: Chessnok ($60 in chips)
Chessnok: posts small blind $1
DC4515: posts big blind $3
*** HOLE CARDS ***
Chessnok: folds
Uncalled bet ($2) returned to DC4515
DC4515 collected $2 from pot
DC4515: doesn't show hand
*** SUMMARY ***
Total pot $2 | Rake $0
Seat 3: DC4515 (big blind) collected ($2)
Seat 5: Chessnok (button) (small blind) folded before Flop


PokerStars Hand #157706031640:  Hold'em Limit ($3/$6 USD) - 2016/08/24 23:28:08 ET
Table 'Euphemia II' 6-max Seat #3 is the button
Seat 3: DC4515 ($150.96 in chips)
Seat 5: Chessnok ($73.70 in chips)
DC4515: posts small blind $1
Chessnok: posts big blind $3
*** HOLE CARDS ***
DC4515: raises $3 to $6
Chessnok: raises $3 to $9
DC4515: raises $3 to $12
Betting is capped
Chessnok: calls $3
*** FLOP *** [5d Jh 3s]
Chessnok: checks
DC4515: checks
*** TURN *** [5d Jh 3s] [Qd]
Chessnok: bets $6
DC4515: raises $6 to $12
Chessnok: raises $6 to $18
DC4515: calls $6
*** RIVER *** [5d Jh 3s Qd] [7c]
Chessnok: bets $6
DC4515: calls $6
*** SHOW DOWN ***
Chessnok: shows [Kd 8d] (high card King)
DC4515: shows [Tc Qc] (a pair of Queens)
DC4515 collected $71.50 from pot
*** SUMMARY ***
Total pot $72 | Rake $0.50
Board [5d Jh 3s Qd 7c]
Seat 3: DC4515 (button) (small blind) showed [Tc Qc] and won ($71.50) with a pair of Queens
Seat 5: Chessnok (big blind) showed [Kd 8d] and lost with high card King


PokerStars Hand #157706036466:  Hold'em Limit ($3/$6 USD) - 2016/08/24 23:28:26 ET
Table 'Euphemia II' 6-max Seat #3 is the button
Seat 3: DC4515 ($187.46 in chips)
Seat 5: Chessnok ($60 in chips)
DC4515: posts small blind $1
Chessnok: posts big blind $3
*** HOLE CARDS ***
DC4515: raises $3 to $6
Chessnok: raises $3 to $9
DC4515: calls $3
*** FLOP *** [7c 8c 4c]
Chessnok: bets $3
DC4515: folds
Uncalled bet ($3) returned to Chessnok
Chessnok collected $17.64 from pot
Chessnok: doesn't show hand
*** SUMMARY ***
Total pot $18 | Rake $0.36
Board [7c 8c 4c]
Seat 3: DC4515 (button) (small blind) folded on the Flop
Seat 5: Chessnok (big blind) collected ($17.64)


PokerStars Hand #157706039607:  Hold'em Limit ($3/$6 USD) - 2016/08/24 23:28:38 ET
Table 'Euphemia II' 6-max Seat #5 is the button
Seat 3: DC4515 ($178.46 in chips)
Seat 5: Chessnok ($68.64 in chips)
Chessnok: posts small blind $1
DC4515: posts big blind $3
*** HOLE CARDS ***
Chessnok: raises $3 to $6
DC4515: folds
Uncalled bet ($3) returned to Chessnok
Chessnok collected $6 from pot
Chessnok: doesn't show hand
*** SUMMARY ***
Total pot $6 | Rake $0
Seat 3: DC4515 (big blind) folded before Flop
Seat 5: Chessnok (button) (small blind) collected ($6)


PokerStars Hand #157706061750:  Hold'em Limit ($3/$6 USD) - 2016/08/24 23:29:58 ET
Table 'Euphemia II' 6-max Seat #5 is the button
Seat 3: DC4515 ($206.46 in chips)
Seat 5: Chessnok ($66.76 in chips)
Chessnok: posts small blind $1
DC4515: posts big blind $3
*** HOLE CARDS ***
Chessnok: raises $3 to $6
DC4515: calls $3
*** FLOP *** [2d 7c 8c]
DC4515: checks
Chessnok: bets $3
DC4515: raises $3 to $6
Chessnok: calls $3
*** TURN *** [2d 7c 8c] [3d]
DC4515: bets $6
Chessnok: calls $6
*** RIVER *** [2d 7c 8c 3d] [2h]
DC4515: bets $6
Chessnok: calls $6
*** SHOW DOWN ***
DC4515: shows [Qc 9c] (a pair of Deuces)
Chessnok: shows [6s Ks] (a pair of Deuces - King kicker)
Chessnok collected $47.50 from pot
*** SUMMARY ***
Total pot $48 | Rake $0.50
Board [2d 7c 8c 3d 2h]
Seat 3: DC4515 (big blind) showed [Qc 9c] and lost with a pair of Deuces
Seat 5: Chessnok (button) (small blind) showed [6s Ks] and won ($47.50) with a pair of Deuces


PokerStars Hand #157706048731:  Hold'em Limit ($3/$6 USD) - 2016/08/24 23:29:11 ET
Table 'Euphemia II' 6-max Seat #5 is the button
Seat 3: DC4515 ($151.46 in chips)
Seat 5: Chessnok ($95.14 in chips)
Chessnok: posts small blind $1
DC4515: posts big blind $3
*** HOLE CARDS ***
Chessnok: raises $3 to $6
DC4515: calls $3
*** FLOP *** [5s 5d Th]
DC4515: checks
Chessnok: bets $3
DC4515: calls $3
*** TURN *** [5s 5d Th] [2h]
DC4515: checks
Chessnok: bets $6
DC4515: raises $6 to $12
Chessnok: calls $6
*** RIVER *** [5s 5d Th 2h] [Jc]
DC4515: bets $6
Chessnok: calls $6
*** SHOW DOWN ***
DC4515: shows [5h 9h] (three of a kind, Fives)
Chessnok: mucks hand
DC4515 collected $53.50 from pot
*** SUMMARY ***
Total pot $54 | Rake $0.50
Board [5s 5d Th 2h Jc]
Seat 3: DC4515 (big blind) showed [5h 9h] and won ($53.50) with three of a kind, Fives
Seat 5: Chessnok (button) (small blind) mucked


PokerStars Hand #157706052841:  Hold'em Limit ($3/$6 USD) - 2016/08/24 23:29:26 ET
Table 'Euphemia II' 6-max Seat #3 is the button
Seat 3: DC4515 ($177.96 in chips)
Seat 5: Chessnok ($68.14 in chips)
DC4515: posts small blind $1
Chessnok: posts big blind $3
*** HOLE CARDS ***
DC4515: calls $2
Chessnok: raises $3 to $6
DC4515: calls $3
*** FLOP *** [6h 7d Ad]
Chessnok: bets $3
DC4515: raises $3 to $6
Chessnok: raises $3 to $9
DC4515: raises $3 to $12
Betting is capped
Chessnok: calls $3
*** TURN *** [6h 7d Ad] [8s]
Chessnok: bets $6
DC4515: raises $6 to $12
Chessnok: calls $6
*** RIVER *** [6h 7d Ad 8s] [Qd]
Chessnok: checks
DC4515: bets $6
Chessnok: calls $6
*** SHOW DOWN ***
DC4515: shows [7h 6s] (two pair, Sevens and Sixes)
Chessnok: mucks hand
DC4515 collected $71.50 from pot
*** SUMMARY ***
Total pot $72 | Rake $0.50
Board [6h 7d Ad 8s Qd]
Seat 3: DC4515 (button) (small blind) showed [7h 6s] and won ($71.50) with two pair, Sevens and Sixes
Seat 5: Chessnok (big blind) mucked


PokerStars Hand #157706060466:  Hold'em Limit ($3/$6 USD) - 2016/08/24 23:29:54 ET
Table 'Euphemia II' 6-max Seat #3 is the button
Seat 3: DC4515 ($207.46 in chips)
Seat 5: Chessnok ($65.76 in chips)
DC4515: posts small blind $1
Chessnok: posts big blind $3
*** HOLE CARDS ***
DC4515: folds
Uncalled bet ($2) returned to Chessnok
Chessnok collected $2 from pot
Chessnok: doesn't show hand
*** SUMMARY ***
Total pot $2 | Rake $0
Seat 3: DC4515 (button) (small blind) folded before Flop
Seat 5: Chessnok (big blind) collected ($2)


PokerStars Hand #157706057410:  Hold'em Limit ($3/$6 USD) - 2016/08/24 23:29:43 ET
Table 'Euphemia II' 6-max Seat #5 is the button
Seat 3: DC4515 ($213.46 in chips)
Seat 5: Chessnok ($60 in chips)
Chessnok: posts small blind $1
DC4515: posts big blind $3
*** HOLE CARDS ***
Chessnok: raises $3 to $6
DC4515: calls $3
*** FLOP *** [2d Kh 6s]
DC4515: checks
Chessnok: bets $3
DC4515: folds
Uncalled bet ($3) returned to Chessnok
Chessnok collected $11.76 from pot
Chessnok: doesn't show hand
*** SUMMARY ***
Total pot $12 | Rake $0.24
Board [2d Kh 6s]
Seat 3: DC4515 (big blind) folded on the Flop
Seat 5: Chessnok (button) (small blind) collected ($11.76)


PokerStars Hand #157706081993:  Hold'em Limit ($3/$6 USD) - 2016/08/24 23:30:48 ET
Table 'Euphemia II' 6-max Seat #3 is the button
Seat 3: DC4515 ($169.96 in chips)
Seat 5: Chessnok ($101.76 in chips)
DC4515: posts small blind $1
Chessnok: posts big blind $3
*** HOLE CARDS ***
DC4515 said, "LOL!"
DC4515: folds
Uncalled bet ($2) returned to Chessnok
Chessnok collected $2 from pot
Chessnok: doesn't show hand
*** SUMMARY ***
Total pot $2 | Rake $0
Seat 3: DC4515 (button) (small blind) folded before Flop
Seat 5: Chessnok (big blind) collected ($2)


PokerStars Hand #157706066133:  Hold'em Limit ($3/$6 USD) - 2016/08/24 23:30:15 ET
Table 'Euphemia II' 6-max Seat #3 is the button
Seat 3: DC4515 ($182.46 in chips)
Seat 5: Chessnok ($90.26 in chips)
DC4515: posts small blind $1
Chessnok: posts big blind $3
*** HOLE CARDS ***
DC4515: raises $3 to $6
Chessnok: raises $3 to $9
DC4515: calls $3
*** FLOP *** [Jc 9h Ad]
Chessnok: bets $3
DC4515: calls $3
*** TURN *** [Jc 9h Ad] [3h]
Chessnok: bets $6
DC4515: calls $6
*** RIVER *** [Jc 9h Ad 3h] [7c]
Chessnok: bets $6
DC4515: calls $6
*** SHOW DOWN ***
Chessnok: shows [Qc 7d] (a pair of Sevens)
DC4515: shows [Js 8s] (a pair of Jacks)
DC4515 collected $47.50 from pot
*** SUMMARY ***
Total pot $48 | Rake $0.50
Board [Jc 9h Ad 3h 7c]
Seat 3: DC4515 (button) (small blind) showed [Js 8s] and won ($47.50) with a pair of Jacks
Seat 5: Chessnok (big blind) showed [Qc 7d] and lost with a pair of Sevens


PokerStars Hand #157706083390:  Hold'em Limit ($3/$6 USD) - 2016/08/24 23:30:53 ET
Table 'Euphemia II' 6-max Seat #5 is the button
Seat 3: DC4515 ($168.96 in chips)
Seat 5: Chessnok ($102.76 in chips)
Chessnok: posts small blind $1
DC4515: posts big blind $3
*** HOLE CARDS ***
Chessnok: raises $3 to $6
DC4515: raises $3 to $9
Chessnok: calls $3
*** FLOP *** [2c 4s 8d]
DC4515: bets $3
Chessnok: calls $3
*** TURN *** [2c 4s 8d] [8h]
DC4515: bets $6
Chessnok: folds
Uncalled bet ($6) returned to DC4515
DC4515 collected $23.52 from pot
DC4515: doesn't show hand
*** SUMMARY ***
Total pot $24 | Rake $0.48
Board [2c 4s 8d 8h]
Seat 3: DC4515 (big blind) collected ($23.52)
Seat 5: Chessnok (button) (small blind) folded on the Turn


PokerStars Hand #157706089024:  Hold'em Limit ($3/$6 USD) - 2016/08/24 23:31:13 ET
Table 'Euphemia II' 6-max Seat #5 is the button
Seat 3: DC4515 ($174.48 in chips)
Seat 5: Chessnok ($96.52 in chips)
Chessnok: posts small blind $1
DC4515: posts big blind $3
*** HOLE CARDS ***
Chessnok: raises $3 to $6
DC4515: folds
Uncalled bet ($3) returned to Chessnok
Chessnok collected $6 from pot
Chessnok: doesn't show hand
*** SUMMARY ***
Total pot $6 | Rake $0
Seat 3: DC4515 (big blind) folded before Flop
Seat 5: Chessnok (button) (small blind) collected ($6)


PokerStars Hand #157706086854:  Hold'em Limit ($3/$6 USD) - 2016/08/24 23:31:06 ET
Table 'Euphemia II' 6-max Seat #3 is the button
Seat 3: DC4515 ($180.48 in chips)
Seat 5: Chessnok ($90.76 in chips)
DC4515: posts small blind $1
Chessnok: posts big blind $3
*** HOLE CARDS ***
DC4515: calls $2
Chessnok: raises $3 to $6
DC4515: calls $3
*** FLOP *** [Kh 2d 5h]
Chessnok: bets $3
DC4515: folds
Uncalled bet ($3) returned to Chessnok
Chessnok collected $11.76 from pot
Chessnok: doesn't show hand
*** SUMMARY ***
Total pot $12 | Rake $0.24
Board [Kh 2d 5h]
Seat 3: DC4515 (button) (small blind) folded on the Flop
Seat 5: Chessnok (big blind) collected ($11.76)


PokerStars Hand #157706069649:  Hold'em Limit ($3/$6 USD) - 2016/08/24 23:30:27 ET
Table 'Euphemia II' 6-max Seat #5 is the button
Seat 3: DC4515 ($205.96 in chips)
Seat 5: Chessnok ($66.26 in chips)
Chessnok: posts small blind $1
DC4515: posts big blind $3
*** HOLE CARDS ***
Chessnok: raises $3 to $6
DC4515: raises $3 to $9
Chessnok: calls $3
*** FLOP *** [Qc 8c 3h]
DC4515: checks
Chessnok: bets $3
DC4515: calls $3
*** TURN *** [Qc 8c 3h] [4h]
DC4515: checks
Chessnok: bets $6
DC4515: raises $6 to $12
Chessnok: calls $6
*** RIVER *** [Qc 8c 3h 4h] [4c]
DC4515: bets $6
Chessnok: raises $6 to $12
DC4515: calls $6
*** SHOW DOWN ***
Chessnok: shows [4s Ac] (three of a kind, Fours)
DC4515: mucks hand
Chessnok collected $71.50 from pot
*** SUMMARY ***
Total pot $72 | Rake $0.50
Board [Qc 8c 3h 4h 4c]
Seat 3: DC4515 (big blind) mucked
Seat 5: Chessnok (button) (small blind) showed [4s Ac] and won ($71.50) with three of a kind, Fours


PokerStars Hand #157706090536:  Hold'em Limit ($3/$6 USD) - 2016/08/24 23:31:19 ET
Table 'Euphemia II' 6-max Seat #3 is the button
Seat 3: DC4515 ($171.48 in chips)
Seat 5: Chessnok ($99.52 in chips)
DC4515: posts small blind $1
Chessnok: posts big blind $3
*** HOLE CARDS ***
DC4515: calls $2
Chessnok: raises $3 to $6
DC4515: calls $3
*** FLOP *** [5h Ks 2c]
Chessnok: bets $3
DC4515: raises $3 to $6
Chessnok: raises $3 to $9
DC4515: folds
Uncalled bet ($3) returned to Chessnok
Chessnok collected $23.52 from pot
Chessnok: doesn't show hand
*** SUMMARY ***
Total pot $24 | Rake $0.48
Board [5h Ks 2c]
Seat 3: DC4515 (button) (small blind) folded on the Flop
Seat 5: Chessnok (big blind) collected ($23.52)


PokerStars Hand #157706093461:  Hold'em Limit ($3/$6 USD) - 2016/08/24 23:31:29 ET
Table 'Euphemia II' 6-max Seat #5 is the button
Seat 3: DC4515 ($159.48 in chips)
Seat 5: Chessnok ($111.04 in chips)
Chessnok: posts small blind $1
DC4515: posts big blind $3
*** HOLE CARDS ***
Chessnok: raises $3 to $6
DC4515: calls $3
*** FLOP *** [8c 8s Td]
DC4515: bets $3
Chessnok: raises $3 to $6
DC4515: calls $3
*** TURN *** [8c 8s Td] [Ad]
DC4515: checks
Chessnok: bets $6
DC4515: calls $6
*** RIVER *** [8c 8s Td Ad] [7h]
DC4515: checks
Chessnok: checks
*** SHOW DOWN ***
DC4515: shows [Jd 9s] (a straight, Seven to Jack)
Chessnok: mucks hand
DC4515 collected $35.50 from pot
*** SUMMARY ***
Total pot $36 | Rake $0.50
Board [8c 8s Td Ad 7h]
Seat 3: DC4515 (big blind) showed [Jd 9s] and won ($35.50) with a straight, Seven to Jack
Seat 5: Chessnok (button) (small blind) mucked


PokerStars Hand #157706098006:  Hold'em Limit ($3/$6 USD) - 2016/08/24 23:31:46 ET
Table 'Euphemia II' 6-max Seat #3 is the button
Seat 3: DC4515 ($176.98 in chips)
Seat 5: Chessnok ($93.04 in chips)
DC4515: posts small blind $1
Chessnok: posts big blind $3
*** HOLE CARDS ***
DC4515: raises $3 to $6
Chessnok: calls $3
*** FLOP *** [7c 8d Qh]
Chessnok: checks
DC4515: bets $3
Chessnok: folds
Uncalled bet ($3) returned to DC4515
DC4515 collected $11.76 from pot
DC4515: doesn't show hand
*** SUMMARY ***
Total pot $12 | Rake $0.24
Board [7c 8d Qh]
Seat 3: DC4515 (button) (small blind) collected ($11.76)
Seat 5: Chessnok (big blind) folded on the Flop


PokerStars Hand #157706105741:  Hold'em Limit ($3/$6 USD) - 2016/08/24 23:32:14 ET
Table 'Euphemia II' 6-max Seat #3 is the button
Seat 3: DC4515 ($167.74 in chips)
Seat 5: Chessnok ($101.54 in chips)
DC4515: posts small blind $1
Chessnok: posts big blind $3
*** HOLE CARDS ***
DC4515: folds
Uncalled bet ($2) returned to Chessnok
Chessnok collected $2 from pot
Chessnok: doesn't show hand
*** SUMMARY ***
Total pot $2 | Rake $0
Seat 3: DC4515 (button) (small blind) folded before Flop
Seat 5: Chessnok (big blind) collected ($2)


PokerStars Hand #157706101259:  Hold'em Limit ($3/$6 USD) - 2016/08/24 23:31:58 ET
Table 'Euphemia II' 6-max Seat #5 is the button
Seat 3: DC4515 ($182.74 in chips)
Seat 5: Chessnok ($87.04 in chips)
Chessnok: posts small blind $1
DC4515: posts big blind $3
*** HOLE CARDS ***
Chessnok: raises $3 to $6
DC4515: calls $3
*** FLOP *** [8s 6c Qh]
DC4515: checks
Chessnok: bets $3
DC4515: calls $3
*** TURN *** [8s 6c Qh] [Qd]
DC4515: checks
Chessnok: checks
*** RIVER *** [8s 6c Qh Qd] [3h]
DC4515: checks
Chessnok: bets $6
DC4515: calls $6
*** SHOW DOWN ***
Chessnok: shows [Ac Jh] (a pair of Queens)
DC4515: mucks hand
Chessnok collected $29.50 from pot
*** SUMMARY ***
Total pot $30 | Rake $0.50
Board [8s 6c Qh Qd 3h]
Seat 3: DC4515 (big blind) mucked
Seat 5: Chessnok (button) (small blind) showed [Ac Jh] and won ($29.50) with a pair of Queens


PokerStars Hand #157706108277:  Hold'em Limit ($3/$6 USD) - 2016/08/24 23:32:23 ET
Table 'Euphemia II' 6-max Seat #3 is the button
Seat 3: DC4515 ($163.74 in chips)
Seat 5: Chessnok ($105.54 in chips)
DC4515: posts small blind $1
Chessnok: posts big blind $3
*** HOLE CARDS ***
DC4515: folds
Uncalled bet ($2) returned to Chessnok
Chessnok collected $2 from pot
Chessnok: doesn't show hand
*** SUMMARY ***
Total pot $2 | Rake $0
Seat 3: DC4515 (button) (small blind) folded before Flop
Seat 5: Chessnok (big blind) collected ($2)


PokerStars Hand #157706107062:  Hold'em Limit ($3/$6 USD) - 2016/08/24 23:32:19 ET
Table 'Euphemia II' 6-max Seat #5 is the button
Seat 3: DC4515 ($166.74 in chips)
Seat 5: Chessnok ($102.54 in chips)
Chessnok: posts small blind $1
DC4515: posts big blind $3
*** HOLE CARDS ***
Chessnok: raises $3 to $6
DC4515: folds
Uncalled bet ($3) returned to Chessnok
Chessnok collected $6 from pot
Chessnok: doesn't show hand
*** SUMMARY ***
Total pot $6 | Rake $0
Seat 3: DC4515 (big blind) folded before Flop
Seat 5: Chessnok (button) (small blind) collected ($6)


PokerStars Hand #157706112528:  Hold'em Limit ($3/$6 USD) - 2016/08/24 23:32:38 ET
Table 'Euphemia II' 6-max Seat #5 is the button
Seat 3: DC4515 ($158.74 in chips)
Seat 5: Chessnok ($110.54 in chips)
Chessnok: posts small blind $1
DC4515: posts big blind $3
*** HOLE CARDS ***
Chessnok: raises $3 to $6
DC4515: folds
Uncalled bet ($3) returned to Chessnok
Chessnok collected $6 from pot
Chessnok: doesn't show hand
*** SUMMARY ***
Total pot $6 | Rake $0
Seat 3: DC4515 (big blind) folded before Flop
Seat 5: Chessnok (button) (small blind) collected ($6)


PokerStars Hand #157706113993:  Hold'em Limit ($3/$6 USD) - 2016/08/24 23:32:44 ET
Table 'Euphemia II' 6-max Seat #3 is the button
Seat 3: DC4515 ($155.74 in chips)
Seat 5: Chessnok ($113.54 in chips)
DC4515: posts small blind $1
Chessnok: posts big blind $3
*** HOLE CARDS ***
DC4515: raises $3 to $6
Chessnok: calls $3
*** FLOP *** [9s Qh 7d]
Chessnok: bets $3
DC4515: raises $3 to $6
Chessnok: folds
Uncalled bet ($3) returned to DC4515
DC4515 collected $17.64 from pot
DC4515: doesn't show hand
*** SUMMARY ***
Total pot $18 | Rake $0.36
Board [9s Qh 7d]
Seat 3: DC4515 (button) (small blind) collected ($17.64)
Seat 5: Chessnok (big blind) folded on the Flop


PokerStars Hand #157706111126:  Hold'em Limit ($3/$6 USD) - 2016/08/24 23:32:34 ET
Table 'Euphemia II' 6-max Seat #3 is the button
Seat 3: DC4515 ($159.74 in chips)
Seat 5: Chessnok ($109.54 in chips)
DC4515: posts small blind $1
Chessnok: posts big blind $3
*** HOLE CARDS ***
DC4515: folds
Uncalled bet ($2) returned to Chessnok
Chessnok collected $2 from pot
Chessnok: doesn't show hand
*** SUMMARY ***
Total pot $2 | Rake $0
Seat 3: DC4515 (button) (small blind) folded before Flop
Seat 5: Chessnok (big blind) collected ($2)


PokerStars Hand #157706109637:  Hold'em Limit ($3/$6 USD) - 2016/08/24 23:32:28 ET
Table 'Euphemia II' 6-max Seat #5 is the button
Seat 3: DC4515 ($162.74 in chips)
Seat 5: Chessnok ($106.54 in chips)
Chessnok: posts small blind $1
DC4515: posts big blind $3
*** HOLE CARDS ***
Chessnok: raises $3 to $6
DC4515: folds
Uncalled bet ($3) returned to Chessnok
Chessnok collected $6 from pot
Chessnok: doesn't show hand
*** SUMMARY ***
Total pot $6 | Rake $0
Seat 3: DC4515 (big blind) folded before Flop
Seat 5: Chessnok (button) (small blind) collected ($6)


PokerStars Hand #157706116912:  Hold'em Limit ($3/$6 USD) - 2016/08/24 23:32:54 ET
Table 'Euphemia II' 6-max Seat #5 is the button
Seat 3: DC4515 ($164.38 in chips)
Seat 5: Chessnok ($104.54 in chips)
Chessnok: posts small blind $1
DC4515: posts big blind $3
*** HOLE CARDS ***
Chessnok: raises $3 to $6
DC4515: calls $3
*** FLOP *** [8s Tc 7d]
DC4515: checks
Chessnok: bets $3
DC4515: raises $3 to $6
Chessnok: calls $3
*** TURN *** [8s Tc 7d] [Td]
DC4515: bets $6
Chessnok: raises $6 to $12
DC4515: calls $6
*** RIVER *** [8s Tc 7d Td] [Ks]
DC4515: checks
Chessnok: bets $6
DC4515: folds
Uncalled bet ($6) returned to Chessnok
Chessnok collected $47.50 from pot
Chessnok: doesn't show hand
*** SUMMARY ***
Total pot $48 | Rake $0.50
Board [8s Tc 7d Td Ks]
Seat 3: DC4515 (big blind) folded on the River
Seat 5: Chessnok (button) (small blind) collected ($47.50)


PokerStars Hand #157706132455:  Hold'em Limit ($3/$6 USD) - 2016/08/24 23:33:51 ET
Table 'Euphemia II' 6-max Seat #3 is the button
Seat 3: DC4515 ($147.76 in chips)
Seat 5: Chessnok ($119.56 in chips)
DC4515: posts small blind $1
Chessnok: posts big blind $3
*** HOLE CARDS ***
DC4515: raises $3 to $6
Chessnok: raises $3 to $9
DC4515: raises $3 to $12
Betting is capped
Chessnok: calls $3
*** FLOP *** [6c 5s 4d]
Chessnok: checks
DC4515: bets $3
Chessnok: raises $3 to $6
DC4515: raises $3 to $9
fabricio004 joins the table at seat #2
Chessnok: raises $3 to $12
Betting is capped
DC4515: calls $3
*** TURN *** [6c 5s 4d] [5c]
Chessnok: bets $6
DC4515: calls $6
*** RIVER *** [6c 5s 4d 5c] [8c]
Chessnok: bets $6
DC4515: calls $6
*** SHOW DOWN ***
Chessnok: shows [7d 6d] (a straight, Four to Eight)
DC4515: mucks hand
Chessnok collected $71.50 from pot
*** SUMMARY ***
Total pot $72 | Rake $0.50
Board [6c 5s 4d 5c 8c]
Seat 3: DC4515 (button) (small blind) mucked
Seat 5: Chessnok (big blind) showed [7d 6d] and won ($71.50) with a straight, Four to Eight


PokerStars Hand #157706128656:  Hold'em Limit ($3/$6 USD) - 2016/08/24 23:33:37 ET
Table 'Euphemia II' 6-max Seat #5 is the button
Seat 3: DC4515 ($130.26 in chips)
Seat 5: Chessnok ($137.56 in chips)
Chessnok: posts small blind $1
DC4515: posts big blind $3
*** HOLE CARDS ***
Chessnok: raises $3 to $6
DC4515: raises $3 to $9
Chessnok: calls $3
*** FLOP *** [8h 6c Ah]
DC4515: bets $3
Chessnok: calls $3
*** TURN *** [8h 6c Ah] [Jd]
DC4515: bets $6
Chessnok: calls $6
*** RIVER *** [8h 6c Ah Jd] [2c]
DC4515: bets $6
Chessnok: folds
Uncalled bet ($6) returned to DC4515
DC4515 collected $35.50 from pot
DC4515: doesn't show hand
*** SUMMARY ***
Total pot $36 | Rake $0.50
Board [8h 6c Ah Jd 2c]
Seat 3: DC4515 (big blind) collected ($35.50)
Seat 5: Chessnok (button) (small blind) folded on the River


PokerStars Hand #157706127331:  Hold'em Limit ($3/$6 USD) - 2016/08/24 23:33:33 ET
Table 'Euphemia II' 6-max Seat #3 is the button
Seat 3: DC4515 ($131.26 in chips)
Seat 5: Chessnok ($136.56 in chips)
DC4515: posts small blind $1
Chessnok: posts big blind $3
*** HOLE CARDS ***
DC4515: folds
Uncalled bet ($2) returned to Chessnok
Chessnok collected $2 from pot
Chessnok: doesn't show hand
*** SUMMARY ***
Total pot $2 | Rake $0
Seat 3: DC4515 (button) (small blind) folded before Flop
Seat 5: Chessnok (big blind) collected ($2)


PokerStars Hand #157706124125:  Hold'em Limit ($3/$6 USD) - 2016/08/24 23:33:21 ET
Table 'Euphemia II' 6-max Seat #5 is the button
Seat 3: DC4515 ($131.38 in chips)
Seat 5: Chessnok ($136.68 in chips)
Chessnok: posts small blind $1
DC4515: posts big blind $3
*** HOLE CARDS ***
Chessnok: raises $3 to $6
DC4515: calls $3
*** FLOP *** [5h 4d Ts]
DC4515: checks
Chessnok: checks
*** TURN *** [5h 4d Ts] [Js]
DC4515: checks
Chessnok: checks
*** RIVER *** [5h 4d Ts Js] [5d]
DC4515: checks
Chessnok: checks
*** SHOW DOWN ***
DC4515: shows [Qd 2s] (a pair of Fives)
Chessnok: shows [6h Qc] (a pair of Fives)
DC4515 collected $5.88 from pot
Chessnok collected $5.88 from pot
*** SUMMARY ***
Total pot $12 | Rake $0.24
Board [5h 4d Ts Js 5d]
Seat 3: DC4515 (big blind) showed [Qd 2s] and won ($5.88) with a pair of Fives
Seat 5: Chessnok (button) (small blind) showed [6h Qc] and won ($5.88) with a pair of Fives


PokerStars Hand #157706121581:  Hold'em Limit ($3/$6 USD) - 2016/08/24 23:33:12 ET
Table 'Euphemia II' 6-max Seat #3 is the button
Seat 3: DC4515 ($140.38 in chips)
Seat 5: Chessnok ($128.04 in chips)
DC4515: posts small blind $1
Chessnok: posts big blind $3
*** HOLE CARDS ***
DC4515: raises $3 to $6
Chessnok: raises $3 to $9
DC4515: calls $3
*** FLOP *** [3d Js Ad]
Chessnok: bets $3
DC4515: folds
Uncalled bet ($3) returned to Chessnok
Chessnok collected $17.64 from pot
Chessnok: doesn't show hand
*** SUMMARY ***
Total pot $18 | Rake $0.36
Board [3d Js Ad]
Seat 3: DC4515 (button) (small blind) folded on the Flop
Seat 5: Chessnok (big blind) collected ($17.64)


PokerStars Hand #157706216578:  Hold'em Limit ($3/$6 USD) - 2016/08/24 23:39:01 ET
Table 'Euphemia II' 6-max Seat #2 is the button
Seat 2: fabricio004 ($117.67 in chips)
Seat 5: Chessnok ($201.31 in chips)
fabricio004: posts small blind $1
Chessnok: posts big blind $3
*** HOLE CARDS ***
fabricio004: folds
Uncalled bet ($2) returned to Chessnok
DC4515 said, "****F YOU"
Chessnok collected $2 from pot
Chessnok: doesn't show hand
*** SUMMARY ***
Total pot $2 | Rake $0
Seat 2: fabricio004 (button) (small blind) folded before Flop
Seat 5: Chessnok (big blind) collected ($2)


PokerStars Hand #157706229601:  Hold'em Limit ($3/$6 USD) - 2016/08/24 23:39:49 ET
Table 'Euphemia II' 6-max Seat #5 is the button
Seat 2: fabricio004 ($103.67 in chips)
Seat 5: Chessnok ($214.71 in chips)
Chessnok: posts small blind $1
fabricio004: posts big blind $3
*** HOLE CARDS ***
Chessnok: raises $3 to $6
fabricio004: calls $3
*** FLOP *** [3h Qc As]
fabricio004: bets $3
Chessnok: calls $3
*** TURN *** [3h Qc As] [Qd]
fabricio004: bets $6
Chessnok: calls $6
*** RIVER *** [3h Qc As Qd] [2s]
fabricio004: bets $6
Chessnok: calls $6
*** SHOW DOWN ***
fabricio004: shows [6h 8c] (a pair of Queens)
Chessnok: shows [Kd 6c] (a pair of Queens - Ace+King kicker)
Chessnok collected $41.50 from pot
*** SUMMARY ***
Total pot $42 | Rake $0.50
Board [3h Qc As Qd 2s]
Seat 2: fabricio004 (big blind) showed [6h 8c] and lost with a pair of Queens
Seat 5: Chessnok (button) (small blind) showed [Kd 6c] and won ($41.50) with a pair of Queens


PokerStars Hand #157706227469:  Hold'em Limit ($3/$6 USD) - 2016/08/24 23:39:41 ET
Table 'Euphemia II' 6-max Seat #2 is the button
Seat 2: fabricio004 ($100.67 in chips)
Seat 5: Chessnok ($217.71 in chips)
fabricio004: posts small blind $1
Chessnok: posts big blind $3
*** HOLE CARDS ***
fabricio004: raises $3 to $6
Chessnok: folds
Uncalled bet ($3) returned to fabricio004
fabricio004 collected $6 from pot
fabricio004: doesn't show hand
*** SUMMARY ***
Total pot $6 | Rake $0
Seat 2: fabricio004 (button) (small blind) collected ($6)
Seat 5: Chessnok (big blind) folded before Flop


PokerStars Hand #157706224467:  Hold'em Limit ($3/$6 USD) - 2016/08/24 23:39:30 ET
Table 'Euphemia II' 6-max Seat #5 is the button
Seat 2: fabricio004 ($109.67 in chips)
Seat 5: Chessnok ($209.07 in chips)
Chessnok: posts small blind $1
fabricio004: posts big blind $3
*** HOLE CARDS ***
Chessnok: raises $3 to $6
fabricio004: calls $3
*** FLOP *** [Kd Th 2d]
fabricio004: bets $3
Chessnok: raises $3 to $6
fabricio004: folds
Uncalled bet ($3) returned to Chessnok
Chessnok collected $17.64 from pot
Chessnok: doesn't show hand
*** SUMMARY ***
Total pot $18 | Rake $0.36
Board [Kd Th 2d]
Seat 2: fabricio004 (big blind) folded on the Flop
Seat 5: Chessnok (button) (small blind) collected ($17.64)


PokerStars Hand #157706222855:  Hold'em Limit ($3/$6 USD) - 2016/08/24 23:39:24 ET
Table 'Euphemia II' 6-max Seat #2 is the button
Seat 2: fabricio004 ($110.67 in chips)
Seat 5: Chessnok ($208.07 in chips)
fabricio004: posts small blind $1
Chessnok: posts big blind $3
*** HOLE CARDS ***
fabricio004: folds
Uncalled bet ($2) returned to Chessnok
Chessnok collected $2 from pot
Chessnok: doesn't show hand
*** SUMMARY ***
Total pot $2 | Rake $0
Seat 2: fabricio004 (button) (small blind) folded before Flop
Seat 5: Chessnok (big blind) collected ($2)


PokerStars Hand #157706218871:  Hold'em Limit ($3/$6 USD) - 2016/08/24 23:39:09 ET
Table 'Euphemia II' 6-max Seat #5 is the button
Seat 2: fabricio004 ($116.67 in chips)
Seat 5: Chessnok ($202.31 in chips)
Chessnok: posts small blind $1
fabricio004: posts big blind $3
*** HOLE CARDS ***
DC4515 leaves the table
Chessnok: raises $3 to $6
fabricio004: calls $3
*** FLOP *** [4d 4s Ks]
fabricio004: checks
Chessnok: bets $3
fabricio004: folds
Uncalled bet ($3) returned to Chessnok
Chessnok collected $11.76 from pot
Chessnok: doesn't show hand
*** SUMMARY ***
Total pot $12 | Rake $0.24
Board [4d 4s Ks]
Seat 2: fabricio004 (big blind) folded on the Flop
Seat 5: Chessnok (button) (small blind) collected ($11.76)


PokerStars Hand #157706238700:  Hold'em Limit ($3/$6 USD) - 2016/08/24 23:40:23 ET
Table 'Euphemia II' 6-max Seat #5 is the button
Seat 2: fabricio004 ($81.67 in chips)
Seat 5: Chessnok ($236.21 in chips)
Chessnok: posts small blind $1
fabricio004: posts big blind $3
*** HOLE CARDS ***
Chessnok: raises $3 to $6
fabricio004: calls $3
*** FLOP *** [Kd 2s 3h]
fabricio004: checks
Chessnok: bets $3
fabricio004: folds
Uncalled bet ($3) returned to Chessnok
Chessnok collected $11.76 from pot
Chessnok: doesn't show hand
*** SUMMARY ***
Total pot $12 | Rake $0.24
Board [Kd 2s 3h]
Seat 2: fabricio004 (big blind) folded on the Flop
Seat 5: Chessnok (button) (small blind) collected ($11.76)


PokerStars Hand #157706247060:  Hold'em Limit ($3/$6 USD) - 2016/08/24 23:40:53 ET
Table 'Euphemia II' 6-max Seat #5 is the button
Seat 2: fabricio004 ($39.67 in chips)
Seat 5: Chessnok ($277.47 in chips)
Chessnok: posts small blind $1
fabricio004: posts big blind $3
*** HOLE CARDS ***
Chessnok: raises $3 to $6
fabricio004: raises $3 to $9
Chessnok: calls $3
*** FLOP *** [4s 8s 4c]
fabricio004: checks
Chessnok: checks
*** TURN *** [4s 8s 4c] [Jd]
fabricio004: bets $6
Chessnok: calls $6
*** RIVER *** [4s 8s 4c Jd] [8d]
fabricio004: bets $6
Chessnok: folds
Uncalled bet ($6) returned to fabricio004
fabricio004 collected $29.50 from pot
fabricio004: doesn't show hand
*** SUMMARY ***
Total pot $30 | Rake $0.50
Board [4s 8s 4c Jd 8d]
Seat 2: fabricio004 (big blind) collected ($29.50)
Seat 5: Chessnok (button) (small blind) folded on the River


PokerStars Hand #157706237301:  Hold'em Limit ($3/$6 USD) - 2016/08/24 23:40:18 ET
Table 'Euphemia II' 6-max Seat #2 is the button
Seat 2: fabricio004 ($82.67 in chips)
Seat 5: Chessnok ($235.21 in chips)
fabricio004: posts small blind $1
Chessnok: posts big blind $3
*** HOLE CARDS ***
fabricio004: folds
Uncalled bet ($2) returned to Chessnok
Chessnok collected $2 from pot
Chessnok: doesn't show hand
*** SUMMARY ***
Total pot $2 | Rake $0
Seat 2: fabricio004 (button) (small blind) folded before Flop
Seat 5: Chessnok (big blind) collected ($2)


PokerStars Hand #157706242009:  Hold'em Limit ($3/$6 USD) - 2016/08/24 23:40:35 ET
Table 'Euphemia II' 6-max Seat #2 is the button
Seat 2: fabricio004 ($75.67 in chips)
Seat 5: Chessnok ($241.97 in chips)
fabricio004: posts small blind $1
Chessnok: posts big blind $3
*** HOLE CARDS ***
fabricio004: raises $3 to $6
Chessnok: raises $3 to $9
fabricio004: calls $3
*** FLOP *** [5c Ah 4d]
Chessnok: bets $3
fabricio004: calls $3
*** TURN *** [5c Ah 4d] [5h]
Chessnok: bets $6
fabricio004: raises $6 to $12
Chessnok: raises $6 to $18
fabricio004: calls $6
*** RIVER *** [5c Ah 4d 5h] [2c]
Chessnok: bets $6
fabricio004: calls $6
*** SHOW DOWN ***
Chessnok: shows [4c 4s] (a full house, Fours full of Fives)
fabricio004: mucks hand
Chessnok collected $71.50 from pot
*** SUMMARY ***
Total pot $72 | Rake $0.50
Board [5c Ah 4d 5h 2c]
Seat 2: fabricio004 (button) (small blind) mucked
Seat 5: Chessnok (big blind) showed [4c 4s] and won ($71.50) with a full house, Fours full of Fives


PokerStars Hand #157706254781:  Hold'em Limit ($3/$6 USD) - 2016/08/24 23:41:23 ET
Table 'Euphemia II' 6-max Seat #5 is the button
Seat 2: fabricio004 ($59.93 in chips)
Seat 5: Chessnok ($256.47 in chips)
Chessnok: posts small blind $1
fabricio004: posts big blind $3
*** HOLE CARDS ***
Chessnok: folds
Uncalled bet ($2) returned to fabricio004
fabricio004 collected $2 from pot
fabricio004: doesn't show hand
*** SUMMARY ***
Total pot $2 | Rake $0
Seat 2: fabricio004 (big blind) collected ($2)
Seat 5: Chessnok (button) (small blind) folded before Flop


PokerStars Hand #157706252173:  Hold'em Limit ($3/$6 USD) - 2016/08/24 23:41:13 ET
Table 'Euphemia II' 6-max Seat #2 is the button
Seat 2: fabricio004 ($54.17 in chips)
Seat 5: Chessnok ($262.47 in chips)
fabricio004: posts small blind $1
Chessnok: posts big blind $3
*** HOLE CARDS ***
fabricio004: raises $3 to $6
Chessnok: calls $3
*** FLOP *** [Jd 4s Kc]
Chessnok: checks
fabricio004: bets $3
Chessnok: folds
Uncalled bet ($3) returned to fabricio004
fabricio004 collected $11.76 from pot
fabricio004: doesn't show hand
*** SUMMARY ***
Total pot $12 | Rake $0.24
Board [Jd 4s Kc]
Seat 2: fabricio004 (button) (small blind) collected ($11.76)
Seat 5: Chessnok (big blind) folded on the Flop


PokerStars Hand #157706259327:  Hold'em Limit ($3/$6 USD) - 2016/08/24 23:41:40 ET
Table 'Euphemia II' 6-max Seat #2 is the button
Seat 2: fabricio004 ($56.93 in chips)
Seat 5: Chessnok ($259.47 in chips)
fabricio004: posts small blind $1
Chessnok: posts big blind $3
*** HOLE CARDS ***
fabricio004: raises $3 to $6
Chessnok: raises $3 to $9
fabricio004: raises $3 to $12
Betting is capped
Chessnok: calls $3
*** FLOP *** [3c 9s 3d]
Chessnok: checks
fabricio004: bets $3
Chessnok: calls $3
*** TURN *** [3c 9s 3d] [Ad]
Chessnok: checks
fabricio004: checks
*** RIVER *** [3c 9s 3d Ad] [Td]
Chessnok: checks
fabricio004: checks
*** SHOW DOWN ***
Chessnok: shows [Kc 4c] (a pair of Threes)
fabricio004: shows [9h Qc] (two pair, Nines and Threes)
fabricio004 collected $29.50 from pot
*** SUMMARY ***
Total pot $30 | Rake $0.50
Board [3c 9s 3d Ad Td]
Seat 2: fabricio004 (button) (small blind) showed [9h Qc] and won ($29.50) with two pair, Nines and Threes
Seat 5: Chessnok (big blind) showed [Kc 4c] and lost with a pair of Threes


PokerStars Hand #157706257634:  Hold'em Limit ($3/$6 USD) - 2016/08/24 23:41:33 ET
Table 'Euphemia II' 6-max Seat #5 is the button
Seat 2: fabricio004 ($59.93 in chips)
Seat 5: Chessnok ($256.47 in chips)
Chessnok: posts small blind $1
fabricio004: posts big blind $3
*** HOLE CARDS ***
Chessnok: raises $3 to $6
fabricio004: folds
Uncalled bet ($3) returned to Chessnok
Chessnok collected $6 from pot
Chessnok: doesn't show hand
*** SUMMARY ***
Total pot $6 | Rake $0
Seat 2: fabricio004 (big blind) folded before Flop
Seat 5: Chessnok (button) (small blind) collected ($6)


PokerStars Hand #157706255973:  Hold'em Limit ($3/$6 USD) - 2016/08/24 23:41:27 ET
Table 'Euphemia II' 6-max Seat #2 is the button
Seat 2: fabricio004 ($60.93 in chips)
Seat 5: Chessnok ($255.47 in chips)
fabricio004: posts small blind $1
Chessnok: posts big blind $3
*** HOLE CARDS ***
fabricio004: folds
Uncalled bet ($2) returned to Chessnok
Chessnok collected $2 from pot
Chessnok: doesn't show hand
*** SUMMARY ***
Total pot $2 | Rake $0
Seat 2: fabricio004 (button) (small blind) folded before Flop
Seat 5: Chessnok (big blind) collected ($2)


PokerStars Hand #157706269470:  Hold'em Limit ($3/$6 USD) - 2016/08/24 23:42:17 ET
Table 'Euphemia II' 6-max Seat #2 is the button
Seat 2: fabricio004 ($91.93 in chips)
Seat 5: Chessnok ($223.47 in chips)
fabricio004: posts small blind $1
Chessnok: posts big blind $3
*** HOLE CARDS ***
fabricio004: raises $3 to $6
Chessnok: calls $3
*** FLOP *** [3s 8s 5d]
Chessnok: checks
fabricio004: checks
*** TURN *** [3s 8s 5d] [Ts]
Chessnok: checks
fabricio004: bets $6
Chessnok: calls $6
*** RIVER *** [3s 8s 5d Ts] [6d]
Chessnok: checks
fabricio004: bets $6
Chessnok: calls $6
*** SHOW DOWN ***
fabricio004: shows [Ks 6h] (a pair of Sixes)
Chessnok: mucks hand
fabricio004 collected $35.50 from pot
*** SUMMARY ***
Total pot $36 | Rake $0.50
Board [3s 8s 5d Ts 6d]
Seat 2: fabricio004 (button) (small blind) showed [Ks 6h] and won ($35.50) with a pair of Sixes
Seat 5: Chessnok (big blind) mucked


PokerStars Hand #157706275552:  Hold'em Limit ($3/$6 USD) - 2016/08/24 23:42:40 ET
Table 'Euphemia II' 6-max Seat #5 is the button
Seat 2: fabricio004 ($109.43 in chips)
Seat 5: Chessnok ($205.47 in chips)
Chessnok: posts small blind $1
fabricio004: posts big blind $3
*** HOLE CARDS ***
Chessnok: raises $3 to $6
fabricio004: raises $3 to $9
Chessnok: calls $3
*** FLOP *** [Kd 5d 9d]
fabricio004: bets $3
Chessnok: calls $3
*** TURN *** [Kd 5d 9d] [Jd]
fabricio004: bets $6
Chessnok: raises $6 to $12
fabricio004: folds
Uncalled bet ($6) returned to Chessnok
Chessnok collected $35.50 from pot
Chessnok: doesn't show hand
*** SUMMARY ***
Total pot $36 | Rake $0.50
Board [Kd 5d 9d Jd]
Seat 2: fabricio004 (big blind) folded on the Turn
Seat 5: Chessnok (button) (small blind) collected ($35.50)


PokerStars Hand #157706282428:  Hold'em Limit ($3/$6 USD) - 2016/08/24 23:43:06 ET
Table 'Euphemia II' 6-max Seat #5 is the button
Seat 2: fabricio004 ($94.43 in chips)
Seat 5: Chessnok ($219.97 in chips)
Chessnok: posts small blind $1
fabricio004: posts big blind $3
*** HOLE CARDS ***
Chessnok: folds
Uncalled bet ($2) returned to fabricio004
fabricio004 collected $2 from pot
fabricio004: doesn't show hand
*** SUMMARY ***
Total pot $2 | Rake $0
Seat 2: fabricio004 (big blind) collected ($2)
Seat 5: Chessnok (button) (small blind) folded before Flop


PokerStars Hand #157706280839:  Hold'em Limit ($3/$6 USD) - 2016/08/24 23:43:00 ET
Table 'Euphemia II' 6-max Seat #2 is the button
Seat 2: fabricio004 ($91.43 in chips)
Seat 5: Chessnok ($222.97 in chips)
fabricio004: posts small blind $1
Chessnok: posts big blind $3
*** HOLE CARDS ***
fabricio004: raises $3 to $6
Chessnok: folds
Uncalled bet ($3) returned to fabricio004
fabricio004 collected $6 from pot
fabricio004: doesn't show hand
*** SUMMARY ***
Total pot $6 | Rake $0
Seat 2: fabricio004 (button) (small blind) collected ($6)
Seat 5: Chessnok (big blind) folded before Flop


PokerStars Hand #157706283694:  Hold'em Limit ($3/$6 USD) - 2016/08/24 23:43:11 ET
Table 'Euphemia II' 6-max Seat #2 is the button
Seat 2: fabricio004 ($95.43 in chips)
Seat 5: Chessnok ($218.97 in chips)
fabricio004: posts small blind $1
Chessnok: posts big blind $3
*** HOLE CARDS ***
fabricio004: raises $3 to $6
Chessnok: calls $3
*** FLOP *** [Ac Js Qd]
Chessnok: checks
fabricio004: checks
*** TURN *** [Ac Js Qd] [5h]
Chessnok: checks
fabricio004: bets $6
Chessnok: folds
Uncalled bet ($6) returned to fabricio004
fabricio004 collected $11.76 from pot
fabricio004: doesn't show hand
*** SUMMARY ***
Total pot $12 | Rake $0.24
Board [Ac Js Qd 5h]
Seat 2: fabricio004 (button) (small blind) collected ($11.76)
Seat 5: Chessnok (big blind) folded on the Turn


PokerStars Hand #157706290438:  Hold'em Limit ($3/$6 USD) - 2016/08/24 23:43:35 ET
Table 'Euphemia II' 6-max Seat #2 is the button
Seat 2: fabricio004 ($95.19 in chips)
Seat 5: Chessnok ($218.73 in chips)
fabricio004: posts small blind $1
Chessnok: posts big blind $3
*** HOLE CARDS ***
fabricio004: calls $2
Chessnok: raises $3 to $6
fabricio004: calls $3
*** FLOP *** [3s Qd Ks]
Chessnok: bets $3
fabricio004: folds
Uncalled bet ($3) returned to Chessnok
Chessnok collected $11.76 from pot
Chessnok: doesn't show hand
*** SUMMARY ***
Total pot $12 | Rake $0.24
Board [3s Qd Ks]
Seat 2: fabricio004 (button) (small blind) folded on the Flop
Seat 5: Chessnok (big blind) collected ($11.76)


PokerStars Hand #157706298572:  Hold'em Limit ($3/$6 USD) - 2016/08/24 23:44:06 ET
Table 'Euphemia II' 6-max Seat #2 is the button
Seat 2: fabricio004 ($106.69 in chips)
Seat 5: Chessnok ($206.49 in chips)
fabricio004: posts small blind $1
Chessnok: posts big blind $3
*** HOLE CARDS ***
fabricio004: folds
Uncalled bet ($2) returned to Chessnok
Chessnok collected $2 from pot
Chessnok: doesn't show hand
*** SUMMARY ***
Total pot $2 | Rake $0
Seat 2: fabricio004 (button) (small blind) folded before Flop
Seat 5: Chessnok (big blind) collected ($2)


PokerStars Hand #157706293434:  Hold'em Limit ($3/$6 USD) - 2016/08/24 23:43:47 ET
Table 'Euphemia II' 6-max Seat #5 is the button
Seat 2: fabricio004 ($89.19 in chips)
Seat 5: Chessnok ($224.49 in chips)
Chessnok: posts small blind $1
fabricio004: posts big blind $3
*** HOLE CARDS ***
Chessnok: raises $3 to $6
fabricio004: raises $3 to $9
Chessnok: calls $3
*** FLOP *** [Js Ah 3d]
fabricio004: bets $3
Chessnok: calls $3
*** TURN *** [Js Ah 3d] [2s]
libaikang joins the table at seat #6
fabricio004: checks
Chessnok: checks
*** RIVER *** [Js Ah 3d 2s] [8h]
fabricio004: checks
Chessnok: bets $6
fabricio004: calls $6
*** SHOW DOWN ***
Chessnok: shows [Ks 3c] (a pair of Threes)
fabricio004: shows [8c 9d] (a pair of Eights)
fabricio004 collected $35.50 from pot
*** SUMMARY ***
Total pot $36 | Rake $0.50
Board [Js Ah 3d 2s 8h]
Seat 2: fabricio004 (big blind) showed [8c 9d] and won ($35.50) with a pair of Eights
Seat 5: Chessnok (button) (small blind) showed [Ks 3c] and lost with a pair of Threes


PokerStars Hand #157706287169:  Hold'em Limit ($3/$6 USD) - 2016/08/24 23:43:23 ET
Table 'Euphemia II' 6-max Seat #5 is the button
Seat 2: fabricio004 ($101.19 in chips)
Seat 5: Chessnok ($212.97 in chips)
Chessnok: posts small blind $1
fabricio004: posts big blind $3
*** HOLE CARDS ***
Chessnok: raises $3 to $6
fabricio004: calls $3
*** FLOP *** [Qd 3d Ks]
fabricio004: checks
Chessnok: bets $3
fabricio004: folds
Uncalled bet ($3) returned to Chessnok
Chessnok collected $11.76 from pot
Chessnok: doesn't show hand
*** SUMMARY ***
Total pot $12 | Rake $0.24
Board [Qd 3d Ks]
Seat 2: fabricio004 (big blind) folded on the Flop
Seat 5: Chessnok (button) (small blind) collected ($11.76)


PokerStars Hand #157707289254:  Hold'em Limit ($3/$6 USD) - 2016/08/25 0:50:43 ET
Table 'Euphemia II' 6-max Seat #3 is the button
Seat 3: StarWoks ($135.22 in chips)
Seat 5: Chessnok ($224.97 in chips)
StarWoks: posts small blind $1
Chessnok: posts big blind $3
*** HOLE CARDS ***
StarWoks: raises $3 to $6
Chessnok: calls $3
*** FLOP *** [6s 4d As]
Chessnok: checks
StarWoks: bets $3
Chessnok: calls $3
*** TURN *** [6s 4d As] [4c]
Chessnok: checks
StarWoks: bets $6
Chessnok: folds
Uncalled bet ($6) returned to StarWoks
StarWoks collected $17.64 from pot
*** SUMMARY ***
Total pot $18 | Rake $0.36
Board [6s 4d As 4c]
Seat 3: StarWoks (button) (small blind) collected ($17.64)
Seat 5: Chessnok (big blind) folded on the Turn


PokerStars Hand #157707285458:  Hold'em Limit ($3/$6 USD) - 2016/08/25 0:50:27 ET
Table 'Euphemia II' 6-max Seat #5 is the button
Seat 3: StarWoks ($111.72 in chips)
Seat 5: Chessnok ($248.97 in chips)
Chessnok: posts small blind $1
Fabulous108: is sitting out
StarWoks: posts big blind $3
*** HOLE CARDS ***
Chessnok: raises $3 to $6
Fabulous108 leaves the table
StarWoks: raises $3 to $9
Chessnok: calls $3
*** FLOP *** [9c Kd 8d]
StarWoks: bets $3
Chessnok: calls $3
*** TURN *** [9c Kd 8d] [5h]
StarWoks: bets $6
Chessnok: calls $6
*** RIVER *** [9c Kd 8d 5h] [Jc]
StarWoks: bets $6
Chessnok: calls $6
*** SHOW DOWN ***
StarWoks: shows [Ts 9h] (a pair of Nines)
Chessnok: mucks hand
StarWoks collected $47.50 from pot
*** SUMMARY ***
Total pot $48 | Rake $0.50
Board [9c Kd 8d 5h Jc]
Seat 3: StarWoks (big blind) showed [Ts 9h] and won ($47.50) with a pair of Nines
Seat 5: Chessnok (button) (small blind) mucked


PokerStars Hand #157707297355:  Hold'em Limit ($3/$6 USD) - 2016/08/25 0:51:18 ET
Table 'Euphemia II' 6-max Seat #3 is the button
Seat 3: StarWoks ($137.86 in chips)
Seat 5: Chessnok ($221.73 in chips)
StarWoks: posts small blind $1
Chessnok: posts big blind $3
*** HOLE CARDS ***
StarWoks: raises $3 to $6
Chessnok: folds
Uncalled bet ($3) returned to StarWoks
StarWoks collected $6 from pot
*** SUMMARY ***
Total pot $6 | Rake $0
Seat 3: StarWoks (button) (small blind) collected ($6)
Seat 5: Chessnok (big blind) folded before Flop


PokerStars Hand #157707302706:  Hold'em Limit ($3/$6 USD) - 2016/08/25 0:51:42 ET
Table 'Euphemia II' 6-max Seat #3 is the button
Seat 3: StarWoks ($152.38 in chips)
Seat 5: Chessnok ($206.73 in chips)
StarWoks: posts small blind $1
Chessnok: posts big blind $3
*** HOLE CARDS ***
StarWoks: raises $3 to $6
Chessnok: folds
Uncalled bet ($3) returned to StarWoks
StarWoks collected $6 from pot
*** SUMMARY ***
Total pot $6 | Rake $0
Seat 3: StarWoks (button) (small blind) collected ($6)
Seat 5: Chessnok (big blind) folded before Flop


PokerStars Hand #157707298994:  Hold'em Limit ($3/$6 USD) - 2016/08/25 0:51:25 ET
Table 'Euphemia II' 6-max Seat #5 is the button
Seat 3: StarWoks ($140.86 in chips)
Seat 5: Chessnok ($218.73 in chips)
Chessnok: posts small blind $1
StarWoks: posts big blind $3
*** HOLE CARDS ***
libaikang joins the table at seat #6
Chessnok: raises $3 to $6
StarWoks: raises $3 to $9
Chessnok: calls $3
*** FLOP *** [Tc 5s Ts]
StarWoks: bets $3
Chessnok: calls $3
*** TURN *** [Tc 5s Ts] [Kc]
StarWoks: bets $6
Chessnok: folds
Uncalled bet ($6) returned to StarWoks
StarWoks collected $23.52 from pot
*** SUMMARY ***
Total pot $24 | Rake $0.48
Board [Tc 5s Ts Kc]
Seat 3: StarWoks (big blind) collected ($23.52)
Seat 5: Chessnok (button) (small blind) folded on the Turn


PokerStars Hand #157707362481:  Hold'em Limit ($3/$6 USD) - 2016/08/25 0:56:09 ET
Table 'Euphemia II' 6-max Seat #6 is the button
Seat 5: Chessnok ($73.73 in chips)
Seat 6: libaikang ($302.82 in chips)
libaikang: posts small blind $1
Chessnok: posts big blind $3
*** HOLE CARDS ***
Jigorek1989 leaves the table
libaikang: folds
Uncalled bet ($2) returned to Chessnok
Chessnok collected $2 from pot
Chessnok: doesn't show hand
*** SUMMARY ***
Total pot $2 | Rake $0
Seat 5: Chessnok (big blind) collected ($2)
Seat 6: libaikang (button) (small blind) folded before Flop


