PokerStars Hand #174526893015:  Hold'em Limit ($3/$6 USD) - 2017/08/19 10:05:24 ET
Table 'Euphemia II' 6-max Seat #1 is the button
Seat 1: B_loJkl ($144 in chips)
Seat 6: UEL333333 ($125.76 in chips)
B_loJkl: posts small blind $1
UEL333333: posts big blind $3
*** HOLE CARDS ***
B_loJkl: raises $3 to $6
UEL333333: folds
Uncalled bet ($3) returned to B_loJkl
B_loJkl collected $6 from pot
B_loJkl: doesn't show hand
*** SUMMARY ***
Total pot $6 | Rake $0
Seat 1: B_loJkl (button) (small blind) collected ($6)
Seat 6: UEL333333 (big blind) folded before Flop


PokerStars Hand #174526866120:  Hold'em Limit ($3/$6 USD) - 2017/08/19 10:04:38 ET
Table 'Euphemia II' 6-max Seat #6 is the button
Seat 1: B_loJkl ($150 in chips)
Seat 6: UEL333333 ($120 in chips)
UEL333333: posts small blind $1
B_loJkl: posts big blind $3
*** HOLE CARDS ***
UEL333333: raises $3 to $6
B_loJkl: calls $3
*** FLOP *** [Th 3h 5d]
UEL333333 said, "you playfaster or slow.?"
B_loJkl: checks
UEL333333 said, "slow"
UEL333333 said, "super sloew.?"
UEL333333: bets $3
UEL333333 said, "i leave then"
B_loJkl: folds
Uncalled bet ($3) returned to UEL333333
UEL333333 collected $11.76 from pot
*** SUMMARY ***
Total pot $12 | Rake $0.24
Board [Th 3h 5d]
Seat 1: B_loJkl (big blind) folded on the Flop
Seat 6: UEL333333 (button) (small blind) collected ($11.76)


PokerStars Hand #174526899398:  Hold'em Limit ($3/$6 USD) - 2017/08/19 10:05:35 ET
Table 'Euphemia II' 6-max Seat #6 is the button
Seat 1: B_loJkl ($147 in chips)
Seat 6: UEL333333 ($122.76 in chips)
UEL333333: posts small blind $1
B_loJkl: posts big blind $3
*** HOLE CARDS ***
UEL333333: raises $3 to $6
B_loJkl: calls $3
*** FLOP *** [6h 3s 3d]
UEL333333 said, "WTF"
UEL333333 said, "ZZZZZ"
UEL333333 said, "ZZZZZZZZZZZZZZZZZZZZZZZZZZZZ"
B_loJkl: checks
UEL333333: bets $3
B_loJkl: raises $3 to $6
UEL333333: calls $3
*** TURN *** [6h 3s 3d] [6d]
B_loJkl: bets $6
UEL333333: calls $6
*** RIVER *** [6h 3s 3d 6d] [Qc]
B_loJkl: bets $6
UEL333333: calls $6
*** SHOW DOWN ***
B_loJkl: shows [7h 3c] (a full house, Threes full of Sixes)
nord670 joins the table at seat #3
UEL333333: mucks hand
B_loJkl collected $47.50 from pot
*** SUMMARY ***
Total pot $48 | Rake $0.50
Board [6h 3s 3d 6d Qc]
Seat 1: B_loJkl (big blind) showed [7h 3c] and won ($47.50) with a full house, Threes full of Sixes
Seat 6: UEL333333 (button) (small blind) mucked


PokerStars Hand #174527066165:  Hold'em Limit ($3/$6 USD) - 2017/08/19 10:10:21 ET
Table 'Euphemia II' 6-max Seat #6 is the button
Seat 1: B_loJkl ($135.50 in chips)
Seat 6: UEL333333 ($89.59 in chips)
Psynto will be allowed to play after the button
Anchig will be allowed to play after the button
UEL333333: posts small blind $1
B_loJkl: posts big blind $3
*** HOLE CARDS ***
UEL333333: raises $3 to $6
B_loJkl: calls $3
*** FLOP *** [4c Ts Kh]
nord670 leaves the table
B_loJkl: checks
UEL333333: bets $3
Anchig leaves the table
B_loJkl: calls $3
*** TURN *** [4c Ts Kh] [Qd]
B_loJkl: checks
moveoverover joins the table at seat #3
UEL333333: checks
*** RIVER *** [4c Ts Kh Qd] [8s]
B_loJkl: checks
UEL333333: checks
*** SHOW DOWN ***
B_loJkl: shows [7d Jc] (high card King)
UEL333333: shows [7h Ac] (high card Ace)
UEL333333 collected $17.64 from pot
*** SUMMARY ***
Total pot $18 | Rake $0.36
Board [4c Ts Kh Qd 8s]
Seat 1: B_loJkl (big blind) showed [7d Jc] and lost with high card King
Seat 6: UEL333333 (button) (small blind) showed [7h Ac] and won ($17.64) with high card Ace


PokerStars Hand #174529613920:  Hold'em Limit ($3/$6 USD) - 2017/08/19 11:22:52 ET
Table 'Euphemia II' 6-max Seat #3 is the button
Seat 1: B_loJkl ($206.35 in chips)
Seat 3: samurai.ru ($142.54 in chips)
faizel222 will be allowed to play after the button
samurai.ru: posts small blind $1
Psynto: is sitting out
jamie2000: is sitting out
B_loJkl: posts big blind $3
*** HOLE CARDS ***
samurai.ru: raises $3 to $6
jamie2000 leaves the table
B_loJkl: calls $3
*** FLOP *** [7d 2h Js]
UEL333333 leaves the table
B_loJkl: checks
samurai.ru: bets $3
B_loJkl: calls $3
*** TURN *** [7d 2h Js] [2s]
Psynto leaves the table
B_loJkl: checks
samurai.ru: bets $6
B_loJkl: calls $6
*** RIVER *** [7d 2h Js 2s] [2c]
B_loJkl: checks
samurai.ru: bets $6
B_loJkl: calls $6
*** SHOW DOWN ***
samurai.ru: shows [7s 8h] (a full house, Deuces full of Sevens)
B_loJkl: mucks hand
faizel222 leaves the table
samurai.ru collected $41.50 from pot
*** SUMMARY ***
Total pot $42 | Rake $0.50
Board [7d 2h Js 2s 2c]
Seat 1: B_loJkl (big blind) mucked
Seat 3: samurai.ru (button) (small blind) showed [7s 8h] and won ($41.50) with a full house, Deuces full of Sevens


PokerStars Hand #174529655962:  Hold'em Limit ($3/$6 USD) - 2017/08/19 11:24:03 ET
Table 'Euphemia II' 6-max Seat #1 is the button
Seat 1: B_loJkl ($185.35 in chips)
Seat 3: samurai.ru ($163.04 in chips)
B_loJkl: posts small blind $1
samurai.ru: posts big blind $3
*** HOLE CARDS ***
B_loJkl: raises $3 to $6
samurai.ru: folds
Uncalled bet ($3) returned to B_loJkl
B_loJkl collected $6 from pot
B_loJkl: doesn't show hand
*** SUMMARY ***
Total pot $6 | Rake $0
Seat 1: B_loJkl (button) (small blind) collected ($6)
Seat 3: samurai.ru (big blind) folded before Flop


PokerStars Hand #174529659271:  Hold'em Limit ($3/$6 USD) - 2017/08/19 11:24:09 ET
Table 'Euphemia II' 6-max Seat #3 is the button
Seat 1: B_loJkl ($188.35 in chips)
Seat 3: samurai.ru ($160.04 in chips)
samurai.ru: posts small blind $1
B_loJkl: posts big blind $3
*** HOLE CARDS ***
samurai.ru: raises $3 to $6
B_loJkl: raises $3 to $9
samurai.ru: calls $3
*** FLOP *** [5d Ts 2c]
B_loJkl: bets $3
samurai.ru: calls $3
*** TURN *** [5d Ts 2c] [6c]
B_loJkl: bets $6
samurai.ru: calls $6
*** RIVER *** [5d Ts 2c 6c] [7c]
B_loJkl: bets $6
samurai.ru: calls $6
*** SHOW DOWN ***
B_loJkl: shows [Jh 8h] (high card Jack)
samurai.ru: shows [4s 4c] (a pair of Fours)
samurai.ru collected $47.50 from pot
*** SUMMARY ***
Total pot $48 | Rake $0.50
Board [5d Ts 2c 6c 7c]
Seat 1: B_loJkl (big blind) showed [Jh 8h] and lost with high card Jack
Seat 3: samurai.ru (button) (small blind) showed [4s 4c] and won ($47.50) with a pair of Fours


PokerStars Hand #174531750533:  Hold'em Limit ($3/$6 USD) - 2017/08/19 12:22:27 ET
Table 'Euphemia II' 6-max Seat #5 is the button
Seat 5: uglyghost101 ($120 in chips)
Seat 6: B_loJkl ($150 in chips)
uglyghost101: posts small blind $1
B_loJkl: posts big blind $3
*** HOLE CARDS ***
uglyghost101: raises $3 to $6
B_loJkl: folds
Uncalled bet ($3) returned to uglyghost101
uglyghost101 collected $6 from pot
uglyghost101: doesn't show hand
*** SUMMARY ***
Total pot $6 | Rake $0
Seat 5: uglyghost101 (button) (small blind) collected ($6)
Seat 6: B_loJkl (big blind) folded before Flop


PokerStars Hand #174531791903:  Hold'em Limit ($3/$6 USD) - 2017/08/19 12:23:34 ET
Table 'Euphemia II' 6-max Seat #5 is the button
Seat 5: uglyghost101 ($140.50 in chips)
Seat 6: B_loJkl ($129 in chips)
uglyghost101: posts small blind $1
B_loJkl: posts big blind $3
*** HOLE CARDS ***
uglyghost101: raises $3 to $6
B_loJkl: calls $3
*** FLOP *** [4h 2h 8s]
B_loJkl: checks
uglyghost101: bets $3
B_loJkl: raises $3 to $6
uglyghost101: calls $3
*** TURN *** [4h 2h 8s] [8c]
B_loJkl: bets $6
uglyghost101: folds
Uncalled bet ($6) returned to B_loJkl
B_loJkl collected $23.52 from pot
B_loJkl: doesn't show hand
*** SUMMARY ***
Total pot $24 | Rake $0.48
Board [4h 2h 8s 8c]
Seat 5: uglyghost101 (button) (small blind) folded on the Turn
Seat 6: B_loJkl (big blind) collected ($23.52)


PokerStars Hand #174531764366:  Hold'em Limit ($3/$6 USD) - 2017/08/19 12:22:50 ET
Table 'Euphemia II' 6-max Seat #6 is the button
Seat 5: uglyghost101 ($123 in chips)
Seat 6: B_loJkl ($147 in chips)
B_loJkl: posts small blind $1
uglyghost101: posts big blind $3
*** HOLE CARDS ***
B_loJkl: raises $3 to $6
uglyghost101: raises $3 to $9
B_loJkl: calls $3
*** FLOP *** [Jh Ad 8c]
uglyghost101: bets $3
B_loJkl: calls $3
*** TURN *** [Jh Ad 8c] [Ac]
uglyghost101: checks
B_loJkl: bets $6
uglyghost101: calls $6
*** RIVER *** [Jh Ad 8c Ac] [4h]
uglyghost101: checks
B_loJkl: checks
*** SHOW DOWN ***
uglyghost101: shows [Qc Qs] (two pair, Aces and Queens)
B_loJkl: mucks hand
uglyghost101 collected $35.50 from pot
*** SUMMARY ***
Total pot $36 | Rake $0.50
Board [Jh Ad 8c Ac 4h]
Seat 5: uglyghost101 (big blind) showed [Qc Qs] and won ($35.50) with two pair, Aces and Queens
Seat 6: B_loJkl (button) (small blind) mucked


PokerStars Hand #174531843594:  Hold'em Limit ($3/$6 USD) - 2017/08/19 12:24:58 ET
Table 'Euphemia II' 6-max Seat #5 is the button
Seat 5: uglyghost101 ($164 in chips)
Seat 6: B_loJkl ($104.52 in chips)
uglyghost101: posts small blind $1
B_loJkl: posts big blind $3
*** HOLE CARDS ***
uglyghost101: folds
Uncalled bet ($2) returned to B_loJkl
B_loJkl collected $2 from pot
B_loJkl: doesn't show hand
*** SUMMARY ***
Total pot $2 | Rake $0
Seat 5: uglyghost101 (button) (small blind) folded before Flop
Seat 6: B_loJkl (big blind) collected ($2)


PokerStars Hand #174531810114:  Hold'em Limit ($3/$6 USD) - 2017/08/19 12:24:04 ET
Table 'Euphemia II' 6-max Seat #6 is the button
Seat 5: uglyghost101 ($128.50 in chips)
Seat 6: B_loJkl ($140.52 in chips)
B_loJkl: posts small blind $1
uglyghost101: posts big blind $3
*** HOLE CARDS ***
B_loJkl: raises $3 to $6
uglyghost101: calls $3
*** FLOP *** [8c 7h Kd]
uglyghost101: checks
B_loJkl: bets $3
uglyghost101: raises $3 to $6
B_loJkl: calls $3
*** TURN *** [8c 7h Kd] [3d]
uglyghost101: bets $6
B_loJkl: raises $6 to $12
uglyghost101: raises $6 to $18
B_loJkl: calls $6
*** RIVER *** [8c 7h Kd 3d] [Ks]
uglyghost101: checks
B_loJkl: bets $6
uglyghost101: calls $6
*** SHOW DOWN ***
B_loJkl: shows [Tc 9h] (a pair of Kings)
uglyghost101: shows [8d 7c] (two pair, Kings and Eights)
uglyghost101 collected $71.50 from pot
*** SUMMARY ***
Total pot $72 | Rake $0.50
Board [8c 7h Kd 3d Ks]
Seat 5: uglyghost101 (big blind) showed [8d 7c] and won ($71.50) with two pair, Kings and Eights
Seat 6: B_loJkl (button) (small blind) showed [Tc 9h] and lost with a pair of Kings


PokerStars Hand #174532022548:  Hold'em Limit ($3/$6 USD) - 2017/08/19 12:29:50 ET
Table 'Euphemia II' 6-max Seat #3 is the button
Seat 3: mylifeluvsol ($24 in chips)
Seat 6: Zast20 ($36.75 in chips)
mylifeluvsol: posts small blind $1
Zast20: posts big blind $3
*** HOLE CARDS ***
mylifeluvsol: raises $3 to $6
Zast20: calls $3
*** FLOP *** [5d Kd Jd]
Zast20: checks
mylifeluvsol: bets $3
Zast20: folds
Uncalled bet ($3) returned to mylifeluvsol
Psynto joins the table at seat #1
mylifeluvsol collected $11.76 from pot
mylifeluvsol: doesn't show hand
*** SUMMARY ***
Total pot $12 | Rake $0.24
Board [5d Kd Jd]
Seat 3: mylifeluvsol (button) (small blind) collected ($11.76)
Seat 6: Zast20 (big blind) folded on the Flop


PokerStars Hand #174532015436:  Hold'em Limit ($3/$6 USD) - 2017/08/19 12:29:39 ET
Table 'Euphemia II' 6-max Seat #6 is the button
Seat 3: mylifeluvsol ($23 in chips)
Seat 6: Zast20 ($37.75 in chips)
Zast20: posts small blind $1
mylifeluvsol: posts big blind $3
*** HOLE CARDS ***
Zast20: folds
Uncalled bet ($2) returned to mylifeluvsol
mylifeluvsol collected $2 from pot
mylifeluvsol: doesn't show hand
*** SUMMARY ***
Total pot $2 | Rake $0
Seat 3: mylifeluvsol (big blind) collected ($2)
Seat 6: Zast20 (button) (small blind) folded before Flop


PokerStars Hand #174532011563:  Hold'em Limit ($3/$6 USD) - 2017/08/19 12:29:33 ET
Table 'Euphemia II' 6-max Seat #3 is the button
Seat 3: mylifeluvsol ($24 in chips)
Seat 6: Zast20 ($36.75 in chips)
mylifeluvsol: posts small blind $1
Zast20: posts big blind $3
*** HOLE CARDS ***
mylifeluvsol: folds
Uncalled bet ($2) returned to Zast20
Zast20 collected $2 from pot
Zast20: doesn't show hand
*** SUMMARY ***
Total pot $2 | Rake $0
Seat 3: mylifeluvsol (button) (small blind) folded before Flop
Seat 6: Zast20 (big blind) collected ($2)


PokerStars Hand #174531997469:  Hold'em Limit ($3/$6 USD) - 2017/08/19 12:29:09 ET
Table 'Euphemia II' 6-max Seat #6 is the button
Seat 3: mylifeluvsol ($30 in chips)
Seat 6: Zast20 ($30.99 in chips)
Zast20: posts small blind $1
mylifeluvsol: posts big blind $3
*** HOLE CARDS ***
Zast20: raises $3 to $6
mylifeluvsol: calls $3
*** FLOP *** [6d 3d 5d]
mylifeluvsol: checks
Zast20: bets $3
mylifeluvsol: folds
Uncalled bet ($3) returned to Zast20
Zast20 collected $11.76 from pot
Zast20: doesn't show hand
*** SUMMARY ***
Total pot $12 | Rake $0.24
Board [6d 3d 5d]
Seat 3: mylifeluvsol (big blind) folded on the Flop
Seat 6: Zast20 (button) (small blind) collected ($11.76)


PokerStars Hand #174532228312:  Hold'em Limit ($3/$6 USD) - 2017/08/19 12:35:23 ET
Table 'Euphemia II' 6-max Seat #5 is the button
Seat 1: Psynto ($81.55 in chips)
Seat 5: uglyghost101 ($107 in chips)
mylifeluvsol will be allowed to play after the button
B_loJkl will be allowed to play after the button
suitedthrash will be allowed to play after the button
uglyghost101: posts small blind $1
Psynto: posts big blind $3
*** HOLE CARDS ***
uglyghost101: folds
Uncalled bet ($2) returned to Psynto
Psynto collected $2 from pot
Psynto: doesn't show hand
*** SUMMARY ***
Total pot $2 | Rake $0
Seat 1: Psynto (big blind) collected ($2)
Seat 5: uglyghost101 (button) (small blind) folded before Flop


PokerStars Hand #174533154251:  Hold'em Limit ($3/$6 USD) - 2017/08/19 13:01:35 ET
Table 'Euphemia II' 6-max Seat #4 is the button
Seat 1: Psynto ($137.67 in chips)
Seat 4: suitedthrash ($28.16 in chips)
suitedthrash: posts small blind $1
Psynto: posts big blind $3
*** HOLE CARDS ***
suitedthrash: calls $2
Psynto: checks
*** FLOP *** [3c Ah Ks]
Psynto: bets $3
suitedthrash: folds
Uncalled bet ($3) returned to Psynto
Psynto collected $5.88 from pot
Psynto: doesn't show hand
*** SUMMARY ***
Total pot $6 | Rake $0.12
Board [3c Ah Ks]
Seat 1: Psynto (big blind) collected ($5.88)
Seat 4: suitedthrash (button) (small blind) folded on the Flop


PokerStars Hand #174533146269:  Hold'em Limit ($3/$6 USD) - 2017/08/19 13:01:21 ET
Table 'Euphemia II' 6-max Seat #1 is the button
Seat 1: Psynto ($131.91 in chips)
Seat 4: suitedthrash ($34.16 in chips)
Psynto: posts small blind $1
B_loJkl: is sitting out
suitedthrash: posts big blind $3
*** HOLE CARDS ***
Psynto: raises $3 to $6
suitedthrash: calls $3
*** FLOP *** [Ad 9d Jh]
suitedthrash: checks
Psynto: bets $3
suitedthrash: folds
Uncalled bet ($3) returned to Psynto
Psynto collected $11.76 from pot
Psynto: doesn't show hand
*** SUMMARY ***
Total pot $12 | Rake $0.24
Board [Ad 9d Jh]
Seat 1: Psynto (button) (small blind) collected ($11.76)
Seat 4: suitedthrash (big blind) folded on the Flop


PokerStars Hand #174533171222:  Hold'em Limit ($3/$6 USD) - 2017/08/19 13:02:04 ET
Table 'Euphemia II' 6-max Seat #4 is the button
Seat 1: Psynto ($131.55 in chips)
Seat 4: suitedthrash ($33.80 in chips)
suitedthrash: posts small blind $1
zimin10 was removed from the table for failing to post
Psynto: posts big blind $3
*** HOLE CARDS ***
suitedthrash: calls $2
Psynto: raises $3 to $6
suitedthrash: calls $3
*** FLOP *** [9d Ah 7d]
Psynto: bets $3
suitedthrash: folds
Uncalled bet ($3) returned to Psynto
Psynto collected $11.76 from pot
Psynto: doesn't show hand
*** SUMMARY ***
Total pot $12 | Rake $0.24
Board [9d Ah 7d]
Seat 1: Psynto (big blind) collected ($11.76)
Seat 4: suitedthrash (button) (small blind) folded on the Flop


PokerStars Hand #174533159920:  Hold'em Limit ($3/$6 USD) - 2017/08/19 13:01:45 ET
Table 'Euphemia II' 6-max Seat #1 is the button
Seat 1: Psynto ($140.55 in chips)
Seat 4: suitedthrash ($25.16 in chips)
Psynto: posts small blind $1
suitedthrash: posts big blind $3
*** HOLE CARDS ***
Psynto: raises $3 to $6
suitedthrash: calls $3
*** FLOP *** [5d 4c 8d]
suitedthrash: checks
Psynto: bets $3
suitedthrash: calls $3
*** TURN *** [5d 4c 8d] [Qh]
suitedthrash: checks
Psynto: checks
*** RIVER *** [5d 4c 8d Qh] [2h]
suitedthrash: checks
Psynto: checks
*** SHOW DOWN ***
suitedthrash: shows [Jd 4d] (a pair of Fours)
Psynto: mucks hand
suitedthrash collected $17.64 from pot
*** SUMMARY ***
Total pot $18 | Rake $0.36
Board [5d 4c 8d Qh 2h]
Seat 1: Psynto (button) (small blind) mucked
Seat 4: suitedthrash (big blind) showed [Jd 4d] and won ($17.64) with a pair of Fours


PokerStars Hand #174533179809:  Hold'em Limit ($3/$6 USD) - 2017/08/19 13:02:18 ET
Table 'Euphemia II' 6-max Seat #1 is the button
Seat 1: Psynto ($137.31 in chips)
Seat 4: suitedthrash ($27.80 in chips)
Psynto: posts small blind $1
suitedthrash: posts big blind $3
*** HOLE CARDS ***
Psynto: raises $3 to $6
suitedthrash: raises $3 to $9
Psynto: calls $3
*** FLOP *** [4c 6d 3c]
suitedthrash: bets $3
Psynto: calls $3
*** TURN *** [4c 6d 3c] [4h]
suitedthrash: bets $6
Psynto: calls $6
*** RIVER *** [4c 6d 3c 4h] [8d]
suitedthrash: bets $6
Psynto: folds
Uncalled bet ($6) returned to suitedthrash
suitedthrash collected $35.50 from pot
suitedthrash: doesn't show hand
*** SUMMARY ***
Total pot $36 | Rake $0.50
Board [4c 6d 3c 4h 8d]
Seat 1: Psynto (button) (small blind) folded on the River
Seat 4: suitedthrash (big blind) collected ($35.50)


PokerStars Hand #174533206471:  Hold'em Limit ($3/$6 USD) - 2017/08/19 13:03:03 ET
Table 'Euphemia II' 6-max Seat #1 is the button
Seat 1: Psynto ($116.31 in chips)
Seat 4: suitedthrash ($48.18 in chips)
Psynto: posts small blind $1
suitedthrash: posts big blind $3
*** HOLE CARDS ***
Psynto: raises $3 to $6
suitedthrash: calls $3
*** FLOP *** [5h Ks 2s]
suitedthrash: checks
Psynto: bets $3
suitedthrash: calls $3
*** TURN *** [5h Ks 2s] [Ts]
suitedthrash: checks
Psynto: bets $6
suitedthrash: calls $6
*** RIVER *** [5h Ks 2s Ts] [9c]
suitedthrash: checks
Psynto: checks
*** SHOW DOWN ***
suitedthrash: shows [Kc 3d] (a pair of Kings)
Psynto: mucks hand
suitedthrash collected $29.50 from pot
*** SUMMARY ***
Total pot $30 | Rake $0.50
Board [5h Ks 2s Ts 9c]
Seat 1: Psynto (button) (small blind) mucked
Seat 4: suitedthrash (big blind) showed [Kc 3d] and won ($29.50) with a pair of Kings


PokerStars Hand #174533194179:  Hold'em Limit ($3/$6 USD) - 2017/08/19 13:02:43 ET
Table 'Euphemia II' 6-max Seat #4 is the button
Seat 1: Psynto ($119.31 in chips)
Seat 4: suitedthrash ($45.30 in chips)
suitedthrash: posts small blind $1
Psynto: posts big blind $3
*** HOLE CARDS ***
suitedthrash: calls $2
Psynto: checks
*** FLOP *** [Ah 6c 5d]
Psynto: checks
suitedthrash: checks
*** TURN *** [Ah 6c 5d] [9h]
Psynto: checks
suitedthrash: checks
*** RIVER *** [Ah 6c 5d 9h] [9c]
Psynto: checks
suitedthrash: bets $6
Psynto: folds
Uncalled bet ($6) returned to suitedthrash
suitedthrash collected $5.88 from pot
suitedthrash: doesn't show hand
*** SUMMARY ***
Total pot $6 | Rake $0.12
Board [Ah 6c 5d 9h 9c]
Seat 1: Psynto (big blind) folded on the River
Seat 4: suitedthrash (button) (small blind) collected ($5.88)


