PokerStars Hand #146724047870:  Hold'em Limit ($3/$6 USD) - 2016/01/09 3:34:05 ET
Table 'Euphemia' 2-max Seat #1 is the button
Seat 1: kaputnikoff ($60 in chips)
Seat 2: HARDGURU ($203.76 in chips)
kaputnikoff: posts small blind $1
HARDGURU: posts big blind $3
*** HOLE CARDS ***
kaputnikoff: raises $3 to $6
HARDGURU: calls $3
*** FLOP *** [Jd 4s 2s]
HARDGURU: checks
kaputnikoff: bets $3
HARDGURU: folds
Uncalled bet ($3) returned to kaputnikoff
kaputnikoff collected $11.76 from pot
kaputnikoff: doesn't show hand
*** SUMMARY ***
Total pot $12 | Rake $0.24
Board [Jd 4s 2s]
Seat 1: kaputnikoff (button) (small blind) collected ($11.76)
Seat 2: HARDGURU (big blind) folded on the Flop


PokerStars Hand #146724034389:  Hold'em Limit ($3/$6 USD) - 2016/01/09 3:33:29 ET
Table 'Euphemia' 2-max Seat #2 is the button
Seat 1: kaputnikoff ($60 in chips)
Seat 2: HARDGURU ($198 in chips)
HARDGURU: posts small blind $1
kaputnikoff: posts big blind $3
*** HOLE CARDS ***
HARDGURU: raises $3 to $6
kaputnikoff: calls $3
*** FLOP *** [7h 9c 4d]
kaputnikoff: checks
HARDGURU: bets $3
kaputnikoff: folds
Uncalled bet ($3) returned to HARDGURU
HARDGURU collected $11.76 from pot
HARDGURU: doesn't show hand
*** SUMMARY ***
Total pot $12 | Rake $0.24
Board [7h 9c 4d]
Seat 1: kaputnikoff (big blind) folded on the Flop
Seat 2: HARDGURU (button) (small blind) collected ($11.76)


