PokerStars Hand #147073723295:  Hold'em Limit ($3/$6 USD) - 2016/01/15 8:28:59 ET
Table 'Euphrosyne III' 6-max Seat #3 is the button
Seat 3: Vetal949 ($90 in chips)
Seat 4: Actionni13 ($191.78 in chips)
Vetal949: posts small blind $1
Actionni13: posts big blind $3
*** HOLE CARDS ***
LolDnkaments joins the table at seat #5
Vetal949: calls $2
HAL9QQQ joins the table at seat #1
Actionni13: checks
*** FLOP *** [7d 2d Tc]
Actionni13: checks
Vetal949: checks
*** TURN *** [7d 2d Tc] [Ad]
chezlaw joins the table at seat #6
Actionni13: checks
Vetal949: bets $6
Actionni13: folds
Uncalled bet ($6) returned to Vetal949
Vetal949 collected $5.88 from pot
*** SUMMARY ***
Total pot $6 | Rake $0.12
Board [7d 2d Tc Ad]
Seat 3: Vetal949 (button) (small blind) collected ($5.88)
Seat 4: Actionni13 (big blind) folded on the Turn


PokerStars Hand #147074113886:  Hold'em Limit ($3/$6 USD) - 2016/01/15 8:38:33 ET
Table 'Euphrosyne III' 6-max Seat #1 is the button
Seat 1: HAL9QQQ ($159.52 in chips)
Seat 5: LolDnkaments ($123.51 in chips)
HAL9QQQ: posts small blind $1
DismasX: is sitting out
LolDnkaments: posts big blind $3
*** HOLE CARDS ***
HAL9QQQ: folds
Uncalled bet ($2) returned to LolDnkaments
LolDnkaments collected $2 from pot
LolDnkaments: doesn't show hand
*** SUMMARY ***
Total pot $2 | Rake $0
Seat 1: HAL9QQQ (button) (small blind) folded before Flop
Seat 5: LolDnkaments (big blind) collected ($2)


