PokerStars Hand #152643905112:  Hold'em Limit ($3/$6 USD) - 2016/04/30 2:45:25 ET
Table 'Euphemia II' 6-max Seat #2 is the button
Seat 1: LifeisagameX ($63 in chips)
Seat 2: killer bud ($69 in chips)
killer bud: posts small blind $1
LifeisagameX: posts big blind $3
*** HOLE CARDS ***
killer bud: raises $3 to $6
LifeisagameX: calls $3
*** FLOP *** [2d 9c Tc]
LifeisagameX: checks
killer bud: bets $3
LifeisagameX: calls $3
*** TURN *** [2d 9c Tc] [4h]
LifeisagameX: checks
killer bud: checks
*** RIVER *** [2d 9c Tc 4h] [Td]
LifeisagameX: bets $6
killer bud: folds
Uncalled bet ($6) returned to LifeisagameX
LifeisagameX collected $17.64 from pot
LifeisagameX: doesn't show hand
*** SUMMARY ***
Total pot $18 | Rake $0.36
Board [2d 9c Tc 4h Td]
Seat 1: LifeisagameX (big blind) collected ($17.64)
Seat 2: killer bud (button) (small blind) folded on the River


PokerStars Hand #152643902209:  Hold'em Limit ($3/$6 USD) - 2016/04/30 2:45:15 ET
Table 'Euphemia II' 6-max Seat #1 is the button
Seat 1: LifeisagameX ($60 in chips)
Seat 2: killer bud ($72 in chips)
LifeisagameX: posts small blind $1
killer bud: posts big blind $3
*** HOLE CARDS ***
LifeisagameX: raises $3 to $6
killer bud: folds
Uncalled bet ($3) returned to LifeisagameX
LifeisagameX collected $6 from pot
LifeisagameX: doesn't show hand
*** SUMMARY ***
Total pot $6 | Rake $0
Seat 1: LifeisagameX (button) (small blind) collected ($6)
Seat 2: killer bud (big blind) folded before Flop


PokerStars Hand #152643914464:  Hold'em Limit ($3/$6 USD) - 2016/04/30 2:45:56 ET
Table 'Euphemia II' 6-max Seat #1 is the button
Seat 1: LifeisagameX ($71.64 in chips)
Seat 2: killer bud ($60 in chips)
LifeisagameX: posts small blind $1
killer bud: posts big blind $3
*** HOLE CARDS ***
LifeisagameX: raises $3 to $6
killer bud: raises $3 to $9
LifeisagameX: calls $3
*** FLOP *** [Js 2h 4c]
killer bud: bets $3
LifeisagameX: calls $3
*** TURN *** [Js 2h 4c] [Tc]
killer bud: bets $6
LifeisagameX: raises $6 to $12
killer bud: calls $6
*** RIVER *** [Js 2h 4c Tc] [9s]
killer bud: checks
LifeisagameX: bets $6
killer bud: calls $6
*** SHOW DOWN ***
LifeisagameX: shows [Kh Qs] (a straight, Nine to King)
killer bud: mucks hand
LifeisagameX collected $59.50 from pot
*** SUMMARY ***
Total pot $60 | Rake $0.50
Board [Js 2h 4c Tc 9s]
Seat 1: LifeisagameX (button) (small blind) showed [Kh Qs] and won ($59.50) with a straight, Nine to King
Seat 2: killer bud (big blind) mucked


PokerStars Hand #152643929826:  Hold'em Limit ($3/$6 USD) - 2016/04/30 2:46:32 ET
Table 'Euphemia II' 6-max Seat #2 is the button
Seat 1: LifeisagameX ($101.14 in chips)
Seat 2: killer bud ($30 in chips)
killer bud: posts small blind $1
LifeisagameX: posts big blind $3
*** HOLE CARDS ***
killer bud: raises $3 to $6
LifeisagameX: calls $3
*** FLOP *** [3h 6s 9d]
LifeisagameX: checks
killer bud: checks
*** TURN *** [3h 6s 9d] [7d]
LifeisagameX: bets $6
killer bud: calls $6
*** RIVER *** [3h 6s 9d 7d] [Jc]
LifeisagameX: bets $6
killer bud: folds
Uncalled bet ($6) returned to LifeisagameX
LifeisagameX collected $23.52 from pot
LifeisagameX: doesn't show hand
*** SUMMARY ***
Total pot $24 | Rake $0.48
Board [3h 6s 9d 7d Jc]
Seat 1: LifeisagameX (big blind) collected ($23.52)
Seat 2: killer bud (button) (small blind) folded on the River


PokerStars Hand #152643936026:  Hold'em Limit ($3/$6 USD) - 2016/04/30 2:46:52 ET
Table 'Euphemia II' 6-max Seat #1 is the button
Seat 1: LifeisagameX ($112.66 in chips)
Seat 2: killer bud ($18 in chips)
LifeisagameX: posts small blind $1
killer bud: posts big blind $3
*** HOLE CARDS ***
LifeisagameX: raises $3 to $6
killer bud: calls $3
*** FLOP *** [6h 3c 2c]
killer bud: checks
LifeisagameX: checks
*** TURN *** [6h 3c 2c] [Ts]
killer bud: checks
LifeisagameX: bets $6
killer bud: folds
Uncalled bet ($6) returned to LifeisagameX
LifeisagameX collected $11.76 from pot
*** SUMMARY ***
Total pot $12 | Rake $0.24
Board [6h 3c 2c Ts]
Seat 1: LifeisagameX (button) (small blind) collected ($11.76)
Seat 2: killer bud (big blind) folded on the Turn


