PokerStars Hand #148494328463:  Hold'em Limit ($3/$6 USD) - 2016/02/09 6:20:07 ET
Table 'Euphrosyne' 6-max Seat #6 is the button
Seat 1: AzureCaper ($77.76 in chips)
Seat 6: nordschrott ($35.08 in chips)
nordschrott: posts small blind $1
AzureCaper: posts big blind $3
*** HOLE CARDS ***
nordschrott: calls $2
AzureCaper: checks
*** FLOP *** [7h Ac Qs]
roomvqv joins the table at seat #3
AzureCaper: bets $3
nordschrott: raises $3 to $6
AzureCaper: folds
Uncalled bet ($3) returned to nordschrott
TbIP-TbIP 88 joins the table at seat #4
nordschrott collected $11.76 from pot
*** SUMMARY ***
Total pot $12 | Rake $0.24
Board [7h Ac Qs]
Seat 1: AzureCaper (big blind) folded on the Flop
Seat 6: nordschrott (button) (small blind) collected ($11.76)


PokerStars Hand #148494320581:  Hold'em Limit ($3/$6 USD) - 2016/02/09 6:19:52 ET
Table 'Euphrosyne' 6-max Seat #1 is the button
Seat 1: AzureCaper ($72 in chips)
Seat 6: nordschrott ($41.08 in chips)
TbIP-TbIP 88: is sitting out
TbIP-TbIP 88 leaves the table
AzureCaper: posts small blind $1
nordschrott: posts big blind $3
*** HOLE CARDS ***
AzureCaper: raises $3 to $6
Agrotait joins the table at seat #2
nordschrott: calls $3
*** FLOP *** [4d Ac 9h]
nordschrott: checks
AzureCaper: bets $3
nordschrott: folds
Uncalled bet ($3) returned to AzureCaper
AzureCaper collected $11.76 from pot
AzureCaper: doesn't show hand
*** SUMMARY ***
Total pot $12 | Rake $0.24
Board [4d Ac 9h]
Seat 1: AzureCaper (button) (small blind) collected ($11.76)
Seat 6: nordschrott (big blind) folded on the Flop


