PokerStars Hand #163599043361:  Hold'em Limit ($3/$6 USD) - 2016/12/27 7:50:22 ET
Table 'Euphrosyne II' 6-max Seat #3 is the button
Seat 1: LifeisagameX ($84 in chips)
Seat 3: ragz2riche5 ($121 in chips)
ragz2riche5: posts small blind $1
LifeisagameX: posts big blind $3
*** HOLE CARDS ***
ragz2riche5: raises $3 to $6
LifeisagameX: raises $3 to $9
ragz2riche5: calls $3
*** FLOP *** [6c 7h Qh]
LifeisagameX: bets $3
ragz2riche5: calls $3
*** TURN *** [6c 7h Qh] [2d]
LifeisagameX: checks
ragz2riche5: bets $6
LifeisagameX: calls $6
*** RIVER *** [6c 7h Qh 2d] [Qc]
LifeisagameX: checks
ragz2riche5: bets $6
LifeisagameX: calls $6
*** SHOW DOWN ***
ragz2riche5: shows [4d 4c] (two pair, Queens and Fours)
LifeisagameX: mucks hand
ragz2riche5 collected $47.50 from pot
*** SUMMARY ***
Total pot $48 | Rake $0.50
Board [6c 7h Qh 2d Qc]
Seat 1: LifeisagameX (big blind) mucked
Seat 3: ragz2riche5 (button) (small blind) showed [4d 4c] and won ($47.50) with two pair, Queens and Fours


PokerStars Hand #163599065095:  Hold'em Limit ($3/$6 USD) - 2016/12/27 7:50:58 ET
Table 'Euphrosyne II' 6-max Seat #1 is the button
Seat 1: LifeisagameX ($84 in chips)
Seat 3: ragz2riche5 ($144.50 in chips)
LifeisagameX: posts small blind $1
ragz2riche5: posts big blind $3
*** HOLE CARDS ***
LifeisagameX: raises $3 to $6
ragz2riche5: calls $3
*** FLOP *** [2s 5c Ts]
ragz2riche5: checks
LifeisagameX: checks
*** TURN *** [2s 5c Ts] [Jd]
ragz2riche5: checks
LifeisagameX: bets $6
ragz2riche5: folds
Uncalled bet ($6) returned to LifeisagameX
LifeisagameX collected $11.76 from pot
LifeisagameX: doesn't show hand
*** SUMMARY ***
Total pot $12 | Rake $0.24
Board [2s 5c Ts Jd]
Seat 1: LifeisagameX (button) (small blind) collected ($11.76)
Seat 3: ragz2riche5 (big blind) folded on the Turn


PokerStars Hand #163599079116:  Hold'em Limit ($3/$6 USD) - 2016/12/27 7:51:21 ET
Table 'Euphrosyne II' 6-max Seat #3 is the button
Seat 1: LifeisagameX ($89.76 in chips)
Seat 3: ragz2riche5 ($138.50 in chips)
ragz2riche5: posts small blind $1
LifeisagameX: posts big blind $3
*** HOLE CARDS ***
ragz2riche5: folds
Uncalled bet ($2) returned to LifeisagameX
LifeisagameX collected $2 from pot
LifeisagameX: doesn't show hand
*** SUMMARY ***
Total pot $2 | Rake $0
Seat 1: LifeisagameX (big blind) collected ($2)
Seat 3: ragz2riche5 (button) (small blind) folded before Flop


PokerStars Hand #163599100586:  Hold'em Limit ($3/$6 USD) - 2016/12/27 7:51:57 ET
Table 'Euphrosyne II' 6-max Seat #3 is the button
Seat 1: LifeisagameX ($84 in chips)
Seat 3: ragz2riche5 ($149.02 in chips)
ragz2riche5: posts small blind $1
LifeisagameX: posts big blind $3
*** HOLE CARDS ***
ragz2riche5: folds
Uncalled bet ($2) returned to LifeisagameX
LifeisagameX collected $2 from pot
LifeisagameX: doesn't show hand
*** SUMMARY ***
Total pot $2 | Rake $0
Seat 1: LifeisagameX (big blind) collected ($2)
Seat 3: ragz2riche5 (button) (small blind) folded before Flop


PokerStars Hand #163599082421:  Hold'em Limit ($3/$6 USD) - 2016/12/27 7:51:27 ET
Table 'Euphrosyne II' 6-max Seat #1 is the button
Seat 1: LifeisagameX ($90.76 in chips)
Seat 3: ragz2riche5 ($137.50 in chips)
LifeisagameX: posts small blind $1
ragz2riche5: posts big blind $3
*** HOLE CARDS ***
LifeisagameX: raises $3 to $6
ragz2riche5: calls $3
*** FLOP *** [Js 6c 8d]
ragz2riche5: checks
LifeisagameX: checks
*** TURN *** [Js 6c 8d] [Ac]
ragz2riche5: checks
LifeisagameX: checks
*** RIVER *** [Js 6c 8d Ac] [As]
ragz2riche5: bets $6
LifeisagameX: calls $6
*** SHOW DOWN ***
ragz2riche5: shows [8c Jd] (two pair, Aces and Jacks)
LifeisagameX: mucks hand
ragz2riche5 collected $23.52 from pot
*** SUMMARY ***
Total pot $24 | Rake $0.48
Board [Js 6c 8d Ac As]
Seat 1: LifeisagameX (button) (small blind) mucked
Seat 3: ragz2riche5 (big blind) showed [8c Jd] and won ($23.52) with two pair, Aces and Jacks


PokerStars Hand #163599179379:  Hold'em Limit ($3/$6 USD) - 2016/12/27 7:54:08 ET
Table 'Euphrosyne II' 6-max Seat #1 is the button
Seat 1: LifeisagameX ($94.50 in chips)
Seat 3: ragz2riche5 ($137.52 in chips)
LifeisagameX: posts small blind $1
ragz2riche5: posts big blind $3
*** HOLE CARDS ***
LifeisagameX: raises $3 to $6
ragz2riche5: calls $3
*** FLOP *** [Qc Jd 9c]
ragz2riche5: checks
LifeisagameX: bets $3
ragz2riche5: folds
Uncalled bet ($3) returned to LifeisagameX
LifeisagameX collected $11.76 from pot
LifeisagameX: doesn't show hand
*** SUMMARY ***
Total pot $12 | Rake $0.24
Board [Qc Jd 9c]
Seat 1: LifeisagameX (button) (small blind) collected ($11.76)
Seat 3: ragz2riche5 (big blind) folded on the Flop


PokerStars Hand #163599168935:  Hold'em Limit ($3/$6 USD) - 2016/12/27 7:53:51 ET
Table 'Euphrosyne II' 6-max Seat #1 is the button
Seat 1: LifeisagameX ($90.50 in chips)
Seat 3: ragz2riche5 ($141.52 in chips)
LifeisagameX: posts small blind $1
ragz2riche5: posts big blind $3
*** HOLE CARDS ***
ragz2riche5 said, "mf"
LifeisagameX: raises $3 to $6
ragz2riche5: folds
Uncalled bet ($3) returned to LifeisagameX
LifeisagameX collected $6 from pot
LifeisagameX: doesn't show hand
*** SUMMARY ***
Total pot $6 | Rake $0
Seat 1: LifeisagameX (button) (small blind) collected ($6)
Seat 3: ragz2riche5 (big blind) folded before Flop


PokerStars Hand #163599136242:  Hold'em Limit ($3/$6 USD) - 2016/12/27 7:52:56 ET
Table 'Euphrosyne II' 6-max Seat #3 is the button
Seat 1: LifeisagameX ($114.50 in chips)
Seat 3: ragz2riche5 ($118.02 in chips)
ragz2riche5: posts small blind $1
LifeisagameX: posts big blind $3
*** HOLE CARDS ***
ragz2riche5: raises $3 to $6
LifeisagameX: raises $3 to $9
ragz2riche5: raises $3 to $12
Betting is capped
ragz2riche5 said, "u pc of shint"
LifeisagameX: calls $3
*** FLOP *** [6c 7c Qs]
LifeisagameX: checks
ragz2riche5: checks
*** TURN *** [6c 7c Qs] [2c]
LifeisagameX: bets $6
ragz2riche5: calls $6
*** RIVER *** [6c 7c Qs 2c] [9c]
LifeisagameX: checks
ragz2riche5: bets $6
LifeisagameX: calls $6
*** SHOW DOWN ***
ragz2riche5: shows [Kc Js] (a flush, King high)
LifeisagameX: mucks hand
ragz2riche5 collected $47.50 from pot
*** SUMMARY ***
Total pot $48 | Rake $0.50
Board [6c 7c Qs 2c 9c]
Seat 1: LifeisagameX (big blind) mucked
Seat 3: ragz2riche5 (button) (small blind) showed [Kc Js] and won ($47.50) with a flush, King high


PokerStars Hand #163599175942:  Hold'em Limit ($3/$6 USD) - 2016/12/27 7:54:02 ET
Table 'Euphrosyne II' 6-max Seat #3 is the button
Seat 1: LifeisagameX ($93.50 in chips)
Seat 3: ragz2riche5 ($138.52 in chips)
ragz2riche5: posts small blind $1
LifeisagameX: posts big blind $3
*** HOLE CARDS ***
ragz2riche5: folds
Uncalled bet ($2) returned to LifeisagameX
LifeisagameX collected $2 from pot
LifeisagameX: doesn't show hand
*** SUMMARY ***
Total pot $2 | Rake $0
Seat 1: LifeisagameX (big blind) collected ($2)
Seat 3: ragz2riche5 (button) (small blind) folded before Flop


PokerStars Hand #163599203281:  Hold'em Limit ($3/$6 USD) - 2016/12/27 7:54:48 ET
Table 'Euphrosyne II' 6-max Seat #1 is the button
Seat 1: LifeisagameX ($97.26 in chips)
Seat 3: ragz2riche5 ($134.52 in chips)
LifeisagameX: posts small blind $1
ragz2riche5: posts big blind $3
*** HOLE CARDS ***
LifeisagameX: raises $3 to $6
ragz2riche5: folds
Uncalled bet ($3) returned to LifeisagameX
LifeisagameX collected $6 from pot
LifeisagameX: doesn't show hand
*** SUMMARY ***
Total pot $6 | Rake $0
Seat 1: LifeisagameX (button) (small blind) collected ($6)
Seat 3: ragz2riche5 (big blind) folded before Flop


PokerStars Hand #163599195552:  Hold'em Limit ($3/$6 USD) - 2016/12/27 7:54:35 ET
Table 'Euphrosyne II' 6-max Seat #3 is the button
Seat 1: LifeisagameX ($100.26 in chips)
Seat 3: ragz2riche5 ($131.52 in chips)
ragz2riche5: posts small blind $1
LifeisagameX: posts big blind $3
*** HOLE CARDS ***
ragz2riche5: raises $3 to $6
LifeisagameX: folds
Uncalled bet ($3) returned to ragz2riche5
ragz2riche5 collected $6 from pot
ragz2riche5: doesn't show hand
*** SUMMARY ***
Total pot $6 | Rake $0
Seat 1: LifeisagameX (big blind) folded before Flop
Seat 3: ragz2riche5 (button) (small blind) collected ($6)


PokerStars Hand #163599213903:  Hold'em Limit ($3/$6 USD) - 2016/12/27 7:55:05 ET
Table 'Euphrosyne II' 6-max Seat #3 is the button
Seat 1: LifeisagameX ($100.26 in chips)
Seat 3: ragz2riche5 ($131.52 in chips)
ragz2riche5: posts small blind $1
LifeisagameX: posts big blind $3
*** HOLE CARDS ***
ragz2riche5: raises $3 to $6
LifeisagameX: calls $3
*** FLOP *** [3s 5c 3c]
LifeisagameX: checks
ragz2riche5: checks
*** TURN *** [3s 5c 3c] [Js]
LifeisagameX: bets $6
ragz2riche5: raises $6 to $12
LifeisagameX: raises $6 to $18
ragz2riche5: calls $6
*** RIVER *** [3s 5c 3c Js] [6h]
LifeisagameX: checks
ragz2riche5: bets $6
LifeisagameX: calls $6
*** SHOW DOWN ***
ragz2riche5: shows [Jh Kh] (two pair, Jacks and Threes)
LifeisagameX: mucks hand
ragz2riche5 collected $59.50 from pot
*** SUMMARY ***
Total pot $60 | Rake $0.50
Board [3s 5c 3c Js 6h]
Seat 1: LifeisagameX (big blind) mucked
Seat 3: ragz2riche5 (button) (small blind) showed [Jh Kh] and won ($59.50) with two pair, Jacks and Threes


