PokerStars Hand #158593059865:  Hold'em Limit ($3/$6 USD) - 2016/09/14 10:51:23 ET
Table 'Eureka' 6-max Seat #4 is the button
Seat 3: hudecam ($74.92 in chips)
Seat 4: CatPuppy1999 ($46.33 in chips)
CatPuppy1999: posts small blind $1
hudecam: posts big blind $3
*** HOLE CARDS ***
CatPuppy1999: raises $3 to $6
hudecam: folds
Uncalled bet ($3) returned to CatPuppy1999
CatPuppy1999 collected $6 from pot
CatPuppy1999: doesn't show hand
*** SUMMARY ***
Total pot $6 | Rake $0
Seat 3: hudecam (big blind) folded before Flop
Seat 4: CatPuppy1999 (button) (small blind) collected ($6)


PokerStars Hand #158593021259:  Hold'em Limit ($3/$6 USD) - 2016/09/14 10:50:18 ET
Table 'Eureka' 6-max Seat #3 is the button
Seat 3: hudecam ($63.42 in chips)
Seat 4: CatPuppy1999 ($58.81 in chips)
hudecam: posts small blind $1
CatPuppy1999: posts big blind $3
*** HOLE CARDS ***
hudecam: raises $3 to $6
CatPuppy1999: calls $3
*** FLOP *** [Th 5d 2s]
CatPuppy1999: checks
hudecam: checks
*** TURN *** [Th 5d 2s] [6c]
CatPuppy1999: bets $6
hudecam: folds
Uncalled bet ($6) returned to CatPuppy1999
CatPuppy1999 collected $11.76 from pot
CatPuppy1999: doesn't show hand
*** SUMMARY ***
Total pot $12 | Rake $0.24
Board [Th 5d 2s 6c]
Seat 3: hudecam (button) (small blind) folded on the Turn
Seat 4: CatPuppy1999 (big blind) collected ($11.76)


PokerStars Hand #158593010632:  Hold'em Limit ($3/$6 USD) - 2016/09/14 10:50:00 ET
Table 'Eureka' 6-max Seat #4 is the button
Seat 3: hudecam ($51.90 in chips)
Seat 4: CatPuppy1999 ($70.81 in chips)
CatPuppy1999: posts small blind $1
hudecam: posts big blind $3
*** HOLE CARDS ***
CatPuppy1999: raises $3 to $6
hudecam: raises $3 to $9
CatPuppy1999: calls $3
*** FLOP *** [7d Kh 7c]
hudecam: bets $3
CatPuppy1999: calls $3
*** TURN *** [7d Kh 7c] [5h]
hudecam: bets $6
CatPuppy1999: folds
Uncalled bet ($6) returned to hudecam
hudecam collected $23.52 from pot
hudecam: doesn't show hand
*** SUMMARY ***
Total pot $24 | Rake $0.48
Board [7d Kh 7c 5h]
Seat 3: hudecam (big blind) collected ($23.52)
Seat 4: CatPuppy1999 (button) (small blind) folded on the Turn


PokerStars Hand #158593047466:  Hold'em Limit ($3/$6 USD) - 2016/09/14 10:51:03 ET
Table 'Eureka' 6-max Seat #3 is the button
Seat 3: hudecam ($80.92 in chips)
Seat 4: CatPuppy1999 ($40.57 in chips)
hudecam: posts small blind $1
CatPuppy1999: posts big blind $3
*** HOLE CARDS ***
hudecam: raises $3 to $6
CatPuppy1999: calls $3
*** FLOP *** [5h 6s 9s]
CatPuppy1999: checks
hudecam: checks
*** TURN *** [5h 6s 9s] [Tc]
CatPuppy1999: checks
hudecam: checks
*** RIVER *** [5h 6s 9s Tc] [Td]
CatPuppy1999: checks
hudecam: checks
*** SHOW DOWN ***
CatPuppy1999: shows [Ac 2h] (a pair of Tens)
hudecam: mucks hand
CatPuppy1999 collected $11.76 from pot
*** SUMMARY ***
Total pot $12 | Rake $0.24
Board [5h 6s 9s Tc Td]
Seat 3: hudecam (button) (small blind) mucked
Seat 4: CatPuppy1999 (big blind) showed [Ac 2h] and won ($11.76) with a pair of Tens


PokerStars Hand #158593030956:  Hold'em Limit ($3/$6 USD) - 2016/09/14 10:50:35 ET
Table 'Eureka' 6-max Seat #4 is the button
Seat 3: hudecam ($57.42 in chips)
Seat 4: CatPuppy1999 ($64.57 in chips)
CatPuppy1999: posts small blind $1
hudecam: posts big blind $3
*** HOLE CARDS ***
CatPuppy1999: raises $3 to $6
hudecam: raises $3 to $9
CatPuppy1999: calls $3
*** FLOP *** [9d 4c 7c]
hudecam: bets $3
CatPuppy1999: calls $3
*** TURN *** [9d 4c 7c] [7h]
hudecam: bets $6
CatPuppy1999: calls $6
*** RIVER *** [9d 4c 7c 7h] [Qd]
hudecam: checks
CatPuppy1999: bets $6
hudecam: calls $6
*** SHOW DOWN ***
CatPuppy1999: shows [2c 2d] (two pair, Sevens and Deuces)
hudecam: shows [3c 3d] (two pair, Sevens and Threes)
hudecam collected $47.50 from pot
*** SUMMARY ***
Total pot $48 | Rake $0.50
Board [9d 4c 7c 7h Qd]
Seat 3: hudecam (big blind) showed [3c 3d] and won ($47.50) with two pair, Sevens and Threes
Seat 4: CatPuppy1999 (button) (small blind) showed [2c 2d] and lost with two pair, Sevens and Deuces


