PokerStars Hand #149987038548:  Hold'em Limit ($3/$6 USD) - 2016/03/07 12:08:36 ET
Table 'Eureka IV' 6-max Seat #6 is the button
Seat 3: robertass84 ($122.52 in chips)
Seat 6: SmellyToes4u ($57 in chips)
SmellyToes4u: posts small blind $1
robertass84: posts big blind $3
*** HOLE CARDS ***
SmellyToes4u: raises $3 to $6
robertass84: folds
Uncalled bet ($3) returned to SmellyToes4u
SmellyToes4u collected $6 from pot
SmellyToes4u: doesn't show hand
*** SUMMARY ***
Total pot $6 | Rake $0
Seat 3: robertass84 (big blind) folded before Flop
Seat 6: SmellyToes4u (button) (small blind) collected ($6)


PokerStars Hand #149987025570:  Hold'em Limit ($3/$6 USD) - 2016/03/07 12:08:20 ET
Table 'Eureka IV' 6-max Seat #3 is the button
Seat 3: robertass84 ($119.52 in chips)
Seat 6: SmellyToes4u ($60 in chips)
robertass84: posts small blind $1
SmellyToes4u: posts big blind $3
*** HOLE CARDS ***
robertass84: raises $3 to $6
SmellyToes4u: folds
Uncalled bet ($3) returned to robertass84
robertass84 collected $6 from pot
robertass84: doesn't show hand
*** SUMMARY ***
Total pot $6 | Rake $0
Seat 3: robertass84 (button) (small blind) collected ($6)
Seat 6: SmellyToes4u (big blind) folded before Flop


PokerStars Hand #149987019533:  Hold'em Limit ($3/$6 USD) - 2016/03/07 12:08:13 ET
Table 'Eureka IV' 6-max Seat #6 is the button
Seat 3: robertass84 ($122.52 in chips)
Seat 6: SmellyToes4u ($57 in chips)
SmellyToes4u: posts small blind $1
robertass84: posts big blind $3
*** HOLE CARDS ***
SmellyToes4u: raises $3 to $6
robertass84: folds
Uncalled bet ($3) returned to SmellyToes4u
SmellyToes4u collected $6 from pot
SmellyToes4u: doesn't show hand
*** SUMMARY ***
Total pot $6 | Rake $0
Seat 3: robertass84 (big blind) folded before Flop
Seat 6: SmellyToes4u (button) (small blind) collected ($6)


PokerStars Hand #149987015637:  Hold'em Limit ($3/$6 USD) - 2016/03/07 12:08:08 ET
Table 'Eureka IV' 6-max Seat #3 is the button
Seat 3: robertass84 ($123.52 in chips)
Seat 6: SmellyToes4u ($56 in chips)
robertass84: posts small blind $1
SmellyToes4u: posts big blind $3
*** HOLE CARDS ***
robertass84: folds
Uncalled bet ($2) returned to SmellyToes4u
SmellyToes4u collected $2 from pot
SmellyToes4u: doesn't show hand
*** SUMMARY ***
Total pot $2 | Rake $0
Seat 3: robertass84 (button) (small blind) folded before Flop
Seat 6: SmellyToes4u (big blind) collected ($2)


PokerStars Hand #149987009874:  Hold'em Limit ($3/$6 USD) - 2016/03/07 12:08:01 ET
Table 'Eureka IV' 6-max Seat #6 is the button
Seat 3: robertass84 ($122.52 in chips)
Seat 6: SmellyToes4u ($57 in chips)
SmellyToes4u: posts small blind $1
robertass84: posts big blind $3
*** HOLE CARDS ***
SmellyToes4u: folds
Uncalled bet ($2) returned to robertass84
robertass84 collected $2 from pot
robertass84: doesn't show hand
*** SUMMARY ***
Total pot $2 | Rake $0
Seat 3: robertass84 (big blind) collected ($2)
Seat 6: SmellyToes4u (button) (small blind) folded before Flop


PokerStars Hand #149987047450:  Hold'em Limit ($3/$6 USD) - 2016/03/07 12:08:46 ET
Table 'Eureka IV' 6-max Seat #6 is the button
Seat 3: robertass84 ($118.52 in chips)
Seat 6: SmellyToes4u ($61 in chips)
SmellyToes4u: posts small blind $1
robertass84: posts big blind $3
*** HOLE CARDS ***
JayEm82 joins the table at seat #4
SmellyToes4u: raises $3 to $6
robertass84: raises $3 to $9
SmellyToes4u: calls $3
*** FLOP *** [4s 9d 8d]
robertass84: bets $3
SmellyToes4u: raises $3 to $6
robertass84: raises $3 to $9
SmellyToes4u: calls $3
*** TURN *** [4s 9d 8d] [8h]
robertass84: bets $6
SmellyToes4u: raises $6 to $12
robertass84: calls $6
*** RIVER *** [4s 9d 8d 8h] [2c]
robertass84: checks
SmellyToes4u: bets $6
robertass84: calls $6
*** SHOW DOWN ***
SmellyToes4u: shows [Kh Kd] (two pair, Kings and Eights)
robertass84: mucks hand
SmellyToes4u collected $71.50 from pot
*** SUMMARY ***
Total pot $72 | Rake $0.50
Board [4s 9d 8d 8h 2c]
Seat 3: robertass84 (big blind) mucked
Seat 6: SmellyToes4u (button) (small blind) showed [Kh Kd] and won ($71.50) with two pair, Kings and Eights


PokerStars Hand #149987043107:  Hold'em Limit ($3/$6 USD) - 2016/03/07 12:08:41 ET
Table 'Eureka IV' 6-max Seat #3 is the button
Seat 3: robertass84 ($119.52 in chips)
Seat 6: SmellyToes4u ($60 in chips)
robertass84: posts small blind $1
SmellyToes4u: posts big blind $3
*** HOLE CARDS ***
robertass84: folds
Uncalled bet ($2) returned to SmellyToes4u
SmellyToes4u collected $2 from pot
SmellyToes4u: doesn't show hand
*** SUMMARY ***
Total pot $2 | Rake $0
Seat 3: robertass84 (button) (small blind) folded before Flop
Seat 6: SmellyToes4u (big blind) collected ($2)


PokerStars Hand #149987123192:  Hold'em Limit ($3/$6 USD) - 2016/03/07 12:10:18 ET
Table 'Eureka IV' 6-max Seat #6 is the button
Seat 4: JayEm82 ($117 in chips)
Seat 6: SmellyToes4u ($56 in chips)
SmellyToes4u: posts small blind $1
JayEm82: posts big blind $3
*** HOLE CARDS ***
SmellyToes4u: folds
Uncalled bet ($2) returned to JayEm82
JayEm82 collected $2 from pot
JayEm82: doesn't show hand
*** SUMMARY ***
Total pot $2 | Rake $0
Seat 4: JayEm82 (big blind) collected ($2)
Seat 6: SmellyToes4u (button) (small blind) folded before Flop


PokerStars Hand #149988308588:  Hold'em Limit ($3/$6 USD) - 2016/03/07 12:33:44 ET
Table 'Eureka IV' 6-max Seat #6 is the button
Seat 1: vovojc ($24 in chips)
Seat 6: SmellyToes4u ($79.50 in chips)
SmellyToes4u: posts small blind $1
vovojc: posts big blind $3
*** HOLE CARDS ***
SmellyToes4u: raises $3 to $6
vovojc: raises $3 to $9
SmellyToes4u: calls $3
*** FLOP *** [9c 7h 2c]
vovojc: bets $3
SmellyToes4u: calls $3
*** TURN *** [9c 7h 2c] [8c]
vovojc: bets $6
SmellyToes4u: raises $6 to $12
BeBBsi joins the table at seat #2
vovojc: calls $6 and is all-in
*** RIVER *** [9c 7h 2c 8c] [Ks]
*** SHOW DOWN ***
vovojc: shows [Ad 6c] (high card Ace)
SmellyToes4u: shows [7d Js] (a pair of Sevens)
SmellyToes4u collected $47.50 from pot
*** SUMMARY ***
Total pot $48 | Rake $0.50
Board [9c 7h 2c 8c Ks]
Seat 1: vovojc (big blind) showed [Ad 6c] and lost with high card Ace
Seat 6: SmellyToes4u (button) (small blind) showed [7d Js] and won ($47.50) with a pair of Sevens


PokerStars Hand #149988350676:  Hold'em Limit ($3/$6 USD) - 2016/03/07 12:34:33 ET
Table 'Eureka IV' 6-max Seat #2 is the button
Seat 2: BeBBsi ($57 in chips)
Seat 5: duke6419 ($125.76 in chips)
BeBBsi: posts small blind $1
duke6419: posts big blind $3
*** HOLE CARDS ***
BeBBsi: raises $3 to $6
duke6419: calls $3
*** FLOP *** [2d 4c 6c]
duke6419: checks
BeBBsi: checks
*** TURN *** [2d 4c 6c] [Tc]
duke6419: bets $6
BeBBsi: calls $6
*** RIVER *** [2d 4c 6c Tc] [3s]
duke6419: bets $6
BeBBsi: folds
Uncalled bet ($6) returned to duke6419
duke6419 collected $23.52 from pot
duke6419: doesn't show hand
*** SUMMARY ***
Total pot $24 | Rake $0.48
Board [2d 4c 6c Tc 3s]
Seat 2: BeBBsi (button) (small blind) folded on the River
Seat 5: duke6419 (big blind) collected ($23.52)


PokerStars Hand #149988338318:  Hold'em Limit ($3/$6 USD) - 2016/03/07 12:34:18 ET
Table 'Eureka IV' 6-max Seat #5 is the button
Seat 2: BeBBsi ($63 in chips)
Seat 5: duke6419 ($120 in chips)
duke6419: posts small blind $1
SmellyToes4u: is sitting out
BeBBsi: posts big blind $3
*** HOLE CARDS ***
SmellyToes4u is disconnected
duke6419: raises $3 to $6
BeBBsi: calls $3
*** FLOP *** [7d Ah Ts]
BeBBsi: checks
duke6419: bets $3
BeBBsi: folds
Uncalled bet ($3) returned to duke6419
duke6419 collected $11.76 from pot
duke6419: doesn't show hand
*** SUMMARY ***
Total pot $12 | Rake $0.24
Board [7d Ah Ts]
Seat 2: BeBBsi (big blind) folded on the Flop
Seat 5: duke6419 (button) (small blind) collected ($11.76)


PokerStars Hand #149997620963:  Hold'em Limit ($3/$6 USD) - 2016/03/07 15:19:17 ET
Table 'Eureka IV' 6-max Seat #5 is the button
Seat 4: JayEm82 ($116 in chips)
Seat 5: duke6419 ($193.04 in chips)
duke6419: posts small blind $1
vestimokrec: is sitting out
JayEm82: posts big blind $3
*** HOLE CARDS ***
duke6419: raises $3 to $6
JayEm82: calls $3
*** FLOP *** [6s Tc Qc]
vestimokrec leaves the table
JayEm82: checks
duke6419: bets $3
JayEm82: folds
Uncalled bet ($3) returned to duke6419
duke6419 collected $11.76 from pot
duke6419: doesn't show hand
*** SUMMARY ***
Total pot $12 | Rake $0.24
Board [6s Tc Qc]
Seat 4: JayEm82 (big blind) folded on the Flop
Seat 5: duke6419 (button) (small blind) collected ($11.76)


PokerStars Hand #149997639915:  Hold'em Limit ($3/$6 USD) - 2016/03/07 15:19:36 ET
Table 'Eureka IV' 6-max Seat #4 is the button
Seat 4: JayEm82 ($110 in chips)
Seat 5: duke6419 ($198.80 in chips)
JayEm82: posts small blind $1
duke6419: posts big blind $3
*** HOLE CARDS ***
JayEm82: raises $3 to $6
duke6419: calls $3
*** FLOP *** [2c 5d As]
duke6419: checks
JayEm82: bets $3
duke6419: calls $3
*** TURN *** [2c 5d As] [Kh]
duke6419: checks
JayEm82: bets $6
duke6419: folds
Uncalled bet ($6) returned to JayEm82
JayEm82 collected $17.64 from pot
JayEm82: doesn't show hand
*** SUMMARY ***
Total pot $18 | Rake $0.36
Board [2c 5d As Kh]
Seat 4: JayEm82 (button) (small blind) collected ($17.64)
Seat 5: duke6419 (big blind) folded on the Turn


PokerStars Hand #149997658190:  Hold'em Limit ($3/$6 USD) - 2016/03/07 15:19:53 ET
Table 'Eureka IV' 6-max Seat #5 is the button
Seat 4: JayEm82 ($118.64 in chips)
Seat 5: duke6419 ($189.80 in chips)
duke6419: posts small blind $1
JayEm82: posts big blind $3
*** HOLE CARDS ***
duke6419: raises $3 to $6
JayEm82: calls $3
*** FLOP *** [4s Jh 7c]
JayEm82: checks
duke6419: bets $3
JayEm82: calls $3
*** TURN *** [4s Jh 7c] [Kc]
JayEm82: checks
tweemeterzes joins the table at seat #3
duke6419: bets $6
vestimokrec joins the table at seat #6
JayEm82: calls $6
*** RIVER *** [4s Jh 7c Kc] [2s]
JayEm82: checks
duke6419: bets $6
JayEm82: calls $6
*** SHOW DOWN ***
duke6419: shows [Kd Qd] (a pair of Kings)
JayEm82: mucks hand
duke6419 collected $41.50 from pot
*** SUMMARY ***
Total pot $42 | Rake $0.50
Board [4s Jh 7c Kc 2s]
Seat 4: JayEm82 (big blind) mucked
Seat 5: duke6419 (button) (small blind) showed [Kd Qd] and won ($41.50) with a pair of Kings


PokerStars Hand #149997698036:  Hold'em Limit ($3/$6 USD) - 2016/03/07 15:20:32 ET
Table 'Eureka IV' 6-max Seat #4 is the button
Seat 4: JayEm82 ($97.64 in chips)
Seat 5: duke6419 ($210.30 in chips)
JayEm82: posts small blind $1
duke6419: posts big blind $3
*** HOLE CARDS ***
JayEm82: raises $3 to $6
duke6419: calls $3
*** FLOP *** [Jc 6c 3h]
duke6419: bets $3
JayEm82: calls $3
*** TURN *** [Jc 6c 3h] [Qs]
duke6419: checks
JayEm82: checks
*** RIVER *** [Jc 6c 3h Qs] [As]
duke6419: checks
JayEm82: bets $6
duke6419: folds
Uncalled bet ($6) returned to JayEm82
JayEm82 collected $17.64 from pot
JayEm82: doesn't show hand
*** SUMMARY ***
Total pot $18 | Rake $0.36
Board [Jc 6c 3h Qs As]
Seat 4: JayEm82 (button) (small blind) collected ($17.64)
Seat 5: duke6419 (big blind) folded on the River


PokerStars Hand #149998967162:  Hold'em Limit ($3/$6 USD) - 2016/03/07 15:40:58 ET
Table 'Eureka IV' 6-max Seat #4 is the button
Seat 3: tweemeterzes ($249.19 in chips)
Seat 4: JayEm82 ($119.89 in chips)
JayEm82: posts small blind $1
pompier40: is sitting out
tweemeterzes: posts big blind $3
*** HOLE CARDS ***
JayEm82: raises $3 to $6
tweemeterzes: calls $3
*** FLOP *** [2d 6d Jd]
tweemeterzes: bets $3
JayEm82: calls $3
*** TURN *** [2d 6d Jd] [5d]
tweemeterzes: bets $6
JayEm82: calls $6
*** RIVER *** [2d 6d Jd 5d] [Qs]
tweemeterzes: bets $6
JayEm82: raises $6 to $12
tweemeterzes: calls $6
*** SHOW DOWN ***
JayEm82: shows [Jh Ad] (a flush, Ace high)
tweemeterzes: mucks hand
JayEm82 collected $53.50 from pot
*** SUMMARY ***
Total pot $54 | Rake $0.50
Board [2d 6d Jd 5d Qs]
Seat 3: tweemeterzes (big blind) mucked
Seat 4: JayEm82 (button) (small blind) showed [Jh Ad] and won ($53.50) with a flush, Ace high


PokerStars Hand #149999023048:  Hold'em Limit ($3/$6 USD) - 2016/03/07 15:41:52 ET
Table 'Eureka IV' 6-max Seat #3 is the button
Seat 3: tweemeterzes ($205.19 in chips)
Seat 4: JayEm82 ($162.89 in chips)
tweemeterzes: posts small blind $1
JayEm82: posts big blind $3
*** HOLE CARDS ***
tweemeterzes: raises $3 to $6
JayEm82: folds
Uncalled bet ($3) returned to tweemeterzes
tweemeterzes collected $6 from pot
tweemeterzes: doesn't show hand
*** SUMMARY ***
Total pot $6 | Rake $0
Seat 3: tweemeterzes (button) (small blind) collected ($6)
Seat 4: JayEm82 (big blind) folded before Flop


PokerStars Hand #149999017774:  Hold'em Limit ($3/$6 USD) - 2016/03/07 15:41:47 ET
Table 'Eureka IV' 6-max Seat #4 is the button
Seat 3: tweemeterzes ($204.19 in chips)
Seat 4: JayEm82 ($163.89 in chips)
JayEm82: posts small blind $1
tweemeterzes: posts big blind $3
*** HOLE CARDS ***
JayEm82: folds
Uncalled bet ($2) returned to tweemeterzes
tweemeterzes collected $2 from pot
tweemeterzes: doesn't show hand
*** SUMMARY ***
Total pot $2 | Rake $0
Seat 3: tweemeterzes (big blind) collected ($2)
Seat 4: JayEm82 (button) (small blind) folded before Flop


PokerStars Hand #149998991097:  Hold'em Limit ($3/$6 USD) - 2016/03/07 15:41:21 ET
Table 'Eureka IV' 6-max Seat #3 is the button
Seat 3: tweemeterzes ($222.19 in chips)
Seat 4: JayEm82 ($146.39 in chips)
tweemeterzes: posts small blind $1
JayEm82: posts big blind $3
*** HOLE CARDS ***
tweemeterzes: calls $2
JayEm82: checks
*** FLOP *** [8h 5d 6c]
JayEm82: checks
tweemeterzes: bets $3
JayEm82: calls $3
*** TURN *** [8h 5d 6c] [3c]
JayEm82: checks
tweemeterzes: bets $6
JayEm82: raises $6 to $12
tweemeterzes: calls $6
*** RIVER *** [8h 5d 6c 3c] [4s]
JayEm82: bets $6
tweemeterzes: folds
Uncalled bet ($6) returned to JayEm82
JayEm82 collected $35.50 from pot
JayEm82: doesn't show hand
*** SUMMARY ***
Total pot $36 | Rake $0.50
Board [8h 5d 6c 3c 4s]
Seat 3: tweemeterzes (button) (small blind) folded on the River
Seat 4: JayEm82 (big blind) collected ($35.50)


PokerStars Hand #149999033715:  Hold'em Limit ($3/$6 USD) - 2016/03/07 15:42:02 ET
Table 'Eureka IV' 6-max Seat #4 is the button
Seat 3: tweemeterzes ($208.19 in chips)
Seat 4: JayEm82 ($159.89 in chips)
JayEm82: posts small blind $1
tweemeterzes: posts big blind $3
*** HOLE CARDS ***
robertass84 joins the table at seat #1
JayEm82: raises $3 to $6
tweemeterzes: calls $3
*** FLOP *** [4s 4h 5s]
tweemeterzes: checks
JayEm82: bets $3
tweemeterzes: calls $3
*** TURN *** [4s 4h 5s] [7d]
tweemeterzes is connected
tweemeterzes: bets $6
JayEm82: raises $6 to $12
tweemeterzes: calls $6
*** RIVER *** [4s 4h 5s 7d] [As]
tweemeterzes: checks
JayEm82: bets $6
tweemeterzes: folds
Uncalled bet ($6) returned to JayEm82
JayEm82 collected $41.50 from pot
JayEm82: doesn't show hand
*** SUMMARY ***
Total pot $42 | Rake $0.50
Board [4s 4h 5s 7d As]
Seat 3: tweemeterzes (big blind) folded on the River
Seat 4: JayEm82 (button) (small blind) collected ($41.50)


PokerStars Hand #149999075316:  Hold'em Limit ($3/$6 USD) - 2016/03/07 15:42:42 ET
Table 'Eureka IV' 6-max Seat #3 is the button
Seat 3: tweemeterzes ($187.19 in chips)
Seat 4: JayEm82 ($180.39 in chips)
tweemeterzes: posts small blind $1
JayEm82: posts big blind $3
*** HOLE CARDS ***
tweemeterzes: folds
Uncalled bet ($2) returned to JayEm82
JayEm82 collected $2 from pot
JayEm82: doesn't show hand
*** SUMMARY ***
Total pot $2 | Rake $0
Seat 3: tweemeterzes (button) (small blind) folded before Flop
Seat 4: JayEm82 (big blind) collected ($2)


PokerStars Hand #149999136318:  Hold'em Limit ($3/$6 USD) - 2016/03/07 15:43:41 ET
Table 'Eureka IV' 6-max Seat #4 is the button
Seat 3: tweemeterzes ($164.19 in chips)
Seat 4: JayEm82 ($180.10 in chips)
JayEm82: posts small blind $1
tweemeterzes: posts big blind $3
*** HOLE CARDS ***
JayEm82: raises $3 to $6
tweemeterzes: calls $3
*** FLOP *** [9s 8c 7d]
tweemeterzes: checks
JayEm82: bets $3
tweemeterzes: calls $3
*** TURN *** [9s 8c 7d] [Ts]
tweemeterzes: checks
JayEm82: bets $6
tweemeterzes: raises $6 to $12
JayEm82: folds
Uncalled bet ($6) returned to tweemeterzes
tweemeterzes collected $29.50 from pot
tweemeterzes: doesn't show hand
*** SUMMARY ***
Total pot $30 | Rake $0.50
Board [9s 8c 7d Ts]
Seat 3: tweemeterzes (big blind) collected ($29.50)
Seat 4: JayEm82 (button) (small blind) folded on the Turn


PokerStars Hand #149999163707:  Hold'em Limit ($3/$6 USD) - 2016/03/07 15:44:07 ET
Table 'Eureka IV' 6-max Seat #3 is the button
Seat 3: tweemeterzes ($178.69 in chips)
Seat 4: JayEm82 ($165.10 in chips)
tweemeterzes: posts small blind $1
JayEm82: posts big blind $3
*** HOLE CARDS ***
robertass84 leaves the table
tweemeterzes: raises $3 to $6
JayEm82: raises $3 to $9
tweemeterzes: calls $3
*** FLOP *** [4s 2d 9s]
JayEm82: bets $3
tweemeterzes: raises $3 to $6
JayEm82: calls $3
*** TURN *** [4s 2d 9s] [5h]
JayEm82: checks
tweemeterzes: bets $6
JayEm82: raises $6 to $12
tweemeterzes: raises $6 to $18
JayEm82: raises $6 to $24
Betting is capped
tweemeterzes: calls $6
*** RIVER *** [4s 2d 9s 5h] [Ah]
JayEm82: bets $6
tweemeterzes: raises $6 to $12
JayEm82: calls $6
*** SHOW DOWN ***
tweemeterzes: shows [Tc As] (a pair of Aces)
JayEm82: shows [4c 4d] (three of a kind, Fours)
JayEm82 collected $101.50 from pot
*** SUMMARY ***
Total pot $102 | Rake $0.50
Board [4s 2d 9s 5h Ah]
Seat 3: tweemeterzes (button) (small blind) showed [Tc As] and lost with a pair of Aces
Seat 4: JayEm82 (big blind) showed [4c 4d] and won ($101.50) with three of a kind, Fours


PokerStars Hand #149999187451:  Hold'em Limit ($3/$6 USD) - 2016/03/07 15:44:30 ET
Table 'Eureka IV' 6-max Seat #4 is the button
Seat 3: tweemeterzes ($127.69 in chips)
Seat 4: JayEm82 ($215.60 in chips)
JayEm82: posts small blind $1
tweemeterzes: posts big blind $3
*** HOLE CARDS ***
JayEm82: raises $3 to $6
tweemeterzes: calls $3
*** FLOP *** [9c 2c Ks]
tweemeterzes: checks
JayEm82: bets $3
tweemeterzes: calls $3
*** TURN *** [9c 2c Ks] [Td]
tweemeterzes: checks
JayEm82: bets $6
tweemeterzes: calls $6
*** RIVER *** [9c 2c Ks Td] [Ac]
tweemeterzes: bets $6
JayEm82: calls $6
*** SHOW DOWN ***
tweemeterzes: shows [Jc 7s] (high card Ace)
JayEm82: shows [8h Th] (a pair of Tens)
JayEm82 collected $41.50 from pot
*** SUMMARY ***
Total pot $42 | Rake $0.50
Board [9c 2c Ks Td Ac]
Seat 3: tweemeterzes (big blind) showed [Jc 7s] and lost with high card Ace
Seat 4: JayEm82 (button) (small blind) showed [8h Th] and won ($41.50) with a pair of Tens


PokerStars Hand #149999209543:  Hold'em Limit ($3/$6 USD) - 2016/03/07 15:44:52 ET
Table 'Eureka IV' 6-max Seat #3 is the button
Seat 3: tweemeterzes ($106.69 in chips)
Seat 4: JayEm82 ($236.10 in chips)
tweemeterzes: posts small blind $1
JayEm82: posts big blind $3
*** HOLE CARDS ***
tweemeterzes: folds
Uncalled bet ($2) returned to JayEm82
JayEm82 collected $2 from pot
JayEm82: doesn't show hand
*** SUMMARY ***
Total pot $2 | Rake $0
Seat 3: tweemeterzes (button) (small blind) folded before Flop
Seat 4: JayEm82 (big blind) collected ($2)


PokerStars Hand #149999214853:  Hold'em Limit ($3/$6 USD) - 2016/03/07 15:44:57 ET
Table 'Eureka IV' 6-max Seat #4 is the button
Seat 3: tweemeterzes ($105.69 in chips)
Seat 4: JayEm82 ($237.10 in chips)
JayEm82: posts small blind $1
tweemeterzes: posts big blind $3
*** HOLE CARDS ***
JayEm82: raises $3 to $6
tweemeterzes: calls $3
*** FLOP *** [9d Qc 3c]
tweemeterzes: checks
JayEm82: checks
*** TURN *** [9d Qc 3c] [Qh]
tweemeterzes: bets $6
JayEm82: calls $6
*** RIVER *** [9d Qc 3c Qh] [9s]
tweemeterzes: bets $6
JayEm82: folds
Uncalled bet ($6) returned to tweemeterzes
tweemeterzes collected $23.52 from pot
tweemeterzes: doesn't show hand
*** SUMMARY ***
Total pot $24 | Rake $0.48
Board [9d Qc 3c Qh 9s]
Seat 3: tweemeterzes (big blind) collected ($23.52)
Seat 4: JayEm82 (button) (small blind) folded on the River


PokerStars Hand #149999232056:  Hold'em Limit ($3/$6 USD) - 2016/03/07 15:45:13 ET
Table 'Eureka IV' 6-max Seat #3 is the button
Seat 3: tweemeterzes ($117.21 in chips)
Seat 4: JayEm82 ($225.10 in chips)
tweemeterzes: posts small blind $1
JayEm82: posts big blind $3
*** HOLE CARDS ***
tweemeterzes: calls $2
JayEm82: checks
*** FLOP *** [2s 7d 9c]
JayEm82: checks
tweemeterzes: bets $3
JayEm82: calls $3
*** TURN *** [2s 7d 9c] [4d]
JayEm82: checks
tweemeterzes: bets $6
JayEm82: calls $6
*** RIVER *** [2s 7d 9c 4d] [Jh]
JayEm82: checks
tweemeterzes: checks
*** SHOW DOWN ***
JayEm82: shows [3h 2h] (a pair of Deuces)
tweemeterzes: shows [6s 6h] (a pair of Sixes)
Paulllchen joins the table at seat #6
tweemeterzes collected $23.52 from pot
*** SUMMARY ***
Total pot $24 | Rake $0.48
Board [2s 7d 9c 4d Jh]
Seat 3: tweemeterzes (button) (small blind) showed [6s 6h] and won ($23.52) with a pair of Sixes
Seat 4: JayEm82 (big blind) showed [3h 2h] and lost with a pair of Deuces


