PokerStars Hand #161508594622:  Hold'em Limit ($3/$6 USD) - 2016/11/16 16:37:39 ET
Table 'Eureka' 6-max Seat #4 is the button
Seat 1: Auge72 ($77 in chips)
Seat 4: Koraseg ($132.52 in chips)
Koraseg: posts small blind $1
Auge72: posts big blind $3
*** HOLE CARDS ***
Koraseg: folds
Uncalled bet ($2) returned to Auge72
Auge72 collected $2 from pot
Auge72: doesn't show hand
*** SUMMARY ***
Total pot $2 | Rake $0
Seat 1: Auge72 (big blind) collected ($2)
Seat 4: Koraseg (button) (small blind) folded before Flop


PokerStars Hand #161508589946:  Hold'em Limit ($3/$6 USD) - 2016/11/16 16:37:34 ET
Table 'Eureka' 6-max Seat #1 is the button
Seat 1: Auge72 ($78 in chips)
Seat 4: Koraseg ($131.52 in chips)
Auge72: posts small blind $1
Koraseg: posts big blind $3
*** HOLE CARDS ***
Auge72: folds
Uncalled bet ($2) returned to Koraseg
Koraseg collected $2 from pot
Koraseg: doesn't show hand
*** SUMMARY ***
Total pot $2 | Rake $0
Seat 1: Auge72 (button) (small blind) folded before Flop
Seat 4: Koraseg (big blind) collected ($2)


PokerStars Hand #161508584635:  Hold'em Limit ($3/$6 USD) - 2016/11/16 16:37:28 ET
Table 'Eureka' 6-max Seat #4 is the button
Seat 1: Auge72 ($77 in chips)
Seat 4: Koraseg ($132.52 in chips)
Koraseg: posts small blind $1
Auge72: posts big blind $3
*** HOLE CARDS ***
Koraseg: folds
Uncalled bet ($2) returned to Auge72
Auge72 collected $2 from pot
Auge72: doesn't show hand
*** SUMMARY ***
Total pot $2 | Rake $0
Seat 1: Auge72 (big blind) collected ($2)
Seat 4: Koraseg (button) (small blind) folded before Flop


PokerStars Hand #161508580060:  Hold'em Limit ($3/$6 USD) - 2016/11/16 16:37:23 ET
Table 'Eureka' 6-max Seat #1 is the button
Seat 1: Auge72 ($78 in chips)
Seat 4: Koraseg ($131.52 in chips)
Auge72: posts small blind $1
Koraseg: posts big blind $3
*** HOLE CARDS ***
Auge72: folds
Uncalled bet ($2) returned to Koraseg
Koraseg collected $2 from pot
Koraseg: doesn't show hand
*** SUMMARY ***
Total pot $2 | Rake $0
Seat 1: Auge72 (button) (small blind) folded before Flop
Seat 4: Koraseg (big blind) collected ($2)


PokerStars Hand #161508574106:  Hold'em Limit ($3/$6 USD) - 2016/11/16 16:37:17 ET
Table 'Eureka' 6-max Seat #4 is the button
Seat 1: Auge72 ($81 in chips)
Seat 4: Koraseg ($128.52 in chips)
Koraseg: posts small blind $1
Auge72: posts big blind $3
*** HOLE CARDS ***
Koraseg: raises $3 to $6
Auge72: folds
Uncalled bet ($3) returned to Koraseg
Koraseg collected $6 from pot
Koraseg: doesn't show hand
*** SUMMARY ***
Total pot $6 | Rake $0
Seat 1: Auge72 (big blind) folded before Flop
Seat 4: Koraseg (button) (small blind) collected ($6)


PokerStars Hand #161508560542:  Hold'em Limit ($3/$6 USD) - 2016/11/16 16:37:02 ET
Table 'Eureka' 6-max Seat #1 is the button
Seat 1: Auge72 ($87 in chips)
Seat 4: Koraseg ($122.76 in chips)
Auge72: posts small blind $1
Koraseg: posts big blind $3
*** HOLE CARDS ***
vestimokrec joins the table at seat #2
Auge72: raises $3 to $6
Koraseg: calls $3
*** FLOP *** [8s 9d 6s]
Koraseg: checks
Auge72: checks
*** TURN *** [8s 9d 6s] [Qh]
Koraseg: bets $6
Auge72: folds
Uncalled bet ($6) returned to Koraseg
Koraseg collected $11.76 from pot
Koraseg: doesn't show hand
*** SUMMARY ***
Total pot $12 | Rake $0.24
Board [8s 9d 6s Qh]
Seat 1: Auge72 (button) (small blind) folded on the Turn
Seat 4: Koraseg (big blind) collected ($11.76)


PokerStars Hand #161508551125:  Hold'em Limit ($3/$6 USD) - 2016/11/16 16:36:52 ET
Table 'Eureka' 6-max Seat #4 is the button
Seat 1: Auge72 ($93 in chips)
Seat 4: Koraseg ($117 in chips)
Koraseg: posts small blind $1
Auge72: posts big blind $3
*** HOLE CARDS ***
Koraseg: raises $3 to $6
Auge72: calls $3
*** FLOP *** [Qd 3c Ac]
Auge72: checks
Koraseg: bets $3
Auge72: folds
Uncalled bet ($3) returned to Koraseg
Koraseg collected $11.76 from pot
Koraseg: doesn't show hand
*** SUMMARY ***
Total pot $12 | Rake $0.24
Board [Qd 3c Ac]
Seat 1: Auge72 (big blind) folded on the Flop
Seat 4: Koraseg (button) (small blind) collected ($11.76)


