PokerStars Hand #162044575715:  Hold'em Limit ($3/$6 USD) - 2016/11/27 12:28:44 ET
Table 'Eureka' 6-max Seat #5 is the button
Seat 1: VolkovDmitri ($151.48 in chips)
Seat 5: Sleeper007 ($35.17 in chips)
Sleeper007: posts small blind $1
VolkovDmitri: posts big blind $3
*** HOLE CARDS ***
Sleeper007: raises $3 to $6
Ultrafranke joins the table at seat #3
VolkovDmitri: calls $3
*** FLOP *** [Jc 6c 5h]
VolkovDmitri: checks
Sleeper007: bets $3
VolkovDmitri: raises $3 to $6
Sleeper007: folds
Uncalled bet ($3) returned to VolkovDmitri
VolkovDmitri collected $17.64 from pot
VolkovDmitri: doesn't show hand
*** SUMMARY ***
Total pot $18 | Rake $0.36
Board [Jc 6c 5h]
Seat 1: VolkovDmitri (big blind) collected ($17.64)
Seat 5: Sleeper007 (button) (small blind) folded on the Flop


PokerStars Hand #162044549519:  Hold'em Limit ($3/$6 USD) - 2016/11/27 12:28:15 ET
Table 'Eureka' 6-max Seat #1 is the button
Seat 1: VolkovDmitri ($130.98 in chips)
Seat 5: Sleeper007 ($56.17 in chips)
VolkovDmitri: posts small blind $1
vestimokrec: is sitting out
Sleeper007: posts big blind $3
*** HOLE CARDS ***
vestimokrec leaves the table
VolkovDmitri: raises $3 to $6
Sleeper007: calls $3
*** FLOP *** [8h 5s 3c]
Sleeper007: checks
VolkovDmitri: bets $3
alpha2777 joins the table at seat #4
Sleeper007: calls $3
*** TURN *** [8h 5s 3c] [2s]
Sleeper007: checks
VolkovDmitri: bets $6
Sleeper007: calls $6
*** RIVER *** [8h 5s 3c 2s] [Kh]
Sleeper007: checks
VolkovDmitri: bets $6
Sleeper007: calls $6
*** SHOW DOWN ***
VolkovDmitri: shows [8d Tc] (a pair of Eights)
Sleeper007: mucks hand
VolkovDmitri collected $41.50 from pot
*** SUMMARY ***
Total pot $42 | Rake $0.50
Board [8h 5s 3c 2s Kh]
Seat 1: VolkovDmitri (button) (small blind) showed [8d Tc] and won ($41.50) with a pair of Eights
Seat 5: Sleeper007 (big blind) mucked


PokerStars Hand #162045587576:  Hold'em Limit ($3/$6 USD) - 2016/11/27 12:46:50 ET
Table 'Eureka' 6-max Seat #5 is the button
Seat 5: boony444 ($212.38 in chips)
Seat 6: vestimokrec ($129.38 in chips)
ice0034 will be allowed to play after the button
boony444: posts small blind $1
vestimokrec: posts big blind $3
*** HOLE CARDS ***
boony444: folds
Uncalled bet ($2) returned to vestimokrec
vestimokrec collected $2 from pot
vestimokrec: doesn't show hand
*** SUMMARY ***
Total pot $2 | Rake $0
Seat 5: boony444 (button) (small blind) folded before Flop
Seat 6: vestimokrec (big blind) collected ($2)


PokerStars Hand #162045605038:  Hold'em Limit ($3/$6 USD) - 2016/11/27 12:47:07 ET
Table 'Eureka' 6-max Seat #3 is the button
Seat 3: ice0034 ($89.64 in chips)
Seat 6: vestimokrec ($133.38 in chips)
samantha9843 will be allowed to play after the button
ice0034: posts small blind $1
vestimokrec: posts big blind $3
*** HOLE CARDS ***
ice0034: raises $3 to $6
samantha9843 leaves the table
vestimokrec: calls $3
*** FLOP *** [Ts 7h 6h]
vestimokrec: checks
ice0034: bets $3
vestimokrec: calls $3
*** TURN *** [Ts 7h 6h] [6s]
vestimokrec: checks
ice0034: bets $6
VolkovDmitri leaves the table
vestimokrec: folds
Uncalled bet ($6) returned to ice0034
ice0034 collected $17.64 from pot
ice0034: doesn't show hand
*** SUMMARY ***
Total pot $18 | Rake $0.36
Board [Ts 7h 6h 6s]
Seat 3: ice0034 (button) (small blind) collected ($17.64)
Seat 6: vestimokrec (big blind) folded on the Turn


PokerStars Hand #162045646931:  Hold'em Limit ($3/$6 USD) - 2016/11/27 12:47:50 ET
Table 'Eureka' 6-max Seat #6 is the button
Seat 3: ice0034 ($98.28 in chips)
Seat 6: vestimokrec ($124.38 in chips)
vestimokrec: posts small blind $1
ice0034: posts big blind $3
*** HOLE CARDS ***
vestimokrec: raises $3 to $6
ice0034: calls $3
*** FLOP *** [5d 8d 9c]
ice0034: checks
vestimokrec: checks
*** TURN *** [5d 8d 9c] [Jc]
ice0034: bets $6
vestimokrec: calls $6
*** RIVER *** [5d 8d 9c Jc] [Qc]
ice0034: bets $6
vestimokrec: raises $6 to $12
ice0034: calls $6
*** SHOW DOWN ***
vestimokrec: shows [7h 4s] (high card Queen)
ice0034: shows [8c 6c] (a flush, Queen high)
ice0034 collected $47.50 from pot
*** SUMMARY ***
Total pot $48 | Rake $0.50
Board [5d 8d 9c Jc Qc]
Seat 3: ice0034 (big blind) showed [8c 6c] and won ($47.50) with a flush, Queen high
Seat 6: vestimokrec (button) (small blind) showed [7h 4s] and lost with high card Queen


