PokerStars Hand #153901351279:  Hold'em Limit ($3/$6 USD) - 2016/05/27 4:40:37 ET
Table 'Eureka' 6-max Seat #3 is the button
Seat 3: WavesNight01 ($21.04 in chips)
Seat 4: Mudager ($137.50 in chips)
WavesNight01: posts small blind $1
Mudager: posts big blind $3
*** HOLE CARDS ***
WavesNight01: folds
Uncalled bet ($2) returned to Mudager
Mudager collected $2 from pot
Mudager: doesn't show hand
*** SUMMARY ***
Total pot $2 | Rake $0
Seat 3: WavesNight01 (button) (small blind) folded before Flop
Seat 4: Mudager (big blind) collected ($2)


PokerStars Hand #153901349094:  Hold'em Limit ($3/$6 USD) - 2016/05/27 4:40:31 ET
Table 'Eureka' 6-max Seat #4 is the button
Seat 3: WavesNight01 ($24.04 in chips)
Seat 4: Mudager ($134.50 in chips)
Mudager: posts small blind $1
WavesNight01: posts big blind $3
*** HOLE CARDS ***
Mudager: raises $3 to $6
WavesNight01: folds
Uncalled bet ($3) returned to Mudager
Mudager collected $6 from pot
Mudager: doesn't show hand
*** SUMMARY ***
Total pot $6 | Rake $0
Seat 3: WavesNight01 (big blind) folded before Flop
Seat 4: Mudager (button) (small blind) collected ($6)


PokerStars Hand #153901334068:  Hold'em Limit ($3/$6 USD) - 2016/05/27 4:39:45 ET
Table 'Eureka' 6-max Seat #3 is the button
Seat 3: WavesNight01 ($39.04 in chips)
Seat 4: Mudager ($120 in chips)
WavesNight01: posts small blind $1
Mudager: posts big blind $3
*** HOLE CARDS ***
WavesNight01: raises $3 to $6
Mudager: calls $3
*** FLOP *** [4d 9s 2s]
Mudager: checks
WavesNight01: bets $3
Mudager: raises $3 to $6
WavesNight01: raises $3 to $9
Mudager: calls $3
*** TURN *** [4d 9s 2s] [Jh]
Mudager: bets $6
WavesNight01: folds
Uncalled bet ($6) returned to Mudager
Mudager collected $29.50 from pot
Mudager: doesn't show hand
*** SUMMARY ***
Total pot $30 | Rake $0.50
Board [4d 9s 2s Jh]
Seat 3: WavesNight01 (button) (small blind) folded on the Turn
Seat 4: Mudager (big blind) collected ($29.50)


PokerStars Hand #153901352815:  Hold'em Limit ($3/$6 USD) - 2016/05/27 4:40:42 ET
Table 'Eureka' 6-max Seat #4 is the button
Seat 3: WavesNight01 ($20.04 in chips)
Seat 4: Mudager ($138.50 in chips)
Mudager: posts small blind $1
WavesNight01: posts big blind $3
*** HOLE CARDS ***
Mudager: raises $3 to $6
WavesNight01: raises $3 to $9
Mudager: raises $3 to $12
Betting is capped
WavesNight01: calls $3
*** FLOP *** [Kh 7c Ac]
WavesNight01: bets $3
Mudager: calls $3
*** TURN *** [Kh 7c Ac] [Js]
WavesNight01: bets $5.04 and is all-in
Mudager: calls $5.04
*** RIVER *** [Kh 7c Ac Js] [4s]
*** SHOW DOWN ***
WavesNight01: shows [Qc Qd] (a pair of Queens)
Mudager: shows [Kc Ks] (three of a kind, Kings)
Mudager collected $39.58 from pot
*** SUMMARY ***
Total pot $40.08 | Rake $0.50
Board [Kh 7c Ac Js 4s]
Seat 3: WavesNight01 (big blind) showed [Qc Qd] and lost with a pair of Queens
Seat 4: Mudager (button) (small blind) showed [Kc Ks] and won ($39.58) with three of a kind, Kings


PokerStars Hand #153901369553:  Hold'em Limit ($3/$6 USD) - 2016/05/27 4:41:32 ET
Table 'Eureka' 6-max Seat #4 is the button
Seat 3: WavesNight01 ($49 in chips)
Seat 4: Mudager ($159.04 in chips)
Mudager: posts small blind $1
WavesNight01: posts big blind $3
*** HOLE CARDS ***
Mudager: raises $3 to $6
WavesNight01: folds
Uncalled bet ($3) returned to Mudager
Mudager collected $6 from pot
Mudager: doesn't show hand
*** SUMMARY ***
Total pot $6 | Rake $0
Seat 3: WavesNight01 (big blind) folded before Flop
Seat 4: Mudager (button) (small blind) collected ($6)


PokerStars Hand #153901365976:  Hold'em Limit ($3/$6 USD) - 2016/05/27 4:41:21 ET
Table 'Eureka' 6-max Seat #3 is the button
Seat 3: WavesNight01 ($50 in chips)
Seat 4: Mudager ($158.04 in chips)
WavesNight01: posts small blind $1
Mudager: posts big blind $3
*** HOLE CARDS ***
WavesNight01: folds
Uncalled bet ($2) returned to Mudager
Mudager collected $2 from pot
Mudager: doesn't show hand
*** SUMMARY ***
Total pot $2 | Rake $0
Seat 3: WavesNight01 (button) (small blind) folded before Flop
Seat 4: Mudager (big blind) collected ($2)


PokerStars Hand #153901373072:  Hold'em Limit ($3/$6 USD) - 2016/05/27 4:41:42 ET
Table 'Eureka' 6-max Seat #4 is the button
Seat 3: WavesNight01 ($45 in chips)
Seat 4: Mudager ($163.04 in chips)
Mudager: posts small blind $1
WavesNight01: posts big blind $3
*** HOLE CARDS ***
Mudager: folds
Uncalled bet ($2) returned to WavesNight01
WavesNight01 collected $2 from pot
WavesNight01: doesn't show hand
*** SUMMARY ***
Total pot $2 | Rake $0
Seat 3: WavesNight01 (big blind) collected ($2)
Seat 4: Mudager (button) (small blind) folded before Flop


PokerStars Hand #153901371487:  Hold'em Limit ($3/$6 USD) - 2016/05/27 4:41:38 ET
Table 'Eureka' 6-max Seat #3 is the button
Seat 3: WavesNight01 ($46 in chips)
Seat 4: Mudager ($162.04 in chips)
WavesNight01: posts small blind $1
Mudager: posts big blind $3
*** HOLE CARDS ***
WavesNight01: folds
Uncalled bet ($2) returned to Mudager
Mudager collected $2 from pot
Mudager: doesn't show hand
*** SUMMARY ***
Total pot $2 | Rake $0
Seat 3: WavesNight01 (button) (small blind) folded before Flop
Seat 4: Mudager (big blind) collected ($2)


PokerStars Hand #153901374744:  Hold'em Limit ($3/$6 USD) - 2016/05/27 4:41:47 ET
Table 'Eureka' 6-max Seat #3 is the button
Seat 3: WavesNight01 ($46 in chips)
Seat 4: Mudager ($162.04 in chips)
WavesNight01: posts small blind $1
Mudager: posts big blind $3
*** HOLE CARDS ***
WavesNight01: raises $3 to $6
Mudager: calls $3
*** FLOP *** [5d 4h 5h]
Mudager: checks
WavesNight01: bets $3
Mudager: raises $3 to $6
WavesNight01: calls $3
*** TURN *** [5d 4h 5h] [Th]
Mudager: bets $6
WavesNight01: folds
Uncalled bet ($6) returned to Mudager
Mudager collected $23.52 from pot
Mudager: doesn't show hand
*** SUMMARY ***
Total pot $24 | Rake $0.48
Board [5d 4h 5h Th]
Seat 3: WavesNight01 (button) (small blind) folded on the Turn
Seat 4: Mudager (big blind) collected ($23.52)


PokerStars Hand #153901382751:  Hold'em Limit ($3/$6 USD) - 2016/05/27 4:42:11 ET
Table 'Eureka' 6-max Seat #4 is the button
Seat 3: WavesNight01 ($34 in chips)
Seat 4: Mudager ($173.56 in chips)
Mudager: posts small blind $1
WavesNight01: posts big blind $3
*** HOLE CARDS ***
Mudager: raises $3 to $6
WavesNight01: raises $3 to $9
Mudager: calls $3
*** FLOP *** [9s 8c 5c]
WavesNight01: bets $3
Mudager: calls $3
*** TURN *** [9s 8c 5c] [6d]
WavesNight01: checks
Mudager: checks
*** RIVER *** [9s 8c 5c 6d] [4h]
WavesNight01: checks
Mudager: checks
*** SHOW DOWN ***
WavesNight01: shows [Ac 2c] (high card Ace)
Mudager: mucks hand
WavesNight01 collected $23.52 from pot
*** SUMMARY ***
Total pot $24 | Rake $0.48
Board [9s 8c 5c 6d 4h]
Seat 3: WavesNight01 (big blind) showed [Ac 2c] and won ($23.52) with high card Ace
Seat 4: Mudager (button) (small blind) mucked


PokerStars Hand #153901390299:  Hold'em Limit ($3/$6 USD) - 2016/05/27 4:42:33 ET
Table 'Eureka' 6-max Seat #3 is the button
Seat 3: WavesNight01 ($45.52 in chips)
Seat 4: Mudager ($161.56 in chips)
WavesNight01: posts small blind $1
Mudager: posts big blind $3
*** HOLE CARDS ***
WavesNight01: raises $3 to $6
Mudager: calls $3
*** FLOP *** [6c 4s 4d]
Mudager: bets $3
WavesNight01: calls $3
*** TURN *** [6c 4s 4d] [Ad]
Mudager: checks
WavesNight01: checks
*** RIVER *** [6c 4s 4d Ad] [Ks]
Mudager: checks
WavesNight01: bets $6
Mudager: calls $6
*** SHOW DOWN ***
WavesNight01: shows [Ah 9s] (two pair, Aces and Fours)
Mudager: mucks hand
WavesNight01 collected $29.50 from pot
*** SUMMARY ***
Total pot $30 | Rake $0.50
Board [6c 4s 4d Ad Ks]
Seat 3: WavesNight01 (button) (small blind) showed [Ah 9s] and won ($29.50) with two pair, Aces and Fours
Seat 4: Mudager (big blind) mucked


PokerStars Hand #153901396918:  Hold'em Limit ($3/$6 USD) - 2016/05/27 4:42:53 ET
Table 'Eureka' 6-max Seat #4 is the button
Seat 3: WavesNight01 ($60.02 in chips)
Seat 4: Mudager ($146.56 in chips)
Mudager: posts small blind $1
WavesNight01: posts big blind $3
*** HOLE CARDS ***
Mudager: raises $3 to $6
WavesNight01: calls $3
*** FLOP *** [2s 8s 7c]
WavesNight01: checks
Mudager: bets $3
WavesNight01: folds
Uncalled bet ($3) returned to Mudager
Mudager collected $11.76 from pot
Mudager: doesn't show hand
*** SUMMARY ***
Total pot $12 | Rake $0.24
Board [2s 8s 7c]
Seat 3: WavesNight01 (big blind) folded on the Flop
Seat 4: Mudager (button) (small blind) collected ($11.76)


PokerStars Hand #153901406767:  Hold'em Limit ($3/$6 USD) - 2016/05/27 4:43:22 ET
Table 'Eureka' 6-max Seat #4 is the button
Seat 3: WavesNight01 ($48.02 in chips)
Seat 4: Mudager ($158.08 in chips)
Mudager: posts small blind $1
WavesNight01: posts big blind $3
*** HOLE CARDS ***
Mudager: raises $3 to $6
WavesNight01: calls $3
*** FLOP *** [2d 6d Ah]
WavesNight01: checks
Mudager: bets $3
WavesNight01: calls $3
*** TURN *** [2d 6d Ah] [9h]
WavesNight01: checks
Mudager: bets $6
WavesNight01: folds
Uncalled bet ($6) returned to Mudager
Mudager collected $17.64 from pot
Mudager: doesn't show hand
*** SUMMARY ***
Total pot $18 | Rake $0.36
Board [2d 6d Ah 9h]
Seat 3: WavesNight01 (big blind) folded on the Turn
Seat 4: Mudager (button) (small blind) collected ($17.64)


PokerStars Hand #153901402329:  Hold'em Limit ($3/$6 USD) - 2016/05/27 4:43:09 ET
Table 'Eureka' 6-max Seat #3 is the button
Seat 3: WavesNight01 ($54.02 in chips)
Seat 4: Mudager ($152.32 in chips)
WavesNight01: posts small blind $1
Mudager: posts big blind $3
*** HOLE CARDS ***
WavesNight01: raises $3 to $6
Mudager: calls $3
*** FLOP *** [Qh 7s 9h]
Mudager: checks
WavesNight01: checks
*** TURN *** [Qh 7s 9h] [3d]
Mudager: bets $6
WavesNight01: folds
Uncalled bet ($6) returned to Mudager
Mudager collected $11.76 from pot
Mudager: doesn't show hand
*** SUMMARY ***
Total pot $12 | Rake $0.24
Board [Qh 7s 9h 3d]
Seat 3: WavesNight01 (button) (small blind) folded on the Turn
Seat 4: Mudager (big blind) collected ($11.76)


PokerStars Hand #153901423766:  Hold'em Limit ($3/$6 USD) - 2016/05/27 4:44:12 ET
Table 'Eureka' 6-max Seat #3 is the button
Seat 3: WavesNight01 ($41.78 in chips)
Seat 4: Mudager ($163.72 in chips)
WavesNight01: posts small blind $1
Mudager: posts big blind $3
*** HOLE CARDS ***
WavesNight01: raises $3 to $6
Mudager: raises $3 to $9
WavesNight01: calls $3
*** FLOP *** [Qs Ks 6d]
Mudager: bets $3
WavesNight01: raises $3 to $6
Mudager: calls $3
*** TURN *** [Qs Ks 6d] [Qc]
Mudager: checks
WavesNight01: bets $6
Mudager: raises $6 to $12
WavesNight01: folds
Uncalled bet ($6) returned to Mudager
Mudager collected $41.50 from pot
Mudager: doesn't show hand
*** SUMMARY ***
Total pot $42 | Rake $0.50
Board [Qs Ks 6d Qc]
Seat 3: WavesNight01 (button) (small blind) folded on the Turn
Seat 4: Mudager (big blind) collected ($41.50)


PokerStars Hand #153901412427:  Hold'em Limit ($3/$6 USD) - 2016/05/27 4:43:39 ET
Table 'Eureka' 6-max Seat #3 is the button
Seat 3: WavesNight01 ($39.02 in chips)
Seat 4: Mudager ($166.72 in chips)
WavesNight01: posts small blind $1
Mudager: posts big blind $3
*** HOLE CARDS ***
WavesNight01: raises $3 to $6
Mudager: calls $3
*** FLOP *** [6h 4h 6s]
Mudager: checks
WavesNight01: bets $3
Mudager: folds
Uncalled bet ($3) returned to WavesNight01
WavesNight01 collected $11.76 from pot
WavesNight01: doesn't show hand
*** SUMMARY ***
Total pot $12 | Rake $0.24
Board [6h 4h 6s]
Seat 3: WavesNight01 (button) (small blind) collected ($11.76)
Seat 4: Mudager (big blind) folded on the Flop


PokerStars Hand #153901419984:  Hold'em Limit ($3/$6 USD) - 2016/05/27 4:44:01 ET
Table 'Eureka' 6-max Seat #4 is the button
Seat 3: WavesNight01 ($44.78 in chips)
Seat 4: Mudager ($160.72 in chips)
Mudager: posts small blind $1
WavesNight01: posts big blind $3
*** HOLE CARDS ***
Mudager: raises $3 to $6
WavesNight01: folds
Uncalled bet ($3) returned to Mudager
Mudager collected $6 from pot
Mudager: doesn't show hand
*** SUMMARY ***
Total pot $6 | Rake $0
Seat 3: WavesNight01 (big blind) folded before Flop
Seat 4: Mudager (button) (small blind) collected ($6)


PokerStars Hand #153901449321:  Hold'em Limit ($3/$6 USD) - 2016/05/27 4:45:28 ET
Table 'Eureka' 6-max Seat #3 is the button
Seat 3: WavesNight01 ($50 in chips)
Seat 4: Mudager ($204.50 in chips)
WavesNight01: posts small blind $1
Mudager: posts big blind $3
*** HOLE CARDS ***
WavesNight01: raises $3 to $6
Mudager: folds
Uncalled bet ($3) returned to WavesNight01
WavesNight01 collected $6 from pot
WavesNight01: doesn't show hand
*** SUMMARY ***
Total pot $6 | Rake $0
Seat 3: WavesNight01 (button) (small blind) collected ($6)
Seat 4: Mudager (big blind) folded before Flop


PokerStars Hand #153901451778:  Hold'em Limit ($3/$6 USD) - 2016/05/27 4:45:36 ET
Table 'Eureka' 6-max Seat #4 is the button
Seat 3: WavesNight01 ($53 in chips)
Seat 4: Mudager ($201.50 in chips)
Mudager: posts small blind $1
WavesNight01: posts big blind $3
*** HOLE CARDS ***
Mudager: raises $3 to $6
WavesNight01: calls $3
*** FLOP *** [5c 4d 6d]
WavesNight01: checks
Mudager: bets $3
WavesNight01: calls $3
*** TURN *** [5c 4d 6d] [2d]
WavesNight01: checks
Mudager: checks
*** RIVER *** [5c 4d 6d 2d] [Kd]
WavesNight01: checks
Mudager: checks
*** SHOW DOWN ***
WavesNight01: shows [Qc 2c] (a pair of Deuces)
Mudager: mucks hand
WavesNight01 collected $17.64 from pot
*** SUMMARY ***
Total pot $18 | Rake $0.36
Board [5c 4d 6d 2d Kd]
Seat 3: WavesNight01 (big blind) showed [Qc 2c] and won ($17.64) with a pair of Deuces
Seat 4: Mudager (button) (small blind) mucked


PokerStars Hand #153901435069:  Hold'em Limit ($3/$6 USD) - 2016/05/27 4:44:46 ET
Table 'Eureka' 6-max Seat #4 is the button
Seat 3: WavesNight01 ($20.78 in chips)
Seat 4: Mudager ($184.22 in chips)
Mudager: posts small blind $1
WavesNight01: posts big blind $3
*** HOLE CARDS ***
Mudager: raises $3 to $6
WavesNight01: calls $3
*** FLOP *** [Kh 9s 2c]
WavesNight01: checks
Mudager: bets $3
WavesNight01: raises $3 to $6
Mudager: raises $3 to $9
WavesNight01: raises $3 to $12
Betting is capped
Mudager: calls $3
*** TURN *** [Kh 9s 2c] [7h]
WavesNight01: bets $2.78 and is all-in
Mudager: calls $2.78
*** RIVER *** [Kh 9s 2c 7h] [3s]
*** SHOW DOWN ***
WavesNight01: shows [9c Td] (a pair of Nines)
Mudager: shows [Ks 5h] (a pair of Kings)
Mudager collected $41.06 from pot
*** SUMMARY ***
Total pot $41.56 | Rake $0.50
Board [Kh 9s 2c 7h 3s]
Seat 3: WavesNight01 (big blind) showed [9c Td] and lost with a pair of Nines
Seat 4: Mudager (button) (small blind) showed [Ks 5h] and won ($41.06) with a pair of Kings


PokerStars Hand #153901466479:  Hold'em Limit ($3/$6 USD) - 2016/05/27 4:46:19 ET
Table 'Eureka' 6-max Seat #3 is the button
Seat 3: WavesNight01 ($61.40 in chips)
Seat 4: Mudager ($192.26 in chips)
WavesNight01: posts small blind $1
Mudager: posts big blind $3
*** HOLE CARDS ***
WavesNight01: raises $3 to $6
Mudager: raises $3 to $9
WavesNight01: calls $3
*** FLOP *** [8s Kd 9s]
Mudager: bets $3
WavesNight01: calls $3
*** TURN *** [8s Kd 9s] [Tc]
Mudager: bets $6
WavesNight01: calls $6
*** RIVER *** [8s Kd 9s Tc] [4h]
Mudager: bets $6
WavesNight01: folds
Uncalled bet ($6) returned to Mudager
Mudager collected $35.50 from pot
Mudager: doesn't show hand
*** SUMMARY ***
Total pot $36 | Rake $0.50
Board [8s Kd 9s Tc 4h]
Seat 3: WavesNight01 (button) (small blind) folded on the River
Seat 4: Mudager (big blind) collected ($35.50)


PokerStars Hand #153901458708:  Hold'em Limit ($3/$6 USD) - 2016/05/27 4:45:56 ET
Table 'Eureka' 6-max Seat #3 is the button
Seat 3: WavesNight01 ($61.64 in chips)
Seat 4: Mudager ($192.50 in chips)
WavesNight01: posts small blind $1
Mudager: posts big blind $3
*** HOLE CARDS ***
WavesNight01: raises $3 to $6
Mudager: calls $3
*** FLOP *** [Tc 2c 5s]
Mudager: checks
WavesNight01: bets $3
Mudager: folds
Uncalled bet ($3) returned to WavesNight01
WavesNight01 collected $11.76 from pot
WavesNight01: doesn't show hand
*** SUMMARY ***
Total pot $12 | Rake $0.24
Board [Tc 2c 5s]
Seat 3: WavesNight01 (button) (small blind) collected ($11.76)
Seat 4: Mudager (big blind) folded on the Flop


PokerStars Hand #153901462479:  Hold'em Limit ($3/$6 USD) - 2016/05/27 4:46:07 ET
Table 'Eureka' 6-max Seat #4 is the button
Seat 3: WavesNight01 ($67.40 in chips)
Seat 4: Mudager ($186.50 in chips)
Mudager: posts small blind $1
WavesNight01: posts big blind $3
*** HOLE CARDS ***
Mudager: raises $3 to $6
WavesNight01: calls $3
*** FLOP *** [Kh 3h Kc]
WavesNight01: checks
Mudager: bets $3
WavesNight01: folds
Uncalled bet ($3) returned to Mudager
Mudager collected $11.76 from pot
Mudager: doesn't show hand
*** SUMMARY ***
Total pot $12 | Rake $0.24
Board [Kh 3h Kc]
Seat 3: WavesNight01 (big blind) folded on the Flop
Seat 4: Mudager (button) (small blind) collected ($11.76)


PokerStars Hand #153901473713:  Hold'em Limit ($3/$6 USD) - 2016/05/27 4:46:41 ET
Table 'Eureka' 6-max Seat #4 is the button
Seat 3: WavesNight01 ($43.40 in chips)
Seat 4: Mudager ($209.76 in chips)
Mudager: posts small blind $1
WavesNight01: posts big blind $3
*** HOLE CARDS ***
Mudager: raises $3 to $6
WavesNight01: folds
Uncalled bet ($3) returned to Mudager
Mudager collected $6 from pot
Mudager: doesn't show hand
*** SUMMARY ***
Total pot $6 | Rake $0
Seat 3: WavesNight01 (big blind) folded before Flop
Seat 4: Mudager (button) (small blind) collected ($6)


PokerStars Hand #153901484660:  Hold'em Limit ($3/$6 USD) - 2016/05/27 4:47:14 ET
Table 'Eureka' 6-max Seat #4 is the button
Seat 3: WavesNight01 ($28.40 in chips)
Seat 4: Mudager ($224.28 in chips)
Mudager: posts small blind $1
WavesNight01: posts big blind $3
*** HOLE CARDS ***
Mudager: raises $3 to $6
WavesNight01: raises $3 to $9
Mudager: calls $3
*** FLOP *** [As Qc Qs]
WavesNight01: bets $3
Mudager: folds
Uncalled bet ($3) returned to WavesNight01
WavesNight01 collected $17.64 from pot
WavesNight01: doesn't show hand
*** SUMMARY ***
Total pot $18 | Rake $0.36
Board [As Qc Qs]
Seat 3: WavesNight01 (big blind) collected ($17.64)
Seat 4: Mudager (button) (small blind) folded on the Flop


PokerStars Hand #153901477000:  Hold'em Limit ($3/$6 USD) - 2016/05/27 4:46:51 ET
Table 'Eureka' 6-max Seat #3 is the button
Seat 3: WavesNight01 ($40.40 in chips)
Seat 4: Mudager ($212.76 in chips)
WavesNight01: posts small blind $1
Mudager: posts big blind $3
*** HOLE CARDS ***
WavesNight01: raises $3 to $6
Mudager: calls $3
*** FLOP *** [4c 6h Kc]
Mudager: checks
WavesNight01: bets $3
Mudager: raises $3 to $6
WavesNight01: calls $3
*** TURN *** [4c 6h Kc] [3c]
Mudager: bets $6
WavesNight01: folds
Uncalled bet ($6) returned to Mudager
Mudager collected $23.52 from pot
Mudager: doesn't show hand
*** SUMMARY ***
Total pot $24 | Rake $0.48
Board [4c 6h Kc 3c]
Seat 3: WavesNight01 (button) (small blind) folded on the Turn
Seat 4: Mudager (big blind) collected ($23.52)


PokerStars Hand #153901509436:  Hold'em Limit ($3/$6 USD) - 2016/05/27 4:48:28 ET
Table 'Eureka' 6-max Seat #3 is the button
Seat 3: WavesNight01 ($25.04 in chips)
Seat 4: Mudager ($226.92 in chips)
WavesNight01: posts small blind $1
Mudager: posts big blind $3
*** HOLE CARDS ***
WavesNight01: folds
Uncalled bet ($2) returned to Mudager
Mudager collected $2 from pot
Mudager: doesn't show hand
*** SUMMARY ***
Total pot $2 | Rake $0
Seat 3: WavesNight01 (button) (small blind) folded before Flop
Seat 4: Mudager (big blind) collected ($2)


PokerStars Hand #153901510956:  Hold'em Limit ($3/$6 USD) - 2016/05/27 4:48:32 ET
Table 'Eureka' 6-max Seat #4 is the button
Seat 3: WavesNight01 ($24.04 in chips)
Seat 4: Mudager ($227.92 in chips)
Mudager: posts small blind $1
WavesNight01: posts big blind $3
*** HOLE CARDS ***
Mudager: raises $3 to $6
WavesNight01: calls $3
*** FLOP *** [Jc 5s Tc]
WavesNight01: checks
Mudager: bets $3
WavesNight01: raises $3 to $6
Mudager: calls $3
*** TURN *** [Jc 5s Tc] [2d]
WavesNight01: bets $6
Mudager: calls $6
*** RIVER *** [Jc 5s Tc 2d] [Kd]
WavesNight01: checks
Mudager: checks
*** SHOW DOWN ***
WavesNight01: shows [7c 5c] (a pair of Fives)
Mudager: shows [9d Ts] (a pair of Tens)
chinoXXL joins the table at seat #1
Mudager collected $35.50 from pot
*** SUMMARY ***
Total pot $36 | Rake $0.50
Board [Jc 5s Tc 2d Kd]
Seat 3: WavesNight01 (big blind) showed [7c 5c] and lost with a pair of Fives
Seat 4: Mudager (button) (small blind) showed [9d Ts] and won ($35.50) with a pair of Tens


PokerStars Hand #153901507428:  Hold'em Limit ($3/$6 USD) - 2016/05/27 4:48:22 ET
Table 'Eureka' 6-max Seat #4 is the button
Seat 3: WavesNight01 ($28.04 in chips)
Seat 4: Mudager ($223.92 in chips)
Mudager: posts small blind $1
WavesNight01: posts big blind $3
*** HOLE CARDS ***
Mudager: raises $3 to $6
WavesNight01: folds
Uncalled bet ($3) returned to Mudager
Mudager collected $6 from pot
Mudager: doesn't show hand
*** SUMMARY ***
Total pot $6 | Rake $0
Seat 3: WavesNight01 (big blind) folded before Flop
Seat 4: Mudager (button) (small blind) collected ($6)


PokerStars Hand #153901489303:  Hold'em Limit ($3/$6 USD) - 2016/05/27 4:47:27 ET
Table 'Eureka' 6-max Seat #3 is the button
Seat 3: WavesNight01 ($37.04 in chips)
Seat 4: Mudager ($215.28 in chips)
WavesNight01: posts small blind $1
Mudager: posts big blind $3
*** HOLE CARDS ***
WavesNight01: raises $3 to $6
Mudager: calls $3
*** FLOP *** [5d 6s Ah]
Mudager: checks
WavesNight01: bets $3
Mudager: calls $3
*** TURN *** [5d 6s Ah] [9c]
Mudager: checks
WavesNight01: checks
*** RIVER *** [5d 6s Ah 9c] [9h]
Mudager: bets $6
WavesNight01: folds
Uncalled bet ($6) returned to Mudager
Mudager collected $17.64 from pot
Mudager: doesn't show hand
*** SUMMARY ***
Total pot $18 | Rake $0.36
Board [5d 6s Ah 9c 9h]
Seat 3: WavesNight01 (button) (small blind) folded on the River
Seat 4: Mudager (big blind) collected ($17.64)


PokerStars Hand #153901517791:  Hold'em Limit ($3/$6 USD) - 2016/05/27 4:48:53 ET
Table 'Eureka' 6-max Seat #3 is the button
Seat 3: WavesNight01 ($6.04 in chips)
Seat 4: Mudager ($245.42 in chips)
WavesNight01: posts small blind $1
Mudager: posts big blind $3
*** HOLE CARDS ***
WavesNight01: raises $3 to $6
Mudager: calls $3
*** FLOP *** [9c 5h 5c]
Mudager: checks
WavesNight01: bets $0.04 and is all-in
Mudager: calls $0.04
*** TURN *** [9c 5h 5c] [Td]
*** RIVER *** [9c 5h 5c Td] [3c]
*** SHOW DOWN ***
Mudager: shows [Tc 6h] (two pair, Tens and Fives)
WavesNight01: shows [8h Ac] (a pair of Fives)
Mudager collected $11.84 from pot
*** SUMMARY ***
Total pot $12.08 | Rake $0.24
Board [9c 5h 5c Td 3c]
Seat 3: WavesNight01 (button) (small blind) showed [8h Ac] and lost with a pair of Fives
Seat 4: Mudager (big blind) showed [Tc 6h] and won ($11.84) with two pair, Tens and Fives


PokerStars Hand #153901533666:  Hold'em Limit ($3/$6 USD) - 2016/05/27 4:49:40 ET
Table 'Eureka' 6-max Seat #1 is the button
Seat 1: chinoXXL ($135.50 in chips)
Seat 4: Mudager ($235.22 in chips)
chinoXXL: posts small blind $1
Mudager: posts big blind $3
*** HOLE CARDS ***
chinoXXL: folds
Uncalled bet ($2) returned to Mudager
Mudager collected $2 from pot
Mudager: doesn't show hand
*** SUMMARY ***
Total pot $2 | Rake $0
Seat 1: chinoXXL (button) (small blind) folded before Flop
Seat 4: Mudager (big blind) collected ($2)


PokerStars Hand #153901523092:  Hold'em Limit ($3/$6 USD) - 2016/05/27 4:49:08 ET
Table 'Eureka' 6-max Seat #4 is the button
Seat 1: chinoXXL ($120 in chips)
Seat 4: Mudager ($251.22 in chips)
Mudager: posts small blind $1
chinoXXL: posts big blind $3
*** HOLE CARDS ***
Mudager: folds
Uncalled bet ($2) returned to chinoXXL
chinoXXL collected $2 from pot
WavesNight01 leaves the table
chinoXXL: doesn't show hand
*** SUMMARY ***
Total pot $2 | Rake $0
Seat 1: chinoXXL (big blind) collected ($2)
Seat 4: Mudager (button) (small blind) folded before Flop


PokerStars Hand #153901531399:  Hold'em Limit ($3/$6 USD) - 2016/05/27 4:49:33 ET
Table 'Eureka' 6-max Seat #4 is the button
Seat 1: chinoXXL ($138.50 in chips)
Seat 4: Mudager ($232.22 in chips)
Mudager: posts small blind $1
chinoXXL: posts big blind $3
*** HOLE CARDS ***
Mudager: raises $3 to $6
chinoXXL: folds
Uncalled bet ($3) returned to Mudager
Mudager collected $6 from pot
Mudager: doesn't show hand
*** SUMMARY ***
Total pot $6 | Rake $0
Seat 1: chinoXXL (big blind) folded before Flop
Seat 4: Mudager (button) (small blind) collected ($6)


PokerStars Hand #153901524785:  Hold'em Limit ($3/$6 USD) - 2016/05/27 4:49:14 ET
Table 'Eureka' 6-max Seat #1 is the button
Seat 1: chinoXXL ($121 in chips)
Seat 4: Mudager ($250.22 in chips)
chinoXXL: posts small blind $1
Mudager: posts big blind $3
*** HOLE CARDS ***
chinoXXL: raises $3 to $6
Mudager: raises $3 to $9
chinoXXL: calls $3
*** FLOP *** [2d Td 8s]
Mudager: bets $3
chinoXXL: calls $3
*** TURN *** [2d Td 8s] [4c]
Mudager: bets $6
chinoXXL: raises $6 to $12
Mudager: folds
Uncalled bet ($6) returned to chinoXXL
chinoXXL collected $35.50 from pot
chinoXXL: doesn't show hand
*** SUMMARY ***
Total pot $36 | Rake $0.50
Board [2d Td 8s 4c]
Seat 1: chinoXXL (button) (small blind) collected ($35.50)
Seat 4: Mudager (big blind) folded on the Turn


PokerStars Hand #153901542611:  Hold'em Limit ($3/$6 USD) - 2016/05/27 4:50:07 ET
Table 'Eureka' 6-max Seat #1 is the button
Seat 1: chinoXXL ($143.14 in chips)
Seat 4: Mudager ($227.22 in chips)
chinoXXL: posts small blind $1
Mudager: posts big blind $3
*** HOLE CARDS ***
chinoXXL: calls $2
Mudager: checks
*** FLOP *** [Js 5s 3s]
Mudager: bets $3
chinoXXL: folds
Uncalled bet ($3) returned to Mudager
Mudager collected $5.88 from pot
Mudager: doesn't show hand
*** SUMMARY ***
Total pot $6 | Rake $0.12
Board [Js 5s 3s]
Seat 1: chinoXXL (button) (small blind) folded on the Flop
Seat 4: Mudager (big blind) collected ($5.88)


PokerStars Hand #153901535240:  Hold'em Limit ($3/$6 USD) - 2016/05/27 4:49:45 ET
Table 'Eureka' 6-max Seat #4 is the button
Seat 1: chinoXXL ($134.50 in chips)
Seat 4: Mudager ($236.22 in chips)
Mudager: posts small blind $1
chinoXXL: posts big blind $3
*** HOLE CARDS ***
Mudager: raises $3 to $6
chinoXXL: calls $3
*** FLOP *** [9s Ad 7h]
chinoXXL: checks
Mudager: bets $3
chinoXXL: calls $3
*** TURN *** [9s Ad 7h] [2s]
chinoXXL: checks
Mudager: checks
*** RIVER *** [9s Ad 7h 2s] [9d]
chinoXXL: bets $6
Mudager: folds
Uncalled bet ($6) returned to chinoXXL
chinoXXL collected $17.64 from pot
chinoXXL: doesn't show hand
*** SUMMARY ***
Total pot $18 | Rake $0.36
Board [9s Ad 7h 2s 9d]
Seat 1: chinoXXL (big blind) collected ($17.64)
Seat 4: Mudager (button) (small blind) folded on the River


PokerStars Hand #153901563853:  Hold'em Limit ($3/$6 USD) - 2016/05/27 4:51:11 ET
Table 'Eureka' 6-max Seat #1 is the button
Seat 1: chinoXXL ($104.14 in chips)
Seat 4: Mudager ($265.60 in chips)
chinoXXL: posts small blind $1
Mudager: posts big blind $3
*** HOLE CARDS ***
chinoXXL: raises $3 to $6
Mudager: raises $3 to $9
chinoXXL: calls $3
*** FLOP *** [4c Ac Js]
Mudager: checks
chinoXXL: checks
*** TURN *** [4c Ac Js] [8d]
Mudager: bets $6
chinoXXL: folds
Uncalled bet ($6) returned to Mudager
Mudager collected $17.64 from pot
Mudager: doesn't show hand
*** SUMMARY ***
Total pot $18 | Rake $0.36
Board [4c Ac Js 8d]
Seat 1: chinoXXL (button) (small blind) folded on the Turn
Seat 4: Mudager (big blind) collected ($17.64)


PokerStars Hand #153901547124:  Hold'em Limit ($3/$6 USD) - 2016/05/27 4:50:21 ET
Table 'Eureka' 6-max Seat #4 is the button
Seat 1: chinoXXL ($140.14 in chips)
Seat 4: Mudager ($230.10 in chips)
Mudager: posts small blind $1
chinoXXL: posts big blind $3
*** HOLE CARDS ***
Mudager: raises $3 to $6
chinoXXL: raises $3 to $9
Mudager: calls $3
*** FLOP *** [4d Qd 6s]
chinoXXL: checks
Mudager: bets $3
chinoXXL: calls $3
*** TURN *** [4d Qd 6s] [8c]
chinoXXL: checks
Mudager: bets $6
chinoXXL: raises $6 to $12
Mudager: calls $6
*** RIVER *** [4d Qd 6s 8c] [Qc]
chinoXXL: bets $6
Mudager: raises $6 to $12
chinoXXL: calls $6
*** SHOW DOWN ***
Mudager: shows [Qh 5s] (three of a kind, Queens)
chinoXXL: mucks hand
Mudager collected $71.50 from pot
*** SUMMARY ***
Total pot $72 | Rake $0.50
Board [4d Qd 6s 8c Qc]
Seat 1: chinoXXL (big blind) mucked
Seat 4: Mudager (button) (small blind) showed [Qh 5s] and won ($71.50) with three of a kind, Queens


PokerStars Hand #153901584370:  Hold'em Limit ($3/$6 USD) - 2016/05/27 4:52:12 ET
Table 'Eureka' 6-max Seat #1 is the button
Seat 1: chinoXXL ($133.64 in chips)
Seat 4: Mudager ($235.24 in chips)
chinoXXL: posts small blind $1
Mudager: posts big blind $3
*** HOLE CARDS ***
chinoXXL: calls $2
Mudager: checks
*** FLOP *** [Ks 6c 6h]
Mudager: checks
chinoXXL: checks
*** TURN *** [Ks 6c 6h] [9d]
Mudager: checks
chinoXXL: checks
*** RIVER *** [Ks 6c 6h 9d] [Ac]
Mudager: checks
chinoXXL: bets $6
Mudager: folds
Uncalled bet ($6) returned to chinoXXL
chinoXXL collected $5.88 from pot
chinoXXL: doesn't show hand
*** SUMMARY ***
Total pot $6 | Rake $0.12
Board [Ks 6c 6h 9d Ac]
Seat 1: chinoXXL (button) (small blind) collected ($5.88)
Seat 4: Mudager (big blind) folded on the River


PokerStars Hand #153901572141:  Hold'em Limit ($3/$6 USD) - 2016/05/27 4:51:35 ET
Table 'Eureka' 6-max Seat #4 is the button
Seat 1: chinoXXL ($95.14 in chips)
Seat 4: Mudager ($274.24 in chips)
Mudager: posts small blind $1
chinoXXL: posts big blind $3
*** HOLE CARDS ***
Mudager: raises $3 to $6
chinoXXL: raises $3 to $9
Mudager: calls $3
*** FLOP *** [6d Ad 2h]
chinoXXL: checks
Mudager: bets $3
chinoXXL: raises $3 to $6
Mudager: calls $3
*** TURN *** [6d Ad 2h] [8d]
chinoXXL: bets $6
Mudager: raises $6 to $12
chinoXXL: raises $6 to $18
Mudager: calls $6
*** RIVER *** [6d Ad 2h 8d] [Jd]
chinoXXL: bets $6
Mudager: calls $6
*** SHOW DOWN ***
chinoXXL: shows [Kd 4h] (a flush, Ace high)
Mudager: mucks hand
chinoXXL collected $77.50 from pot
*** SUMMARY ***
Total pot $78 | Rake $0.50
Board [6d Ad 2h 8d Jd]
Seat 1: chinoXXL (big blind) showed [Kd 4h] and won ($77.50) with a flush, Ace high
Seat 4: Mudager (button) (small blind) mucked


PokerStars Hand #153901601146:  Hold'em Limit ($3/$6 USD) - 2016/05/27 4:53:01 ET
Table 'Eureka' 6-max Seat #1 is the button
Seat 1: chinoXXL ($145.16 in chips)
Seat 4: Mudager ($223.24 in chips)
chinoXXL: posts small blind $1
Mudager: posts big blind $3
*** HOLE CARDS ***
chinoXXL: calls $2
Mudager: raises $3 to $6
chinoXXL: raises $3 to $9
Mudager: raises $3 to $12
Betting is capped
chinoXXL: calls $3
*** FLOP *** [Qd Qh Js]
Mudager: bets $3
chinoXXL: raises $3 to $6
Mudager: calls $3
*** TURN *** [Qd Qh Js] [8c]
Mudager: checks
chinoXXL: bets $6
Mudager: calls $6
*** RIVER *** [Qd Qh Js 8c] [3d]
Mudager: checks
chinoXXL: bets $6
Mudager: calls $6
*** SHOW DOWN ***
chinoXXL: shows [Jd Jc] (a full house, Jacks full of Queens)
Mudager: mucks hand
chinoXXL collected $59.50 from pot
*** SUMMARY ***
Total pot $60 | Rake $0.50
Board [Qd Qh Js 8c 3d]
Seat 1: chinoXXL (button) (small blind) showed [Jd Jc] and won ($59.50) with a full house, Jacks full of Queens
Seat 4: Mudager (big blind) mucked


