PokerStars Hand #168432701452:  Hold'em Limit ($3/$6 USD) - 2017/04/01 15:32:31 ET
Table 'Eureka II' 6-max Seat #3 is the button
Seat 3: KidTaxMan ($153.89 in chips)
Seat 5: FinDeSiecle ($189.83 in chips)
pksubban7600 will be allowed to play after the button
KidTaxMan: posts small blind $1
FinDeSiecle: posts big blind $3
*** HOLE CARDS ***
KidTaxMan: folds
Uncalled bet ($2) returned to FinDeSiecle
FinDeSiecle collected $2 from pot
FinDeSiecle: doesn't show hand
*** SUMMARY ***
Total pot $2 | Rake $0
Seat 3: KidTaxMan (button) (small blind) folded before Flop
Seat 5: FinDeSiecle (big blind) collected ($2)


PokerStars Hand #168432810220:  Hold'em Limit ($3/$6 USD) - 2017/04/01 15:34:23 ET
Table 'Eureka II' 6-max Seat #2 is the button
Seat 2: pksubban7600 ($104.39 in chips)
Seat 5: FinDeSiecle ($168.57 in chips)
bolbess will be allowed to play after the button
tttzzz will be allowed to play after the button
pksubban7600: posts small blind $1
FinDeSiecle: posts big blind $3
*** HOLE CARDS ***
pksubban7600: folds
Uncalled bet ($2) returned to FinDeSiecle
FinDeSiecle collected $2 from pot
FinDeSiecle: doesn't show hand
*** SUMMARY ***
Total pot $2 | Rake $0
Seat 2: pksubban7600 (button) (small blind) folded before Flop
Seat 5: FinDeSiecle (big blind) collected ($2)


PokerStars Hand #168434245695:  Hold'em Limit ($3/$6 USD) - 2017/04/01 16:02:45 ET
Table 'Eureka II' 6-max Seat #4 is the button
Seat 1: sussie118 ($165.99 in chips)
Seat 4: Great_Kang ($145.38 in chips)
Great_Kang: posts small blind $1
sussie118: posts big blind $3
*** HOLE CARDS ***
Great_Kang: folds
Uncalled bet ($2) returned to sussie118
sussie118 collected $2 from pot
sussie118: doesn't show hand
*** SUMMARY ***
Total pot $2 | Rake $0
Seat 1: sussie118 (big blind) collected ($2)
Seat 4: Great_Kang (button) (small blind) folded before Flop


PokerStars Hand #168434261320:  Hold'em Limit ($3/$6 USD) - 2017/04/01 16:03:03 ET
Table 'Eureka II' 6-max Seat #1 is the button
Seat 1: sussie118 ($170.99 in chips)
Seat 4: Great_Kang ($140.38 in chips)
sussie118: posts small blind $1
Great_Kang: posts big blind $3
*** HOLE CARDS ***
sussie118: raises $3 to $6
Great_Kang: calls $3
*** FLOP *** [Th 2h 7c]
Great_Kang: checks
sussie118: bets $3
Great_Kang: raises $3 to $6
sussie118: calls $3
*** TURN *** [Th 2h 7c] [Tc]
bolbess joins the table at seat #6
Great_Kang: bets $6
sussie118: calls $6
*** RIVER *** [Th 2h 7c Tc] [Kd]
Great_Kang: bets $6
sussie118: folds
Uncalled bet ($6) returned to Great_Kang
Great_Kang collected $35.50 from pot
Great_Kang: doesn't show hand
*** SUMMARY ***
Total pot $36 | Rake $0.50
Board [Th 2h 7c Tc Kd]
Seat 1: sussie118 (button) (small blind) folded on the River
Seat 4: Great_Kang (big blind) collected ($35.50)


PokerStars Hand #168434255833:  Hold'em Limit ($3/$6 USD) - 2017/04/01 16:02:56 ET
Table 'Eureka II' 6-max Seat #4 is the button
Seat 1: sussie118 ($169.99 in chips)
Seat 4: Great_Kang ($141.38 in chips)
Great_Kang: posts small blind $1
sussie118: posts big blind $3
*** HOLE CARDS ***
Great_Kang: folds
Uncalled bet ($2) returned to sussie118
sussie118 collected $2 from pot
sussie118: doesn't show hand
*** SUMMARY ***
Total pot $2 | Rake $0
Seat 1: sussie118 (big blind) collected ($2)
Seat 4: Great_Kang (button) (small blind) folded before Flop


PokerStars Hand #168434249904:  Hold'em Limit ($3/$6 USD) - 2017/04/01 16:02:50 ET
Table 'Eureka II' 6-max Seat #1 is the button
Seat 1: sussie118 ($166.99 in chips)
Seat 4: Great_Kang ($144.38 in chips)
sussie118: posts small blind $1
Great_Kang: posts big blind $3
*** HOLE CARDS ***
sussie118: raises $3 to $6
Great_Kang: folds
Uncalled bet ($3) returned to sussie118
sussie118 collected $6 from pot
sussie118: doesn't show hand
*** SUMMARY ***
Total pot $6 | Rake $0
Seat 1: sussie118 (button) (small blind) collected ($6)
Seat 4: Great_Kang (big blind) folded before Flop


PokerStars Hand #168434573488:  Hold'em Limit ($3/$6 USD) - 2017/04/01 16:08:37 ET
Table 'Eureka II' 6-max Seat #4 is the button
Seat 1: sussie118 ($206.48 in chips)
Seat 4: Great_Kang ($157.72 in chips)
Great_Kang: posts small blind $1
sussie118: posts big blind $3
*** HOLE CARDS ***
Great_Kang: raises $3 to $6
bolbess leaves the table
sussie118: calls $3
*** FLOP *** [Kh 6c 2c]
sussie118: checks
Great_Kang: bets $3
sussie118: folds
Uncalled bet ($3) returned to Great_Kang
Great_Kang collected $11.76 from pot
Great_Kang: doesn't show hand
*** SUMMARY ***
Total pot $12 | Rake $0.24
Board [Kh 6c 2c]
Seat 1: sussie118 (big blind) folded on the Flop
Seat 4: Great_Kang (button) (small blind) collected ($11.76)


PokerStars Hand #168434590474:  Hold'em Limit ($3/$6 USD) - 2017/04/01 16:08:55 ET
Table 'Eureka II' 6-max Seat #1 is the button
Seat 1: sussie118 ($200.48 in chips)
Seat 4: Great_Kang ($163.48 in chips)
sussie118: posts small blind $1
Great_Kang: posts big blind $3
*** HOLE CARDS ***
sussie118: raises $3 to $6
bolbess joins the table at seat #6
Great_Kang: folds
Uncalled bet ($3) returned to sussie118
sussie118 collected $6 from pot
sussie118: doesn't show hand
*** SUMMARY ***
Total pot $6 | Rake $0
Seat 1: sussie118 (button) (small blind) collected ($6)
Seat 4: Great_Kang (big blind) folded before Flop


PokerStars Hand #168441381746:  Hold'em Limit ($3/$6 USD) - 2017/04/01 18:27:34 ET
Table 'Eureka II' 6-max Seat #3 is the button
Seat 2: krytalex ($72 in chips)
Seat 3: Frank_Stein ($68.78 in chips)
Frank_Stein: posts small blind $1
BunnyFizness: is sitting out
krytalex: posts big blind $3
*** HOLE CARDS ***
BunnyFizness leaves the table
Frank_Stein: raises $3 to $6
krytalex: calls $3
*** FLOP *** [Qc Jh 3d]
krytalex: checks
Frank_Stein: bets $3
krytalex: raises $3 to $6
Chessnok leaves the table
Frank_Stein: calls $3
*** TURN *** [Qc Jh 3d] [2d]
krytalex: bets $6
Frank_Stein: calls $6
*** RIVER *** [Qc Jh 3d 2d] [Th]
krytalex: bets $6
Frank_Stein: calls $6
*** SHOW DOWN ***
krytalex: shows [8d Jd] (a pair of Jacks)
Frank_Stein: mucks hand
krytalex collected $47.50 from pot
*** SUMMARY ***
Total pot $48 | Rake $0.50
Board [Qc Jh 3d 2d Th]
Seat 2: krytalex (big blind) showed [8d Jd] and won ($47.50) with a pair of Jacks
Seat 3: Frank_Stein (button) (small blind) mucked


PokerStars Hand #168441446466:  Hold'em Limit ($3/$6 USD) - 2017/04/01 18:29:02 ET
Table 'Eureka II' 6-max Seat #2 is the button
Seat 2: krytalex ($95.50 in chips)
Seat 3: Frank_Stein ($44.78 in chips)
krytalex: posts small blind $1
Frank_Stein: posts big blind $3
*** HOLE CARDS ***
krytalex: raises $3 to $6
Frank_Stein: calls $3
*** FLOP *** [9s 2d Th]
Frank_Stein: checks
krytalex: checks
*** TURN *** [9s 2d Th] [Qd]
Frank_Stein: checks
krytalex: checks
*** RIVER *** [9s 2d Th Qd] [9d]
Frank_Stein: checks
krytalex: checks
*** SHOW DOWN ***
Frank_Stein: shows [Ad 3s] (a pair of Nines)
krytalex: mucks hand
Frank_Stein collected $11.76 from pot
*** SUMMARY ***
Total pot $12 | Rake $0.24
Board [9s 2d Th Qd 9d]
Seat 2: krytalex (button) (small blind) mucked
Seat 3: Frank_Stein (big blind) showed [Ad 3s] and won ($11.76) with a pair of Nines


PokerStars Hand #168441894481:  Hold'em Limit ($3/$6 USD) - 2017/04/01 18:39:15 ET
Table 'Eureka II' 6-max Seat #3 is the button
Seat 2: krytalex ($106.41 in chips)
Seat 3: Frank_Stein ($63.61 in chips)
Frank_Stein: posts small blind $1
krytalex: posts big blind $3
*** HOLE CARDS ***
Frank_Stein: calls $2
krytalex: raises $3 to $6
Frank_Stein: calls $3
*** FLOP *** [9s 7d 7c]
krytalex: bets $3
Frank_Stein: folds
Uncalled bet ($3) returned to krytalex
krytalex collected $11.76 from pot
*** SUMMARY ***
Total pot $12 | Rake $0.24
Board [9s 7d 7c]
Seat 2: krytalex (big blind) collected ($11.76)
Seat 3: Frank_Stein (button) (small blind) folded on the Flop


PokerStars Hand #168441905602:  Hold'em Limit ($3/$6 USD) - 2017/04/01 18:39:30 ET
Table 'Eureka II' 6-max Seat #2 is the button
Seat 2: krytalex ($112.17 in chips)
Seat 3: Frank_Stein ($57.61 in chips)
krytalex: posts small blind $1
Frank_Stein: posts big blind $3
*** HOLE CARDS ***
krytalex: raises $3 to $6
Frank_Stein: raises $3 to $9
krytalex: calls $3
*** FLOP *** [7d 7c Td]
Frank_Stein: bets $3
krytalex: folds
Uncalled bet ($3) returned to Frank_Stein
Frank_Stein collected $17.64 from pot
Frank_Stein: doesn't show hand
*** SUMMARY ***
Total pot $18 | Rake $0.36
Board [7d 7c Td]
Seat 2: krytalex (button) (small blind) folded on the Flop
Seat 3: Frank_Stein (big blind) collected ($17.64)


PokerStars Hand #168441918180:  Hold'em Limit ($3/$6 USD) - 2017/04/01 18:39:48 ET
Table 'Eureka II' 6-max Seat #3 is the button
Seat 2: krytalex ($103.17 in chips)
Seat 3: Frank_Stein ($66.25 in chips)
Frank_Stein: posts small blind $1
krytalex: posts big blind $3
*** HOLE CARDS ***
Frank_Stein: raises $3 to $6
krytalex: raises $3 to $9
Frank_Stein: calls $3
*** FLOP *** [3d 8d Js]
krytalex: bets $3
Frank_Stein: calls $3
*** TURN *** [3d 8d Js] [6s]
krytalex: bets $6
Frank_Stein: folds
Uncalled bet ($6) returned to krytalex
krytalex collected $23.52 from pot
*** SUMMARY ***
Total pot $24 | Rake $0.48
Board [3d 8d Js 6s]
Seat 2: krytalex (big blind) collected ($23.52)
Seat 3: Frank_Stein (button) (small blind) folded on the Turn


PokerStars Hand #168441936500:  Hold'em Limit ($3/$6 USD) - 2017/04/01 18:40:14 ET
Table 'Eureka II' 6-max Seat #2 is the button
Seat 2: krytalex ($114.69 in chips)
Seat 3: Frank_Stein ($54.25 in chips)
krytalex: posts small blind $1
Frank_Stein: posts big blind $3
*** HOLE CARDS ***
krytalex: raises $3 to $6
Frank_Stein: calls $3
*** FLOP *** [6h 9h 2s]
Frank_Stein: checks
krytalex: bets $3
Frank_Stein: folds
Uncalled bet ($3) returned to krytalex
krytalex collected $11.76 from pot
*** SUMMARY ***
Total pot $12 | Rake $0.24
Board [6h 9h 2s]
Seat 2: krytalex (button) (small blind) collected ($11.76)
Seat 3: Frank_Stein (big blind) folded on the Flop


PokerStars Hand #168441946516:  Hold'em Limit ($3/$6 USD) - 2017/04/01 18:40:28 ET
Table 'Eureka II' 6-max Seat #3 is the button
Seat 2: krytalex ($120.45 in chips)
Seat 3: Frank_Stein ($48.25 in chips)
Frank_Stein: posts small blind $1
krytalex: posts big blind $3
*** HOLE CARDS ***
Frank_Stein: raises $3 to $6
krytalex: calls $3
*** FLOP *** [Jc 7s Jh]
krytalex: checks
Frank_Stein: bets $3
krytalex: raises $3 to $6
Frank_Stein: calls $3
*** TURN *** [Jc 7s Jh] [Ac]
krytalex: bets $6
Frank_Stein: folds
Uncalled bet ($6) returned to krytalex
krytalex collected $23.52 from pot
*** SUMMARY ***
Total pot $24 | Rake $0.48
Board [Jc 7s Jh Ac]
Seat 2: krytalex (big blind) collected ($23.52)
Seat 3: Frank_Stein (button) (small blind) folded on the Turn


PokerStars Hand #168441981489:  Hold'em Limit ($3/$6 USD) - 2017/04/01 18:41:18 ET
Table 'Eureka II' 6-max Seat #2 is the button
Seat 2: krytalex ($131.97 in chips)
Seat 3: Frank_Stein ($36.25 in chips)
krytalex: posts small blind $1
Frank_Stein: posts big blind $3
*** HOLE CARDS ***
krytalex: raises $3 to $6
Frank_Stein: calls $3
*** FLOP *** [3s Qd 6c]
Frank_Stein: checks
krytalex: bets $3
Frank_Stein: calls $3
*** TURN *** [3s Qd 6c] [6h]
Frank_Stein: checks
krytalex: checks
*** RIVER *** [3s Qd 6c 6h] [Js]
Frank_Stein: checks
krytalex: checks
*** SHOW DOWN ***
Frank_Stein: shows [7s Ad] (a pair of Sixes)
krytalex: mucks hand
Frank_Stein collected $17.64 from pot
*** SUMMARY ***
Total pot $18 | Rake $0.36
Board [3s Qd 6c 6h Js]
Seat 2: krytalex (button) (small blind) mucked
Seat 3: Frank_Stein (big blind) showed [7s Ad] and won ($17.64) with a pair of Sixes


PokerStars Hand #168442012247:  Hold'em Limit ($3/$6 USD) - 2017/04/01 18:42:02 ET
Table 'Eureka II' 6-max Seat #3 is the button
Seat 2: krytalex ($122.97 in chips)
Seat 3: Frank_Stein ($44.89 in chips)
Frank_Stein: posts small blind $1
krytalex: posts big blind $3
*** HOLE CARDS ***
Frank_Stein: folds
Uncalled bet ($2) returned to krytalex
krytalex collected $2 from pot
*** SUMMARY ***
Total pot $2 | Rake $0
Seat 2: krytalex (big blind) collected ($2)
Seat 3: Frank_Stein (button) (small blind) folded before Flop


PokerStars Hand #168442022638:  Hold'em Limit ($3/$6 USD) - 2017/04/01 18:42:17 ET
Table 'Eureka II' 6-max Seat #2 is the button
Seat 2: krytalex ($123.97 in chips)
Seat 3: Frank_Stein ($43.89 in chips)
krytalex: posts small blind $1
Frank_Stein: posts big blind $3
*** HOLE CARDS ***
krytalex: raises $3 to $6
Frank_Stein: calls $3
*** FLOP *** [6c 6s 3d]
Frank_Stein: checks
krytalex: bets $3
Frank_Stein: calls $3
*** TURN *** [6c 6s 3d] [Tc]
Frank_Stein: checks
krytalex: checks
*** RIVER *** [6c 6s 3d Tc] [Qc]
Frank_Stein: checks
krytalex: checks
*** SHOW DOWN ***
Frank_Stein: shows [9c Th] (two pair, Tens and Sixes)
krytalex: mucks hand
Frank_Stein collected $17.64 from pot
*** SUMMARY ***
Total pot $18 | Rake $0.36
Board [6c 6s 3d Tc Qc]
Seat 2: krytalex (button) (small blind) mucked
Seat 3: Frank_Stein (big blind) showed [9c Th] and won ($17.64) with two pair, Tens and Sixes


PokerStars Hand #168442055423:  Hold'em Limit ($3/$6 USD) - 2017/04/01 18:43:04 ET
Table 'Eureka II' 6-max Seat #3 is the button
Seat 2: krytalex ($114.97 in chips)
Seat 3: Frank_Stein ($52.53 in chips)
Frank_Stein: posts small blind $1
krytalex: posts big blind $3
*** HOLE CARDS ***
Frank_Stein: raises $3 to $6
krytalex: calls $3
*** FLOP *** [Kc 4d 2s]
krytalex: checks
Frank_Stein: bets $3
krytalex: folds
Uncalled bet ($3) returned to Frank_Stein
Frank_Stein collected $11.76 from pot
Frank_Stein: doesn't show hand
*** SUMMARY ***
Total pot $12 | Rake $0.24
Board [Kc 4d 2s]
Seat 2: krytalex (big blind) folded on the Flop
Seat 3: Frank_Stein (button) (small blind) collected ($11.76)


PokerStars Hand #168442081493:  Hold'em Limit ($3/$6 USD) - 2017/04/01 18:43:41 ET
Table 'Eureka II' 6-max Seat #3 is the button
Seat 2: krytalex ($111.97 in chips)
Seat 3: Frank_Stein ($55.29 in chips)
Frank_Stein: posts small blind $1
krytalex: posts big blind $3
*** HOLE CARDS ***
Frank_Stein: folds
Uncalled bet ($2) returned to krytalex
krytalex collected $2 from pot
*** SUMMARY ***
Total pot $2 | Rake $0
Seat 2: krytalex (big blind) collected ($2)
Seat 3: Frank_Stein (button) (small blind) folded before Flop


PokerStars Hand #168442076910:  Hold'em Limit ($3/$6 USD) - 2017/04/01 18:43:35 ET
Table 'Eureka II' 6-max Seat #2 is the button
Seat 2: krytalex ($108.97 in chips)
Seat 3: Frank_Stein ($58.29 in chips)
krytalex: posts small blind $1
Frank_Stein: posts big blind $3
*** HOLE CARDS ***
krytalex: raises $3 to $6
Frank_Stein: folds
Uncalled bet ($3) returned to krytalex
krytalex collected $6 from pot
*** SUMMARY ***
Total pot $6 | Rake $0
Seat 2: krytalex (button) (small blind) collected ($6)
Seat 3: Frank_Stein (big blind) folded before Flop


PokerStars Hand #168442085582:  Hold'em Limit ($3/$6 USD) - 2017/04/01 18:43:47 ET
Table 'Eureka II' 6-max Seat #2 is the button
Seat 2: krytalex ($112.97 in chips)
Seat 3: Frank_Stein ($54.29 in chips)
krytalex: posts small blind $1
Frank_Stein: posts big blind $3
*** HOLE CARDS ***
krytalex: raises $3 to $6
Frank_Stein: folds
Uncalled bet ($3) returned to krytalex
krytalex collected $6 from pot
*** SUMMARY ***
Total pot $6 | Rake $0
Seat 2: krytalex (button) (small blind) collected ($6)
Seat 3: Frank_Stein (big blind) folded before Flop


PokerStars Hand #168442098599:  Hold'em Limit ($3/$6 USD) - 2017/04/01 18:44:06 ET
Table 'Eureka II' 6-max Seat #2 is the button
Seat 2: krytalex ($116.97 in chips)
Seat 3: Frank_Stein ($50.29 in chips)
krytalex: posts small blind $1
Frank_Stein: posts big blind $3
*** HOLE CARDS ***
krytalex: raises $3 to $6
Frank_Stein: calls $3
*** FLOP *** [Tc Th 2c]
Frank_Stein: checks
krytalex: bets $3
Frank_Stein: raises $3 to $6
krytalex: calls $3
*** TURN *** [Tc Th 2c] [7d]
Frank_Stein: bets $6
krytalex: folds
Uncalled bet ($6) returned to Frank_Stein
Frank_Stein collected $23.52 from pot
Frank_Stein: doesn't show hand
*** SUMMARY ***
Total pot $24 | Rake $0.48
Board [Tc Th 2c 7d]
Seat 2: krytalex (button) (small blind) folded on the Turn
Seat 3: Frank_Stein (big blind) collected ($23.52)


PokerStars Hand #168442094687:  Hold'em Limit ($3/$6 USD) - 2017/04/01 18:44:00 ET
Table 'Eureka II' 6-max Seat #3 is the button
Seat 2: krytalex ($115.97 in chips)
Seat 3: Frank_Stein ($51.29 in chips)
Frank_Stein: posts small blind $1
krytalex: posts big blind $3
*** HOLE CARDS ***
Frank_Stein: folds
Uncalled bet ($2) returned to krytalex
krytalex collected $2 from pot
*** SUMMARY ***
Total pot $2 | Rake $0
Seat 2: krytalex (big blind) collected ($2)
Seat 3: Frank_Stein (button) (small blind) folded before Flop


PokerStars Hand #168442124554:  Hold'em Limit ($3/$6 USD) - 2017/04/01 18:44:43 ET
Table 'Eureka II' 6-max Seat #3 is the button
Seat 2: krytalex ($104.97 in chips)
Seat 3: Frank_Stein ($61.81 in chips)
Frank_Stein: posts small blind $1
krytalex: posts big blind $3
*** HOLE CARDS ***
Frank_Stein: raises $3 to $6
krytalex: raises $3 to $9
Frank_Stein: calls $3
*** FLOP *** [5s 8h 9h]
krytalex: bets $3
Frank_Stein: calls $3
*** TURN *** [5s 8h 9h] [2d]
krytalex: bets $6
Frank_Stein: raises $6 to $12
krytalex: calls $6
*** RIVER *** [5s 8h 9h 2d] [Ts]
krytalex: checks
Frank_Stein: bets $6
krytalex: folds
Uncalled bet ($6) returned to Frank_Stein
Frank_Stein collected $47.50 from pot
Frank_Stein: doesn't show hand
*** SUMMARY ***
Total pot $48 | Rake $0.50
Board [5s 8h 9h 2d Ts]
Seat 2: krytalex (big blind) folded on the River
Seat 3: Frank_Stein (button) (small blind) collected ($47.50)


PokerStars Hand #168442152367:  Hold'em Limit ($3/$6 USD) - 2017/04/01 18:45:23 ET
Table 'Eureka II' 6-max Seat #2 is the button
Seat 2: krytalex ($80.97 in chips)
Seat 3: Frank_Stein ($85.31 in chips)
krytalex: posts small blind $1
Frank_Stein: posts big blind $3
*** HOLE CARDS ***
krytalex: raises $3 to $6
Frank_Stein: calls $3
*** FLOP *** [9h 9s 4h]
Frank_Stein: checks
krytalex: bets $3
Frank_Stein: folds
Uncalled bet ($3) returned to krytalex
krytalex collected $11.76 from pot
*** SUMMARY ***
Total pot $12 | Rake $0.24
Board [9h 9s 4h]
Seat 2: krytalex (button) (small blind) collected ($11.76)
Seat 3: Frank_Stein (big blind) folded on the Flop


PokerStars Hand #168442168296:  Hold'em Limit ($3/$6 USD) - 2017/04/01 18:45:45 ET
Table 'Eureka II' 6-max Seat #3 is the button
Seat 2: krytalex ($86.73 in chips)
Seat 3: Frank_Stein ($79.31 in chips)
Frank_Stein: posts small blind $1
krytalex: posts big blind $3
*** HOLE CARDS ***
Frank_Stein: folds
Uncalled bet ($2) returned to krytalex
krytalex collected $2 from pot
*** SUMMARY ***
Total pot $2 | Rake $0
Seat 2: krytalex (big blind) collected ($2)
Seat 3: Frank_Stein (button) (small blind) folded before Flop


PokerStars Hand #168442175172:  Hold'em Limit ($3/$6 USD) - 2017/04/01 18:45:55 ET
Table 'Eureka II' 6-max Seat #2 is the button
Seat 2: krytalex ($87.73 in chips)
Seat 3: Frank_Stein ($78.31 in chips)
krytalex: posts small blind $1
Frank_Stein: posts big blind $3
*** HOLE CARDS ***
krytalex: raises $3 to $6
Frank_Stein: calls $3
*** FLOP *** [4h Kc 8d]
Frank_Stein: checks
krytalex: bets $3
Frank_Stein: raises $3 to $6
krytalex: calls $3
*** TURN *** [4h Kc 8d] [5h]
Frank_Stein: bets $6
krytalex: folds
Uncalled bet ($6) returned to Frank_Stein
Frank_Stein collected $23.52 from pot
Frank_Stein: doesn't show hand
*** SUMMARY ***
Total pot $24 | Rake $0.48
Board [4h Kc 8d 5h]
Seat 2: krytalex (button) (small blind) folded on the Turn
Seat 3: Frank_Stein (big blind) collected ($23.52)


PokerStars Hand #168442216440:  Hold'em Limit ($3/$6 USD) - 2017/04/01 18:46:53 ET
Table 'Eureka II' 6-max Seat #3 is the button
Seat 2: krytalex ($75.73 in chips)
Seat 3: Frank_Stein ($89.83 in chips)
Frank_Stein: posts small blind $1
krytalex: posts big blind $3
*** HOLE CARDS ***
Frank_Stein: calls $2
krytalex: raises $3 to $6
Frank_Stein: calls $3
*** FLOP *** [3c 3s Kh]
krytalex: bets $3
Frank_Stein: folds
Uncalled bet ($3) returned to krytalex
krytalex collected $11.76 from pot
*** SUMMARY ***
Total pot $12 | Rake $0.24
Board [3c 3s Kh]
Seat 2: krytalex (big blind) collected ($11.76)
Seat 3: Frank_Stein (button) (small blind) folded on the Flop


PokerStars Hand #168442235387:  Hold'em Limit ($3/$6 USD) - 2017/04/01 18:47:20 ET
Table 'Eureka II' 6-max Seat #2 is the button
Seat 2: krytalex ($81.49 in chips)
Seat 3: Frank_Stein ($83.83 in chips)
krytalex: posts small blind $1
Frank_Stein: posts big blind $3
*** HOLE CARDS ***
krytalex: raises $3 to $6
Frank_Stein: folds
Uncalled bet ($3) returned to krytalex
krytalex collected $6 from pot
*** SUMMARY ***
Total pot $6 | Rake $0
Seat 2: krytalex (button) (small blind) collected ($6)
Seat 3: Frank_Stein (big blind) folded before Flop


PokerStars Hand #168442242628:  Hold'em Limit ($3/$6 USD) - 2017/04/01 18:47:30 ET
Table 'Eureka II' 6-max Seat #3 is the button
Seat 2: krytalex ($84.49 in chips)
Seat 3: Frank_Stein ($80.83 in chips)
Frank_Stein: posts small blind $1
krytalex: posts big blind $3
*** HOLE CARDS ***
Frank_Stein: folds
Uncalled bet ($2) returned to krytalex
krytalex collected $2 from pot
*** SUMMARY ***
Total pot $2 | Rake $0
Seat 2: krytalex (big blind) collected ($2)
Seat 3: Frank_Stein (button) (small blind) folded before Flop


PokerStars Hand #168442274079:  Hold'em Limit ($3/$6 USD) - 2017/04/01 18:48:15 ET
Table 'Eureka II' 6-max Seat #3 is the button
Seat 2: krytalex ($72 in chips)
Seat 3: Frank_Stein ($103.33 in chips)
Frank_Stein: posts small blind $1
krytalex: posts big blind $3
*** HOLE CARDS ***
Frank_Stein: calls $2
krytalex: checks
*** FLOP *** [2h Qs Qc]
krytalex: checks
Frank_Stein: checks
*** TURN *** [2h Qs Qc] [8h]
krytalex: checks
Frank_Stein: checks
*** RIVER *** [2h Qs Qc 8h] [5h]
krytalex: checks
Frank_Stein: bets $6
krytalex: folds
Uncalled bet ($6) returned to Frank_Stein
Frank_Stein collected $5.88 from pot
Frank_Stein: doesn't show hand
*** SUMMARY ***
Total pot $6 | Rake $0.12
Board [2h Qs Qc 8h 5h]
Seat 2: krytalex (big blind) folded on the River
Seat 3: Frank_Stein (button) (small blind) collected ($5.88)


PokerStars Hand #168442246118:  Hold'em Limit ($3/$6 USD) - 2017/04/01 18:47:35 ET
Table 'Eureka II' 6-max Seat #2 is the button
Seat 2: krytalex ($85.49 in chips)
Seat 3: Frank_Stein ($79.83 in chips)
krytalex: posts small blind $1
Frank_Stein: posts big blind $3
*** HOLE CARDS ***
krytalex: raises $3 to $6
Frank_Stein: raises $3 to $9
krytalex: calls $3
*** FLOP *** [Th 3c 2c]
Frank_Stein: bets $3
krytalex: calls $3
*** TURN *** [Th 3c 2c] [9d]
Frank_Stein: bets $6
krytalex: calls $6
*** RIVER *** [Th 3c 2c 9d] [Jh]
Frank_Stein: bets $6
krytalex: calls $6
*** SHOW DOWN ***
Frank_Stein: shows [Qc Js] (a pair of Jacks)
krytalex: mucks hand
Frank_Stein collected $47.50 from pot
*** SUMMARY ***
Total pot $48 | Rake $0.50
Board [Th 3c 2c 9d Jh]
Seat 2: krytalex (button) (small blind) mucked
Seat 3: Frank_Stein (big blind) showed [Qc Js] and won ($47.50) with a pair of Jacks


PokerStars Hand #168442342634:  Hold'em Limit ($3/$6 USD) - 2017/04/01 18:49:53 ET
Table 'Eureka II' 6-max Seat #2 is the button
Seat 2: krytalex ($72 in chips)
Seat 3: Frank_Stein ($105.97 in chips)
krytalex: posts small blind $1
Frank_Stein: posts big blind $3
*** HOLE CARDS ***
krytalex: folds
Uncalled bet ($2) returned to Frank_Stein
Frank_Stein collected $2 from pot
Frank_Stein: doesn't show hand
*** SUMMARY ***
Total pot $2 | Rake $0
Seat 2: krytalex (button) (small blind) folded before Flop
Seat 3: Frank_Stein (big blind) collected ($2)


PokerStars Hand #168442316865:  Hold'em Limit ($3/$6 USD) - 2017/04/01 18:49:16 ET
Table 'Eureka II' 6-max Seat #3 is the button
Seat 2: krytalex ($77.76 in chips)
Seat 3: Frank_Stein ($100.21 in chips)
Frank_Stein: posts small blind $1
krytalex: posts big blind $3
*** HOLE CARDS ***
Frank_Stein: raises $3 to $6
krytalex: calls $3
*** FLOP *** [8s 2d 5d]
krytalex: checks
Frank_Stein: bets $3
krytalex: folds
Uncalled bet ($3) returned to Frank_Stein
Frank_Stein collected $11.76 from pot
Frank_Stein: doesn't show hand
*** SUMMARY ***
Total pot $12 | Rake $0.24
Board [8s 2d 5d]
Seat 2: krytalex (big blind) folded on the Flop
Seat 3: Frank_Stein (button) (small blind) collected ($11.76)


PokerStars Hand #168442303249:  Hold'em Limit ($3/$6 USD) - 2017/04/01 18:48:56 ET
Table 'Eureka II' 6-max Seat #2 is the button
Seat 2: krytalex ($72 in chips)
Seat 3: Frank_Stein ($106.21 in chips)
krytalex: posts small blind $1
Frank_Stein: posts big blind $3
*** HOLE CARDS ***
krytalex: raises $3 to $6
Frank_Stein: calls $3
*** FLOP *** [4s Ts 6s]
Frank_Stein: checks
krytalex: bets $3
Frank_Stein: folds
Uncalled bet ($3) returned to krytalex
krytalex collected $11.76 from pot
*** SUMMARY ***
Total pot $12 | Rake $0.24
Board [4s Ts 6s]
Seat 2: krytalex (button) (small blind) collected ($11.76)
Seat 3: Frank_Stein (big blind) folded on the Flop


PokerStars Hand #168442346183:  Hold'em Limit ($3/$6 USD) - 2017/04/01 18:49:58 ET
Table 'Eureka II' 6-max Seat #3 is the button
Seat 2: krytalex ($72 in chips)
Seat 3: Frank_Stein ($106.97 in chips)
Frank_Stein: posts small blind $1
krytalex: posts big blind $3
*** HOLE CARDS ***
Frank_Stein: raises $3 to $6
krytalex: calls $3
*** FLOP *** [9s 9h 2s]
krytalex: checks
Frank_Stein: bets $3
krytalex: folds
Uncalled bet ($3) returned to Frank_Stein
Frank_Stein collected $11.76 from pot
Frank_Stein: doesn't show hand
*** SUMMARY ***
Total pot $12 | Rake $0.24
Board [9s 9h 2s]
Seat 2: krytalex (big blind) folded on the Flop
Seat 3: Frank_Stein (button) (small blind) collected ($11.76)


PokerStars Hand #168442402433:  Hold'em Limit ($3/$6 USD) - 2017/04/01 18:51:19 ET
Table 'Eureka II' 6-max Seat #2 is the button
Seat 2: krytalex ($78.76 in chips)
Seat 3: Frank_Stein ($105.73 in chips)
krytalex: posts small blind $1
Frank_Stein: posts big blind $3
*** HOLE CARDS ***
krytalex: folds
Uncalled bet ($2) returned to Frank_Stein
Frank_Stein collected $2 from pot
Frank_Stein: doesn't show hand
*** SUMMARY ***
Total pot $2 | Rake $0
Seat 2: krytalex (button) (small blind) folded before Flop
Seat 3: Frank_Stein (big blind) collected ($2)


PokerStars Hand #168442394463:  Hold'em Limit ($3/$6 USD) - 2017/04/01 18:51:08 ET
Table 'Eureka II' 6-max Seat #3 is the button
Seat 2: krytalex ($77.76 in chips)
Seat 3: Frank_Stein ($106.73 in chips)
Frank_Stein: posts small blind $1
krytalex: posts big blind $3
*** HOLE CARDS ***
Frank_Stein: folds
Uncalled bet ($2) returned to krytalex
krytalex collected $2 from pot
*** SUMMARY ***
Total pot $2 | Rake $0
Seat 2: krytalex (big blind) collected ($2)
Seat 3: Frank_Stein (button) (small blind) folded before Flop


PokerStars Hand #168442366779:  Hold'em Limit ($3/$6 USD) - 2017/04/01 18:50:28 ET
Table 'Eureka II' 6-max Seat #2 is the button
Seat 2: krytalex ($72 in chips)
Seat 3: Frank_Stein ($112.73 in chips)
krytalex: posts small blind $1
Frank_Stein: posts big blind $3
*** HOLE CARDS ***
krytalex: raises $3 to $6
Frank_Stein: calls $3
*** FLOP *** [4s 2s Js]
Frank_Stein: checks
krytalex: bets $3
Frank_Stein: folds
Uncalled bet ($3) returned to krytalex
krytalex collected $11.76 from pot
*** SUMMARY ***
Total pot $12 | Rake $0.24
Board [4s 2s Js]
Seat 2: krytalex (button) (small blind) collected ($11.76)
Seat 3: Frank_Stein (big blind) folded on the Flop


PokerStars Hand #168442433965:  Hold'em Limit ($3/$6 USD) - 2017/04/01 18:52:05 ET
Table 'Eureka II' 6-max Seat #2 is the button
Seat 2: krytalex ($72 in chips)
Seat 3: Frank_Stein ($124.23 in chips)
krytalex: posts small blind $1
Frank_Stein: posts big blind $3
*** HOLE CARDS ***
krytalex: raises $3 to $6
Frank_Stein: calls $3
*** FLOP *** [Th 9h 8d]
Frank_Stein: checks
krytalex: checks
*** TURN *** [Th 9h 8d] [Qh]
Frank_Stein: bets $6
krytalex: calls $6
*** RIVER *** [Th 9h 8d Qh] [6h]
Frank_Stein: checks
krytalex: bets $6
Frank_Stein: calls $6
*** SHOW DOWN ***
krytalex: shows [Kh 5c] (a flush, King high)
Frank_Stein: mucks hand
krytalex collected $35.50 from pot
*** SUMMARY ***
Total pot $36 | Rake $0.50
Board [Th 9h 8d Qh 6h]
Seat 2: krytalex (button) (small blind) showed [Kh 5c] and won ($35.50) with a flush, King high
Seat 3: Frank_Stein (big blind) mucked


PokerStars Hand #168442406587:  Hold'em Limit ($3/$6 USD) - 2017/04/01 18:51:25 ET
Table 'Eureka II' 6-max Seat #3 is the button
Seat 2: krytalex ($77.76 in chips)
Seat 3: Frank_Stein ($106.73 in chips)
Frank_Stein: posts small blind $1
krytalex: posts big blind $3
*** HOLE CARDS ***
Frank_Stein: raises $3 to $6
krytalex: raises $3 to $9
Frank_Stein: calls $3
*** FLOP *** [7h 4s Jh]
krytalex: bets $3
Frank_Stein: calls $3
*** TURN *** [7h 4s Jh] [5c]
krytalex: bets $6
Frank_Stein: calls $6
*** RIVER *** [7h 4s Jh 5c] [8d]
krytalex: checks
Frank_Stein: bets $6
krytalex: folds
Uncalled bet ($6) returned to Frank_Stein
Frank_Stein collected $35.50 from pot
Frank_Stein: doesn't show hand
*** SUMMARY ***
Total pot $36 | Rake $0.50
Board [7h 4s Jh 5c 8d]
Seat 2: krytalex (big blind) folded on the River
Seat 3: Frank_Stein (button) (small blind) collected ($35.50)


PokerStars Hand #168442464855:  Hold'em Limit ($3/$6 USD) - 2017/04/01 18:52:50 ET
Table 'Eureka II' 6-max Seat #3 is the button
Seat 2: krytalex ($89.50 in chips)
Seat 3: Frank_Stein ($106.23 in chips)
Frank_Stein: posts small blind $1
krytalex: posts big blind $3
*** HOLE CARDS ***
Frank_Stein: raises $3 to $6
krytalex: folds
Uncalled bet ($3) returned to Frank_Stein
Frank_Stein collected $6 from pot
Frank_Stein: doesn't show hand
*** SUMMARY ***
Total pot $6 | Rake $0
Seat 2: krytalex (big blind) folded before Flop
Seat 3: Frank_Stein (button) (small blind) collected ($6)


PokerStars Hand #168442527374:  Hold'em Limit ($3/$6 USD) - 2017/04/01 18:54:21 ET
Table 'Eureka II' 6-max Seat #3 is the button
Seat 2: krytalex ($72 in chips)
Seat 3: Frank_Stein ($142.73 in chips)
Frank_Stein: posts small blind $1
krytalex: posts big blind $3
*** HOLE CARDS ***
Frank_Stein: raises $3 to $6
krytalex: calls $3
*** FLOP *** [9s 3d Td]
krytalex: checks
Frank_Stein: checks
*** TURN *** [9s 3d Td] [5d]
krytalex: bets $6
Frank_Stein: folds
Uncalled bet ($6) returned to krytalex
krytalex collected $11.76 from pot
*** SUMMARY ***
Total pot $12 | Rake $0.24
Board [9s 3d Td 5d]
Seat 2: krytalex (big blind) collected ($11.76)
Seat 3: Frank_Stein (button) (small blind) folded on the Turn


PokerStars Hand #168442523072:  Hold'em Limit ($3/$6 USD) - 2017/04/01 18:54:15 ET
Table 'Eureka II' 6-max Seat #2 is the button
Seat 2: krytalex ($72 in chips)
Seat 3: Frank_Stein ($141.73 in chips)
krytalex: posts small blind $1
Frank_Stein: posts big blind $3
*** HOLE CARDS ***
krytalex: folds
Uncalled bet ($2) returned to Frank_Stein
Frank_Stein collected $2 from pot
Frank_Stein: doesn't show hand
*** SUMMARY ***
Total pot $2 | Rake $0
Seat 2: krytalex (button) (small blind) folded before Flop
Seat 3: Frank_Stein (big blind) collected ($2)


PokerStars Hand #168442515749:  Hold'em Limit ($3/$6 USD) - 2017/04/01 18:54:04 ET
Table 'Eureka II' 6-max Seat #3 is the button
Seat 2: krytalex ($72 in chips)
Seat 3: Frank_Stein ($138.73 in chips)
Frank_Stein: posts small blind $1
krytalex: posts big blind $3
*** HOLE CARDS ***
Frank_Stein: raises $3 to $6
krytalex: folds
Uncalled bet ($3) returned to Frank_Stein
Frank_Stein collected $6 from pot
Frank_Stein: doesn't show hand
*** SUMMARY ***
Total pot $6 | Rake $0
Seat 2: krytalex (big blind) folded before Flop
Seat 3: Frank_Stein (button) (small blind) collected ($6)


PokerStars Hand #168442471299:  Hold'em Limit ($3/$6 USD) - 2017/04/01 18:52:59 ET
Table 'Eureka II' 6-max Seat #2 is the button
Seat 2: krytalex ($86.50 in chips)
Seat 3: Frank_Stein ($109.23 in chips)
krytalex: posts small blind $1
Frank_Stein: posts big blind $3
*** HOLE CARDS ***
krytalex: raises $3 to $6
Frank_Stein: raises $3 to $9
krytalex: calls $3
*** FLOP *** [Ts Kd 3s]
Frank_Stein: bets $3
krytalex: calls $3
*** TURN *** [Ts Kd 3s] [Td]
Frank_Stein: bets $6
krytalex: calls $6
*** RIVER *** [Ts Kd 3s Td] [3h]
Frank_Stein: bets $6
krytalex: raises $6 to $12
Frank_Stein: calls $6
*** SHOW DOWN ***
krytalex: shows [3d Qh] (a full house, Threes full of Tens)
Frank_Stein: shows [Ah Tc] (a full house, Tens full of Threes)
Frank_Stein collected $59.50 from pot
*** SUMMARY ***
Total pot $60 | Rake $0.50
Board [Ts Kd 3s Td 3h]
Seat 2: krytalex (button) (small blind) showed [3d Qh] and lost with a full house, Threes full of Tens
Seat 3: Frank_Stein (big blind) showed [Ah Tc] and won ($59.50) with a full house, Tens full of Threes


PokerStars Hand #168442557394:  Hold'em Limit ($3/$6 USD) - 2017/04/01 18:55:05 ET
Table 'Eureka II' 6-max Seat #3 is the button
Seat 2: krytalex ($80.76 in chips)
Seat 3: Frank_Stein ($133.73 in chips)
Frank_Stein: posts small blind $1
krytalex: posts big blind $3
*** HOLE CARDS ***
Frank_Stein: folds
Uncalled bet ($2) returned to krytalex
krytalex collected $2 from pot
*** SUMMARY ***
Total pot $2 | Rake $0
Seat 2: krytalex (big blind) collected ($2)
Seat 3: Frank_Stein (button) (small blind) folded before Flop


PokerStars Hand #168442549488:  Hold'em Limit ($3/$6 USD) - 2017/04/01 18:54:53 ET
Table 'Eureka II' 6-max Seat #2 is the button
Seat 2: krytalex ($77.76 in chips)
Seat 3: Frank_Stein ($136.73 in chips)
krytalex: posts small blind $1
Frank_Stein: posts big blind $3
*** HOLE CARDS ***
krytalex: raises $3 to $6
Frank_Stein: folds
Uncalled bet ($3) returned to krytalex
krytalex collected $6 from pot
*** SUMMARY ***
Total pot $6 | Rake $0
Seat 2: krytalex (button) (small blind) collected ($6)
Seat 3: Frank_Stein (big blind) folded before Flop


PokerStars Hand #168442597733:  Hold'em Limit ($3/$6 USD) - 2017/04/01 18:56:16 ET
Table 'Eureka II' 6-max Seat #2 is the button
Seat 2: krytalex ($106.26 in chips)
Seat 3: Frank_Stein ($107.73 in chips)
krytalex: posts small blind $1
Frank_Stein: posts big blind $3
*** HOLE CARDS ***
krytalex: raises $3 to $6
Frank_Stein: calls $3
*** FLOP *** [5h 2d 2h]
Frank_Stein: checks
krytalex: bets $3
Frank_Stein: calls $3
*** TURN *** [5h 2d 2h] [Qc]
Frank_Stein: checks
krytalex: bets $6
Frank_Stein: raises $6 to $12
krytalex: calls $6
*** RIVER *** [5h 2d 2h Qc] [6s]
Frank_Stein: bets $6
krytalex: raises $6 to $12
Frank_Stein: calls $6
*** SHOW DOWN ***
krytalex: shows [6d 6h] (a full house, Sixes full of Deuces)
Frank_Stein: mucks hand
krytalex collected $65.50 from pot
*** SUMMARY ***
Total pot $66 | Rake $0.50
Board [5h 2d 2h Qc 6s]
Seat 2: krytalex (button) (small blind) showed [6d 6h] and won ($65.50) with a full house, Sixes full of Deuces
Seat 3: Frank_Stein (big blind) mucked


PokerStars Hand #168442592885:  Hold'em Limit ($3/$6 USD) - 2017/04/01 18:56:07 ET
Table 'Eureka II' 6-max Seat #3 is the button
Seat 2: krytalex ($105.26 in chips)
Seat 3: Frank_Stein ($108.73 in chips)
Frank_Stein: posts small blind $1
krytalex: posts big blind $3
*** HOLE CARDS ***
Frank_Stein: folds
Uncalled bet ($2) returned to krytalex
krytalex collected $2 from pot
*** SUMMARY ***
Total pot $2 | Rake $0
Seat 2: krytalex (big blind) collected ($2)
Seat 3: Frank_Stein (button) (small blind) folded before Flop


PokerStars Hand #168442563172:  Hold'em Limit ($3/$6 USD) - 2017/04/01 18:55:14 ET
Table 'Eureka II' 6-max Seat #2 is the button
Seat 2: krytalex ($81.76 in chips)
Seat 3: Frank_Stein ($132.73 in chips)
krytalex: posts small blind $1
Frank_Stein: posts big blind $3
*** HOLE CARDS ***
krytalex: raises $3 to $6
Frank_Stein: raises $3 to $9
krytalex: calls $3
*** FLOP *** [7h 9c Kh]
Frank_Stein: bets $3
krytalex: calls $3
*** TURN *** [7h 9c Kh] [Kd]
Frank_Stein: checks
krytalex: bets $6
Frank_Stein: calls $6
*** RIVER *** [7h 9c Kh Kd] [2c]
Frank_Stein: checks
krytalex: bets $6
Frank_Stein: calls $6
*** SHOW DOWN ***
krytalex: shows [Kc 6c] (three of a kind, Kings)
Frank_Stein: mucks hand
krytalex collected $47.50 from pot
*** SUMMARY ***
Total pot $48 | Rake $0.50
Board [7h 9c Kh Kd 2c]
Seat 2: krytalex (button) (small blind) showed [Kc 6c] and won ($47.50) with three of a kind, Kings
Seat 3: Frank_Stein (big blind) mucked


PokerStars Hand #168442617525:  Hold'em Limit ($3/$6 USD) - 2017/04/01 18:56:51 ET
Table 'Eureka II' 6-max Seat #3 is the button
Seat 2: krytalex ($138.76 in chips)
Seat 3: Frank_Stein ($74.73 in chips)
Frank_Stein: posts small blind $1
krytalex: posts big blind $3
*** HOLE CARDS ***
Frank_Stein: raises $3 to $6
krytalex: calls $3
*** FLOP *** [7c 8c Js]
krytalex: checks
Frank_Stein: bets $3
krytalex: calls $3
*** TURN *** [7c 8c Js] [4s]
krytalex: checks
Frank_Stein: checks
*** RIVER *** [7c 8c Js 4s] [Ad]
krytalex: checks
Frank_Stein: checks
*** SHOW DOWN ***
krytalex: shows [5s 7d] (a pair of Sevens)
Frank_Stein: mucks hand
krytalex collected $17.64 from pot
*** SUMMARY ***
Total pot $18 | Rake $0.36
Board [7c 8c Js 4s Ad]
Seat 2: krytalex (big blind) showed [5s 7d] and won ($17.64) with a pair of Sevens
Seat 3: Frank_Stein (button) (small blind) mucked


PokerStars Hand #168442662475:  Hold'em Limit ($3/$6 USD) - 2017/04/01 18:58:11 ET
Table 'Eureka II' 6-max Seat #3 is the button
Seat 2: krytalex ($150.40 in chips)
Seat 3: Frank_Stein ($62.73 in chips)
Frank_Stein: posts small blind $1
krytalex: posts big blind $3
*** HOLE CARDS ***
Frank_Stein: raises $3 to $6
krytalex: calls $3
*** FLOP *** [Kc 9s Tc]
krytalex: checks
Frank_Stein: bets $3
krytalex: calls $3
*** TURN *** [Kc 9s Tc] [8c]
krytalex: checks
Frank_Stein: checks
*** RIVER *** [Kc 9s Tc 8c] [Kd]
krytalex: checks
Frank_Stein: checks
*** SHOW DOWN ***
krytalex: shows [6s 8s] (two pair, Kings and Eights)
Frank_Stein: mucks hand
krytalex collected $17.64 from pot
*** SUMMARY ***
Total pot $18 | Rake $0.36
Board [Kc 9s Tc 8c Kd]
Seat 2: krytalex (big blind) showed [6s 8s] and won ($17.64) with two pair, Kings and Eights
Seat 3: Frank_Stein (button) (small blind) mucked


PokerStars Hand #168442658633:  Hold'em Limit ($3/$6 USD) - 2017/04/01 18:58:04 ET
Table 'Eureka II' 6-max Seat #2 is the button
Seat 2: krytalex ($147.40 in chips)
Seat 3: Frank_Stein ($65.73 in chips)
krytalex: posts small blind $1
Frank_Stein: posts big blind $3
*** HOLE CARDS ***
krytalex: raises $3 to $6
Frank_Stein: folds
Uncalled bet ($3) returned to krytalex
krytalex collected $6 from pot
*** SUMMARY ***
Total pot $6 | Rake $0
Seat 2: krytalex (button) (small blind) collected ($6)
Seat 3: Frank_Stein (big blind) folded before Flop


PokerStars Hand #168442708187:  Hold'em Limit ($3/$6 USD) - 2017/04/01 18:59:17 ET
Table 'Eureka II' 6-max Seat #3 is the button
Seat 2: krytalex ($158.80 in chips)
Seat 3: Frank_Stein ($53.49 in chips)
Frank_Stein: posts small blind $1
krytalex: posts big blind $3
*** HOLE CARDS ***
Frank_Stein: raises $3 to $6
krytalex: calls $3
*** FLOP *** [Qs 5s Td]
krytalex: checks
Frank_Stein: checks
*** TURN *** [Qs 5s Td] [4s]
krytalex: checks
Frank_Stein: bets $6
krytalex: folds
Uncalled bet ($6) returned to Frank_Stein
Frank_Stein collected $11.76 from pot
Frank_Stein: doesn't show hand
*** SUMMARY ***
Total pot $12 | Rake $0.24
Board [Qs 5s Td 4s]
Seat 2: krytalex (big blind) folded on the Turn
Seat 3: Frank_Stein (button) (small blind) collected ($11.76)


PokerStars Hand #168442728850:  Hold'em Limit ($3/$6 USD) - 2017/04/01 18:59:53 ET
Table 'Eureka II' 6-max Seat #2 is the button
Seat 2: krytalex ($152.80 in chips)
Seat 3: Frank_Stein ($59.25 in chips)
krytalex: posts small blind $1
Frank_Stein: posts big blind $3
*** HOLE CARDS ***
krytalex: raises $3 to $6
Frank_Stein: calls $3
*** FLOP *** [2s 8h As]
Frank_Stein: checks
krytalex: bets $3
Frank_Stein: folds
Uncalled bet ($3) returned to krytalex
krytalex collected $11.76 from pot
*** SUMMARY ***
Total pot $12 | Rake $0.24
Board [2s 8h As]
Seat 2: krytalex (button) (small blind) collected ($11.76)
Seat 3: Frank_Stein (big blind) folded on the Flop


PokerStars Hand #168442767892:  Hold'em Limit ($3/$6 USD) - 2017/04/01 19:00:59 ET
Table 'Eureka II' 6-max Seat #2 is the button
Seat 2: krytalex ($134.56 in chips)
Seat 3: Frank_Stein ($76.75 in chips)
krytalex: posts small blind $1
Frank_Stein: posts big blind $3
*** HOLE CARDS ***
krytalex: folds
Uncalled bet ($2) returned to Frank_Stein
Frank_Stein collected $2 from pot
Frank_Stein: doesn't show hand
*** SUMMARY ***
Total pot $2 | Rake $0
Seat 2: krytalex (button) (small blind) folded before Flop
Seat 3: Frank_Stein (big blind) collected ($2)


PokerStars Hand #168442746357:  Hold'em Limit ($3/$6 USD) - 2017/04/01 19:00:23 ET
Table 'Eureka II' 6-max Seat #3 is the button
Seat 2: krytalex ($158.56 in chips)
Seat 3: Frank_Stein ($53.25 in chips)
Frank_Stein: posts small blind $1
krytalex: posts big blind $3
*** HOLE CARDS ***
Frank_Stein: raises $3 to $6
krytalex: raises $3 to $9
Frank_Stein: calls $3
*** FLOP *** [Kc Kd Jh]
krytalex: bets $3
Frank_Stein: calls $3
*** TURN *** [Kc Kd Jh] [3s]
krytalex: checks
Frank_Stein: bets $6
krytalex: calls $6
*** RIVER *** [Kc Kd Jh 3s] [Jd]
krytalex: checks
Frank_Stein: bets $6
krytalex: calls $6
*** SHOW DOWN ***
Frank_Stein: shows [7h Kh] (a full house, Kings full of Jacks)
krytalex: mucks hand
Frank_Stein collected $47.50 from pot
*** SUMMARY ***
Total pot $48 | Rake $0.50
Board [Kc Kd Jh 3s Jd]
Seat 2: krytalex (big blind) mucked
Seat 3: Frank_Stein (button) (small blind) showed [7h Kh] and won ($47.50) with a full house, Kings full of Jacks


PokerStars Hand #168442789664:  Hold'em Limit ($3/$6 USD) - 2017/04/01 19:01:33 ET
Table 'Eureka II' 6-max Seat #3 is the button
Seat 2: krytalex ($158.06 in chips)
Seat 3: Frank_Stein ($52.75 in chips)
Frank_Stein: posts small blind $1
krytalex: posts big blind $3
*** HOLE CARDS ***
Frank_Stein: raises $3 to $6
krytalex: calls $3
*** FLOP *** [4d 2c Kd]
krytalex: checks
Frank_Stein: bets $3
krytalex: folds
Uncalled bet ($3) returned to Frank_Stein
Frank_Stein collected $11.76 from pot
Frank_Stein: doesn't show hand
*** SUMMARY ***
Total pot $12 | Rake $0.24
Board [4d 2c Kd]
Seat 2: krytalex (big blind) folded on the Flop
Seat 3: Frank_Stein (button) (small blind) collected ($11.76)


PokerStars Hand #168442774520:  Hold'em Limit ($3/$6 USD) - 2017/04/01 19:01:09 ET
Table 'Eureka II' 6-max Seat #2 is the button
Seat 2: krytalex ($134.56 in chips)
Seat 3: Frank_Stein ($76.75 in chips)
krytalex: posts small blind $1
Frank_Stein: posts big blind $3
*** HOLE CARDS ***
krytalex: raises $3 to $6
Frank_Stein: raises $3 to $9
krytalex: calls $3
*** FLOP *** [5c Jc 6c]
Frank_Stein: bets $3
krytalex: calls $3
*** TURN *** [5c Jc 6c] [4h]
Frank_Stein: bets $6
krytalex: calls $6
*** RIVER *** [5c Jc 6c 4h] [5d]
Frank_Stein: checks
krytalex: bets $6
Frank_Stein: calls $6
*** SHOW DOWN ***
krytalex: shows [5s Ac] (three of a kind, Fives)
Frank_Stein: mucks hand
krytalex collected $47.50 from pot
*** SUMMARY ***
Total pot $48 | Rake $0.50
Board [5c Jc 6c 4h 5d]
Seat 2: krytalex (button) (small blind) showed [5s Ac] and won ($47.50) with three of a kind, Fives
Seat 3: Frank_Stein (big blind) mucked


PokerStars Hand #168442770770:  Hold'em Limit ($3/$6 USD) - 2017/04/01 19:01:03 ET
Table 'Eureka II' 6-max Seat #3 is the button
Seat 2: krytalex ($133.56 in chips)
Seat 3: Frank_Stein ($77.75 in chips)
Frank_Stein: posts small blind $1
krytalex: posts big blind $3
*** HOLE CARDS ***
Frank_Stein: folds
Uncalled bet ($2) returned to krytalex
krytalex collected $2 from pot
*** SUMMARY ***
Total pot $2 | Rake $0
Seat 2: krytalex (big blind) collected ($2)
Seat 3: Frank_Stein (button) (small blind) folded before Flop


PokerStars Hand #168442801175:  Hold'em Limit ($3/$6 USD) - 2017/04/01 19:01:50 ET
Table 'Eureka II' 6-max Seat #2 is the button
Seat 2: krytalex ($152.06 in chips)
Seat 3: Frank_Stein ($58.51 in chips)
krytalex: posts small blind $1
Frank_Stein: posts big blind $3
*** HOLE CARDS ***
krytalex: raises $3 to $6
Frank_Stein: raises $3 to $9
krytalex: calls $3
*** FLOP *** [3c Tc 4d]
Frank_Stein: bets $3
krytalex: calls $3
*** TURN *** [3c Tc 4d] [6d]
Frank_Stein: bets $6
krytalex: raises $6 to $12
Frank_Stein: calls $6
*** RIVER *** [3c Tc 4d 6d] [6s]
Frank_Stein: checks
krytalex: bets $6
Frank_Stein: calls $6
*** SHOW DOWN ***
krytalex: shows [4c 4s] (a full house, Fours full of Sixes)
Frank_Stein: mucks hand
krytalex collected $59.50 from pot
*** SUMMARY ***
Total pot $60 | Rake $0.50
Board [3c Tc 4d 6d 6s]
Seat 2: krytalex (button) (small blind) showed [4c 4s] and won ($59.50) with a full house, Fours full of Sixes
Seat 3: Frank_Stein (big blind) mucked


