PokerStars Hand #154177373685:  Hold'em Limit ($3/$6 USD) - 2016/06/02 6:42:40 ET
Table 'Europa II' 6-max Seat #1 is the button
Seat 1: Rohirrim ($96 in chips)
Seat 5: NicoBoko ($170.46 in chips)
Rohirrim: posts small blind $1
B_loJkl: is sitting out
NicoBoko: posts big blind $3
*** HOLE CARDS ***
Rohirrim: folds
Uncalled bet ($2) returned to NicoBoko
NicoBoko collected $2 from pot
B_loJkl leaves the table
*** SUMMARY ***
Total pot $2 | Rake $0
Seat 1: Rohirrim (button) (small blind) folded before Flop
Seat 5: NicoBoko (big blind) collected ($2)


PokerStars Hand #154177375735:  Hold'em Limit ($3/$6 USD) - 2016/06/02 6:42:44 ET
Table 'Europa II' 6-max Seat #5 is the button
Seat 1: Rohirrim ($95 in chips)
Seat 5: NicoBoko ($171.46 in chips)
NicoBoko: posts small blind $1
Rohirrim: posts big blind $3
*** HOLE CARDS ***
B_loJkl joins the table at seat #6
NicoBoko: folds
Uncalled bet ($2) returned to Rohirrim
Rohirrim collected $2 from pot
*** SUMMARY ***
Total pot $2 | Rake $0
Seat 1: Rohirrim (big blind) collected ($2)
Seat 5: NicoBoko (button) (small blind) folded before Flop


PokerStars Hand #154177384413:  Hold'em Limit ($3/$6 USD) - 2016/06/02 6:43:04 ET
Table 'Europa II' 6-max Seat #1 is the button
Seat 1: Rohirrim ($96 in chips)
Seat 6: B_loJkl ($150 in chips)
Rohirrim: posts small blind $1
B_loJkl: posts big blind $3
*** HOLE CARDS ***
Rohirrim: folds
Uncalled bet ($2) returned to B_loJkl
B_loJkl collected $2 from pot
B_loJkl: doesn't show hand
*** SUMMARY ***
Total pot $2 | Rake $0
Seat 1: Rohirrim (button) (small blind) folded before Flop
Seat 6: B_loJkl (big blind) collected ($2)


PokerStars Hand #154177389743:  Hold'em Limit ($3/$6 USD) - 2016/06/02 6:43:16 ET
Table 'Europa II' 6-max Seat #6 is the button
Seat 1: Rohirrim ($95 in chips)
Seat 6: B_loJkl ($151 in chips)
B_loJkl: posts small blind $1
Rohirrim: posts big blind $3
*** HOLE CARDS ***
B_loJkl: raises $3 to $6
Rohirrim: calls $3
*** FLOP *** [8c 7c 6s]
Rohirrim: checks
B_loJkl: checks
*** TURN *** [8c 7c 6s] [3c]
Rohirrim: bets $6
B_loJkl: calls $6
*** RIVER *** [8c 7c 6s 3c] [8s]
Rohirrim: bets $6
B_loJkl: folds
Uncalled bet ($6) returned to Rohirrim
Rohirrim collected $23.52 from pot
*** SUMMARY ***
Total pot $24 | Rake $0.48
Board [8c 7c 6s 3c 8s]
Seat 1: Rohirrim (big blind) collected ($23.52)
Seat 6: B_loJkl (button) (small blind) folded on the River


PokerStars Hand #154177405268:  Hold'em Limit ($3/$6 USD) - 2016/06/02 6:43:52 ET
Table 'Europa II' 6-max Seat #1 is the button
Seat 1: Rohirrim ($106.52 in chips)
Seat 6: B_loJkl ($139 in chips)
Rohirrim: posts small blind $1
B_loJkl: posts big blind $3
*** HOLE CARDS ***
Rohirrim: raises $3 to $6
B_loJkl: calls $3
*** FLOP *** [5s 2s Th]
B_loJkl: checks
Rohirrim: checks
*** TURN *** [5s 2s Th] [7s]
B_loJkl: bets $6
Rohirrim: folds
Uncalled bet ($6) returned to B_loJkl
B_loJkl collected $11.76 from pot
B_loJkl: doesn't show hand
*** SUMMARY ***
Total pot $12 | Rake $0.24
Board [5s 2s Th 7s]
Seat 1: Rohirrim (button) (small blind) folded on the Turn
Seat 6: B_loJkl (big blind) collected ($11.76)


PokerStars Hand #154177411954:  Hold'em Limit ($3/$6 USD) - 2016/06/02 6:44:07 ET
Table 'Europa II' 6-max Seat #6 is the button
Seat 1: Rohirrim ($100.52 in chips)
Seat 6: B_loJkl ($144.76 in chips)
B_loJkl: posts small blind $1
Rohirrim: posts big blind $3
*** HOLE CARDS ***
B_loJkl: raises $3 to $6
Rohirrim: calls $3
*** FLOP *** [5d 6d 9s]
Rohirrim: checks
B_loJkl: checks
*** TURN *** [5d 6d 9s] [8d]
Rohirrim: checks
B_loJkl: bets $6
Rohirrim: raises $6 to $12
B_loJkl: calls $6
*** RIVER *** [5d 6d 9s 8d] [Ah]
Rohirrim: bets $6
B_loJkl: folds
Uncalled bet ($6) returned to Rohirrim
Rohirrim collected $35.50 from pot
Rohirrim: doesn't show hand
*** SUMMARY ***
Total pot $36 | Rake $0.50
Board [5d 6d 9s 8d Ah]
Seat 1: Rohirrim (big blind) collected ($35.50)
Seat 6: B_loJkl (button) (small blind) folded on the River


PokerStars Hand #154177421301:  Hold'em Limit ($3/$6 USD) - 2016/06/02 6:44:28 ET
Table 'Europa II' 6-max Seat #1 is the button
Seat 1: Rohirrim ($118.02 in chips)
Seat 6: B_loJkl ($126.76 in chips)
Rohirrim: posts small blind $1
B_loJkl: posts big blind $3
*** HOLE CARDS ***
Rohirrim: folds
Uncalled bet ($2) returned to B_loJkl
B_loJkl collected $2 from pot
B_loJkl: doesn't show hand
*** SUMMARY ***
Total pot $2 | Rake $0
Seat 1: Rohirrim (button) (small blind) folded before Flop
Seat 6: B_loJkl (big blind) collected ($2)


PokerStars Hand #154177423394:  Hold'em Limit ($3/$6 USD) - 2016/06/02 6:44:33 ET
Table 'Europa II' 6-max Seat #6 is the button
Seat 1: Rohirrim ($117.02 in chips)
Seat 6: B_loJkl ($127.76 in chips)
B_loJkl: posts small blind $1
Rohirrim: posts big blind $3
*** HOLE CARDS ***
B_loJkl: raises $3 to $6
Rohirrim: folds
Uncalled bet ($3) returned to B_loJkl
B_loJkl collected $6 from pot
B_loJkl: doesn't show hand
*** SUMMARY ***
Total pot $6 | Rake $0
Seat 1: Rohirrim (big blind) folded before Flop
Seat 6: B_loJkl (button) (small blind) collected ($6)


PokerStars Hand #154177790331:  Hold'em Limit ($3/$6 USD) - 2016/06/02 6:58:40 ET
Table 'Europa II' 6-max Seat #3 is the button
Seat 3: Mustafatyrk ($311.20 in chips)
Seat 4: TbIP-TbIP 88 ($82.28 in chips)
Mustafatyrk: posts small blind $1
TbIP-TbIP 88: posts big blind $3
*** HOLE CARDS ***
Mustafatyrk: raises $3 to $6
B_loJkl leaves the table
TbIP-TbIP 88: calls $3
*** FLOP *** [5h 4c Jc]
B_loJkl joins the table at seat #5
TbIP-TbIP 88: checks
Mustafatyrk: bets $3
TbIP-TbIP 88: calls $3
*** TURN *** [5h 4c Jc] [6d]
TbIP-TbIP 88: checks
Mustafatyrk: checks
*** RIVER *** [5h 4c Jc 6d] [2h]
TbIP-TbIP 88: bets $6
Mustafatyrk: calls $6
*** SHOW DOWN ***
TbIP-TbIP 88: shows [Ts Qh] (high card Queen)
Mustafatyrk: shows [Ad Qc] (high card Ace)
Mustafatyrk collected $29.50 from pot
*** SUMMARY ***
Total pot $30 | Rake $0.50
Board [5h 4c Jc 6d 2h]
Seat 3: Mustafatyrk (button) (small blind) showed [Ad Qc] and won ($29.50) with high card Ace
Seat 4: TbIP-TbIP 88 (big blind) showed [Ts Qh] and lost with high card Queen


PokerStars Hand #154177786774:  Hold'em Limit ($3/$6 USD) - 2016/06/02 6:58:31 ET
Table 'Europa II' 6-max Seat #4 is the button
Seat 3: Mustafatyrk ($310.20 in chips)
Seat 4: TbIP-TbIP 88 ($83.28 in chips)
TbIP-TbIP 88: posts small blind $1
B_loJkl: is sitting out
Mustafatyrk: posts big blind $3
*** HOLE CARDS ***
TbIP-TbIP 88: folds
Uncalled bet ($2) returned to Mustafatyrk
Mustafatyrk collected $2 from pot
Mustafatyrk: doesn't show hand
*** SUMMARY ***
Total pot $2 | Rake $0
Seat 3: Mustafatyrk (big blind) collected ($2)
Seat 4: TbIP-TbIP 88 (button) (small blind) folded before Flop


