PokerStars Hand #160095626878:  Hold'em Limit ($3/$6 USD) - 2016/10/18 6:57:05 ET
Table 'Europa' 6-max Seat #1 is the button
Seat 1: Rooman7 ($62.56 in chips)
Seat 4: Agrotait ($72 in chips)
Rooman7: posts small blind $1
Agrotait: posts big blind $3
*** HOLE CARDS ***
Rooman7: calls $2
Agrotait: checks
*** FLOP *** [6s Ks 4d]
Agrotait: checks
Rooman7: checks
*** TURN *** [6s Ks 4d] [2d]
Agrotait: checks
Rooman7: checks
*** RIVER *** [6s Ks 4d 2d] [2s]
vestimokrec joins the table at seat #2
Agrotait: checks
Rooman7: checks
*** SHOW DOWN ***
Agrotait: shows [9h 7c] (a pair of Deuces)
Rooman7: shows [Tc Js] (a pair of Deuces - King+Jack kicker)
Rooman7 collected $5.88 from pot
*** SUMMARY ***
Total pot $6 | Rake $0.12
Board [6s Ks 4d 2d 2s]
Seat 1: Rooman7 (button) (small blind) showed [Tc Js] and won ($5.88) with a pair of Deuces
Seat 4: Agrotait (big blind) showed [9h 7c] and lost with a pair of Deuces


PokerStars Hand #160095647119:  Hold'em Limit ($3/$6 USD) - 2016/10/18 6:57:58 ET
Table 'Europa' 6-max Seat #4 is the button
Seat 1: Rooman7 ($65.44 in chips)
Seat 4: Agrotait ($69 in chips)
Agrotait: posts small blind $1
Rooman7: posts big blind $3
*** HOLE CARDS ***
Agrotait: raises $3 to $6
VolkovDmitri joins the table at seat #3
Rooman7: folds
Uncalled bet ($3) returned to Agrotait
Agrotait collected $6 from pot
Agrotait: doesn't show hand
*** SUMMARY ***
Total pot $6 | Rake $0
Seat 1: Rooman7 (big blind) folded before Flop
Seat 4: Agrotait (button) (small blind) collected ($6)


