PokerStars Hand #154126782657:  Hold'em Limit ($3/$6 USD) - 2016/06/01 1:42:51 ET
Table 'Euryanthe' 6-max Seat #6 is the button
Seat 3: LifeisagameX ($30 in chips)
Seat 6: 19woody58 ($120 in chips)
19woody58: posts small blind $1
LifeisagameX: posts big blind $3
*** HOLE CARDS ***
Agrotait joins the table at seat #1
19woody58: folds
Uncalled bet ($2) returned to LifeisagameX
LifeisagameX collected $2 from pot
*** SUMMARY ***
Total pot $2 | Rake $0
Seat 3: LifeisagameX (big blind) collected ($2)
Seat 6: 19woody58 (button) (small blind) folded before Flop


PokerStars Hand #154126786057:  Hold'em Limit ($3/$6 USD) - 2016/06/01 1:43:05 ET
Table 'Euryanthe' 6-max Seat #3 is the button
Seat 3: LifeisagameX ($31 in chips)
Seat 6: 19woody58 ($119 in chips)
LifeisagameX: posts small blind $1
19woody58: posts big blind $3
*** HOLE CARDS ***
LifeisagameX has timed out
LifeisagameX: folds
Uncalled bet ($2) returned to 19woody58
19woody58 collected $2 from pot
*** SUMMARY ***
Total pot $2 | Rake $0
Seat 3: LifeisagameX (button) (small blind) folded before Flop
Seat 6: 19woody58 (big blind) collected ($2)


PokerStars Hand #154126814508:  Hold'em Limit ($3/$6 USD) - 2016/06/01 1:45:05 ET
Table 'Euryanthe' 6-max Seat #1 is the button
Seat 1: Agrotait ($86.50 in chips)
Seat 6: 19woody58 ($105 in chips)
Agrotait: posts small blind $1
19woody58: posts big blind $3
*** HOLE CARDS ***
Agrotait: raises $3 to $6
19woody58: folds
Uncalled bet ($3) returned to Agrotait
Agrotait collected $6 from pot
Agrotait: doesn't show hand
*** SUMMARY ***
Total pot $6 | Rake $0
Seat 1: Agrotait (button) (small blind) collected ($6)
Seat 6: 19woody58 (big blind) folded before Flop


PokerStars Hand #154126800392:  Hold'em Limit ($3/$6 USD) - 2016/06/01 1:44:06 ET
Table 'Euryanthe' 6-max Seat #6 is the button
Seat 1: Agrotait ($72 in chips)
Seat 6: 19woody58 ($120 in chips)
19woody58: posts small blind $1
Agrotait: posts big blind $3
*** HOLE CARDS ***
19woody58: raises $3 to $6
Agrotait: calls $3
*** FLOP *** [8d Ac Jd]
Agrotait: checks
19woody58: bets $3
Agrotait: calls $3
*** TURN *** [8d Ac Jd] [4c]
Agrotait: checks
19woody58: bets $6
Agrotait: calls $6
*** RIVER *** [8d Ac Jd 4c] [Kd]
Agrotait: checks
19woody58: checks
*** SHOW DOWN ***
Agrotait: shows [6s Ad] (a pair of Aces)
19woody58: mucks hand
Agrotait collected $29.50 from pot
*** SUMMARY ***
Total pot $30 | Rake $0.50
Board [8d Ac Jd 4c Kd]
Seat 1: Agrotait (big blind) showed [6s Ad] and won ($29.50) with a pair of Aces
Seat 6: 19woody58 (button) (small blind) mucked


PokerStars Hand #154126819750:  Hold'em Limit ($3/$6 USD) - 2016/06/01 1:45:27 ET
Table 'Euryanthe' 6-max Seat #6 is the button
Seat 1: Agrotait ($89.50 in chips)
Seat 6: 19woody58 ($102 in chips)
19woody58: posts small blind $1
Agrotait: posts big blind $3
*** HOLE CARDS ***
19woody58: calls $2
Agrotait: raises $3 to $6
19woody58: calls $3
*** FLOP *** [Qd 8h 8d]
Agrotait: bets $3
19woody58: folds
Uncalled bet ($3) returned to Agrotait
Agrotait collected $11.76 from pot
Agrotait: doesn't show hand
*** SUMMARY ***
Total pot $12 | Rake $0.24
Board [Qd 8h 8d]
Seat 1: Agrotait (big blind) collected ($11.76)
Seat 6: 19woody58 (button) (small blind) folded on the Flop


PokerStars Hand #154126828959:  Hold'em Limit ($3/$6 USD) - 2016/06/01 1:46:06 ET
Table 'Euryanthe' 6-max Seat #1 is the button
Seat 1: Agrotait ($95.26 in chips)
Seat 6: 19woody58 ($96 in chips)
Agrotait: posts small blind $1
19woody58: posts big blind $3
*** HOLE CARDS ***
Agrotait: raises $3 to $6
19woody58: calls $3
*** FLOP *** [2h 3s 5h]
LifeisagameX leaves the table
19woody58: checks
Agrotait: bets $3
19woody58: calls $3
*** TURN *** [2h 3s 5h] [Td]
19woody58: checks
Agrotait: bets $6
19woody58: folds
Uncalled bet ($6) returned to Agrotait
Agrotait collected $17.64 from pot
Agrotait: doesn't show hand
*** SUMMARY ***
Total pot $18 | Rake $0.36
Board [2h 3s 5h Td]
Seat 1: Agrotait (button) (small blind) collected ($17.64)
Seat 6: 19woody58 (big blind) folded on the Turn


PokerStars Hand #154126834267:  Hold'em Limit ($3/$6 USD) - 2016/06/01 1:46:28 ET
Table 'Euryanthe' 6-max Seat #6 is the button
Seat 1: Agrotait ($103.90 in chips)
Seat 6: 19woody58 ($87 in chips)
19woody58: posts small blind $1
Agrotait: posts big blind $3
*** HOLE CARDS ***
19woody58: folds
Uncalled bet ($2) returned to Agrotait
Agrotait collected $2 from pot
Agrotait: doesn't show hand
*** SUMMARY ***
Total pot $2 | Rake $0
Seat 1: Agrotait (big blind) collected ($2)
Seat 6: 19woody58 (button) (small blind) folded before Flop


PokerStars Hand #154126835747:  Hold'em Limit ($3/$6 USD) - 2016/06/01 1:46:34 ET
Table 'Euryanthe' 6-max Seat #1 is the button
Seat 1: Agrotait ($104.90 in chips)
Seat 6: 19woody58 ($86 in chips)
Agrotait: posts small blind $1
19woody58: posts big blind $3
*** HOLE CARDS ***
Agrotait: raises $3 to $6
19woody58: folds
Uncalled bet ($3) returned to Agrotait
Agrotait collected $6 from pot
Agrotait: doesn't show hand
*** SUMMARY ***
Total pot $6 | Rake $0
Seat 1: Agrotait (button) (small blind) collected ($6)
Seat 6: 19woody58 (big blind) folded before Flop


PokerStars Hand #154126837887:  Hold'em Limit ($3/$6 USD) - 2016/06/01 1:46:43 ET
Table 'Euryanthe' 6-max Seat #6 is the button
Seat 1: Agrotait ($107.90 in chips)
Seat 6: 19woody58 ($83 in chips)
19woody58: posts small blind $1
Agrotait: posts big blind $3
*** HOLE CARDS ***
19woody58: folds
Uncalled bet ($2) returned to Agrotait
Agrotait collected $2 from pot
Agrotait: doesn't show hand
*** SUMMARY ***
Total pot $2 | Rake $0
Seat 1: Agrotait (big blind) collected ($2)
Seat 6: 19woody58 (button) (small blind) folded before Flop


PokerStars Hand #154126839978:  Hold'em Limit ($3/$6 USD) - 2016/06/01 1:46:52 ET
Table 'Euryanthe' 6-max Seat #1 is the button
Seat 1: Agrotait ($108.90 in chips)
Seat 6: 19woody58 ($82 in chips)
Agrotait: posts small blind $1
19woody58: posts big blind $3
*** HOLE CARDS ***
Agrotait: raises $3 to $6
19woody58: calls $3
*** FLOP *** [Ac 2s Js]
19woody58: checks
Agrotait: bets $3
19woody58: calls $3
*** TURN *** [Ac 2s Js] [Qc]
19woody58: checks
Agrotait: bets $6
19woody58: calls $6
*** RIVER *** [Ac 2s Js Qc] [7s]
19woody58: checks
Agrotait: checks
*** SHOW DOWN ***
19woody58: shows [Ad 7h] (two pair, Aces and Sevens)
Agrotait: mucks hand
19woody58 collected $29.50 from pot
*** SUMMARY ***
Total pot $30 | Rake $0.50
Board [Ac 2s Js Qc 7s]
Seat 1: Agrotait (button) (small blind) mucked
Seat 6: 19woody58 (big blind) showed [Ad 7h] and won ($29.50) with two pair, Aces and Sevens


PokerStars Hand #154126854479:  Hold'em Limit ($3/$6 USD) - 2016/06/01 1:47:52 ET
Table 'Euryanthe' 6-max Seat #6 is the button
Seat 1: Agrotait ($93.90 in chips)
Seat 6: 19woody58 ($96.50 in chips)
19woody58: posts small blind $1
Agrotait: posts big blind $3
*** HOLE CARDS ***
19woody58: raises $3 to $6
Agrotait: raises $3 to $9
19woody58: calls $3
*** FLOP *** [7s 6s 4c]
Agrotait: bets $3
19woody58: calls $3
*** TURN *** [7s 6s 4c] [Jc]
Agrotait: bets $6
19woody58: folds
Uncalled bet ($6) returned to Agrotait
Agrotait collected $23.52 from pot
Agrotait: doesn't show hand
*** SUMMARY ***
Total pot $24 | Rake $0.48
Board [7s 6s 4c Jc]
Seat 1: Agrotait (big blind) collected ($23.52)
Seat 6: 19woody58 (button) (small blind) folded on the Turn


PokerStars Hand #154126866474:  Hold'em Limit ($3/$6 USD) - 2016/06/01 1:48:42 ET
Table 'Euryanthe' 6-max Seat #1 is the button
Seat 1: Agrotait ($105.42 in chips)
Seat 6: 19woody58 ($84.50 in chips)
Agrotait: posts small blind $1
19woody58: posts big blind $3
*** HOLE CARDS ***
Agrotait: raises $3 to $6
19woody58: calls $3
*** FLOP *** [Ks 4s 4d]
19woody58: checks
Agrotait: bets $3
19woody58: calls $3
*** TURN *** [Ks 4s 4d] [5d]
19woody58: checks
Agrotait: bets $6
19woody58: calls $6
*** RIVER *** [Ks 4s 4d 5d] [Jh]
19woody58: checks
Agrotait: bets $6
19woody58: calls $6
*** SHOW DOWN ***
Agrotait: shows [5s 8h] (two pair, Fives and Fours)
19woody58: shows [8c Kc] (two pair, Kings and Fours)
19woody58 collected $41.50 from pot
*** SUMMARY ***
Total pot $42 | Rake $0.50
Board [Ks 4s 4d 5d Jh]
Seat 1: Agrotait (button) (small blind) showed [5s 8h] and lost with two pair, Fives and Fours
Seat 6: 19woody58 (big blind) showed [8c Kc] and won ($41.50) with two pair, Kings and Fours


PokerStars Hand #154126876953:  Hold'em Limit ($3/$6 USD) - 2016/06/01 1:49:25 ET
Table 'Euryanthe' 6-max Seat #6 is the button
Seat 1: Agrotait ($84.42 in chips)
Seat 6: 19woody58 ($105 in chips)
19woody58: posts small blind $1
Agrotait: posts big blind $3
*** HOLE CARDS ***
19woody58: folds
Uncalled bet ($2) returned to Agrotait
Agrotait collected $2 from pot
Agrotait: doesn't show hand
*** SUMMARY ***
Total pot $2 | Rake $0
Seat 1: Agrotait (big blind) collected ($2)
Seat 6: 19woody58 (button) (small blind) folded before Flop


PokerStars Hand #154126878349:  Hold'em Limit ($3/$6 USD) - 2016/06/01 1:49:31 ET
Table 'Euryanthe' 6-max Seat #1 is the button
Seat 1: Agrotait ($85.42 in chips)
Seat 6: 19woody58 ($104 in chips)
Agrotait: posts small blind $1
19woody58: posts big blind $3
*** HOLE CARDS ***
Agrotait: raises $3 to $6
19woody58: calls $3
*** FLOP *** [7h Td Kh]
19woody58: checks
Agrotait: bets $3
19woody58: calls $3
*** TURN *** [7h Td Kh] [8d]
19woody58: checks
Agrotait: checks
*** RIVER *** [7h Td Kh 8d] [Ac]
19woody58: checks
Agrotait: bets $6
19woody58: calls $6
*** SHOW DOWN ***
Agrotait: shows [Qs Jd] (a straight, Ten to Ace)
19woody58: mucks hand
Agrotait collected $29.50 from pot
*** SUMMARY ***
Total pot $30 | Rake $0.50
Board [7h Td Kh 8d Ac]
Seat 1: Agrotait (button) (small blind) showed [Qs Jd] and won ($29.50) with a straight, Ten to Ace
Seat 6: 19woody58 (big blind) mucked


PokerStars Hand #154126904971:  Hold'em Limit ($3/$6 USD) - 2016/06/01 1:51:22 ET
Table 'Euryanthe' 6-max Seat #1 is the button
Seat 1: Agrotait ($93.92 in chips)
Seat 6: 19woody58 ($94.76 in chips)
Agrotait: posts small blind $1
19woody58: posts big blind $3
*** HOLE CARDS ***
Agrotait: raises $3 to $6
19woody58: folds
Uncalled bet ($3) returned to Agrotait
Agrotait collected $6 from pot
Agrotait: doesn't show hand
*** SUMMARY ***
Total pot $6 | Rake $0
Seat 1: Agrotait (button) (small blind) collected ($6)
Seat 6: 19woody58 (big blind) folded before Flop


PokerStars Hand #154126894985:  Hold'em Limit ($3/$6 USD) - 2016/06/01 1:50:40 ET
Table 'Euryanthe' 6-max Seat #6 is the button
Seat 1: Agrotait ($99.92 in chips)
Seat 6: 19woody58 ($89 in chips)
19woody58: posts small blind $1
Agrotait: posts big blind $3
*** HOLE CARDS ***
19woody58: raises $3 to $6
Agrotait: calls $3
*** FLOP *** [4s 8h 8c]
Agrotait: checks
19woody58: bets $3
Agrotait: folds
Uncalled bet ($3) returned to 19woody58
19woody58 collected $11.76 from pot
*** SUMMARY ***
Total pot $12 | Rake $0.24
Board [4s 8h 8c]
Seat 1: Agrotait (big blind) folded on the Flop
Seat 6: 19woody58 (button) (small blind) collected ($11.76)


PokerStars Hand #154126906672:  Hold'em Limit ($3/$6 USD) - 2016/06/01 1:51:29 ET
Table 'Euryanthe' 6-max Seat #6 is the button
Seat 1: Agrotait ($96.92 in chips)
Seat 6: 19woody58 ($91.76 in chips)
19woody58: posts small blind $1
Agrotait: posts big blind $3
*** HOLE CARDS ***
19woody58: raises $3 to $6
Agrotait: calls $3
*** FLOP *** [5s Tc 6h]
Agrotait: checks
19woody58: bets $3
Agrotait: calls $3
*** TURN *** [5s Tc 6h] [8d]
Agrotait: checks
19woody58: checks
*** RIVER *** [5s Tc 6h 8d] [2c]
Agrotait: bets $6
19woody58: calls $6
*** SHOW DOWN ***
Agrotait: shows [9h 2h] (a pair of Deuces)
19woody58: mucks hand
Agrotait collected $29.50 from pot
*** SUMMARY ***
Total pot $30 | Rake $0.50
Board [5s Tc 6h 8d 2c]
Seat 1: Agrotait (big blind) showed [9h 2h] and won ($29.50) with a pair of Deuces
Seat 6: 19woody58 (button) (small blind) mucked


PokerStars Hand #154126924373:  Hold'em Limit ($3/$6 USD) - 2016/06/01 1:52:43 ET
Table 'Euryanthe' 6-max Seat #6 is the button
Seat 1: Agrotait ($117.18 in chips)
Seat 6: 19woody58 ($70.76 in chips)
19woody58: posts small blind $1
Agrotait: posts big blind $3
*** HOLE CARDS ***
19woody58: raises $3 to $6
Agrotait: calls $3
*** FLOP *** [4h 2d 6d]
Agrotait: checks
19woody58: bets $3
Agrotait: calls $3
*** TURN *** [4h 2d 6d] [Jh]
Agrotait: checks
19woody58: checks
*** RIVER *** [4h 2d 6d Jh] [Ad]
Agrotait: checks
19woody58: checks
*** SHOW DOWN ***
Agrotait: shows [Kh 3c] (high card Ace)
19woody58: shows [Tc Kd] (high card Ace - King+Jack+Ten kicker)
19woody58 collected $17.64 from pot
*** SUMMARY ***
Total pot $18 | Rake $0.36
Board [4h 2d 6d Jh Ad]
Seat 1: Agrotait (big blind) showed [Kh 3c] and lost with high card Ace
Seat 6: 19woody58 (button) (small blind) showed [Tc Kd] and won ($17.64) with high card Ace


PokerStars Hand #154126920437:  Hold'em Limit ($3/$6 USD) - 2016/06/01 1:52:27 ET
Table 'Euryanthe' 6-max Seat #1 is the button
Seat 1: Agrotait ($111.42 in chips)
Seat 6: 19woody58 ($76.76 in chips)
Agrotait: posts small blind $1
19woody58: posts big blind $3
*** HOLE CARDS ***
Agrotait: raises $3 to $6
19woody58: calls $3
*** FLOP *** [Ks 9h 6d]
19woody58: checks
Agrotait: bets $3
19woody58: folds
Uncalled bet ($3) returned to Agrotait
Agrotait collected $11.76 from pot
Agrotait: doesn't show hand
*** SUMMARY ***
Total pot $12 | Rake $0.24
Board [Ks 9h 6d]
Seat 1: Agrotait (button) (small blind) collected ($11.76)
Seat 6: 19woody58 (big blind) folded on the Flop


PokerStars Hand #154126934283:  Hold'em Limit ($3/$6 USD) - 2016/06/01 1:53:25 ET
Table 'Euryanthe' 6-max Seat #1 is the button
Seat 1: Agrotait ($108.18 in chips)
Seat 6: 19woody58 ($79.40 in chips)
Agrotait: posts small blind $1
19woody58: posts big blind $3
*** HOLE CARDS ***
Agrotait: raises $3 to $6
19woody58: folds
Uncalled bet ($3) returned to Agrotait
Agrotait collected $6 from pot
Agrotait: doesn't show hand
*** SUMMARY ***
Total pot $6 | Rake $0
Seat 1: Agrotait (button) (small blind) collected ($6)
Seat 6: 19woody58 (big blind) folded before Flop


PokerStars Hand #154126936488:  Hold'em Limit ($3/$6 USD) - 2016/06/01 1:53:34 ET
Table 'Euryanthe' 6-max Seat #6 is the button
Seat 1: Agrotait ($111.18 in chips)
Seat 6: 19woody58 ($76.40 in chips)
19woody58: posts small blind $1
Agrotait: posts big blind $3
*** HOLE CARDS ***
19woody58: folds
Uncalled bet ($2) returned to Agrotait
Agrotait collected $2 from pot
Agrotait: doesn't show hand
*** SUMMARY ***
Total pot $2 | Rake $0
Seat 1: Agrotait (big blind) collected ($2)
Seat 6: 19woody58 (button) (small blind) folded before Flop


PokerStars Hand #154126955224:  Hold'em Limit ($3/$6 USD) - 2016/06/01 1:54:54 ET
Table 'Euryanthe' 6-max Seat #6 is the button
Seat 1: Agrotait ($89.18 in chips)
Seat 6: 19woody58 ($97.90 in chips)
19woody58: posts small blind $1
Agrotait: posts big blind $3
*** HOLE CARDS ***
19woody58: folds
Uncalled bet ($2) returned to Agrotait
Agrotait collected $2 from pot
Agrotait: doesn't show hand
*** SUMMARY ***
Total pot $2 | Rake $0
Seat 1: Agrotait (big blind) collected ($2)
Seat 6: 19woody58 (button) (small blind) folded before Flop


PokerStars Hand #154126953554:  Hold'em Limit ($3/$6 USD) - 2016/06/01 1:54:47 ET
Table 'Euryanthe' 6-max Seat #1 is the button
Seat 1: Agrotait ($86.18 in chips)
Seat 6: 19woody58 ($100.90 in chips)
Agrotait: posts small blind $1
19woody58: posts big blind $3
*** HOLE CARDS ***
Agrotait: raises $3 to $6
19woody58: folds
Uncalled bet ($3) returned to Agrotait
Agrotait collected $6 from pot
Agrotait: doesn't show hand
*** SUMMARY ***
Total pot $6 | Rake $0
Seat 1: Agrotait (button) (small blind) collected ($6)
Seat 6: 19woody58 (big blind) folded before Flop


PokerStars Hand #154126956524:  Hold'em Limit ($3/$6 USD) - 2016/06/01 1:55:00 ET
Table 'Euryanthe' 6-max Seat #1 is the button
Seat 1: Agrotait ($90.18 in chips)
Seat 6: 19woody58 ($96.90 in chips)
Agrotait: posts small blind $1
19woody58: posts big blind $3
*** HOLE CARDS ***
Agrotait: raises $3 to $6
19woody58: calls $3
*** FLOP *** [2d As 8c]
19woody58: checks
Agrotait: bets $3
19woody58: folds
Uncalled bet ($3) returned to Agrotait
Agrotait collected $11.76 from pot
Agrotait: doesn't show hand
*** SUMMARY ***
Total pot $12 | Rake $0.24
Board [2d As 8c]
Seat 1: Agrotait (button) (small blind) collected ($11.76)
Seat 6: 19woody58 (big blind) folded on the Flop


PokerStars Hand #154126960495:  Hold'em Limit ($3/$6 USD) - 2016/06/01 1:55:18 ET
Table 'Euryanthe' 6-max Seat #6 is the button
Seat 1: Agrotait ($95.94 in chips)
Seat 6: 19woody58 ($90.90 in chips)
19woody58: posts small blind $1
Agrotait: posts big blind $3
*** HOLE CARDS ***
19woody58: folds
Uncalled bet ($2) returned to Agrotait
Agrotait collected $2 from pot
Agrotait: doesn't show hand
*** SUMMARY ***
Total pot $2 | Rake $0
Seat 1: Agrotait (big blind) collected ($2)
Seat 6: 19woody58 (button) (small blind) folded before Flop


PokerStars Hand #154126938180:  Hold'em Limit ($3/$6 USD) - 2016/06/01 1:53:41 ET
Table 'Euryanthe' 6-max Seat #1 is the button
Seat 1: Agrotait ($112.18 in chips)
Seat 6: 19woody58 ($75.40 in chips)
Agrotait: posts small blind $1
19woody58: posts big blind $3
*** HOLE CARDS ***
Agrotait: raises $3 to $6
19woody58: calls $3
*** FLOP *** [4h Qh 2c]
19woody58: checks
Agrotait: bets $3
19woody58: calls $3
*** TURN *** [4h Qh 2c] [Ac]
19woody58: checks
Agrotait: bets $6
19woody58: raises $6 to $12
Agrotait: calls $6
*** RIVER *** [4h Qh 2c Ac] [Jc]
19woody58: bets $6
Agrotait: calls $6
*** SHOW DOWN ***
19woody58: shows [Ah 4s] (two pair, Aces and Fours)
Agrotait: mucks hand
19woody58 collected $53.50 from pot
*** SUMMARY ***
Total pot $54 | Rake $0.50
Board [4h Qh 2c Ac Jc]
Seat 1: Agrotait (button) (small blind) mucked
Seat 6: 19woody58 (big blind) showed [Ah 4s] and won ($53.50) with two pair, Aces and Fours


PokerStars Hand #154126951364:  Hold'em Limit ($3/$6 USD) - 2016/06/01 1:54:37 ET
Table 'Euryanthe' 6-max Seat #6 is the button
Seat 1: Agrotait ($85.18 in chips)
Seat 6: 19woody58 ($101.90 in chips)
19woody58: posts small blind $1
Agrotait: posts big blind $3
*** HOLE CARDS ***
19woody58: folds
Uncalled bet ($2) returned to Agrotait
Agrotait collected $2 from pot
Agrotait: doesn't show hand
*** SUMMARY ***
Total pot $2 | Rake $0
Seat 1: Agrotait (big blind) collected ($2)
Seat 6: 19woody58 (button) (small blind) folded before Flop


PokerStars Hand #154126976064:  Hold'em Limit ($3/$6 USD) - 2016/06/01 1:56:34 ET
Table 'Euryanthe' 6-max Seat #6 is the button
Seat 1: Agrotait ($111.44 in chips)
Seat 6: 19woody58 ($74.90 in chips)
19woody58: posts small blind $1
Agrotait: posts big blind $3
*** HOLE CARDS ***
19woody58: folds
Uncalled bet ($2) returned to Agrotait
Agrotait collected $2 from pot
Agrotait: doesn't show hand
*** SUMMARY ***
Total pot $2 | Rake $0
Seat 1: Agrotait (big blind) collected ($2)
Seat 6: 19woody58 (button) (small blind) folded before Flop


PokerStars Hand #154126977336:  Hold'em Limit ($3/$6 USD) - 2016/06/01 1:56:41 ET
Table 'Euryanthe' 6-max Seat #1 is the button
Seat 1: Agrotait ($112.44 in chips)
Seat 6: 19woody58 ($73.90 in chips)
Agrotait: posts small blind $1
19woody58: posts big blind $3
*** HOLE CARDS ***
Agrotait: raises $3 to $6
19woody58: calls $3
*** FLOP *** [Jd 4h Tc]
19woody58: checks
Agrotait: bets $3
19woody58: calls $3
*** TURN *** [Jd 4h Tc] [6h]
19woody58: checks
Agrotait: checks
*** RIVER *** [Jd 4h Tc 6h] [5d]
19woody58: bets $6
Agrotait: folds
Uncalled bet ($6) returned to 19woody58
19woody58 collected $17.64 from pot
*** SUMMARY ***
Total pot $18 | Rake $0.36
Board [Jd 4h Tc 6h 5d]
Seat 1: Agrotait (button) (small blind) folded on the River
Seat 6: 19woody58 (big blind) collected ($17.64)


PokerStars Hand #154126961935:  Hold'em Limit ($3/$6 USD) - 2016/06/01 1:55:25 ET
Table 'Euryanthe' 6-max Seat #1 is the button
Seat 1: Agrotait ($96.94 in chips)
Seat 6: 19woody58 ($89.90 in chips)
Agrotait: posts small blind $1
19woody58: posts big blind $3
*** HOLE CARDS ***
Agrotait: raises $3 to $6
19woody58: calls $3
*** FLOP *** [Kh 6s 8h]
19woody58: checks
Agrotait: bets $3
19woody58: calls $3
*** TURN *** [Kh 6s 8h] [2c]
19woody58: checks
Agrotait: checks
*** RIVER *** [Kh 6s 8h 2c] [Qc]
19woody58: bets $6
Agrotait: calls $6
*** SHOW DOWN ***
19woody58: shows [As 8d] (a pair of Eights)
Agrotait: shows [7c Qd] (a pair of Queens)
Agrotait collected $29.50 from pot
*** SUMMARY ***
Total pot $30 | Rake $0.50
Board [Kh 6s 8h 2c Qc]
Seat 1: Agrotait (button) (small blind) showed [7c Qd] and won ($29.50) with a pair of Queens
Seat 6: 19woody58 (big blind) showed [As 8d] and lost with a pair of Eights


PokerStars Hand #154126985751:  Hold'em Limit ($3/$6 USD) - 2016/06/01 1:57:21 ET
Table 'Euryanthe' 6-max Seat #6 is the button
Seat 1: Agrotait ($103.44 in chips)
Seat 6: 19woody58 ($82.54 in chips)
19woody58: posts small blind $1
Agrotait: posts big blind $3
*** HOLE CARDS ***
19woody58: calls $2
Agrotait: checks
*** FLOP *** [3s 8d 2c]
Agrotait: bets $3
19woody58: folds
Uncalled bet ($3) returned to Agrotait
Agrotait collected $5.88 from pot
Agrotait: doesn't show hand
*** SUMMARY ***
Total pot $6 | Rake $0.12
Board [3s 8d 2c]
Seat 1: Agrotait (big blind) collected ($5.88)
Seat 6: 19woody58 (button) (small blind) folded on the Flop


PokerStars Hand #154126990636:  Hold'em Limit ($3/$6 USD) - 2016/06/01 1:57:44 ET
Table 'Euryanthe' 6-max Seat #1 is the button
Seat 1: Agrotait ($106.32 in chips)
Seat 6: 19woody58 ($79.54 in chips)
Agrotait: posts small blind $1
19woody58: posts big blind $3
*** HOLE CARDS ***
Agrotait: raises $3 to $6
19woody58: calls $3
*** FLOP *** [9c 7h Qd]
19woody58: checks
Agrotait: bets $3
19woody58: folds
Uncalled bet ($3) returned to Agrotait
Agrotait collected $11.76 from pot
Agrotait: doesn't show hand
*** SUMMARY ***
Total pot $12 | Rake $0.24
Board [9c 7h Qd]
Seat 1: Agrotait (button) (small blind) collected ($11.76)
Seat 6: 19woody58 (big blind) folded on the Flop


PokerStars Hand #154126997340:  Hold'em Limit ($3/$6 USD) - 2016/06/01 1:58:16 ET
Table 'Euryanthe' 6-max Seat #6 is the button
Seat 1: Agrotait ($112.08 in chips)
Seat 6: 19woody58 ($73.54 in chips)
19woody58: posts small blind $1
Agrotait: posts big blind $3
*** HOLE CARDS ***
19woody58: raises $3 to $6
Agrotait: calls $3
*** FLOP *** [4s 5s Qs]
Agrotait: checks
19woody58: bets $3
Agrotait: calls $3
*** TURN *** [4s 5s Qs] [Kd]
Agrotait: checks
19woody58: bets $6
Agrotait: calls $6
*** RIVER *** [4s 5s Qs Kd] [8h]
Agrotait: checks
19woody58: bets $6
Agrotait has timed out
Agrotait: folds
Uncalled bet ($6) returned to 19woody58
19woody58 collected $29.50 from pot
*** SUMMARY ***
Total pot $30 | Rake $0.50
Board [4s 5s Qs Kd 8h]
Seat 1: Agrotait (big blind) folded on the River
Seat 6: 19woody58 (button) (small blind) collected ($29.50)


PokerStars Hand #154127018391:  Hold'em Limit ($3/$6 USD) - 2016/06/01 1:59:56 ET
Table 'Euryanthe' 6-max Seat #1 is the button
Seat 1: Agrotait ($93.08 in chips)
Seat 6: 19woody58 ($92.04 in chips)
Agrotait: posts small blind $1
19woody58: posts big blind $3
*** HOLE CARDS ***
Agrotait: raises $3 to $6
19woody58: calls $3
*** FLOP *** [9c 4c 4h]
19woody58: checks
Agrotait: bets $3
19woody58: folds
Uncalled bet ($3) returned to Agrotait
Agrotait collected $11.76 from pot
Agrotait: doesn't show hand
*** SUMMARY ***
Total pot $12 | Rake $0.24
Board [9c 4c 4h]
Seat 1: Agrotait (button) (small blind) collected ($11.76)
Seat 6: 19woody58 (big blind) folded on the Flop


PokerStars Hand #154127015446:  Hold'em Limit ($3/$6 USD) - 2016/06/01 1:59:42 ET
Table 'Euryanthe' 6-max Seat #6 is the button
Seat 1: Agrotait ($96.08 in chips)
Seat 6: 19woody58 ($89.04 in chips)
19woody58: posts small blind $1
Agrotait: posts big blind $3
*** HOLE CARDS ***
19woody58: raises $3 to $6
Agrotait: folds
Uncalled bet ($3) returned to 19woody58
19woody58 collected $6 from pot
*** SUMMARY ***
Total pot $6 | Rake $0
Seat 1: Agrotait (big blind) folded before Flop
Seat 6: 19woody58 (button) (small blind) collected ($6)


PokerStars Hand #154127013176:  Hold'em Limit ($3/$6 USD) - 2016/06/01 1:59:31 ET
Table 'Euryanthe' 6-max Seat #1 is the button
Seat 1: Agrotait ($97.08 in chips)
Seat 6: 19woody58 ($88.04 in chips)
Agrotait: posts small blind $1
19woody58: posts big blind $3
*** HOLE CARDS ***
Agrotait: folds
Uncalled bet ($2) returned to 19woody58
19woody58 collected $2 from pot
*** SUMMARY ***
Total pot $2 | Rake $0
Seat 1: Agrotait (button) (small blind) folded before Flop
Seat 6: 19woody58 (big blind) collected ($2)


PokerStars Hand #154127030576:  Hold'em Limit ($3/$6 USD) - 2016/06/01 2:00:49 ET
Table 'Euryanthe' 6-max Seat #1 is the button
Seat 1: Agrotait ($113.34 in chips)
Seat 6: 19woody58 ($71.04 in chips)
Agrotait: posts small blind $1
19woody58: posts big blind $3
*** HOLE CARDS ***
Agrotait: folds
Uncalled bet ($2) returned to 19woody58
19woody58 collected $2 from pot
*** SUMMARY ***
Total pot $2 | Rake $0
Seat 1: Agrotait (button) (small blind) folded before Flop
Seat 6: 19woody58 (big blind) collected ($2)


PokerStars Hand #154127022091:  Hold'em Limit ($3/$6 USD) - 2016/06/01 2:00:13 ET
Table 'Euryanthe' 6-max Seat #6 is the button
Seat 1: Agrotait ($98.84 in chips)
Seat 6: 19woody58 ($86.04 in chips)
19woody58: posts small blind $1
Agrotait: posts big blind $3
*** HOLE CARDS ***
19woody58: calls $2
Agrotait: raises $3 to $6
19woody58: calls $3
*** FLOP *** [9d Jc 5c]
Agrotait: bets $3
19woody58: calls $3
*** TURN *** [9d Jc 5c] [6c]
Agrotait: bets $6
19woody58: calls $6
*** RIVER *** [9d Jc 5c 6c] [Qs]
Agrotait: bets $6
19woody58: folds
Uncalled bet ($6) returned to Agrotait
Agrotait collected $29.50 from pot
Agrotait: doesn't show hand
*** SUMMARY ***
Total pot $30 | Rake $0.50
Board [9d Jc 5c 6c Qs]
Seat 1: Agrotait (big blind) collected ($29.50)
Seat 6: 19woody58 (button) (small blind) folded on the River


PokerStars Hand #154127032641:  Hold'em Limit ($3/$6 USD) - 2016/06/01 2:00:58 ET
Table 'Euryanthe' 6-max Seat #6 is the button
Seat 1: Agrotait ($112.34 in chips)
Seat 6: 19woody58 ($72.04 in chips)
19woody58: posts small blind $1
Agrotait: posts big blind $3
*** HOLE CARDS ***
19woody58: folds
Uncalled bet ($2) returned to Agrotait
Agrotait collected $2 from pot
Agrotait: doesn't show hand
*** SUMMARY ***
Total pot $2 | Rake $0
Seat 1: Agrotait (big blind) collected ($2)
Seat 6: 19woody58 (button) (small blind) folded before Flop


PokerStars Hand #154127033993:  Hold'em Limit ($3/$6 USD) - 2016/06/01 2:01:05 ET
Table 'Euryanthe' 6-max Seat #1 is the button
Seat 1: Agrotait ($113.34 in chips)
Seat 6: 19woody58 ($71.04 in chips)
Agrotait: posts small blind $1
19woody58: posts big blind $3
*** HOLE CARDS ***
Agrotait: raises $3 to $6
19woody58: folds
Uncalled bet ($3) returned to Agrotait
Agrotait collected $6 from pot
Agrotait: doesn't show hand
*** SUMMARY ***
Total pot $6 | Rake $0
Seat 1: Agrotait (button) (small blind) collected ($6)
Seat 6: 19woody58 (big blind) folded before Flop


PokerStars Hand #154127043773:  Hold'em Limit ($3/$6 USD) - 2016/06/01 2:01:46 ET
Table 'Euryanthe' 6-max Seat #6 is the button
Seat 1: Agrotait ($122.22 in chips)
Seat 6: 19woody58 ($62.04 in chips)
19woody58: posts small blind $1
Agrotait: posts big blind $3
*** HOLE CARDS ***
19woody58: raises $3 to $6
Agrotait: calls $3
*** FLOP *** [Jc 4h Kh]
Agrotait: checks
19woody58: bets $3
Agrotait: folds
Uncalled bet ($3) returned to 19woody58
19woody58 collected $11.76 from pot
*** SUMMARY ***
Total pot $12 | Rake $0.24
Board [Jc 4h Kh]
Seat 1: Agrotait (big blind) folded on the Flop
Seat 6: 19woody58 (button) (small blind) collected ($11.76)


PokerStars Hand #154127040460:  Hold'em Limit ($3/$6 USD) - 2016/06/01 2:01:33 ET
Table 'Euryanthe' 6-max Seat #1 is the button
Seat 1: Agrotait ($119.22 in chips)
Seat 6: 19woody58 ($65.04 in chips)
Agrotait: posts small blind $1
19woody58: posts big blind $3
*** HOLE CARDS ***
Agrotait: raises $3 to $6
19woody58: folds
Uncalled bet ($3) returned to Agrotait
Agrotait collected $6 from pot
Agrotait: doesn't show hand
*** SUMMARY ***
Total pot $6 | Rake $0
Seat 1: Agrotait (button) (small blind) collected ($6)
Seat 6: 19woody58 (big blind) folded before Flop


PokerStars Hand #154127035973:  Hold'em Limit ($3/$6 USD) - 2016/06/01 2:01:13 ET
Table 'Euryanthe' 6-max Seat #6 is the button
Seat 1: Agrotait ($116.34 in chips)
Seat 6: 19woody58 ($68.04 in chips)
19woody58: posts small blind $1
Agrotait: posts big blind $3
*** HOLE CARDS ***
19woody58: calls $2
Agrotait: checks
*** FLOP *** [9s As 2h]
Agrotait: bets $3
19woody58: folds
Uncalled bet ($3) returned to Agrotait
Agrotait collected $5.88 from pot
Agrotait: doesn't show hand
*** SUMMARY ***
Total pot $6 | Rake $0.12
Board [9s As 2h]
Seat 1: Agrotait (big blind) collected ($5.88)
Seat 6: 19woody58 (button) (small blind) folded on the Flop


PokerStars Hand #154127057911:  Hold'em Limit ($3/$6 USD) - 2016/06/01 2:02:46 ET
Table 'Euryanthe' 6-max Seat #6 is the button
Seat 1: Agrotait ($130.72 in chips)
Seat 6: 19woody58 ($52.80 in chips)
19woody58: posts small blind $1
Agrotait: posts big blind $3
*** HOLE CARDS ***
19woody58: raises $3 to $6
Agrotait: calls $3
*** FLOP *** [Ah 2h 4d]
Agrotait: checks
19woody58: bets $3
Agrotait: calls $3
*** TURN *** [Ah 2h 4d] [7h]
Agrotait: checks
19woody58: checks
*** RIVER *** [Ah 2h 4d 7h] [5d]
Agrotait: bets $6
19woody58: folds
Uncalled bet ($6) returned to Agrotait
Agrotait collected $17.64 from pot
Agrotait: doesn't show hand
*** SUMMARY ***
Total pot $18 | Rake $0.36
Board [Ah 2h 4d 7h 5d]
Seat 1: Agrotait (big blind) collected ($17.64)
Seat 6: 19woody58 (button) (small blind) folded on the River


PokerStars Hand #154127047242:  Hold'em Limit ($3/$6 USD) - 2016/06/01 2:02:01 ET
Table 'Euryanthe' 6-max Seat #1 is the button
Seat 1: Agrotait ($116.22 in chips)
Seat 6: 19woody58 ($67.80 in chips)
Agrotait: posts small blind $1
19woody58: posts big blind $3
*** HOLE CARDS ***
Agrotait: raises $3 to $6
19woody58: calls $3
*** FLOP *** [Jh 9d Kd]
19woody58: checks
Agrotait: bets $3
19woody58: calls $3
*** TURN *** [Jh 9d Kd] [8d]
19woody58: checks
Agrotait: bets $6
19woody58: calls $6
*** RIVER *** [Jh 9d Kd 8d] [6h]
19woody58: checks
Agrotait: bets $6
19woody58: folds
Uncalled bet ($6) returned to Agrotait
Agrotait collected $29.50 from pot
Agrotait: doesn't show hand
*** SUMMARY ***
Total pot $30 | Rake $0.50
Board [Jh 9d Kd 8d 6h]
Seat 1: Agrotait (button) (small blind) collected ($29.50)
Seat 6: 19woody58 (big blind) folded on the River


PokerStars Hand #154127066309:  Hold'em Limit ($3/$6 USD) - 2016/06/01 2:03:21 ET
Table 'Euryanthe' 6-max Seat #1 is the button
Seat 1: Agrotait ($139.36 in chips)
Seat 6: 19woody58 ($43.80 in chips)
Agrotait: posts small blind $1
19woody58: posts big blind $3
*** HOLE CARDS ***
Agrotait: raises $3 to $6
19woody58: calls $3
*** FLOP *** [6s 9d Js]
19woody58: checks
Agrotait: bets $3
19woody58: calls $3
*** TURN *** [6s 9d Js] [5c]
19woody58: checks
Agrotait: bets $6
19woody58: raises $6 to $12
Agrotait: calls $6
*** RIVER *** [6s 9d Js 5c] [9c]
19woody58: bets $6
Agrotait: folds
Uncalled bet ($6) returned to 19woody58
19woody58 collected $41.50 from pot
*** SUMMARY ***
Total pot $42 | Rake $0.50
Board [6s 9d Js 5c 9c]
Seat 1: Agrotait (button) (small blind) folded on the River
Seat 6: 19woody58 (big blind) collected ($41.50)


PokerStars Hand #154127080130:  Hold'em Limit ($3/$6 USD) - 2016/06/01 2:04:05 ET
Table 'Euryanthe' 6-max Seat #6 is the button
Seat 1: Agrotait ($118.36 in chips)
Seat 6: 19woody58 ($64.30 in chips)
19woody58: posts small blind $1
Agrotait: posts big blind $3
*** HOLE CARDS ***
19woody58: calls $2
VolkovDmitri joins the table at seat #2
dokaten joins the table at seat #3
Agrotait: checks
*** FLOP *** [3h 6c 8h]
Agrotait: checks
19woody58: checks
*** TURN *** [3h 6c 8h] [Ac]
Agrotait: checks
19woody58: bets $6
Agrotait has timed out
Agrotait: folds
Uncalled bet ($6) returned to 19woody58
19woody58 collected $5.88 from pot
*** SUMMARY ***
Total pot $6 | Rake $0.12
Board [3h 6c 8h Ac]
Seat 1: Agrotait (big blind) folded on the Turn
Seat 6: 19woody58 (button) (small blind) collected ($5.88)


PokerStars Hand #154128336144:  Hold'em Limit ($3/$6 USD) - 2016/06/01 3:26:52 ET
Table 'Euryanthe' 6-max Seat #5 is the button
Seat 5: Moby Teefe ($214.28 in chips)
Seat 6: tomte999 ($94.62 in chips)
Moby Teefe: posts small blind $1
tomte999: posts big blind $3
*** HOLE CARDS ***
Moby Teefe: folds
Uncalled bet ($2) returned to tomte999
tomte999 collected $2 from pot
tomte999: doesn't show hand
*** SUMMARY ***
Total pot $2 | Rake $0
Seat 5: Moby Teefe (button) (small blind) folded before Flop
Seat 6: tomte999 (big blind) collected ($2)


PokerStars Hand #154128341873:  Hold'em Limit ($3/$6 USD) - 2016/06/01 3:27:13 ET
Table 'Euryanthe' 6-max Seat #5 is the button
Seat 5: Moby Teefe ($210.28 in chips)
Seat 6: tomte999 ($98.62 in chips)
Moby Teefe: posts small blind $1
tomte999: posts big blind $3
*** HOLE CARDS ***
Moby Teefe: raises $3 to $6
tomte999: raises $3 to $9
Moby Teefe: calls $3
*** FLOP *** [2c 2s 7s]
tomte999: bets $3
Moby Teefe: folds
Uncalled bet ($3) returned to tomte999
tomte999 collected $17.64 from pot
tomte999: doesn't show hand
*** SUMMARY ***
Total pot $18 | Rake $0.36
Board [2c 2s 7s]
Seat 5: Moby Teefe (button) (small blind) folded on the Flop
Seat 6: tomte999 (big blind) collected ($17.64)


PokerStars Hand #154128337758:  Hold'em Limit ($3/$6 USD) - 2016/06/01 3:26:58 ET
Table 'Euryanthe' 6-max Seat #6 is the button
Seat 5: Moby Teefe ($213.28 in chips)
Seat 6: tomte999 ($95.62 in chips)
tomte999: posts small blind $1
Moby Teefe: posts big blind $3
*** HOLE CARDS ***
tomte999: raises $3 to $6
Moby Teefe: folds
Uncalled bet ($3) returned to tomte999
tomte999 collected $6 from pot
tomte999: doesn't show hand
*** SUMMARY ***
Total pot $6 | Rake $0
Seat 5: Moby Teefe (big blind) folded before Flop
Seat 6: tomte999 (button) (small blind) collected ($6)


