PokerStars Hand #163946090647:  Hold'em Limit ($3/$6 USD) - 2017/01/02 20:59:17 ET
Table 'Euryalos II' 6-max Seat #4 is the button
Seat 1: Zubasa07 ($535.50 in chips)
Seat 4: Lucylove12 ($151.09 in chips)
Lucylove12: posts small blind $1
Zubasa07: posts big blind $3
*** HOLE CARDS ***
Lucylove12: folds
Uncalled bet ($2) returned to Zubasa07
Zubasa07 collected $2 from pot
Zubasa07: doesn't show hand
*** SUMMARY ***
Total pot $2 | Rake $0
Seat 1: Zubasa07 (big blind) collected ($2)
Seat 4: Lucylove12 (button) (small blind) folded before Flop


PokerStars Hand #163946068224:  Hold'em Limit ($3/$6 USD) - 2017/01/02 20:58:27 ET
Table 'Euryalos II' 6-max Seat #1 is the button
Seat 1: Zubasa07 ($500 in chips)
Seat 4: Lucylove12 ($187.09 in chips)
Zubasa07: posts small blind $1
Lucylove12: posts big blind $3
*** HOLE CARDS ***
Zubasa07: raises $3 to $6
Lucylove12: calls $3
*** FLOP *** [8d 4s 2h]
Lucylove12: bets $3
Zubasa07: raises $3 to $6
Lucylove12: calls $3
*** TURN *** [8d 4s 2h] [Kd]
Lucylove12: checks
Zubasa07: bets $6
Lucylove12: raises $6 to $12
Zubasa07: calls $6
*** RIVER *** [8d 4s 2h Kd] [6h]
Lucylove12: bets $6
Zubasa07: raises $6 to $12
Lucylove12: calls $6
*** SHOW DOWN ***
Zubasa07: shows [6d 6s] (three of a kind, Sixes)
Lucylove12: mucks hand
Zubasa07 collected $71.50 from pot
*** SUMMARY ***
Total pot $72 | Rake $0.50
Board [8d 4s 2h Kd 6h]
Seat 1: Zubasa07 (button) (small blind) showed [6d 6s] and won ($71.50) with three of a kind, Sixes
Seat 4: Lucylove12 (big blind) mucked


PokerStars Hand #163946093315:  Hold'em Limit ($3/$6 USD) - 2017/01/02 20:59:23 ET
Table 'Euryalos II' 6-max Seat #1 is the button
Seat 1: Zubasa07 ($536.50 in chips)
Seat 4: Lucylove12 ($150.09 in chips)
Zubasa07: posts small blind $1
Lucylove12: posts big blind $3
*** HOLE CARDS ***
Zubasa07: raises $3 to $6
Lucylove12: raises $3 to $9
Zubasa07: calls $3
*** FLOP *** [7s Ks 8d]
Lucylove12: bets $3
Zubasa07: calls $3
*** TURN *** [7s Ks 8d] [9c]
Lucylove12: checks
Zubasa07: checks
*** RIVER *** [7s Ks 8d 9c] [Ah]
Lucylove12: bets $6
Zubasa07: folds
Uncalled bet ($6) returned to Lucylove12
Lucylove12 collected $23.52 from pot
Lucylove12: doesn't show hand
*** SUMMARY ***
Total pot $24 | Rake $0.48
Board [7s Ks 8d 9c Ah]
Seat 1: Zubasa07 (button) (small blind) folded on the River
Seat 4: Lucylove12 (big blind) collected ($23.52)


PokerStars Hand #163946118926:  Hold'em Limit ($3/$6 USD) - 2017/01/02 21:00:19 ET
Table 'Euryalos II' 6-max Seat #4 is the button
Seat 1: Zubasa07 ($524.50 in chips)
Seat 4: Lucylove12 ($161.61 in chips)
Lucylove12: posts small blind $1
Zubasa07: posts big blind $3
*** HOLE CARDS ***
Lucylove12: calls $2
Zubasa07: raises $3 to $6
Lucylove12: calls $3
*** FLOP *** [3s 8h 2c]
Zubasa07: bets $3
Lucylove12: calls $3
*** TURN *** [3s 8h 2c] [6h]
Zubasa07: checks
Lucylove12: bets $6
Zubasa07: calls $6
*** RIVER *** [3s 8h 2c 6h] [3h]
Zubasa07: checks
Lucylove12: bets $6
Zubasa07: calls $6
*** SHOW DOWN ***
Lucylove12: shows [3d 7s] (three of a kind, Threes)
Zubasa07: mucks hand
Lucylove12 collected $41.50 from pot
*** SUMMARY ***
Total pot $42 | Rake $0.50
Board [3s 8h 2c 6h 3h]
Seat 1: Zubasa07 (big blind) mucked
Seat 4: Lucylove12 (button) (small blind) showed [3d 7s] and won ($41.50) with three of a kind, Threes


PokerStars Hand #163946137038:  Hold'em Limit ($3/$6 USD) - 2017/01/02 21:00:58 ET
Table 'Euryalos II' 6-max Seat #1 is the button
Seat 1: Zubasa07 ($503.50 in chips)
Seat 4: Lucylove12 ($182.11 in chips)
Zubasa07: posts small blind $1
Lucylove12: posts big blind $3
*** HOLE CARDS ***
Zubasa07: raises $3 to $6
Lucylove12: calls $3
*** FLOP *** [7c Ac 4c]
Lucylove12: checks
Zubasa07: bets $3
Lucylove12: raises $3 to $6
Zubasa07: calls $3
*** TURN *** [7c Ac 4c] [Ks]
Lucylove12: bets $6
Zubasa07: raises $6 to $12
Lucylove12: raises $6 to $18
Zubasa07: calls $6
*** RIVER *** [7c Ac 4c Ks] [Qs]
Lucylove12: bets $6
Zubasa07: calls $6
*** SHOW DOWN ***
Lucylove12: shows [Kd 7s] (two pair, Kings and Sevens)
Zubasa07: mucks hand
Lucylove12 collected $71.50 from pot
*** SUMMARY ***
Total pot $72 | Rake $0.50
Board [7c Ac 4c Ks Qs]
Seat 1: Zubasa07 (button) (small blind) mucked
Seat 4: Lucylove12 (big blind) showed [Kd 7s] and won ($71.50) with two pair, Kings and Sevens


PokerStars Hand #163946212687:  Hold'em Limit ($3/$6 USD) - 2017/01/02 21:03:26 ET
Table 'Euryalos II' 6-max Seat #4 is the button
Seat 1: Zubasa07 ($437.50 in chips)
Seat 4: Lucylove12 ($246.63 in chips)
Lucylove12: posts small blind $1
Zubasa07: posts big blind $3
*** HOLE CARDS ***
Lucylove12: raises $3 to $6
Zubasa07: folds
Uncalled bet ($3) returned to Lucylove12
Lucylove12 collected $6 from pot
Lucylove12: doesn't show hand
*** SUMMARY ***
Total pot $6 | Rake $0
Seat 1: Zubasa07 (big blind) folded before Flop
Seat 4: Lucylove12 (button) (small blind) collected ($6)


PokerStars Hand #163946185973:  Hold'em Limit ($3/$6 USD) - 2017/01/02 21:02:35 ET
Table 'Euryalos II' 6-max Seat #1 is the button
Seat 1: Zubasa07 ($449.50 in chips)
Seat 4: Lucylove12 ($235.11 in chips)
Zubasa07: posts small blind $1
Lucylove12: posts big blind $3
*** HOLE CARDS ***
Zubasa07: raises $3 to $6
Lucylove12: raises $3 to $9
Zubasa07: calls $3
*** FLOP *** [Ts 8h Jc]
Lucylove12: bets $3
Zubasa07: calls $3
*** TURN *** [Ts 8h Jc] [Ah]
Lucylove12: checks
Zubasa07: checks
*** RIVER *** [Ts 8h Jc Ah] [Jh]
Lucylove12: bets $6
Zubasa07: folds
Uncalled bet ($6) returned to Lucylove12
Lucylove12 collected $23.52 from pot
Lucylove12: doesn't show hand
*** SUMMARY ***
Total pot $24 | Rake $0.48
Board [Ts 8h Jc Ah Jh]
Seat 1: Zubasa07 (button) (small blind) folded on the River
Seat 4: Lucylove12 (big blind) collected ($23.52)


PokerStars Hand #163946164262:  Hold'em Limit ($3/$6 USD) - 2017/01/02 21:01:53 ET
Table 'Euryalos II' 6-max Seat #4 is the button
Seat 1: Zubasa07 ($467.50 in chips)
Seat 4: Lucylove12 ($217.61 in chips)
Lucylove12: posts small blind $1
Zubasa07: posts big blind $3
*** HOLE CARDS ***
Lucylove12: raises $3 to $6
Zubasa07: calls $3
*** FLOP *** [Ts 9s 2s]
Zubasa07: checks
Lucylove12: bets $3
Zubasa07: raises $3 to $6
Lucylove12: calls $3
*** TURN *** [Ts 9s 2s] [Td]
Zubasa07: bets $6
Lucylove12: calls $6
*** RIVER *** [Ts 9s 2s Td] [Qc]
Zubasa07: checks
Lucylove12: checks
*** SHOW DOWN ***
Zubasa07: shows [Js 3d] (a pair of Tens)
Lucylove12: shows [Jc 2c] (two pair, Tens and Deuces)
Lucylove12 collected $35.50 from pot
*** SUMMARY ***
Total pot $36 | Rake $0.50
Board [Ts 9s 2s Td Qc]
Seat 1: Zubasa07 (big blind) showed [Js 3d] and lost with a pair of Tens
Seat 4: Lucylove12 (button) (small blind) showed [Jc 2c] and won ($35.50) with two pair, Tens and Deuces


PokerStars Hand #163946216248:  Hold'em Limit ($3/$6 USD) - 2017/01/02 21:03:33 ET
Table 'Euryalos II' 6-max Seat #1 is the button
Seat 1: Zubasa07 ($434.50 in chips)
Seat 4: Lucylove12 ($249.63 in chips)
Zubasa07: posts small blind $1
Lucylove12: posts big blind $3
*** HOLE CARDS ***
Zubasa07: raises $3 to $6
Lucylove12: calls $3
*** FLOP *** [7h 4h 8h]
Lucylove12: bets $3
Zubasa07: calls $3
*** TURN *** [7h 4h 8h] [2d]
Lucylove12: bets $6
Zubasa07: calls $6
*** RIVER *** [7h 4h 8h 2d] [Qd]
Lucylove12: bets $6
Zubasa07: calls $6
*** SHOW DOWN ***
Lucylove12: shows [6d 5h] (a straight, Four to Eight)
Zubasa07: mucks hand
Lucylove12 collected $41.50 from pot
*** SUMMARY ***
Total pot $42 | Rake $0.50
Board [7h 4h 8h 2d Qd]
Seat 1: Zubasa07 (button) (small blind) mucked
Seat 4: Lucylove12 (big blind) showed [6d 5h] and won ($41.50) with a straight, Four to Eight


PokerStars Hand #163946249830:  Hold'em Limit ($3/$6 USD) - 2017/01/02 21:04:38 ET
Table 'Euryalos II' 6-max Seat #1 is the button
Seat 1: Zubasa07 ($389.50 in chips)
Seat 4: Lucylove12 ($293.63 in chips)
Zubasa07: posts small blind $1
Lucylove12: posts big blind $3
*** HOLE CARDS ***
Zubasa07: raises $3 to $6
Lucylove12: raises $3 to $9
Zubasa07: calls $3
*** FLOP *** [9c Td 7c]
Lucylove12: bets $3
Zubasa07: folds
Uncalled bet ($3) returned to Lucylove12
Lucylove12 collected $17.64 from pot
Lucylove12: doesn't show hand
*** SUMMARY ***
Total pot $18 | Rake $0.36
Board [9c Td 7c]
Seat 1: Zubasa07 (button) (small blind) folded on the Flop
Seat 4: Lucylove12 (big blind) collected ($17.64)


PokerStars Hand #163946230636:  Hold'em Limit ($3/$6 USD) - 2017/01/02 21:04:01 ET
Table 'Euryalos II' 6-max Seat #4 is the button
Seat 1: Zubasa07 ($413.50 in chips)
Seat 4: Lucylove12 ($270.13 in chips)
Lucylove12: posts small blind $1
Zubasa07: posts big blind $3
*** HOLE CARDS ***
Lucylove12: calls $2
Zubasa07: raises $3 to $6
Lucylove12: calls $3
*** FLOP *** [5d Jd 2d]
Zubasa07: bets $3
Lucylove12: raises $3 to $6
Zubasa07: raises $3 to $9
Lucylove12: raises $3 to $12
Betting is capped
Zubasa07: calls $3
*** TURN *** [5d Jd 2d] [7h]
Zubasa07: checks
Lucylove12: bets $6
Zubasa07: calls $6
*** RIVER *** [5d Jd 2d 7h] [Qs]
Zubasa07: checks
Lucylove12: checks
*** SHOW DOWN ***
Zubasa07: shows [Td 8h] (high card Queen)
Lucylove12: shows [6h 6c] (a pair of Sixes)
Lucylove12 collected $47.50 from pot
*** SUMMARY ***
Total pot $48 | Rake $0.50
Board [5d Jd 2d 7h Qs]
Seat 1: Zubasa07 (big blind) showed [Td 8h] and lost with high card Queen
Seat 4: Lucylove12 (button) (small blind) showed [6h 6c] and won ($47.50) with a pair of Sixes


PokerStars Hand #163946280699:  Hold'em Limit ($3/$6 USD) - 2017/01/02 21:05:38 ET
Table 'Euryalos II' 6-max Seat #1 is the button
Seat 1: Zubasa07 ($389.14 in chips)
Seat 4: Lucylove12 ($293.27 in chips)
Zubasa07: posts small blind $1
Lucylove12: posts big blind $3
*** HOLE CARDS ***
Zubasa07: raises $3 to $6
Lucylove12: raises $3 to $9
Zubasa07: calls $3
*** FLOP *** [8h 7s 3s]
Lucylove12: bets $3
Zubasa07: calls $3
*** TURN *** [8h 7s 3s] [5h]
Lucylove12: bets $6
Zubasa07: calls $6
*** RIVER *** [8h 7s 3s 5h] [8s]
Lucylove12: bets $6
Zubasa07: calls $6
*** SHOW DOWN ***
Lucylove12: shows [Th Kh] (a pair of Eights)
Zubasa07: shows [Ah 4h] (a pair of Eights - Ace kicker)
Zubasa07 collected $47.50 from pot
*** SUMMARY ***
Total pot $48 | Rake $0.50
Board [8h 7s 3s 5h 8s]
Seat 1: Zubasa07 (button) (small blind) showed [Ah 4h] and won ($47.50) with a pair of Eights
Seat 4: Lucylove12 (big blind) showed [Th Kh] and lost with a pair of Eights


PokerStars Hand #163946265995:  Hold'em Limit ($3/$6 USD) - 2017/01/02 21:05:10 ET
Table 'Euryalos II' 6-max Seat #4 is the button
Seat 1: Zubasa07 ($380.50 in chips)
Seat 4: Lucylove12 ($302.27 in chips)
Lucylove12: posts small blind $1
Zubasa07: posts big blind $3
*** HOLE CARDS ***
Lucylove12: raises $3 to $6
Zubasa07: raises $3 to $9
Lucylove12: calls $3
*** FLOP *** [Jc 3c Jd]
Zubasa07: bets $3
Lucylove12: folds
Uncalled bet ($3) returned to Zubasa07
Zubasa07 collected $17.64 from pot
Zubasa07: doesn't show hand
*** SUMMARY ***
Total pot $18 | Rake $0.36
Board [Jc 3c Jd]
Seat 1: Zubasa07 (big blind) collected ($17.64)
Seat 4: Lucylove12 (button) (small blind) folded on the Flop


PokerStars Hand #163946321340:  Hold'em Limit ($3/$6 USD) - 2017/01/02 21:06:58 ET
Table 'Euryalos II' 6-max Seat #1 is the button
Seat 1: Zubasa07 ($427.14 in chips)
Seat 4: Lucylove12 ($254.27 in chips)
Zubasa07: posts small blind $1
Lucylove12: posts big blind $3
*** HOLE CARDS ***
Zubasa07: raises $3 to $6
Lucylove12: folds
Uncalled bet ($3) returned to Zubasa07
Zubasa07 collected $6 from pot
Zubasa07: doesn't show hand
*** SUMMARY ***
Total pot $6 | Rake $0
Seat 1: Zubasa07 (button) (small blind) collected ($6)
Seat 4: Lucylove12 (big blind) folded before Flop


PokerStars Hand #163946294635:  Hold'em Limit ($3/$6 USD) - 2017/01/02 21:06:05 ET
Table 'Euryalos II' 6-max Seat #4 is the button
Seat 1: Zubasa07 ($412.64 in chips)
Seat 4: Lucylove12 ($269.27 in chips)
Lucylove12: posts small blind $1
Zubasa07: posts big blind $3
*** HOLE CARDS ***
Lucylove12: raises $3 to $6
Zubasa07: calls $3
*** FLOP *** [7c 2h Kh]
Zubasa07: checks
Lucylove12: bets $3
Zubasa07: calls $3
*** TURN *** [7c 2h Kh] [Tc]
Zubasa07: checks
Lucylove12: checks
*** RIVER *** [7c 2h Kh Tc] [4h]
Zubasa07: bets $6
Lucylove12: calls $6
*** SHOW DOWN ***
Zubasa07: shows [4d Jh] (a pair of Fours)
Lucylove12: mucks hand
Zubasa07 collected $29.50 from pot
*** SUMMARY ***
Total pot $30 | Rake $0.50
Board [7c 2h Kh Tc 4h]
Seat 1: Zubasa07 (big blind) showed [4d Jh] and won ($29.50) with a pair of Fours
Seat 4: Lucylove12 (button) (small blind) mucked


PokerStars Hand #163946341937:  Hold'em Limit ($3/$6 USD) - 2017/01/02 21:07:38 ET
Table 'Euryalos II' 6-max Seat #1 is the button
Seat 1: Zubasa07 ($424.14 in chips)
Seat 4: Lucylove12 ($257.03 in chips)
Zubasa07: posts small blind $1
Lucylove12: posts big blind $3
*** HOLE CARDS ***
Zubasa07: raises $3 to $6
Lucylove12: calls $3
*** FLOP *** [8h 8d 8c]
Lucylove12: checks
Zubasa07: bets $3
Lucylove12: calls $3
*** TURN *** [8h 8d 8c] [Js]
Lucylove12: checks
Zubasa07: bets $6
Lucylove12: raises $6 to $12
Zubasa07: calls $6
*** RIVER *** [8h 8d 8c Js] [6c]
Lucylove12: bets $6
Zubasa07: calls $6
*** SHOW DOWN ***
Lucylove12: shows [Jc 4h] (a full house, Eights full of Jacks)
Zubasa07: shows [Jh 7c] (a full house, Eights full of Jacks)
Lucylove12 collected $26.75 from pot
Zubasa07 collected $26.75 from pot
*** SUMMARY ***
Total pot $54 | Rake $0.50
Board [8h 8d 8c Js 6c]
Seat 1: Zubasa07 (button) (small blind) showed [Jh 7c] and won ($26.75) with a full house, Eights full of Jacks
Seat 4: Lucylove12 (big blind) showed [Jc 4h] and won ($26.75) with a full house, Eights full of Jacks


PokerStars Hand #163946325108:  Hold'em Limit ($3/$6 USD) - 2017/01/02 21:07:05 ET
Table 'Euryalos II' 6-max Seat #4 is the button
Seat 1: Zubasa07 ($430.14 in chips)
Seat 4: Lucylove12 ($251.27 in chips)
Lucylove12: posts small blind $1
Zubasa07: posts big blind $3
*** HOLE CARDS ***
Lucylove12: raises $3 to $6
Zubasa07: calls $3
*** FLOP *** [Tc 8h 5s]
Zubasa07: checks
Lucylove12: bets $3
Zubasa07: folds
Uncalled bet ($3) returned to Lucylove12
Lucylove12 collected $11.76 from pot
Lucylove12: doesn't show hand
*** SUMMARY ***
Total pot $12 | Rake $0.24
Board [Tc 8h 5s]
Seat 1: Zubasa07 (big blind) folded on the Flop
Seat 4: Lucylove12 (button) (small blind) collected ($11.76)


PokerStars Hand #163946358347:  Hold'em Limit ($3/$6 USD) - 2017/01/02 21:08:10 ET
Table 'Euryalos II' 6-max Seat #4 is the button
Seat 1: Zubasa07 ($423.89 in chips)
Seat 4: Lucylove12 ($256.78 in chips)
Lucylove12: posts small blind $1
Zubasa07: posts big blind $3
*** HOLE CARDS ***
Lucylove12: raises $3 to $6
**Geka**555 joins the table at seat #3
Zubasa07: raises $3 to $9
Lucylove12: calls $3
*** FLOP *** [Js 3c 4s]
Zubasa07: bets $3
Lucylove12: calls $3
*** TURN *** [Js 3c 4s] [7c]
Zubasa07: bets $6
Lucylove12: calls $6
*** RIVER *** [Js 3c 4s 7c] [Ac]
Zubasa07: bets $6
Lucylove12: folds
Uncalled bet ($6) returned to Zubasa07
Zubasa07 collected $35.50 from pot
Zubasa07: doesn't show hand
*** SUMMARY ***
Total pot $36 | Rake $0.50
Board [Js 3c 4s 7c Ac]
Seat 1: Zubasa07 (big blind) collected ($35.50)
Seat 4: Lucylove12 (button) (small blind) folded on the River


PokerStars Hand #163946417457:  Hold'em Limit ($3/$6 USD) - 2017/01/02 21:10:07 ET
Table 'Euryalos II' 6-max Seat #3 is the button
Seat 1: Zubasa07 ($423.39 in chips)
Seat 3: **Geka**555 ($52.92 in chips)
**Geka**555: posts small blind $1
Zubasa07: posts big blind $3
*** HOLE CARDS ***
**Geka**555: folds
Uncalled bet ($2) returned to Zubasa07
Zubasa07 collected $2 from pot
Zubasa07: doesn't show hand
*** SUMMARY ***
Total pot $2 | Rake $0
Seat 1: Zubasa07 (big blind) collected ($2)
Seat 3: **Geka**555 (button) (small blind) folded before Flop


PokerStars Hand #163946420127:  Hold'em Limit ($3/$6 USD) - 2017/01/02 21:10:12 ET
Table 'Euryalos II' 6-max Seat #1 is the button
Seat 1: Zubasa07 ($424.39 in chips)
Seat 3: **Geka**555 ($51.92 in chips)
Zubasa07: posts small blind $1
**Geka**555: posts big blind $3
*** HOLE CARDS ***
Zubasa07: raises $3 to $6
**Geka**555: calls $3
*** FLOP *** [8d 9s Qd]
**Geka**555: checks
Zubasa07: bets $3
**Geka**555: raises $3 to $6
Zubasa07: calls $3
*** TURN *** [8d 9s Qd] [5s]
**Geka**555: bets $6
Zubasa07: raises $6 to $12
**Geka**555: folds
Uncalled bet ($6) returned to Zubasa07
Zubasa07 collected $35.50 from pot
Zubasa07: doesn't show hand
*** SUMMARY ***
Total pot $36 | Rake $0.50
Board [8d 9s Qd 5s]
Seat 1: Zubasa07 (button) (small blind) collected ($35.50)
Seat 3: **Geka**555 (big blind) folded on the Turn


PokerStars Hand #163946436024:  Hold'em Limit ($3/$6 USD) - 2017/01/02 21:10:44 ET
Table 'Euryalos II' 6-max Seat #3 is the button
Seat 1: Zubasa07 ($441.89 in chips)
Seat 3: **Geka**555 ($33.92 in chips)
**Geka**555: posts small blind $1
Zubasa07: posts big blind $3
*** HOLE CARDS ***
**Geka**555: folds
Uncalled bet ($2) returned to Zubasa07
Zubasa07 collected $2 from pot
Zubasa07: doesn't show hand
*** SUMMARY ***
Total pot $2 | Rake $0
Seat 1: Zubasa07 (big blind) collected ($2)
Seat 3: **Geka**555 (button) (small blind) folded before Flop


PokerStars Hand #163946438368:  Hold'em Limit ($3/$6 USD) - 2017/01/02 21:10:49 ET
Table 'Euryalos II' 6-max Seat #1 is the button
Seat 1: Zubasa07 ($442.89 in chips)
Seat 3: **Geka**555 ($32.92 in chips)
Zubasa07: posts small blind $1
**Geka**555: posts big blind $3
*** HOLE CARDS ***
Zubasa07: raises $3 to $6
**Geka**555: calls $3
*** FLOP *** [Ad 8h 2d]
**Geka**555: checks
Zubasa07: bets $3
**Geka**555: calls $3
*** TURN *** [Ad 8h 2d] [9c]
**Geka**555: checks
Zubasa07: checks
*** RIVER *** [Ad 8h 2d 9c] [Tc]
**Geka**555: checks
Zubasa07: bets $6
**Geka**555: calls $6
*** SHOW DOWN ***
Zubasa07: shows [Ts 4c] (a pair of Tens)
**Geka**555: mucks hand
Zubasa07 collected $29.50 from pot
*** SUMMARY ***
Total pot $30 | Rake $0.50
Board [Ad 8h 2d 9c Tc]
Seat 1: Zubasa07 (button) (small blind) showed [Ts 4c] and won ($29.50) with a pair of Tens
Seat 3: **Geka**555 (big blind) mucked


PokerStars Hand #163947733662:  Hold'em Limit ($3/$6 USD) - 2017/01/02 21:56:49 ET
Table 'Euryalos II' 6-max Seat #3 is the button
Seat 3: RaisemyNut$ ($144.99 in chips)
Seat 6: sda.80.16 ($44.39 in chips)
RaisemyNut$: posts small blind $1
sda.80.16: posts big blind $3
*** HOLE CARDS ***
RaisemyNut$: raises $3 to $6
sda.80.16: calls $3
*** FLOP *** [9h 2s Ks]
sda.80.16: checks
RaisemyNut$: bets $3
sda.80.16: folds
Uncalled bet ($3) returned to RaisemyNut$
RaisemyNut$ collected $11.76 from pot
RaisemyNut$: doesn't show hand
*** SUMMARY ***
Total pot $12 | Rake $0.24
Board [9h 2s Ks]
Seat 3: RaisemyNut$ (button) (small blind) collected ($11.76)
Seat 6: sda.80.16 (big blind) folded on the Flop


PokerStars Hand #163947761383:  Hold'em Limit ($3/$6 USD) - 2017/01/02 21:58:03 ET
Table 'Euryalos II' 6-max Seat #3 is the button
Seat 3: RaisemyNut$ ($171.25 in chips)
Seat 6: sda.80.16 ($17.39 in chips)
RaisemyNut$: posts small blind $1
sda.80.16: posts big blind $3
*** HOLE CARDS ***
RaisemyNut$: raises $3 to $6
sda.80.16: calls $3
*** FLOP *** [9c Ad 2h]
sda.80.16: checks
RaisemyNut$: bets $3
sda.80.16: calls $3
*** TURN *** [9c Ad 2h] [4h]
sda.80.16: checks
RaisemyNut$: checks
*** RIVER *** [9c Ad 2h 4h] [8d]
sda.80.16: bets $6
RaisemyNut$: folds
Uncalled bet ($6) returned to sda.80.16
sda.80.16 collected $17.64 from pot
sda.80.16: doesn't show hand
*** SUMMARY ***
Total pot $18 | Rake $0.36
Board [9c Ad 2h 4h 8d]
Seat 3: RaisemyNut$ (button) (small blind) folded on the River
Seat 6: sda.80.16 (big blind) collected ($17.64)


PokerStars Hand #163947738395:  Hold'em Limit ($3/$6 USD) - 2017/01/02 21:57:01 ET
Table 'Euryalos II' 6-max Seat #6 is the button
Seat 3: RaisemyNut$ ($150.75 in chips)
Seat 6: sda.80.16 ($38.39 in chips)
sda.80.16: posts small blind $1
RaisemyNut$: posts big blind $3
*** HOLE CARDS ***
sda.80.16: calls $2
RaisemyNut$: raises $3 to $6
Zubasa07 leaves the table
sda.80.16: calls $3
*** FLOP *** [7d 4c 8s]
RaisemyNut$: bets $3
sda.80.16: calls $3
*** TURN *** [7d 4c 8s] [2c]
RaisemyNut$: bets $6
sda.80.16: calls $6
*** RIVER *** [7d 4c 8s 2c] [Ts]
RaisemyNut$: checks
sda.80.16: bets $6
RaisemyNut$: calls $6
*** SHOW DOWN ***
sda.80.16: shows [9c 5h] (high card Ten)
RaisemyNut$: shows [4d Qs] (a pair of Fours)
RaisemyNut$ collected $41.50 from pot
*** SUMMARY ***
Total pot $42 | Rake $0.50
Board [7d 4c 8s 2c Ts]
Seat 3: RaisemyNut$ (big blind) showed [4d Qs] and won ($41.50) with a pair of Fours
Seat 6: sda.80.16 (button) (small blind) showed [9c 5h] and lost with high card Ten


PokerStars Hand #163947778179:  Hold'em Limit ($3/$6 USD) - 2017/01/02 21:58:47 ET
Table 'Euryalos II' 6-max Seat #3 is the button
Seat 3: RaisemyNut$ ($153.25 in chips)
Seat 6: sda.80.16 ($34.67 in chips)
RaisemyNut$: posts small blind $1
sda.80.16: posts big blind $3
*** HOLE CARDS ***
RaisemyNut$: raises $3 to $6
sda.80.16: calls $3
*** FLOP *** [Ts 7h Qs]
sda.80.16: checks
RaisemyNut$: bets $3
sda.80.16: folds
Uncalled bet ($3) returned to RaisemyNut$
RaisemyNut$ collected $11.76 from pot
RaisemyNut$: doesn't show hand
*** SUMMARY ***
Total pot $12 | Rake $0.24
Board [Ts 7h Qs]
Seat 3: RaisemyNut$ (button) (small blind) collected ($11.76)
Seat 6: sda.80.16 (big blind) folded on the Flop


PokerStars Hand #163947770440:  Hold'em Limit ($3/$6 USD) - 2017/01/02 21:58:26 ET
Table 'Euryalos II' 6-max Seat #6 is the button
Seat 3: RaisemyNut$ ($162.25 in chips)
Seat 6: sda.80.16 ($26.03 in chips)
sda.80.16: posts small blind $1
RaisemyNut$: posts big blind $3
*** HOLE CARDS ***
sda.80.16: calls $2
RaisemyNut$: raises $3 to $6
sda.80.16: calls $3
*** FLOP *** [4c Js Ks]
RaisemyNut$: bets $3
sda.80.16: calls $3
*** TURN *** [4c Js Ks] [7c]
RaisemyNut$: checks
sda.80.16: bets $6
RaisemyNut$: folds
Uncalled bet ($6) returned to sda.80.16
sda.80.16 collected $17.64 from pot
sda.80.16: doesn't show hand
*** SUMMARY ***
Total pot $18 | Rake $0.36
Board [4c Js Ks 7c]
Seat 3: RaisemyNut$ (big blind) folded on the Turn
Seat 6: sda.80.16 (button) (small blind) collected ($17.64)


PokerStars Hand #163947806012:  Hold'em Limit ($3/$6 USD) - 2017/01/02 22:00:02 ET
Table 'Euryalos II' 6-max Seat #3 is the button
Seat 3: RaisemyNut$ ($154.86 in chips)
Seat 6: sda.80.16 ($31.84 in chips)
RaisemyNut$: posts small blind $1
sda.80.16: posts big blind $3
*** HOLE CARDS ***
RaisemyNut$: raises $3 to $6
sda.80.16: calls $3
*** FLOP *** [8s 3c 5h]
sda.80.16: checks
RaisemyNut$: bets $3
sda.80.16: folds
Uncalled bet ($3) returned to RaisemyNut$
RaisemyNut$ collected $11.76 from pot
RaisemyNut$: doesn't show hand
*** SUMMARY ***
Total pot $12 | Rake $0.24
Board [8s 3c 5h]
Seat 3: RaisemyNut$ (button) (small blind) collected ($11.76)
Seat 6: sda.80.16 (big blind) folded on the Flop


PokerStars Hand #163947804229:  Hold'em Limit ($3/$6 USD) - 2017/01/02 21:59:57 ET
Table 'Euryalos II' 6-max Seat #6 is the button
Seat 3: RaisemyNut$ ($153.86 in chips)
Seat 6: sda.80.16 ($32.84 in chips)
sda.80.16: posts small blind $1
RaisemyNut$: posts big blind $3
*** HOLE CARDS ***
sda.80.16: folds
Uncalled bet ($2) returned to RaisemyNut$
RaisemyNut$ collected $2 from pot
RaisemyNut$: doesn't show hand
*** SUMMARY ***
Total pot $2 | Rake $0
Seat 3: RaisemyNut$ (big blind) collected ($2)
Seat 6: sda.80.16 (button) (small blind) folded before Flop


PokerStars Hand #163947795694:  Hold'em Limit ($3/$6 USD) - 2017/01/02 21:59:34 ET
Table 'Euryalos II' 6-max Seat #3 is the button
Seat 3: RaisemyNut$ ($170.53 in chips)
Seat 6: sda.80.16 ($16.67 in chips)
RaisemyNut$: posts small blind $1
sda.80.16: posts big blind $3
*** HOLE CARDS ***
RaisemyNut$: raises $3 to $6
sda.80.16: calls $3
*** FLOP *** [Td 6h 2h]
sda.80.16: bets $3
RaisemyNut$: calls $3
*** TURN *** [Td 6h 2h] [3s]
sda.80.16: bets $6
RaisemyNut$: raises $6 to $12
sda.80.16: calls $1.67 and is all-in
Uncalled bet ($4.33) returned to RaisemyNut$
*** RIVER *** [Td 6h 2h 3s] [9c]
*** SHOW DOWN ***
sda.80.16: shows [Kh 6s] (a pair of Sixes)
RaisemyNut$: shows [Qc 2d] (a pair of Deuces)
sda.80.16 collected $32.84 from pot
*** SUMMARY ***
Total pot $33.34 | Rake $0.50
Board [Td 6h 2h 3s 9c]
Seat 3: RaisemyNut$ (button) (small blind) showed [Qc 2d] and lost with a pair of Deuces
Seat 6: sda.80.16 (big blind) showed [Kh 6s] and won ($32.84) with a pair of Sixes


PokerStars Hand #163947783683:  Hold'em Limit ($3/$6 USD) - 2017/01/02 21:59:02 ET
Table 'Euryalos II' 6-max Seat #6 is the button
Seat 3: RaisemyNut$ ($159.01 in chips)
Seat 6: sda.80.16 ($28.67 in chips)
sda.80.16: posts small blind $1
RaisemyNut$: posts big blind $3
*** HOLE CARDS ***
sda.80.16: raises $3 to $6
RaisemyNut$: calls $3
*** FLOP *** [Jh 7c Jc]
RaisemyNut$: checks
sda.80.16: bets $3
RaisemyNut$: raises $3 to $6
sda.80.16: calls $3
*** TURN *** [Jh 7c Jc] [Kc]
RaisemyNut$: bets $6
sda.80.16: folds
Uncalled bet ($6) returned to RaisemyNut$
RaisemyNut$ collected $23.52 from pot
RaisemyNut$: doesn't show hand
*** SUMMARY ***
Total pot $24 | Rake $0.48
Board [Jh 7c Jc Kc]
Seat 3: RaisemyNut$ (big blind) collected ($23.52)
Seat 6: sda.80.16 (button) (small blind) folded on the Turn


PokerStars Hand #163947833506:  Hold'em Limit ($3/$6 USD) - 2017/01/02 22:01:11 ET
Table 'Euryalos II' 6-max Seat #3 is the button
Seat 3: RaisemyNut$ ($146.37 in chips)
Seat 6: sda.80.16 ($39.09 in chips)
RaisemyNut$: posts small blind $1
sda.80.16: posts big blind $3
*** HOLE CARDS ***
RaisemyNut$: folds
Uncalled bet ($2) returned to sda.80.16
sda.80.16 collected $2 from pot
sda.80.16: doesn't show hand
*** SUMMARY ***
Total pot $2 | Rake $0
Seat 3: RaisemyNut$ (button) (small blind) folded before Flop
Seat 6: sda.80.16 (big blind) collected ($2)


PokerStars Hand #163947830787:  Hold'em Limit ($3/$6 USD) - 2017/01/02 22:01:04 ET
Table 'Euryalos II' 6-max Seat #6 is the button
Seat 3: RaisemyNut$ ($145.37 in chips)
Seat 6: sda.80.16 ($40.09 in chips)
sda.80.16: posts small blind $1
RaisemyNut$: posts big blind $3
*** HOLE CARDS ***
sda.80.16: folds
Uncalled bet ($2) returned to RaisemyNut$
RaisemyNut$ collected $2 from pot
RaisemyNut$: doesn't show hand
*** SUMMARY ***
Total pot $2 | Rake $0
Seat 3: RaisemyNut$ (big blind) collected ($2)
Seat 6: sda.80.16 (button) (small blind) folded before Flop


PokerStars Hand #163947822204:  Hold'em Limit ($3/$6 USD) - 2017/01/02 22:00:43 ET
Table 'Euryalos II' 6-max Seat #3 is the button
Seat 3: RaisemyNut$ ($160.37 in chips)
Seat 6: sda.80.16 ($25.59 in chips)
RaisemyNut$: posts small blind $1
sda.80.16: posts big blind $3
*** HOLE CARDS ***
RaisemyNut$: raises $3 to $6
sda.80.16: calls $3
*** FLOP *** [2h 9d 3h]
sda.80.16: checks
RaisemyNut$: bets $3
sda.80.16: calls $3
*** TURN *** [2h 9d 3h] [Tc]
sda.80.16: checks
RaisemyNut$: bets $6
sda.80.16: calls $6
*** RIVER *** [2h 9d 3h Tc] [4d]
sda.80.16: checks
RaisemyNut$: checks
*** SHOW DOWN ***
sda.80.16: shows [5h Ac] (a straight, Ace to Five)
RaisemyNut$: mucks hand
sda.80.16 collected $29.50 from pot
*** SUMMARY ***
Total pot $30 | Rake $0.50
Board [2h 9d 3h Tc 4d]
Seat 3: RaisemyNut$ (button) (small blind) mucked
Seat 6: sda.80.16 (big blind) showed [5h Ac] and won ($29.50) with a straight, Ace to Five


PokerStars Hand #163947813944:  Hold'em Limit ($3/$6 USD) - 2017/01/02 22:00:22 ET
Table 'Euryalos II' 6-max Seat #6 is the button
Seat 3: RaisemyNut$ ($160.62 in chips)
Seat 6: sda.80.16 ($25.84 in chips)
sda.80.16: posts small blind $1
RaisemyNut$: posts big blind $3
*** HOLE CARDS ***
sda.80.16: raises $3 to $6
RaisemyNut$: calls $3
*** FLOP *** [5d 6c 8c]
RaisemyNut$: checks
sda.80.16: bets $3
RaisemyNut$: raises $3 to $6
sda.80.16: calls $3
*** TURN *** [5d 6c 8c] [Ah]
RaisemyNut$: bets $6
sda.80.16: calls $6
*** RIVER *** [5d 6c 8c Ah] [6h]
RaisemyNut$: bets $6
sda.80.16: calls $6
*** SHOW DOWN ***
RaisemyNut$: shows [8d 7h] (two pair, Eights and Sixes)
sda.80.16: shows [2h 8h] (two pair, Eights and Sixes)
RaisemyNut$ collected $23.75 from pot
sda.80.16 collected $23.75 from pot
*** SUMMARY ***
Total pot $48 | Rake $0.50
Board [5d 6c 8c Ah 6h]
Seat 3: RaisemyNut$ (big blind) showed [8d 7h] and won ($23.75) with two pair, Eights and Sixes
Seat 6: sda.80.16 (button) (small blind) showed [2h 8h] and won ($23.75) with two pair, Eights and Sixes


PokerStars Hand #163947835442:  Hold'em Limit ($3/$6 USD) - 2017/01/02 22:01:16 ET
Table 'Euryalos II' 6-max Seat #6 is the button
Seat 3: RaisemyNut$ ($145.37 in chips)
Seat 6: sda.80.16 ($40.09 in chips)
sda.80.16: posts small blind $1
RaisemyNut$: posts big blind $3
*** HOLE CARDS ***
sda.80.16: raises $3 to $6
RaisemyNut$: raises $3 to $9
sda.80.16: raises $3 to $12
Betting is capped
RaisemyNut$: calls $3
*** FLOP *** [Th 2s 4h]
RaisemyNut$: checks
sda.80.16: bets $3
RaisemyNut$: calls $3
*** TURN *** [Th 2s 4h] [7c]
RaisemyNut$: checks
sda.80.16: bets $6
RaisemyNut$: calls $6
*** RIVER *** [Th 2s 4h 7c] [Jd]
RaisemyNut$: checks
sda.80.16: bets $6
RaisemyNut$: calls $6
*** SHOW DOWN ***
sda.80.16: shows [8c 8s] (a pair of Eights)
RaisemyNut$: mucks hand
sda.80.16 collected $53.50 from pot
*** SUMMARY ***
Total pot $54 | Rake $0.50
Board [Th 2s 4h 7c Jd]
Seat 3: RaisemyNut$ (big blind) mucked
Seat 6: sda.80.16 (button) (small blind) showed [8c 8s] and won ($53.50) with a pair of Eights


PokerStars Hand #163947863844:  Hold'em Limit ($3/$6 USD) - 2017/01/02 22:02:23 ET
Table 'Euryalos II' 6-max Seat #3 is the button
Seat 3: RaisemyNut$ ($159.87 in chips)
Seat 6: sda.80.16 ($24.59 in chips)
RaisemyNut$: posts small blind $1
sda.80.16: posts big blind $3
*** HOLE CARDS ***
RaisemyNut$: raises $3 to $6
sda.80.16: calls $3
*** FLOP *** [2d Jc 9c]
sda.80.16: checks
RaisemyNut$: bets $3
sda.80.16: folds
Uncalled bet ($3) returned to RaisemyNut$
RaisemyNut$ collected $11.76 from pot
RaisemyNut$: doesn't show hand
*** SUMMARY ***
Total pot $12 | Rake $0.24
Board [2d Jc 9c]
Seat 3: RaisemyNut$ (button) (small blind) collected ($11.76)
Seat 6: sda.80.16 (big blind) folded on the Flop


PokerStars Hand #163947860491:  Hold'em Limit ($3/$6 USD) - 2017/01/02 22:02:15 ET
Table 'Euryalos II' 6-max Seat #6 is the button
Seat 3: RaisemyNut$ ($162.87 in chips)
Seat 6: sda.80.16 ($21.59 in chips)
sda.80.16: posts small blind $1
RaisemyNut$: posts big blind $3
*** HOLE CARDS ***
sda.80.16: raises $3 to $6
RaisemyNut$: folds
Uncalled bet ($3) returned to sda.80.16
sda.80.16 collected $6 from pot
sda.80.16: doesn't show hand
*** SUMMARY ***
Total pot $6 | Rake $0
Seat 3: RaisemyNut$ (big blind) folded before Flop
Seat 6: sda.80.16 (button) (small blind) collected ($6)


PokerStars Hand #163947846558:  Hold'em Limit ($3/$6 USD) - 2017/01/02 22:01:42 ET
Table 'Euryalos II' 6-max Seat #3 is the button
Seat 3: RaisemyNut$ ($118.37 in chips)
Seat 6: sda.80.16 ($66.59 in chips)
RaisemyNut$: posts small blind $1
sda.80.16: posts big blind $3
*** HOLE CARDS ***
RaisemyNut$: raises $3 to $6
sda.80.16: raises $3 to $9
RaisemyNut$: calls $3
*** FLOP *** [2h 4c Jd]
sda.80.16: checks
RaisemyNut$: bets $3
sda.80.16: raises $3 to $6
RaisemyNut$: calls $3
*** TURN *** [2h 4c Jd] [3h]
sda.80.16: checks
RaisemyNut$: bets $6
sda.80.16: raises $6 to $12
RaisemyNut$: raises $6 to $18
sda.80.16: raises $6 to $24
Betting is capped
RaisemyNut$: calls $6
*** RIVER *** [2h 4c Jd 3h] [5s]
sda.80.16: checks
RaisemyNut$: bets $6
sda.80.16: calls $6
*** SHOW DOWN ***
RaisemyNut$: shows [5c Ah] (a straight, Ace to Five)
sda.80.16: mucks hand
RaisemyNut$ collected $89.50 from pot
*** SUMMARY ***
Total pot $90 | Rake $0.50
Board [2h 4c Jd 3h 5s]
Seat 3: RaisemyNut$ (button) (small blind) showed [5c Ah] and won ($89.50) with a straight, Ace to Five
Seat 6: sda.80.16 (big blind) mucked


PokerStars Hand #163947867973:  Hold'em Limit ($3/$6 USD) - 2017/01/02 22:02:33 ET
Table 'Euryalos II' 6-max Seat #6 is the button
Seat 3: RaisemyNut$ ($165.63 in chips)
Seat 6: sda.80.16 ($18.59 in chips)
sda.80.16: posts small blind $1
RaisemyNut$: posts big blind $3
*** HOLE CARDS ***
sda.80.16: raises $3 to $6
RaisemyNut$: raises $3 to $9
sda.80.16: raises $3 to $12
Betting is capped
RaisemyNut$: calls $3
*** FLOP *** [Qs 9d Qh]
RaisemyNut$: checks
sda.80.16: bets $3
RaisemyNut$: raises $3 to $6
sda.80.16: raises $0.59 to $6.59 and is all-in
RaisemyNut$: calls $0.59
*** TURN *** [Qs 9d Qh] [7c]
*** RIVER *** [Qs 9d Qh 7c] [2d]
*** SHOW DOWN ***
RaisemyNut$: shows [3d 3h] (two pair, Queens and Threes)
sda.80.16: shows [4h Ac] (a pair of Queens)
RaisemyNut$ collected $36.68 from pot
*** SUMMARY ***
Total pot $37.18 | Rake $0.50
Board [Qs 9d Qh 7c 2d]
Seat 3: RaisemyNut$ (big blind) showed [3d 3h] and won ($36.68) with two pair, Queens and Threes
Seat 6: sda.80.16 (button) (small blind) showed [4h Ac] and lost with a pair of Queens


