PokerStars Hand #164130031027:  Hold'em Limit ($3/$6 USD) - 2017/01/06 10:54:20 ET
Table 'Eurypylos' 6-max Seat #3 is the button
Seat 3: llmaiconll ($120 in chips)
Seat 4: TbIP-TbIP 88 ($72 in chips)
llmaiconll: posts small blind $1
TbIP-TbIP 88: posts big blind $3
*** HOLE CARDS ***
llmaiconll: calls $2
TbIP-TbIP 88: checks
*** FLOP *** [6s Kh Ah]
TbIP-TbIP 88: bets $3
llmaiconll: folds
Uncalled bet ($3) returned to TbIP-TbIP 88
TbIP-TbIP 88 collected $5.88 from pot
TbIP-TbIP 88: doesn't show hand
*** SUMMARY ***
Total pot $6 | Rake $0.12
Board [6s Kh Ah]
Seat 3: llmaiconll (button) (small blind) folded on the Flop
Seat 4: TbIP-TbIP 88 (big blind) collected ($5.88)


PokerStars Hand #164130042624:  Hold'em Limit ($3/$6 USD) - 2017/01/06 10:54:36 ET
Table 'Eurypylos' 6-max Seat #4 is the button
Seat 3: llmaiconll ($117 in chips)
Seat 4: TbIP-TbIP 88 ($74.88 in chips)
TbIP-TbIP 88: posts small blind $1
llmaiconll: posts big blind $3
*** HOLE CARDS ***
TbIP-TbIP 88: raises $3 to $6
llmaiconll: raises $3 to $9
TbIP-TbIP 88: calls $3
*** FLOP *** [4h 3h Jh]
llmaiconll: bets $3
TbIP-TbIP 88: raises $3 to $6
llmaiconll: raises $3 to $9
TbIP-TbIP 88: calls $3
*** TURN *** [4h 3h Jh] [Js]
llmaiconll: bets $6
TbIP-TbIP 88: calls $6
*** RIVER *** [4h 3h Jh Js] [7h]
llmaiconll is connected
llmaiconll: bets $6
TbIP-TbIP 88: calls $6
*** SHOW DOWN ***
llmaiconll: shows [Qs 6h] (a flush, Jack high)
TbIP-TbIP 88: shows [4s Qh] (a flush, Queen high)
TbIP-TbIP 88 collected $59.50 from pot
*** SUMMARY ***
Total pot $60 | Rake $0.50
Board [4h 3h Jh Js 7h]
Seat 3: llmaiconll (big blind) showed [Qs 6h] and lost with a flush, Jack high
Seat 4: TbIP-TbIP 88 (button) (small blind) showed [4s Qh] and won ($59.50) with a flush, Queen high


PokerStars Hand #164130080321:  Hold'em Limit ($3/$6 USD) - 2017/01/06 10:55:27 ET
Table 'Eurypylos' 6-max Seat #4 is the button
Seat 3: llmaiconll ($86 in chips)
Seat 4: TbIP-TbIP 88 ($105.38 in chips)
TbIP-TbIP 88: posts small blind $1
llmaiconll: posts big blind $3
*** HOLE CARDS ***
TbIP-TbIP 88: folds
Uncalled bet ($2) returned to llmaiconll
llmaiconll collected $2 from pot
llmaiconll: doesn't show hand
*** SUMMARY ***
Total pot $2 | Rake $0
Seat 3: llmaiconll (big blind) collected ($2)
Seat 4: TbIP-TbIP 88 (button) (small blind) folded before Flop


PokerStars Hand #164130076963:  Hold'em Limit ($3/$6 USD) - 2017/01/06 10:55:22 ET
Table 'Eurypylos' 6-max Seat #3 is the button
Seat 3: llmaiconll ($87 in chips)
Seat 4: TbIP-TbIP 88 ($104.38 in chips)
llmaiconll: posts small blind $1
TbIP-TbIP 88: posts big blind $3
*** HOLE CARDS ***
llmaiconll: folds
Uncalled bet ($2) returned to TbIP-TbIP 88
TbIP-TbIP 88 collected $2 from pot
TbIP-TbIP 88: doesn't show hand
*** SUMMARY ***
Total pot $2 | Rake $0
Seat 3: llmaiconll (button) (small blind) folded before Flop
Seat 4: TbIP-TbIP 88 (big blind) collected ($2)


PokerStars Hand #164130085193:  Hold'em Limit ($3/$6 USD) - 2017/01/06 10:55:34 ET
Table 'Eurypylos' 6-max Seat #3 is the button
Seat 3: llmaiconll ($87 in chips)
Seat 4: TbIP-TbIP 88 ($104.38 in chips)
llmaiconll: posts small blind $1
TbIP-TbIP 88: posts big blind $3
*** HOLE CARDS ***
llmaiconll: raises $3 to $6
TbIP-TbIP 88: calls $3
*** FLOP *** [Ad Tc 5c]
TbIP-TbIP 88: checks
llmaiconll: bets $3
TbIP-TbIP 88: folds
Uncalled bet ($3) returned to llmaiconll
llmaiconll collected $11.76 from pot
llmaiconll: doesn't show hand
*** SUMMARY ***
Total pot $12 | Rake $0.24
Board [Ad Tc 5c]
Seat 3: llmaiconll (button) (small blind) collected ($11.76)
Seat 4: TbIP-TbIP 88 (big blind) folded on the Flop


PokerStars Hand #164130101617:  Hold'em Limit ($3/$6 USD) - 2017/01/06 10:55:59 ET
Table 'Eurypylos' 6-max Seat #4 is the button
Seat 3: llmaiconll ($92.76 in chips)
Seat 4: TbIP-TbIP 88 ($98.38 in chips)
TbIP-TbIP 88: posts small blind $1
llmaiconll: posts big blind $3
*** HOLE CARDS ***
TbIP-TbIP 88: raises $3 to $6
llmaiconll: calls $3
*** FLOP *** [6c Qd 9h]
llmaiconll: checks
TbIP-TbIP 88: bets $3
llmaiconll: calls $3
*** TURN *** [6c Qd 9h] [6s]
llmaiconll: checks
TbIP-TbIP 88: bets $6
llmaiconll: calls $6
*** RIVER *** [6c Qd 9h 6s] [2c]
llmaiconll: checks
TbIP-TbIP 88: bets $6
llmaiconll: folds
Uncalled bet ($6) returned to TbIP-TbIP 88
TbIP-TbIP 88 collected $29.50 from pot
TbIP-TbIP 88: doesn't show hand
*** SUMMARY ***
Total pot $30 | Rake $0.50
Board [6c Qd 9h 6s 2c]
Seat 3: llmaiconll (big blind) folded on the River
Seat 4: TbIP-TbIP 88 (button) (small blind) collected ($29.50)


PokerStars Hand #164130120601:  Hold'em Limit ($3/$6 USD) - 2017/01/06 10:56:28 ET
Table 'Eurypylos' 6-max Seat #3 is the button
Seat 3: llmaiconll ($77.76 in chips)
Seat 4: TbIP-TbIP 88 ($112.88 in chips)
llmaiconll: posts small blind $1
TbIP-TbIP 88: posts big blind $3
*** HOLE CARDS ***
llmaiconll: calls $2
TbIP-TbIP 88: raises $3 to $6
llmaiconll: calls $3
*** FLOP *** [6h 4h 3s]
TbIP-TbIP 88: bets $3
llmaiconll: raises $3 to $6
TbIP-TbIP 88: calls $3
*** TURN *** [6h 4h 3s] [Ts]
TbIP-TbIP 88: checks
llmaiconll: checks
*** RIVER *** [6h 4h 3s Ts] [7c]
TbIP-TbIP 88: checks
llmaiconll: bets $6
TbIP-TbIP 88: calls $6
*** SHOW DOWN ***
llmaiconll: shows [Jd 5c] (a straight, Three to Seven)
TbIP-TbIP 88: mucks hand
llmaiconll collected $35.50 from pot
*** SUMMARY ***
Total pot $36 | Rake $0.50
Board [6h 4h 3s Ts 7c]
Seat 3: llmaiconll (button) (small blind) showed [Jd 5c] and won ($35.50) with a straight, Three to Seven
Seat 4: TbIP-TbIP 88 (big blind) mucked


PokerStars Hand #164130140027:  Hold'em Limit ($3/$6 USD) - 2017/01/06 10:56:58 ET
Table 'Eurypylos' 6-max Seat #4 is the button
Seat 3: llmaiconll ($95.26 in chips)
Seat 4: TbIP-TbIP 88 ($94.88 in chips)
TbIP-TbIP 88: posts small blind $1
llmaiconll: posts big blind $3
*** HOLE CARDS ***
TbIP-TbIP 88: raises $3 to $6
llmaiconll: calls $3
*** FLOP *** [3s Js Qc]
llmaiconll: checks
TbIP-TbIP 88: bets $3
llmaiconll: calls $3
*** TURN *** [3s Js Qc] [3h]
llmaiconll: checks
TbIP-TbIP 88: checks
*** RIVER *** [3s Js Qc 3h] [Ad]
llmaiconll: bets $6
TbIP-TbIP 88: folds
Uncalled bet ($6) returned to llmaiconll
llmaiconll collected $17.64 from pot
llmaiconll: doesn't show hand
*** SUMMARY ***
Total pot $18 | Rake $0.36
Board [3s Js Qc 3h Ad]
Seat 3: llmaiconll (big blind) collected ($17.64)
Seat 4: TbIP-TbIP 88 (button) (small blind) folded on the River


PokerStars Hand #164130160407:  Hold'em Limit ($3/$6 USD) - 2017/01/06 10:57:28 ET
Table 'Eurypylos' 6-max Seat #3 is the button
Seat 3: llmaiconll ($103.90 in chips)
Seat 4: TbIP-TbIP 88 ($85.88 in chips)
llmaiconll: posts small blind $1
TbIP-TbIP 88: posts big blind $3
*** HOLE CARDS ***
llmaiconll: calls $2
TbIP-TbIP 88: checks
*** FLOP *** [2s 4d 2c]
TbIP-TbIP 88: checks
llmaiconll: checks
*** TURN *** [2s 4d 2c] [Jd]
TbIP-TbIP 88: checks
llmaiconll: checks
*** RIVER *** [2s 4d 2c Jd] [7h]
TbIP-TbIP 88: checks
llmaiconll: checks
*** SHOW DOWN ***
TbIP-TbIP 88: shows [6h Ks] (a pair of Deuces)
llmaiconll: mucks hand
TbIP-TbIP 88 collected $5.88 from pot
*** SUMMARY ***
Total pot $6 | Rake $0.12
Board [2s 4d 2c Jd 7h]
Seat 3: llmaiconll (button) (small blind) mucked
Seat 4: TbIP-TbIP 88 (big blind) showed [6h Ks] and won ($5.88) with a pair of Deuces


PokerStars Hand #164130172696:  Hold'em Limit ($3/$6 USD) - 2017/01/06 10:57:46 ET
Table 'Eurypylos' 6-max Seat #4 is the button
Seat 3: llmaiconll ($100.90 in chips)
Seat 4: TbIP-TbIP 88 ($88.76 in chips)
TbIP-TbIP 88: posts small blind $1
llmaiconll: posts big blind $3
*** HOLE CARDS ***
TbIP-TbIP 88: raises $3 to $6
llmaiconll: calls $3
*** FLOP *** [Kc As Jh]
llmaiconll: checks
TbIP-TbIP 88: bets $3
llmaiconll: calls $3
*** TURN *** [Kc As Jh] [6s]
llmaiconll: checks
TbIP-TbIP 88: checks
*** RIVER *** [Kc As Jh 6s] [Qd]
llmaiconll: checks
TbIP-TbIP 88: checks
*** SHOW DOWN ***
llmaiconll: shows [3s Ts] (a straight, Ten to Ace)
TbIP-TbIP 88: mucks hand
llmaiconll collected $17.64 from pot
*** SUMMARY ***
Total pot $18 | Rake $0.36
Board [Kc As Jh 6s Qd]
Seat 3: llmaiconll (big blind) showed [3s Ts] and won ($17.64) with a straight, Ten to Ace
Seat 4: TbIP-TbIP 88 (button) (small blind) mucked


PokerStars Hand #164130219741:  Hold'em Limit ($3/$6 USD) - 2017/01/06 10:58:56 ET
Table 'Eurypylos' 6-max Seat #3 is the button
Seat 3: llmaiconll ($130.04 in chips)
Seat 4: TbIP-TbIP 88 ($77.76 in chips)
llmaiconll: posts small blind $1
TbIP-TbIP 88: posts big blind $3
*** HOLE CARDS ***
llmaiconll: folds
Uncalled bet ($2) returned to TbIP-TbIP 88
TbIP-TbIP 88 collected $2 from pot
TbIP-TbIP 88: doesn't show hand
*** SUMMARY ***
Total pot $2 | Rake $0
Seat 3: llmaiconll (button) (small blind) folded before Flop
Seat 4: TbIP-TbIP 88 (big blind) collected ($2)


PokerStars Hand #164130210183:  Hold'em Limit ($3/$6 USD) - 2017/01/06 10:58:42 ET
Table 'Eurypylos' 6-max Seat #4 is the button
Seat 3: llmaiconll ($136.04 in chips)
Seat 4: TbIP-TbIP 88 ($72 in chips)
TbIP-TbIP 88: posts small blind $1
llmaiconll: posts big blind $3
*** HOLE CARDS ***
TbIP-TbIP 88: raises $3 to $6
llmaiconll: calls $3
*** FLOP *** [Qd Th 7c]
llmaiconll: checks
TbIP-TbIP 88: bets $3
llmaiconll: folds
Uncalled bet ($3) returned to TbIP-TbIP 88
TbIP-TbIP 88 collected $11.76 from pot
TbIP-TbIP 88: doesn't show hand
*** SUMMARY ***
Total pot $12 | Rake $0.24
Board [Qd Th 7c]
Seat 3: llmaiconll (big blind) folded on the Flop
Seat 4: TbIP-TbIP 88 (button) (small blind) collected ($11.76)


PokerStars Hand #164130222989:  Hold'em Limit ($3/$6 USD) - 2017/01/06 10:59:01 ET
Table 'Eurypylos' 6-max Seat #4 is the button
Seat 3: llmaiconll ($129.04 in chips)
Seat 4: TbIP-TbIP 88 ($78.76 in chips)
TbIP-TbIP 88: posts small blind $1
llmaiconll: posts big blind $3
*** HOLE CARDS ***
TbIP-TbIP 88: raises $3 to $6
llmaiconll: calls $3
*** FLOP *** [5h Qc 2s]
llmaiconll: checks
TbIP-TbIP 88: bets $3
llmaiconll: calls $3
*** TURN *** [5h Qc 2s] [9d]
llmaiconll: checks
TbIP-TbIP 88: checks
*** RIVER *** [5h Qc 2s 9d] [4h]
llmaiconll: checks
TbIP-TbIP 88: bets $6
llmaiconll: calls $6
*** SHOW DOWN ***
TbIP-TbIP 88: shows [8d 6s] (high card Queen)
llmaiconll: shows [5c As] (a pair of Fives)
llmaiconll collected $29.50 from pot
*** SUMMARY ***
Total pot $30 | Rake $0.50
Board [5h Qc 2s 9d 4h]
Seat 3: llmaiconll (big blind) showed [5c As] and won ($29.50) with a pair of Fives
Seat 4: TbIP-TbIP 88 (button) (small blind) showed [8d 6s] and lost with high card Queen


PokerStars Hand #164130239375:  Hold'em Limit ($3/$6 USD) - 2017/01/06 10:59:26 ET
Table 'Eurypylos' 6-max Seat #3 is the button
Seat 3: llmaiconll ($143.54 in chips)
Seat 4: TbIP-TbIP 88 ($72 in chips)
llmaiconll: posts small blind $1
TbIP-TbIP 88: posts big blind $3
*** HOLE CARDS ***
llmaiconll: folds
Uncalled bet ($2) returned to TbIP-TbIP 88
TbIP-TbIP 88 collected $2 from pot
TbIP-TbIP 88: doesn't show hand
*** SUMMARY ***
Total pot $2 | Rake $0
Seat 3: llmaiconll (button) (small blind) folded before Flop
Seat 4: TbIP-TbIP 88 (big blind) collected ($2)


PokerStars Hand #164130185002:  Hold'em Limit ($3/$6 USD) - 2017/01/06 10:58:04 ET
Table 'Eurypylos' 6-max Seat #3 is the button
Seat 3: llmaiconll ($109.54 in chips)
Seat 4: TbIP-TbIP 88 ($79.76 in chips)
llmaiconll: posts small blind $1
TbIP-TbIP 88: posts big blind $3
*** HOLE CARDS ***
llmaiconll: raises $3 to $6
TbIP-TbIP 88: raises $3 to $9
llmaiconll: raises $3 to $12
Betting is capped
TbIP-TbIP 88: calls $3
*** FLOP *** [8c Ts 2c]
TbIP-TbIP 88: checks
llmaiconll: bets $3
TbIP-TbIP 88: calls $3
*** TURN *** [8c Ts 2c] [Ks]
TbIP-TbIP 88: checks
llmaiconll: bets $6
TbIP-TbIP 88: calls $6
*** RIVER *** [8c Ts 2c Ks] [Tc]
TbIP-TbIP 88: checks
llmaiconll: bets $6
TbIP-TbIP 88: calls $6
*** SHOW DOWN ***
llmaiconll: shows [Ad Th] (three of a kind, Tens)
TbIP-TbIP 88: mucks hand
llmaiconll collected $53.50 from pot
*** SUMMARY ***
Total pot $54 | Rake $0.50
Board [8c Ts 2c Ks Tc]
Seat 3: llmaiconll (button) (small blind) showed [Ad Th] and won ($53.50) with three of a kind, Tens
Seat 4: TbIP-TbIP 88 (big blind) mucked


PokerStars Hand #164130255014:  Hold'em Limit ($3/$6 USD) - 2017/01/06 10:59:49 ET
Table 'Eurypylos' 6-max Seat #3 is the button
Seat 3: llmaiconll ($160.04 in chips)
Seat 4: TbIP-TbIP 88 ($72 in chips)
llmaiconll: posts small blind $1
TbIP-TbIP 88: posts big blind $3
*** HOLE CARDS ***
llmaiconll: calls $2
TbIP-TbIP 88: raises $3 to $6
llmaiconll: calls $3
*** FLOP *** [9c 9h 7s]
TbIP-TbIP 88: bets $3
llmaiconll: calls $3
*** TURN *** [9c 9h 7s] [7c]
TbIP-TbIP 88: checks
llmaiconll: checks
*** RIVER *** [9c 9h 7s 7c] [4d]
TbIP-TbIP 88: bets $6
llmaiconll: calls $6
*** SHOW DOWN ***
TbIP-TbIP 88: shows [Ah 6c] (two pair, Nines and Sevens)
llmaiconll: mucks hand
TbIP-TbIP 88 collected $29.50 from pot
*** SUMMARY ***
Total pot $30 | Rake $0.50
Board [9c 9h 7s 7c 4d]
Seat 3: llmaiconll (button) (small blind) mucked
Seat 4: TbIP-TbIP 88 (big blind) showed [Ah 6c] and won ($29.50) with two pair, Nines and Sevens


PokerStars Hand #164130271545:  Hold'em Limit ($3/$6 USD) - 2017/01/06 11:00:14 ET
Table 'Eurypylos' 6-max Seat #4 is the button
Seat 3: llmaiconll ($145.04 in chips)
Seat 4: TbIP-TbIP 88 ($86.50 in chips)
TbIP-TbIP 88: posts small blind $1
llmaiconll: posts big blind $3
*** HOLE CARDS ***
TbIP-TbIP 88: raises $3 to $6
llmaiconll: calls $3
*** FLOP *** [4d Ad Js]
llmaiconll: checks
TbIP-TbIP 88: bets $3
llmaiconll: folds
Uncalled bet ($3) returned to TbIP-TbIP 88
TbIP-TbIP 88 collected $11.76 from pot
TbIP-TbIP 88: doesn't show hand
*** SUMMARY ***
Total pot $12 | Rake $0.24
Board [4d Ad Js]
Seat 3: llmaiconll (big blind) folded on the Flop
Seat 4: TbIP-TbIP 88 (button) (small blind) collected ($11.76)


PokerStars Hand #164130242946:  Hold'em Limit ($3/$6 USD) - 2017/01/06 10:59:31 ET
Table 'Eurypylos' 6-max Seat #4 is the button
Seat 3: llmaiconll ($142.54 in chips)
Seat 4: TbIP-TbIP 88 ($73 in chips)
TbIP-TbIP 88: posts small blind $1
llmaiconll: posts big blind $3
*** HOLE CARDS ***
TbIP-TbIP 88: raises $3 to $6
llmaiconll: raises $3 to $9
TbIP-TbIP 88: calls $3
*** FLOP *** [2s 8s 8h]
llmaiconll: bets $3
TbIP-TbIP 88: calls $3
*** TURN *** [2s 8s 8h] [9h]
llmaiconll: bets $6
TbIP-TbIP 88: calls $6
*** RIVER *** [2s 8s 8h 9h] [Kc]
llmaiconll: bets $6
TbIP-TbIP 88: folds
Uncalled bet ($6) returned to llmaiconll
llmaiconll collected $35.50 from pot
llmaiconll: doesn't show hand
*** SUMMARY ***
Total pot $36 | Rake $0.50
Board [2s 8s 8h 9h Kc]
Seat 3: llmaiconll (big blind) collected ($35.50)
Seat 4: TbIP-TbIP 88 (button) (small blind) folded on the River


PokerStars Hand #164130298260:  Hold'em Limit ($3/$6 USD) - 2017/01/06 11:00:52 ET
Table 'Eurypylos' 6-max Seat #4 is the button
Seat 3: llmaiconll ($159.54 in chips)
Seat 4: TbIP-TbIP 88 ($72 in chips)
TbIP-TbIP 88: posts small blind $1
llmaiconll: posts big blind $3
*** HOLE CARDS ***
TbIP-TbIP 88: raises $3 to $6
llmaiconll: calls $3
*** FLOP *** [Th 9c 6c]
llmaiconll: checks
TbIP-TbIP 88: bets $3
llmaiconll: calls $3
*** TURN *** [Th 9c 6c] [8d]
llmaiconll: checks
TbIP-TbIP 88: checks
*** RIVER *** [Th 9c 6c 8d] [Ks]
llmaiconll: checks
TbIP-TbIP 88: checks
*** SHOW DOWN ***
llmaiconll: shows [6d Qs] (a pair of Sixes)
TbIP-TbIP 88: mucks hand
llmaiconll collected $17.64 from pot
*** SUMMARY ***
Total pot $18 | Rake $0.36
Board [Th 9c 6c 8d Ks]
Seat 3: llmaiconll (big blind) showed [6d Qs] and won ($17.64) with a pair of Sixes
Seat 4: TbIP-TbIP 88 (button) (small blind) mucked


PokerStars Hand #164130279560:  Hold'em Limit ($3/$6 USD) - 2017/01/06 11:00:25 ET
Table 'Eurypylos' 6-max Seat #3 is the button
Seat 3: llmaiconll ($139.04 in chips)
Seat 4: TbIP-TbIP 88 ($92.26 in chips)
llmaiconll: posts small blind $1
TbIP-TbIP 88: posts big blind $3
*** HOLE CARDS ***
llmaiconll: raises $3 to $6
TbIP-TbIP 88: calls $3
*** FLOP *** [Ac Ad 3s]
TbIP-TbIP 88: checks
llmaiconll: bets $3
TbIP-TbIP 88: calls $3
*** TURN *** [Ac Ad 3s] [9s]
TbIP-TbIP 88: checks
llmaiconll: bets $6
TbIP-TbIP 88: calls $6
*** RIVER *** [Ac Ad 3s 9s] [9h]
TbIP-TbIP 88: checks
llmaiconll: bets $6
TbIP-TbIP 88: calls $6
*** SHOW DOWN ***
llmaiconll: shows [Ts Td] (two pair, Aces and Tens)
TbIP-TbIP 88: mucks hand
llmaiconll collected $41.50 from pot
*** SUMMARY ***
Total pot $42 | Rake $0.50
Board [Ac Ad 3s 9s 9h]
Seat 3: llmaiconll (button) (small blind) showed [Ts Td] and won ($41.50) with two pair, Aces and Tens
Seat 4: TbIP-TbIP 88 (big blind) mucked


PokerStars Hand #164130347549:  Hold'em Limit ($3/$6 USD) - 2017/01/06 11:01:58 ET
Table 'Eurypylos' 6-max Seat #4 is the button
Seat 3: llmaiconll ($185.68 in chips)
Seat 4: TbIP-TbIP 88 ($73 in chips)
TbIP-TbIP 88: posts small blind $1
llmaiconll: posts big blind $3
*** HOLE CARDS ***
TbIP-TbIP 88: raises $3 to $6
llmaiconll: folds
Uncalled bet ($3) returned to TbIP-TbIP 88
TbIP-TbIP 88 collected $6 from pot
TbIP-TbIP 88: doesn't show hand
*** SUMMARY ***
Total pot $6 | Rake $0
Seat 3: llmaiconll (big blind) folded before Flop
Seat 4: TbIP-TbIP 88 (button) (small blind) collected ($6)


PokerStars Hand #164130343536:  Hold'em Limit ($3/$6 USD) - 2017/01/06 11:01:53 ET
Table 'Eurypylos' 6-max Seat #3 is the button
Seat 3: llmaiconll ($186.68 in chips)
Seat 4: TbIP-TbIP 88 ($72 in chips)
llmaiconll: posts small blind $1
TbIP-TbIP 88: posts big blind $3
*** HOLE CARDS ***
llmaiconll: folds
Uncalled bet ($2) returned to TbIP-TbIP 88
TbIP-TbIP 88 collected $2 from pot
TbIP-TbIP 88: doesn't show hand
*** SUMMARY ***
Total pot $2 | Rake $0
Seat 3: llmaiconll (button) (small blind) folded before Flop
Seat 4: TbIP-TbIP 88 (big blind) collected ($2)


PokerStars Hand #164130339101:  Hold'em Limit ($3/$6 USD) - 2017/01/06 11:01:47 ET
Table 'Eurypylos' 6-max Seat #4 is the button
Seat 3: llmaiconll ($185.68 in chips)
Seat 4: TbIP-TbIP 88 ($72 in chips)
TbIP-TbIP 88: posts small blind $1
llmaiconll: posts big blind $3
*** HOLE CARDS ***
TbIP-TbIP 88: folds
Uncalled bet ($2) returned to llmaiconll
llmaiconll collected $2 from pot
llmaiconll: doesn't show hand
*** SUMMARY ***
Total pot $2 | Rake $0
Seat 3: llmaiconll (big blind) collected ($2)
Seat 4: TbIP-TbIP 88 (button) (small blind) folded before Flop


PokerStars Hand #164130321643:  Hold'em Limit ($3/$6 USD) - 2017/01/06 11:01:24 ET
Table 'Eurypylos' 6-max Seat #3 is the button
Seat 3: llmaiconll ($168.18 in chips)
Seat 4: TbIP-TbIP 88 ($72 in chips)
llmaiconll: posts small blind $1
TbIP-TbIP 88: posts big blind $3
*** HOLE CARDS ***
llmaiconll: raises $3 to $6
TbIP-TbIP 88: calls $3
*** FLOP *** [Th Ts 5d]
TbIP-TbIP 88: checks
llmaiconll: checks
*** TURN *** [Th Ts 5d] [2h]
TbIP-TbIP 88: bets $6
llmaiconll: calls $6
*** RIVER *** [Th Ts 5d 2h] [6d]
TbIP-TbIP 88: bets $6
llmaiconll: calls $6
*** SHOW DOWN ***
TbIP-TbIP 88: shows [5h 8h] (two pair, Tens and Fives)
llmaiconll: shows [Ah 6c] (two pair, Tens and Sixes)
llmaiconll collected $35.50 from pot
*** SUMMARY ***
Total pot $36 | Rake $0.50
Board [Th Ts 5d 2h 6d]
Seat 3: llmaiconll (button) (small blind) showed [Ah 6c] and won ($35.50) with two pair, Tens and Sixes
Seat 4: TbIP-TbIP 88 (big blind) showed [5h 8h] and lost with two pair, Tens and Fives


PokerStars Hand #164130401200:  Hold'em Limit ($3/$6 USD) - 2017/01/06 11:03:08 ET
Table 'Eurypylos' 6-max Seat #4 is the button
Seat 3: llmaiconll ($218.82 in chips)
Seat 4: TbIP-TbIP 88 ($72 in chips)
TbIP-TbIP 88: posts small blind $1
llmaiconll: posts big blind $3
*** HOLE CARDS ***
TbIP-TbIP 88: folds
Uncalled bet ($2) returned to llmaiconll
llmaiconll collected $2 from pot
llmaiconll: doesn't show hand
*** SUMMARY ***
Total pot $2 | Rake $0
Seat 3: llmaiconll (big blind) collected ($2)
Seat 4: TbIP-TbIP 88 (button) (small blind) folded before Flop


PokerStars Hand #164130382683:  Hold'em Limit ($3/$6 USD) - 2017/01/06 11:02:44 ET
Table 'Eurypylos' 6-max Seat #3 is the button
Seat 3: llmaiconll ($192.32 in chips)
Seat 4: TbIP-TbIP 88 ($72 in chips)
llmaiconll: posts small blind $1
TbIP-TbIP 88: posts big blind $3
*** HOLE CARDS ***
llmaiconll: raises $3 to $6
TbIP-TbIP 88: calls $3
*** FLOP *** [2h 5d 6d]
TbIP-TbIP 88: bets $3
llmaiconll: calls $3
*** TURN *** [2h 5d 6d] [Ac]
TbIP-TbIP 88: checks
llmaiconll: bets $6
TbIP-TbIP 88: raises $6 to $12
llmaiconll: calls $6
*** RIVER *** [2h 5d 6d Ac] [3d]
TbIP-TbIP 88: bets $6
llmaiconll: calls $6
*** SHOW DOWN ***
TbIP-TbIP 88: shows [6c Ad] (two pair, Aces and Sixes)
llmaiconll: shows [4h As] (a straight, Deuce to Six)
llmaiconll collected $53.50 from pot
*** SUMMARY ***
Total pot $54 | Rake $0.50
Board [2h 5d 6d Ac 3d]
Seat 3: llmaiconll (button) (small blind) showed [4h As] and won ($53.50) with a straight, Deuce to Six
Seat 4: TbIP-TbIP 88 (big blind) showed [6c Ad] and lost with two pair, Aces and Sixes


PokerStars Hand #164130410292:  Hold'em Limit ($3/$6 USD) - 2017/01/06 11:03:20 ET
Table 'Eurypylos' 6-max Seat #4 is the button
Seat 3: llmaiconll ($218.82 in chips)
Seat 4: TbIP-TbIP 88 ($73 in chips)
TbIP-TbIP 88: posts small blind $1
llmaiconll: posts big blind $3
*** HOLE CARDS ***
TbIP-TbIP 88: folds
Uncalled bet ($2) returned to llmaiconll
llmaiconll collected $2 from pot
llmaiconll: doesn't show hand
*** SUMMARY ***
Total pot $2 | Rake $0
Seat 3: llmaiconll (big blind) collected ($2)
Seat 4: TbIP-TbIP 88 (button) (small blind) folded before Flop


PokerStars Hand #164130405748:  Hold'em Limit ($3/$6 USD) - 2017/01/06 11:03:14 ET
Table 'Eurypylos' 6-max Seat #3 is the button
Seat 3: llmaiconll ($219.82 in chips)
Seat 4: TbIP-TbIP 88 ($72 in chips)
llmaiconll: posts small blind $1
TbIP-TbIP 88: posts big blind $3
*** HOLE CARDS ***
llmaiconll: folds
Uncalled bet ($2) returned to TbIP-TbIP 88
TbIP-TbIP 88 collected $2 from pot
TbIP-TbIP 88: doesn't show hand
*** SUMMARY ***
Total pot $2 | Rake $0
Seat 3: llmaiconll (button) (small blind) folded before Flop
Seat 4: TbIP-TbIP 88 (big blind) collected ($2)


PokerStars Hand #164130414222:  Hold'em Limit ($3/$6 USD) - 2017/01/06 11:03:25 ET
Table 'Eurypylos' 6-max Seat #3 is the button
Seat 3: llmaiconll ($219.82 in chips)
Seat 4: TbIP-TbIP 88 ($72 in chips)
llmaiconll: posts small blind $1
TbIP-TbIP 88: posts big blind $3
*** HOLE CARDS ***
llmaiconll: calls $2
TbIP-TbIP 88: raises $3 to $6
llmaiconll: calls $3
*** FLOP *** [2h Th Qc]
TbIP-TbIP 88: bets $3
llmaiconll: folds
Uncalled bet ($3) returned to TbIP-TbIP 88
TbIP-TbIP 88 collected $11.76 from pot
TbIP-TbIP 88: doesn't show hand
*** SUMMARY ***
Total pot $12 | Rake $0.24
Board [2h Th Qc]
Seat 3: llmaiconll (button) (small blind) folded on the Flop
Seat 4: TbIP-TbIP 88 (big blind) collected ($11.76)


PokerStars Hand #164130378795:  Hold'em Limit ($3/$6 USD) - 2017/01/06 11:02:38 ET
Table 'Eurypylos' 6-max Seat #4 is the button
Seat 3: llmaiconll ($191.32 in chips)
Seat 4: TbIP-TbIP 88 ($72 in chips)
TbIP-TbIP 88: posts small blind $1
llmaiconll: posts big blind $3
*** HOLE CARDS ***
TbIP-TbIP 88: folds
Uncalled bet ($2) returned to llmaiconll
llmaiconll collected $2 from pot
llmaiconll: doesn't show hand
*** SUMMARY ***
Total pot $2 | Rake $0
Seat 3: llmaiconll (big blind) collected ($2)
Seat 4: TbIP-TbIP 88 (button) (small blind) folded before Flop


PokerStars Hand #164130352693:  Hold'em Limit ($3/$6 USD) - 2017/01/06 11:02:05 ET
Table 'Eurypylos' 6-max Seat #3 is the button
Seat 3: llmaiconll ($182.68 in chips)
Seat 4: TbIP-TbIP 88 ($76 in chips)
llmaiconll: posts small blind $1
TbIP-TbIP 88: posts big blind $3
*** HOLE CARDS ***
llmaiconll: raises $3 to $6
TbIP-TbIP 88: calls $3
*** FLOP *** [Qs Ah Jc]
TbIP-TbIP 88: checks
llmaiconll: bets $3
TbIP-TbIP 88: calls $3
*** TURN *** [Qs Ah Jc] [4d]
TbIP-TbIP 88: checks
llmaiconll: checks
*** RIVER *** [Qs Ah Jc 4d] [7h]
TbIP-TbIP 88: checks
llmaiconll: checks
*** SHOW DOWN ***
TbIP-TbIP 88: shows [7d Ts] (a pair of Sevens)
llmaiconll: shows [Js 2s] (a pair of Jacks)
llmaiconll collected $17.64 from pot
*** SUMMARY ***
Total pot $18 | Rake $0.36
Board [Qs Ah Jc 4d 7h]
Seat 3: llmaiconll (button) (small blind) showed [Js 2s] and won ($17.64) with a pair of Jacks
Seat 4: TbIP-TbIP 88 (big blind) showed [7d Ts] and lost with a pair of Sevens


PokerStars Hand #164130423047:  Hold'em Limit ($3/$6 USD) - 2017/01/06 11:03:36 ET
Table 'Eurypylos' 6-max Seat #4 is the button
Seat 3: llmaiconll ($213.82 in chips)
Seat 4: TbIP-TbIP 88 ($77.76 in chips)
TbIP-TbIP 88: posts small blind $1
llmaiconll: posts big blind $3
*** HOLE CARDS ***
TbIP-TbIP 88: raises $3 to $6
llmaiconll: calls $3
*** FLOP *** [9h Ts Ah]
llmaiconll: checks
TbIP-TbIP 88: bets $3
llmaiconll: folds
Uncalled bet ($3) returned to TbIP-TbIP 88
Willijabo joins the table at seat #2
TbIP-TbIP 88 collected $11.76 from pot
TbIP-TbIP 88: doesn't show hand
*** SUMMARY ***
Total pot $12 | Rake $0.24
Board [9h Ts Ah]
Seat 3: llmaiconll (big blind) folded on the Flop
Seat 4: TbIP-TbIP 88 (button) (small blind) collected ($11.76)


PokerStars Hand #164130431512:  Hold'em Limit ($3/$6 USD) - 2017/01/06 11:03:47 ET
Table 'Eurypylos' 6-max Seat #3 is the button
Seat 3: llmaiconll ($207.82 in chips)
Seat 4: TbIP-TbIP 88 ($83.52 in chips)
llmaiconll: posts small blind $1
TbIP-TbIP 88: posts big blind $3
*** HOLE CARDS ***
llmaiconll: folds
Uncalled bet ($2) returned to TbIP-TbIP 88
TbIP-TbIP 88 collected $2 from pot
TbIP-TbIP 88: doesn't show hand
*** SUMMARY ***
Total pot $2 | Rake $0
Seat 3: llmaiconll (button) (small blind) folded before Flop
Seat 4: TbIP-TbIP 88 (big blind) collected ($2)


PokerStars Hand #164133604776:  Hold'em Limit ($3/$6 USD) - 2017/01/06 12:09:53 ET
Table 'Eurypylos' 6-max Seat #5 is the button
Seat 2: moneybal2012 ($90.38 in chips)
Seat 5: skaluah ($147.29 in chips)
TbIP-TbIP 88 will be allowed to play after the button
perten will be allowed to play after the button
skaluah: posts small blind $1
Great_Kang: is sitting out
moneybal2012: posts big blind $3
*** HOLE CARDS ***
skaluah: folds
Uncalled bet ($2) returned to moneybal2012
moneybal2012 collected $2 from pot
moneybal2012: doesn't show hand
*** SUMMARY ***
Total pot $2 | Rake $0
Seat 2: moneybal2012 (big blind) collected ($2)
Seat 5: skaluah (button) (small blind) folded before Flop


PokerStars Hand #164133827148:  Hold'em Limit ($3/$6 USD) - 2017/01/06 12:14:14 ET
Table 'Eurypylos' 6-max Seat #3 is the button
Seat 2: moneybal2012 ($114.67 in chips)
Seat 3: TbIP-TbIP 88 ($123.21 in chips)
TbIP-TbIP 88: posts small blind $1
moneybal2012: posts big blind $3
*** HOLE CARDS ***
TbIP-TbIP 88: folds
Uncalled bet ($2) returned to moneybal2012
moneybal2012 collected $2 from pot
moneybal2012: doesn't show hand
*** SUMMARY ***
Total pot $2 | Rake $0
Seat 2: moneybal2012 (big blind) collected ($2)
Seat 3: TbIP-TbIP 88 (button) (small blind) folded before Flop


PokerStars Hand #164133822895:  Hold'em Limit ($3/$6 USD) - 2017/01/06 12:14:09 ET
Table 'Eurypylos' 6-max Seat #2 is the button
Seat 2: moneybal2012 ($115.67 in chips)
Seat 3: TbIP-TbIP 88 ($122.21 in chips)
moneybal2012: posts small blind $1
TbIP-TbIP 88: posts big blind $3
*** HOLE CARDS ***
moneybal2012: folds
Uncalled bet ($2) returned to TbIP-TbIP 88
TbIP-TbIP 88 collected $2 from pot
TbIP-TbIP 88: doesn't show hand
*** SUMMARY ***
Total pot $2 | Rake $0
Seat 2: moneybal2012 (button) (small blind) folded before Flop
Seat 3: TbIP-TbIP 88 (big blind) collected ($2)


PokerStars Hand #164133818332:  Hold'em Limit ($3/$6 USD) - 2017/01/06 12:14:04 ET
Table 'Eurypylos' 6-max Seat #3 is the button
Seat 2: moneybal2012 ($114.67 in chips)
Seat 3: TbIP-TbIP 88 ($123.21 in chips)
TbIP-TbIP 88: posts small blind $1
moneybal2012: posts big blind $3
*** HOLE CARDS ***
TbIP-TbIP 88: folds
Uncalled bet ($2) returned to moneybal2012
moneybal2012 collected $2 from pot
moneybal2012: doesn't show hand
*** SUMMARY ***
Total pot $2 | Rake $0
Seat 2: moneybal2012 (big blind) collected ($2)
Seat 3: TbIP-TbIP 88 (button) (small blind) folded before Flop


PokerStars Hand #164133813969:  Hold'em Limit ($3/$6 USD) - 2017/01/06 12:13:59 ET
Table 'Eurypylos' 6-max Seat #2 is the button
Seat 2: moneybal2012 ($115.67 in chips)
Seat 3: TbIP-TbIP 88 ($122.21 in chips)
moneybal2012: posts small blind $1
TbIP-TbIP 88: posts big blind $3
*** HOLE CARDS ***
moneybal2012: folds
Uncalled bet ($2) returned to TbIP-TbIP 88
TbIP-TbIP 88 collected $2 from pot
TbIP-TbIP 88: doesn't show hand
*** SUMMARY ***
Total pot $2 | Rake $0
Seat 2: moneybal2012 (button) (small blind) folded before Flop
Seat 3: TbIP-TbIP 88 (big blind) collected ($2)


PokerStars Hand #164133799293:  Hold'em Limit ($3/$6 USD) - 2017/01/06 12:13:41 ET
Table 'Eurypylos' 6-max Seat #3 is the button
Seat 2: moneybal2012 ($124.67 in chips)
Seat 3: TbIP-TbIP 88 ($113.57 in chips)
TbIP-TbIP 88: posts small blind $1
moneybal2012: posts big blind $3
*** HOLE CARDS ***
TbIP-TbIP 88: raises $3 to $6
moneybal2012: calls $3
*** FLOP *** [2h 9c 7c]
moneybal2012: checks
TbIP-TbIP 88: bets $3
moneybal2012: calls $3
*** TURN *** [2h 9c 7c] [Ah]
moneybal2012: checks
TbIP-TbIP 88: bets $6
moneybal2012: folds
Uncalled bet ($6) returned to TbIP-TbIP 88
TbIP-TbIP 88 collected $17.64 from pot
TbIP-TbIP 88: doesn't show hand
*** SUMMARY ***
Total pot $18 | Rake $0.36
Board [2h 9c 7c Ah]
Seat 2: moneybal2012 (big blind) folded on the Turn
Seat 3: TbIP-TbIP 88 (button) (small blind) collected ($17.64)


PokerStars Hand #164133856664:  Hold'em Limit ($3/$6 USD) - 2017/01/06 12:14:49 ET
Table 'Eurypylos' 6-max Seat #3 is the button
Seat 2: moneybal2012 ($106.67 in chips)
Seat 3: TbIP-TbIP 88 ($130.85 in chips)
TbIP-TbIP 88: posts small blind $1
moneybal2012: posts big blind $3
*** HOLE CARDS ***
TbIP-TbIP 88: raises $3 to $6
moneybal2012: folds
Uncalled bet ($3) returned to TbIP-TbIP 88
TbIP-TbIP 88 collected $6 from pot
TbIP-TbIP 88: doesn't show hand
*** SUMMARY ***
Total pot $6 | Rake $0
Seat 2: moneybal2012 (big blind) folded before Flop
Seat 3: TbIP-TbIP 88 (button) (small blind) collected ($6)


PokerStars Hand #164133832638:  Hold'em Limit ($3/$6 USD) - 2017/01/06 12:14:21 ET
Table 'Eurypylos' 6-max Seat #2 is the button
Seat 2: moneybal2012 ($115.67 in chips)
Seat 3: TbIP-TbIP 88 ($122.21 in chips)
moneybal2012: posts small blind $1
TbIP-TbIP 88: posts big blind $3
*** HOLE CARDS ***
moneybal2012: calls $2
TbIP-TbIP 88: raises $3 to $6
moneybal2012: calls $3
*** FLOP *** [Jd 3h Ks]
TbIP-TbIP 88: bets $3
moneybal2012: calls $3
*** TURN *** [Jd 3h Ks] [8s]
TbIP-TbIP 88: bets $6
moneybal2012: folds
Uncalled bet ($6) returned to TbIP-TbIP 88
TbIP-TbIP 88 collected $17.64 from pot
TbIP-TbIP 88: doesn't show hand
*** SUMMARY ***
Total pot $18 | Rake $0.36
Board [Jd 3h Ks 8s]
Seat 2: moneybal2012 (button) (small blind) folded on the Turn
Seat 3: TbIP-TbIP 88 (big blind) collected ($17.64)


PokerStars Hand #164133862989:  Hold'em Limit ($3/$6 USD) - 2017/01/06 12:14:56 ET
Table 'Eurypylos' 6-max Seat #2 is the button
Seat 2: moneybal2012 ($103.67 in chips)
Seat 3: TbIP-TbIP 88 ($133.85 in chips)
moneybal2012: posts small blind $1
TbIP-TbIP 88: posts big blind $3
*** HOLE CARDS ***
moneybal2012: calls $2
TbIP-TbIP 88: raises $3 to $6
moneybal2012: raises $3 to $9
TbIP-TbIP 88: calls $3
*** FLOP *** [9h 4c 6c]
TbIP-TbIP 88: checks
moneybal2012: bets $3
TbIP-TbIP 88: calls $3
*** TURN *** [9h 4c 6c] [4h]
TbIP-TbIP 88: checks
moneybal2012: bets $6
TbIP-TbIP 88: calls $6
*** RIVER *** [9h 4c 6c 4h] [Qh]
TbIP-TbIP 88: checks
moneybal2012: bets $6
TbIP-TbIP 88: folds
Uncalled bet ($6) returned to moneybal2012
moneybal2012 collected $35.50 from pot
moneybal2012: doesn't show hand
*** SUMMARY ***
Total pot $36 | Rake $0.50
Board [9h 4c 6c 4h Qh]
Seat 2: moneybal2012 (button) (small blind) collected ($35.50)
Seat 3: TbIP-TbIP 88 (big blind) folded on the River


PokerStars Hand #164133941462:  Hold'em Limit ($3/$6 USD) - 2017/01/06 12:16:29 ET
Table 'Eurypylos' 6-max Seat #2 is the button
Seat 2: moneybal2012 ($163.17 in chips)
Seat 3: TbIP-TbIP 88 ($72.85 in chips)
moneybal2012: posts small blind $1
TbIP-TbIP 88: posts big blind $3
*** HOLE CARDS ***
moneybal2012: raises $3 to $6
TbIP-TbIP 88: folds
Uncalled bet ($3) returned to moneybal2012
moneybal2012 collected $6 from pot
moneybal2012: doesn't show hand
*** SUMMARY ***
Total pot $6 | Rake $0
Seat 2: moneybal2012 (button) (small blind) collected ($6)
Seat 3: TbIP-TbIP 88 (big blind) folded before Flop


PokerStars Hand #164133915802:  Hold'em Limit ($3/$6 USD) - 2017/01/06 12:15:59 ET
Table 'Eurypylos' 6-max Seat #2 is the button
Seat 2: moneybal2012 ($135.67 in chips)
Seat 3: TbIP-TbIP 88 ($100.85 in chips)
moneybal2012: posts small blind $1
TbIP-TbIP 88: posts big blind $3
*** HOLE CARDS ***
moneybal2012: calls $2
TbIP-TbIP 88: checks
*** FLOP *** [4d 6d 3h]
TbIP-TbIP 88: bets $3
moneybal2012: raises $3 to $6
TbIP-TbIP 88: calls $3
*** TURN *** [4d 6d 3h] [Tc]
TbIP-TbIP 88: checks
moneybal2012: bets $6
TbIP-TbIP 88: calls $6
*** RIVER *** [4d 6d 3h Tc] [Ac]
TbIP-TbIP 88: checks
moneybal2012: bets $6
TbIP-TbIP 88: raises $6 to $12
moneybal2012: raises $6 to $18
TbIP-TbIP 88: folds
Uncalled bet ($6) returned to moneybal2012
moneybal2012 collected $53.50 from pot
moneybal2012: doesn't show hand
*** SUMMARY ***
Total pot $54 | Rake $0.50
Board [4d 6d 3h Tc Ac]
Seat 2: moneybal2012 (button) (small blind) collected ($53.50)
Seat 3: TbIP-TbIP 88 (big blind) folded on the River


PokerStars Hand #164133894123:  Hold'em Limit ($3/$6 USD) - 2017/01/06 12:15:33 ET
Table 'Eurypylos' 6-max Seat #3 is the button
Seat 2: moneybal2012 ($121.17 in chips)
Seat 3: TbIP-TbIP 88 ($115.85 in chips)
TbIP-TbIP 88: posts small blind $1
moneybal2012: posts big blind $3
*** HOLE CARDS ***
TbIP-TbIP 88: raises $3 to $6
moneybal2012: raises $3 to $9
TbIP-TbIP 88: calls $3
*** FLOP *** [9d 7c Qd]
moneybal2012: checks
TbIP-TbIP 88: checks
*** TURN *** [9d 7c Qd] [8h]
moneybal2012: bets $6
TbIP-TbIP 88: calls $6
*** RIVER *** [9d 7c Qd 8h] [2s]
moneybal2012: bets $6
TbIP-TbIP 88: folds
Uncalled bet ($6) returned to moneybal2012
moneybal2012 collected $29.50 from pot
moneybal2012: doesn't show hand
*** SUMMARY ***
Total pot $30 | Rake $0.50
Board [9d 7c Qd 8h 2s]
Seat 2: moneybal2012 (big blind) collected ($29.50)
Seat 3: TbIP-TbIP 88 (button) (small blind) folded on the River


PokerStars Hand #164133936826:  Hold'em Limit ($3/$6 USD) - 2017/01/06 12:16:24 ET
Table 'Eurypylos' 6-max Seat #3 is the button
Seat 2: moneybal2012 ($162.17 in chips)
Seat 3: TbIP-TbIP 88 ($73.85 in chips)
TbIP-TbIP 88: posts small blind $1
moneybal2012: posts big blind $3
*** HOLE CARDS ***
TbIP-TbIP 88: folds
Uncalled bet ($2) returned to moneybal2012
moneybal2012 collected $2 from pot
moneybal2012: doesn't show hand
*** SUMMARY ***
Total pot $2 | Rake $0
Seat 2: moneybal2012 (big blind) collected ($2)
Seat 3: TbIP-TbIP 88 (button) (small blind) folded before Flop


PokerStars Hand #164133949050:  Hold'em Limit ($3/$6 USD) - 2017/01/06 12:16:38 ET
Table 'Eurypylos' 6-max Seat #3 is the button
Seat 2: moneybal2012 ($166.17 in chips)
Seat 3: TbIP-TbIP 88 ($72 in chips)
TbIP-TbIP 88: posts small blind $1
moneybal2012: posts big blind $3
*** HOLE CARDS ***
TbIP-TbIP 88: raises $3 to $6
moneybal2012: calls $3
*** FLOP *** [4d 8s Ah]
moneybal2012: checks
TbIP-TbIP 88: bets $3
moneybal2012: calls $3
*** TURN *** [4d 8s Ah] [Kh]
moneybal2012: checks
TbIP-TbIP 88: checks
*** RIVER *** [4d 8s Ah Kh] [9s]
moneybal2012: checks
TbIP-TbIP 88: checks
*** SHOW DOWN ***
moneybal2012: shows [6d 7s] (high card Ace)
TbIP-TbIP 88: shows [6c 6h] (a pair of Sixes)
TbIP-TbIP 88 collected $17.64 from pot
*** SUMMARY ***
Total pot $18 | Rake $0.36
Board [4d 8s Ah Kh 9s]
Seat 2: moneybal2012 (big blind) showed [6d 7s] and lost with high card Ace
Seat 3: TbIP-TbIP 88 (button) (small blind) showed [6c 6h] and won ($17.64) with a pair of Sixes


PokerStars Hand #164133982688:  Hold'em Limit ($3/$6 USD) - 2017/01/06 12:17:18 ET
Table 'Eurypylos' 6-max Seat #3 is the button
Seat 2: moneybal2012 ($156.93 in chips)
Seat 3: TbIP-TbIP 88 ($80.40 in chips)
TbIP-TbIP 88: posts small blind $1
moneybal2012: posts big blind $3
*** HOLE CARDS ***
TbIP-TbIP 88: raises $3 to $6
moneybal2012: raises $3 to $9
TbIP-TbIP 88: calls $3
*** FLOP *** [4c Jd 5c]
moneybal2012: bets $3
TbIP-TbIP 88: calls $3
*** TURN *** [4c Jd 5c] [Tc]
moneybal2012: bets $6
TbIP-TbIP 88: calls $6
*** RIVER *** [4c Jd 5c Tc] [Ad]
moneybal2012: bets $6
TbIP-TbIP 88: calls $6
*** SHOW DOWN ***
moneybal2012: shows [7c 7h] (a pair of Sevens)
TbIP-TbIP 88: shows [Th 9d] (a pair of Tens)
TbIP-TbIP 88 collected $47.50 from pot
*** SUMMARY ***
Total pot $48 | Rake $0.50
Board [4c Jd 5c Tc Ad]
Seat 2: moneybal2012 (big blind) showed [7c 7h] and lost with a pair of Sevens
Seat 3: TbIP-TbIP 88 (button) (small blind) showed [Th 9d] and won ($47.50) with a pair of Tens


PokerStars Hand #164134011277:  Hold'em Limit ($3/$6 USD) - 2017/01/06 12:17:51 ET
Table 'Eurypylos' 6-max Seat #3 is the button
Seat 2: moneybal2012 ($147.43 in chips)
Seat 3: TbIP-TbIP 88 ($88.90 in chips)
TbIP-TbIP 88: posts small blind $1
moneybal2012: posts big blind $3
*** HOLE CARDS ***
TbIP-TbIP 88: raises $3 to $6
moneybal2012: raises $3 to $9
TbIP-TbIP 88: calls $3
*** FLOP *** [9c 2c Qd]
moneybal2012: checks
TbIP-TbIP 88: bets $3
moneybal2012: raises $3 to $6
TbIP-TbIP 88: calls $3
*** TURN *** [9c 2c Qd] [5c]
moneybal2012: bets $6
TbIP-TbIP 88: calls $6
*** RIVER *** [9c 2c Qd 5c] [Kc]
moneybal2012: bets $6
TbIP-TbIP 88: calls $6
*** SHOW DOWN ***
moneybal2012: shows [3c 4s] (a flush, King high)
TbIP-TbIP 88: shows [6c 6s] (a flush, King high - Six higher)
TbIP-TbIP 88 collected $53.50 from pot
*** SUMMARY ***
Total pot $54 | Rake $0.50
Board [9c 2c Qd 5c Kc]
Seat 2: moneybal2012 (big blind) showed [3c 4s] and lost with a flush, King high
Seat 3: TbIP-TbIP 88 (button) (small blind) showed [6c 6s] and won ($53.50) with a flush, King high


PokerStars Hand #164133995749:  Hold'em Limit ($3/$6 USD) - 2017/01/06 12:17:33 ET
Table 'Eurypylos' 6-max Seat #2 is the button
Seat 2: moneybal2012 ($132.93 in chips)
Seat 3: TbIP-TbIP 88 ($103.90 in chips)
moneybal2012: posts small blind $1
TbIP-TbIP 88: posts big blind $3
*** HOLE CARDS ***
moneybal2012: raises $3 to $6
TbIP-TbIP 88: calls $3
*** FLOP *** [5s 9s 2h]
TbIP-TbIP 88: checks
moneybal2012: bets $3
TbIP-TbIP 88: calls $3
*** TURN *** [5s 9s 2h] [3d]
TbIP-TbIP 88: checks
moneybal2012: bets $6
TbIP-TbIP 88: calls $6
*** RIVER *** [5s 9s 2h 3d] [Th]
TbIP-TbIP 88: checks
moneybal2012: checks
*** SHOW DOWN ***
TbIP-TbIP 88: shows [5c Jd] (a pair of Fives)
moneybal2012: shows [9h 4h] (a pair of Nines)
moneybal2012 collected $29.50 from pot
*** SUMMARY ***
Total pot $30 | Rake $0.50
Board [5s 9s 2h 3d Th]
Seat 2: moneybal2012 (button) (small blind) showed [9h 4h] and won ($29.50) with a pair of Nines
Seat 3: TbIP-TbIP 88 (big blind) showed [5c Jd] and lost with a pair of Fives


PokerStars Hand #164134032562:  Hold'em Limit ($3/$6 USD) - 2017/01/06 12:18:13 ET
Table 'Eurypylos' 6-max Seat #2 is the button
Seat 2: moneybal2012 ($120.43 in chips)
Seat 3: TbIP-TbIP 88 ($115.40 in chips)
moneybal2012: posts small blind $1
TbIP-TbIP 88: posts big blind $3
*** HOLE CARDS ***
moneybal2012: calls $2
TbIP-TbIP 88: raises $3 to $6
moneybal2012: calls $3
*** FLOP *** [Ad Ac Td]
TbIP-TbIP 88: bets $3
moneybal2012: folds
Uncalled bet ($3) returned to TbIP-TbIP 88
TbIP-TbIP 88 collected $11.76 from pot
TbIP-TbIP 88: doesn't show hand
*** SUMMARY ***
Total pot $12 | Rake $0.24
Board [Ad Ac Td]
Seat 2: moneybal2012 (button) (small blind) folded on the Flop
Seat 3: TbIP-TbIP 88 (big blind) collected ($11.76)


PokerStars Hand #164134094810:  Hold'em Limit ($3/$6 USD) - 2017/01/06 12:19:26 ET
Table 'Eurypylos' 6-max Seat #3 is the button
Seat 2: moneybal2012 ($134.68 in chips)
Seat 3: TbIP-TbIP 88 ($99.91 in chips)
TbIP-TbIP 88: posts small blind $1
moneybal2012: posts big blind $3
*** HOLE CARDS ***
TbIP-TbIP 88: raises $3 to $6
moneybal2012: calls $3
*** FLOP *** [Ad Ac Qd]
moneybal2012: checks
TbIP-TbIP 88: bets $3
moneybal2012: calls $3
*** TURN *** [Ad Ac Qd] [Qs]
moneybal2012: checks
TbIP-TbIP 88: checks
*** RIVER *** [Ad Ac Qd Qs] [Tc]
moneybal2012: bets $6
TbIP-TbIP 88: calls $6
*** SHOW DOWN ***
moneybal2012: shows [Ah Jc] (a full house, Aces full of Queens)
TbIP-TbIP 88: mucks hand
moneybal2012 collected $29.50 from pot
*** SUMMARY ***
Total pot $30 | Rake $0.50
Board [Ad Ac Qd Qs Tc]
Seat 2: moneybal2012 (big blind) showed [Ah Jc] and won ($29.50) with a full house, Aces full of Queens
Seat 3: TbIP-TbIP 88 (button) (small blind) mucked


PokerStars Hand #164134042229:  Hold'em Limit ($3/$6 USD) - 2017/01/06 12:18:25 ET
Table 'Eurypylos' 6-max Seat #3 is the button
Seat 2: moneybal2012 ($114.43 in chips)
Seat 3: TbIP-TbIP 88 ($121.16 in chips)
TbIP-TbIP 88: posts small blind $1
moneybal2012: posts big blind $3
*** HOLE CARDS ***
TbIP-TbIP 88: raises $3 to $6
moneybal2012: calls $3
*** FLOP *** [5h 6s Kh]
moneybal2012: checks
TbIP-TbIP 88: bets $3
moneybal2012: calls $3
*** TURN *** [5h 6s Kh] [Kc]
moneybal2012: checks
TbIP-TbIP 88: bets $6
moneybal2012: calls $6
*** RIVER *** [5h 6s Kh Kc] [7s]
moneybal2012: bets $6
TbIP-TbIP 88: calls $6
*** SHOW DOWN ***
moneybal2012: shows [8c 6c] (two pair, Kings and Sixes)
TbIP-TbIP 88: mucks hand
moneybal2012 collected $41.50 from pot
*** SUMMARY ***
Total pot $42 | Rake $0.50
Board [5h 6s Kh Kc 7s]
Seat 2: moneybal2012 (big blind) showed [8c 6c] and won ($41.50) with two pair, Kings and Sixes
Seat 3: TbIP-TbIP 88 (button) (small blind) mucked


PokerStars Hand #164134077204:  Hold'em Limit ($3/$6 USD) - 2017/01/06 12:19:06 ET
Table 'Eurypylos' 6-max Seat #2 is the button
Seat 2: moneybal2012 ($134.93 in chips)
Seat 3: TbIP-TbIP 88 ($100.16 in chips)
moneybal2012: posts small blind $1
TbIP-TbIP 88: posts big blind $3
*** HOLE CARDS ***
moneybal2012: calls $2
TbIP-TbIP 88: checks
*** FLOP *** [Ad Tc Ks]
TbIP-TbIP 88: checks
moneybal2012: checks
*** TURN *** [Ad Tc Ks] [2s]
TbIP-TbIP 88: checks
moneybal2012: bets $6
TbIP-TbIP 88: calls $6
*** RIVER *** [Ad Tc Ks 2s] [7h]
TbIP-TbIP 88: checks
moneybal2012: bets $6
TbIP-TbIP 88: calls $6
*** SHOW DOWN ***
moneybal2012: shows [Ts 4s] (a pair of Tens)
TbIP-TbIP 88: shows [Td 6c] (a pair of Tens)
TbIP-TbIP 88 collected $14.75 from pot
moneybal2012 collected $14.75 from pot
*** SUMMARY ***
Total pot $30 | Rake $0.50
Board [Ad Tc Ks 2s 7h]
Seat 2: moneybal2012 (button) (small blind) showed [Ts 4s] and won ($14.75) with a pair of Tens
Seat 3: TbIP-TbIP 88 (big blind) showed [Td 6c] and won ($14.75) with a pair of Tens


PokerStars Hand #164134119505:  Hold'em Limit ($3/$6 USD) - 2017/01/06 12:19:55 ET
Table 'Eurypylos' 6-max Seat #3 is the button
Seat 2: moneybal2012 ($146.18 in chips)
Seat 3: TbIP-TbIP 88 ($87.79 in chips)
TbIP-TbIP 88: posts small blind $1
moneybal2012: posts big blind $3
*** HOLE CARDS ***
TbIP-TbIP 88: raises $3 to $6
moneybal2012: calls $3
*** FLOP *** [4s Jc 7h]
moneybal2012: checks
TbIP-TbIP 88: bets $3
moneybal2012: folds
Uncalled bet ($3) returned to TbIP-TbIP 88
TbIP-TbIP 88 collected $11.76 from pot
TbIP-TbIP 88: doesn't show hand
*** SUMMARY ***
Total pot $12 | Rake $0.24
Board [4s Jc 7h]
Seat 2: moneybal2012 (big blind) folded on the Flop
Seat 3: TbIP-TbIP 88 (button) (small blind) collected ($11.76)


PokerStars Hand #164134111591:  Hold'em Limit ($3/$6 USD) - 2017/01/06 12:19:46 ET
Table 'Eurypylos' 6-max Seat #2 is the button
Seat 2: moneybal2012 ($149.18 in chips)
Seat 3: TbIP-TbIP 88 ($84.91 in chips)
moneybal2012: posts small blind $1
TbIP-TbIP 88: posts big blind $3
*** HOLE CARDS ***
moneybal2012: calls $2
TbIP-TbIP 88: checks
*** FLOP *** [5c Ad Js]
TbIP-TbIP 88: bets $3
moneybal2012: folds
Uncalled bet ($3) returned to TbIP-TbIP 88
TbIP-TbIP 88 collected $5.88 from pot
TbIP-TbIP 88: doesn't show hand
*** SUMMARY ***
Total pot $6 | Rake $0.12
Board [5c Ad Js]
Seat 2: moneybal2012 (button) (small blind) folded on the Flop
Seat 3: TbIP-TbIP 88 (big blind) collected ($5.88)


PokerStars Hand #164134130623:  Hold'em Limit ($3/$6 USD) - 2017/01/06 12:20:08 ET
Table 'Eurypylos' 6-max Seat #2 is the button
Seat 2: moneybal2012 ($140.18 in chips)
Seat 3: TbIP-TbIP 88 ($93.55 in chips)
moneybal2012: posts small blind $1
TbIP-TbIP 88: posts big blind $3
*** HOLE CARDS ***
moneybal2012: raises $3 to $6
TbIP-TbIP 88: raises $3 to $9
moneybal2012: raises $3 to $12
Betting is capped
TbIP-TbIP 88: calls $3
*** FLOP *** [Ah 6d Td]
TbIP-TbIP 88: bets $3
moneybal2012: calls $3
*** TURN *** [Ah 6d Td] [8h]
TbIP-TbIP 88: bets $6
moneybal2012: calls $6
*** RIVER *** [Ah 6d Td 8h] [Qd]
TbIP-TbIP 88: bets $6
moneybal2012: calls $6
*** SHOW DOWN ***
TbIP-TbIP 88: shows [Jh Ac] (a pair of Aces)
moneybal2012: shows [Ad Kc] (a pair of Aces - King kicker)
moneybal2012 collected $53.50 from pot
*** SUMMARY ***
Total pot $54 | Rake $0.50
Board [Ah 6d Td 8h Qd]
Seat 2: moneybal2012 (button) (small blind) showed [Ad Kc] and won ($53.50) with a pair of Aces
Seat 3: TbIP-TbIP 88 (big blind) showed [Jh Ac] and lost with a pair of Aces


PokerStars Hand #164134183153:  Hold'em Limit ($3/$6 USD) - 2017/01/06 12:21:11 ET
Table 'Eurypylos' 6-max Seat #3 is the button
Seat 2: moneybal2012 ($182.18 in chips)
Seat 3: TbIP-TbIP 88 ($72 in chips)
TbIP-TbIP 88: posts small blind $1
moneybal2012: posts big blind $3
*** HOLE CARDS ***
TbIP-TbIP 88: raises $3 to $6
moneybal2012: calls $3
*** FLOP *** [5c 2s As]
moneybal2012: checks
TbIP-TbIP 88: bets $3
moneybal2012: calls $3
*** TURN *** [5c 2s As] [3s]
moneybal2012: checks
TbIP-TbIP 88: checks
*** RIVER *** [5c 2s As 3s] [2c]
moneybal2012: bets $6
TbIP-TbIP 88: calls $6
*** SHOW DOWN ***
moneybal2012: shows [7d 7c] (two pair, Sevens and Deuces)
TbIP-TbIP 88: mucks hand
moneybal2012 collected $29.50 from pot
*** SUMMARY ***
Total pot $30 | Rake $0.50
Board [5c 2s As 3s 2c]
Seat 2: moneybal2012 (big blind) showed [7d 7c] and won ($29.50) with two pair, Sevens and Deuces
Seat 3: TbIP-TbIP 88 (button) (small blind) mucked


PokerStars Hand #164134196889:  Hold'em Limit ($3/$6 USD) - 2017/01/06 12:21:27 ET
Table 'Eurypylos' 6-max Seat #2 is the button
Seat 2: moneybal2012 ($196.68 in chips)
Seat 3: TbIP-TbIP 88 ($72 in chips)
moneybal2012: posts small blind $1
TbIP-TbIP 88: posts big blind $3
*** HOLE CARDS ***
moneybal2012: calls $2
TbIP-TbIP 88: raises $3 to $6
moneybal2012: calls $3
*** FLOP *** [8s 7d Ts]
TbIP-TbIP 88: bets $3
moneybal2012: calls $3
*** TURN *** [8s 7d Ts] [4s]
TbIP-TbIP 88: checks
moneybal2012: checks
*** RIVER *** [8s 7d Ts 4s] [7s]
TbIP-TbIP 88: checks
moneybal2012: bets $6
TbIP-TbIP 88: folds
Uncalled bet ($6) returned to moneybal2012
moneybal2012 collected $17.64 from pot
moneybal2012: doesn't show hand
*** SUMMARY ***
Total pot $18 | Rake $0.36
Board [8s 7d Ts 4s 7s]
Seat 2: moneybal2012 (button) (small blind) collected ($17.64)
Seat 3: TbIP-TbIP 88 (big blind) folded on the River


PokerStars Hand #164134163008:  Hold'em Limit ($3/$6 USD) - 2017/01/06 12:20:47 ET
Table 'Eurypylos' 6-max Seat #3 is the button
Seat 2: moneybal2012 ($166.68 in chips)
Seat 3: TbIP-TbIP 88 ($72 in chips)
TbIP-TbIP 88: posts small blind $1
moneybal2012: posts big blind $3
*** HOLE CARDS ***
TbIP-TbIP 88: folds
Uncalled bet ($2) returned to moneybal2012
moneybal2012 collected $2 from pot
moneybal2012: doesn't show hand
*** SUMMARY ***
Total pot $2 | Rake $0
Seat 2: moneybal2012 (big blind) collected ($2)
Seat 3: TbIP-TbIP 88 (button) (small blind) folded before Flop


PokerStars Hand #164134169716:  Hold'em Limit ($3/$6 USD) - 2017/01/06 12:20:55 ET
Table 'Eurypylos' 6-max Seat #2 is the button
Seat 2: moneybal2012 ($167.68 in chips)
Seat 3: TbIP-TbIP 88 ($72 in chips)
moneybal2012: posts small blind $1
TbIP-TbIP 88: posts big blind $3
*** HOLE CARDS ***
moneybal2012: calls $2
TbIP-TbIP 88: checks
*** FLOP *** [9c 2s 3s]
TbIP-TbIP 88: checks
moneybal2012: checks
*** TURN *** [9c 2s 3s] [9d]
TbIP-TbIP 88: bets $6
moneybal2012: calls $6
*** RIVER *** [9c 2s 3s 9d] [2c]
TbIP-TbIP 88: bets $6
moneybal2012: calls $6
*** SHOW DOWN ***
TbIP-TbIP 88: shows [5d Th] (two pair, Nines and Deuces)
moneybal2012: shows [As Kh] (two pair, Nines and Deuces - Ace kicker)
moneybal2012 collected $29.50 from pot
*** SUMMARY ***
Total pot $30 | Rake $0.50
Board [9c 2s 3s 9d 2c]
Seat 2: moneybal2012 (button) (small blind) showed [As Kh] and won ($29.50) with two pair, Nines and Deuces
Seat 3: TbIP-TbIP 88 (big blind) showed [5d Th] and lost with two pair, Nines and Deuces


PokerStars Hand #164134233221:  Hold'em Limit ($3/$6 USD) - 2017/01/06 12:22:09 ET
Table 'Eurypylos' 6-max Seat #2 is the button
Seat 2: moneybal2012 ($175.32 in chips)
Seat 3: TbIP-TbIP 88 ($101.50 in chips)
moneybal2012: posts small blind $1
TbIP-TbIP 88: posts big blind $3
*** HOLE CARDS ***
Krazy90 joins the table at seat #4
moneybal2012: raises $3 to $6
TbIP-TbIP 88: calls $3
*** FLOP *** [Js 9c 3s]
TbIP-TbIP 88: checks
moneybal2012: checks
*** TURN *** [Js 9c 3s] [Td]
TbIP-TbIP 88: checks
moneybal2012: bets $6
TbIP-TbIP 88: calls $6
*** RIVER *** [Js 9c 3s Td] [8d]
TbIP-TbIP 88: bets $6
moneybal2012: calls $6
*** SHOW DOWN ***
TbIP-TbIP 88: shows [Qd 3d] (a straight, Eight to Queen)
moneybal2012: mucks hand
TbIP-TbIP 88 collected $35.50 from pot
*** SUMMARY ***
Total pot $36 | Rake $0.50
Board [Js 9c 3s Td 8d]
Seat 2: moneybal2012 (button) (small blind) mucked
Seat 3: TbIP-TbIP 88 (big blind) showed [Qd 3d] and won ($35.50) with a straight, Eight to Queen


PokerStars Hand #164134212941:  Hold'em Limit ($3/$6 USD) - 2017/01/06 12:21:46 ET
Table 'Eurypylos' 6-max Seat #3 is the button
Seat 2: moneybal2012 ($205.32 in chips)
Seat 3: TbIP-TbIP 88 ($72 in chips)
TbIP-TbIP 88: posts small blind $1
moneybal2012: posts big blind $3
*** HOLE CARDS ***
TbIP-TbIP 88: raises $3 to $6
moneybal2012: raises $3 to $9
TbIP-TbIP 88: calls $3
*** FLOP *** [8s 2c 7s]
moneybal2012: bets $3
TbIP-TbIP 88: calls $3
*** TURN *** [8s 2c 7s] [9s]
moneybal2012: bets $6
TbIP-TbIP 88: raises $6 to $12
moneybal2012: calls $6
*** RIVER *** [8s 2c 7s 9s] [9h]
moneybal2012: checks
TbIP-TbIP 88: bets $6
moneybal2012: calls $6
*** SHOW DOWN ***
TbIP-TbIP 88: shows [3s 2s] (a flush, Nine high)
moneybal2012: mucks hand
TbIP-TbIP 88 collected $59.50 from pot
*** SUMMARY ***
Total pot $60 | Rake $0.50
Board [8s 2c 7s 9s 9h]
Seat 2: moneybal2012 (big blind) mucked
Seat 3: TbIP-TbIP 88 (button) (small blind) showed [3s 2s] and won ($59.50) with a flush, Nine high


PokerStars Hand #164134404304:  Hold'em Limit ($3/$6 USD) - 2017/01/06 12:25:30 ET
Table 'Eurypylos' 6-max Seat #2 is the button
Seat 2: moneybal2012 ($85.11 in chips)
Seat 3: TbIP-TbIP 88 ($148.30 in chips)
moneybal2012: posts small blind $1
TbIP-TbIP 88: posts big blind $3
*** HOLE CARDS ***
moneybal2012: raises $3 to $6
TbIP-TbIP 88: folds
Uncalled bet ($3) returned to moneybal2012
moneybal2012 collected $6 from pot
moneybal2012: doesn't show hand
*** SUMMARY ***
Total pot $6 | Rake $0
Seat 2: moneybal2012 (button) (small blind) collected ($6)
Seat 3: TbIP-TbIP 88 (big blind) folded before Flop


PokerStars Hand #164134398344:  Hold'em Limit ($3/$6 USD) - 2017/01/06 12:25:23 ET
Table 'Eurypylos' 6-max Seat #3 is the button
Seat 2: moneybal2012 ($88.11 in chips)
Seat 3: TbIP-TbIP 88 ($145.30 in chips)
TbIP-TbIP 88: posts small blind $1
Krazy90: is sitting out
moneybal2012: posts big blind $3
*** HOLE CARDS ***
TbIP-TbIP 88: raises $3 to $6
moneybal2012: folds
Uncalled bet ($3) returned to TbIP-TbIP 88
TbIP-TbIP 88 collected $6 from pot
TbIP-TbIP 88: doesn't show hand
*** SUMMARY ***
Total pot $6 | Rake $0
Seat 2: moneybal2012 (big blind) folded before Flop
Seat 3: TbIP-TbIP 88 (button) (small blind) collected ($6)


PokerStars Hand #164134411215:  Hold'em Limit ($3/$6 USD) - 2017/01/06 12:25:38 ET
Table 'Eurypylos' 6-max Seat #3 is the button
Seat 2: moneybal2012 ($88.11 in chips)
Seat 3: TbIP-TbIP 88 ($145.30 in chips)
TbIP-TbIP 88: posts small blind $1
moneybal2012: posts big blind $3
*** HOLE CARDS ***
TbIP-TbIP 88: raises $3 to $6
moneybal2012: calls $3
*** FLOP *** [5h 4s 6s]
moneybal2012: checks
TbIP-TbIP 88: bets $3
moneybal2012: calls $3
*** TURN *** [5h 4s 6s] [Jc]
moneybal2012: checks
TbIP-TbIP 88: bets $6
moneybal2012: calls $6
*** RIVER *** [5h 4s 6s Jc] [8d]
moneybal2012: bets $6
TbIP-TbIP 88: calls $6
*** SHOW DOWN ***
moneybal2012: shows [Ks 7c] (a straight, Four to Eight)
TbIP-TbIP 88: mucks hand
moneybal2012 collected $41.50 from pot
*** SUMMARY ***
Total pot $42 | Rake $0.50
Board [5h 4s 6s Jc 8d]
Seat 2: moneybal2012 (big blind) showed [Ks 7c] and won ($41.50) with a straight, Four to Eight
Seat 3: TbIP-TbIP 88 (button) (small blind) mucked


PokerStars Hand #164134440490:  Hold'em Limit ($3/$6 USD) - 2017/01/06 12:26:13 ET
Table 'Eurypylos' 6-max Seat #2 is the button
Seat 2: moneybal2012 ($108.61 in chips)
Seat 3: TbIP-TbIP 88 ($124.30 in chips)
moneybal2012: posts small blind $1
TbIP-TbIP 88: posts big blind $3
*** HOLE CARDS ***
moneybal2012: calls $2
TbIP-TbIP 88: checks
*** FLOP *** [Js 4h 3s]
TbIP-TbIP 88: checks
moneybal2012: checks
*** TURN *** [Js 4h 3s] [2h]
TbIP-TbIP 88: bets $6
moneybal2012: folds
Uncalled bet ($6) returned to TbIP-TbIP 88
TbIP-TbIP 88 collected $5.88 from pot
TbIP-TbIP 88: doesn't show hand
*** SUMMARY ***
Total pot $6 | Rake $0.12
Board [Js 4h 3s 2h]
Seat 2: moneybal2012 (button) (small blind) folded on the Turn
Seat 3: TbIP-TbIP 88 (big blind) collected ($5.88)


PokerStars Hand #164134464569:  Hold'em Limit ($3/$6 USD) - 2017/01/06 12:26:41 ET
Table 'Eurypylos' 6-max Seat #3 is the button
Seat 2: moneybal2012 ($105.61 in chips)
Seat 3: TbIP-TbIP 88 ($127.18 in chips)
TbIP-TbIP 88: posts small blind $1
moneybal2012: posts big blind $3
*** HOLE CARDS ***
TbIP-TbIP 88: raises $3 to $6
moneybal2012: calls $3
*** FLOP *** [3h Ts Js]
moneybal2012: bets $3
TbIP-TbIP 88: calls $3
*** TURN *** [3h Ts Js] [8s]
moneybal2012: bets $6
TbIP-TbIP 88: raises $6 to $12
moneybal2012: calls $6
*** RIVER *** [3h Ts Js 8s] [9h]
moneybal2012: checks
TbIP-TbIP 88: bets $6
moneybal2012: folds
Uncalled bet ($6) returned to TbIP-TbIP 88
TbIP-TbIP 88 collected $41.50 from pot
TbIP-TbIP 88: doesn't show hand
*** SUMMARY ***
Total pot $42 | Rake $0.50
Board [3h Ts Js 8s 9h]
Seat 2: moneybal2012 (big blind) folded on the River
Seat 3: TbIP-TbIP 88 (button) (small blind) collected ($41.50)


PokerStars Hand #164134495878:  Hold'em Limit ($3/$6 USD) - 2017/01/06 12:27:18 ET
Table 'Eurypylos' 6-max Seat #2 is the button
Seat 2: moneybal2012 ($84.61 in chips)
Seat 3: TbIP-TbIP 88 ($147.68 in chips)
moneybal2012: posts small blind $1
TbIP-TbIP 88: posts big blind $3
*** HOLE CARDS ***
moneybal2012: calls $2
TbIP-TbIP 88: checks
*** FLOP *** [Qh 6h Td]
TbIP-TbIP 88: bets $3
moneybal2012: calls $3
*** TURN *** [Qh 6h Td] [5c]
TbIP-TbIP 88: bets $6
moneybal2012: calls $6
*** RIVER *** [Qh 6h Td 5c] [As]
TbIP-TbIP 88: checks
moneybal2012: bets $6
TbIP-TbIP 88: raises $6 to $12
moneybal2012: folds
Uncalled bet ($6) returned to TbIP-TbIP 88
TbIP-TbIP 88 collected $35.50 from pot
TbIP-TbIP 88: doesn't show hand
*** SUMMARY ***
Total pot $36 | Rake $0.50
Board [Qh 6h Td 5c As]
Seat 2: moneybal2012 (button) (small blind) folded on the River
Seat 3: TbIP-TbIP 88 (big blind) collected ($35.50)


PokerStars Hand #164134522951:  Hold'em Limit ($3/$6 USD) - 2017/01/06 12:27:50 ET
Table 'Eurypylos' 6-max Seat #3 is the button
Seat 2: moneybal2012 ($66.61 in chips)
Seat 3: TbIP-TbIP 88 ($165.18 in chips)
TbIP-TbIP 88: posts small blind $1
moneybal2012: posts big blind $3
*** HOLE CARDS ***
TbIP-TbIP 88: raises $3 to $6
moneybal2012: calls $3
*** FLOP *** [8d Jc 7c]
moneybal2012: checks
TbIP-TbIP 88: bets $3
moneybal2012: raises $3 to $6
TbIP-TbIP 88: calls $3
*** TURN *** [8d Jc 7c] [4h]
moneybal2012: bets $6
TbIP-TbIP 88: calls $6
*** RIVER *** [8d Jc 7c 4h] [5s]
moneybal2012: bets $6
TbIP-TbIP 88: calls $6
*** SHOW DOWN ***
moneybal2012: shows [Qd 7d] (a pair of Sevens)
TbIP-TbIP 88: mucks hand
moneybal2012 collected $47.50 from pot
*** SUMMARY ***
Total pot $48 | Rake $0.50
Board [8d Jc 7c 4h 5s]
Seat 2: moneybal2012 (big blind) showed [Qd 7d] and won ($47.50) with a pair of Sevens
Seat 3: TbIP-TbIP 88 (button) (small blind) mucked


PokerStars Hand #164134540930:  Hold'em Limit ($3/$6 USD) - 2017/01/06 12:28:11 ET
Table 'Eurypylos' 6-max Seat #2 is the button
Seat 2: moneybal2012 ($90.11 in chips)
Seat 3: TbIP-TbIP 88 ($141.18 in chips)
moneybal2012: posts small blind $1
TbIP-TbIP 88: posts big blind $3
*** HOLE CARDS ***
kub1k27401 joins the table at seat #5
moneybal2012: raises $3 to $6
TbIP-TbIP 88: calls $3
*** FLOP *** [8s 3c Jd]
TbIP-TbIP 88: checks
moneybal2012: bets $3
TbIP-TbIP 88: calls $3
*** TURN *** [8s 3c Jd] [4s]
TbIP-TbIP 88: checks
moneybal2012: bets $6
TbIP-TbIP 88: calls $6
*** RIVER *** [8s 3c Jd 4s] [3d]
TbIP-TbIP 88: checks
moneybal2012: bets $6
TbIP-TbIP 88: calls $6
*** SHOW DOWN ***
moneybal2012: shows [3h 8h] (a full house, Threes full of Eights)
TbIP-TbIP 88: mucks hand
moneybal2012 collected $41.50 from pot
*** SUMMARY ***
Total pot $42 | Rake $0.50
Board [8s 3c Jd 4s 3d]
Seat 2: moneybal2012 (button) (small blind) showed [3h 8h] and won ($41.50) with a full house, Threes full of Eights
Seat 3: TbIP-TbIP 88 (big blind) mucked


