PokerStars Hand #166997003143:  Hold'em Limit ($3/$6 USD) - 2017/03/02 8:58:49 ET
Table 'Eurypylos II' 6-max Seat #6 is the button
Seat 1: Rus29APX ($99 in chips)
Seat 6: nordschrott ($62.50 in chips)
nordschrott: posts small blind $1
Rus29APX: posts big blind $3
*** HOLE CARDS ***
TbIP-TbIP 88 leaves the table
nordschrott: calls $2
Rus29APX: checks
*** FLOP *** [4d Tc Ah]
Rus29APX: bets $3
nordschrott: calls $3
*** TURN *** [4d Tc Ah] [Qc]
Rus29APX: checks
nordschrott: checks
*** RIVER *** [4d Tc Ah Qc] [8h]
Rus29APX: bets $6
nordschrott: folds
Uncalled bet ($6) returned to Rus29APX
Rus29APX collected $11.76 from pot
Rus29APX: doesn't show hand
*** SUMMARY ***
Total pot $12 | Rake $0.24
Board [4d Tc Ah Qc 8h]
Seat 1: Rus29APX (big blind) collected ($11.76)
Seat 6: nordschrott (button) (small blind) folded on the River


PokerStars Hand #166996978366:  Hold'em Limit ($3/$6 USD) - 2017/03/02 8:58:01 ET
Table 'Eurypylos II' 6-max Seat #1 is the button
Seat 1: Rus29APX ($120 in chips)
Seat 6: nordschrott ($42 in chips)
Ale4o joins the table at seat #2
TbIP-TbIP 88 has timed out
TbIP-TbIP 88: is sitting out
Rus29APX: posts small blind $1
nordschrott: posts big blind $3
*** HOLE CARDS ***
Rus29APX: raises $3 to $6
nordschrott: calls $3
*** FLOP *** [Th 9s 5s]
nordschrott: checks
Rus29APX: bets $3
nordschrott: calls $3
*** TURN *** [Th 9s 5s] [Kc]
nordschrott: checks
Rus29APX: bets $6
nordschrott: calls $6
*** RIVER *** [Th 9s 5s Kc] [2h]
nordschrott: checks
Rus29APX: bets $6
nordschrott: raises $6 to $12
Rus29APX: folds
Uncalled bet ($6) returned to nordschrott
nordschrott collected $41.50 from pot
*** SUMMARY ***
Total pot $42 | Rake $0.50
Board [Th 9s 5s Kc 2h]
Seat 1: Rus29APX (button) (small blind) folded on the River
Seat 6: nordschrott (big blind) collected ($41.50)


