PokerStars Hand #170098455949:  Hold'em Limit ($3/$6 USD) - 2017/05/07 16:35:31 ET
Table 'Eurydike' 6-max Seat #3 is the button
Seat 1: Zubasa07 ($291 in chips)
Seat 3: Kaukadiginte ($48.80 in chips)
Kaukadiginte: posts small blind $1
Zubasa07: posts big blind $3
*** HOLE CARDS ***
Kaukadiginte: calls $2
Zubasa07: raises $3 to $6
Kaukadiginte: calls $3
*** FLOP *** [Ad 5h 4c]
Zubasa07: bets $3
Kaukadiginte: calls $3
*** TURN *** [Ad 5h 4c] [2d]
Zubasa07: checks
Kaukadiginte: bets $6
Zubasa07: folds
Uncalled bet ($6) returned to Kaukadiginte
Kaukadiginte collected $17.64 from pot
Kaukadiginte: doesn't show hand
*** SUMMARY ***
Total pot $18 | Rake $0.36
Board [Ad 5h 4c 2d]
Seat 1: Zubasa07 (big blind) folded on the Turn
Seat 3: Kaukadiginte (button) (small blind) collected ($17.64)


PokerStars Hand #170098429614:  Hold'em Limit ($3/$6 USD) - 2017/05/07 16:35:03 ET
Table 'Eurydike' 6-max Seat #1 is the button
Seat 1: Zubasa07 ($300 in chips)
Seat 3: Kaukadiginte ($40.16 in chips)
Zubasa07: posts small blind $1
Kaukadiginte: posts big blind $3
*** HOLE CARDS ***
Zubasa07: raises $3 to $6
Kaukadiginte: calls $3
*** FLOP *** [9d 6d 3d]
Kaukadiginte: checks
Zubasa07: bets $3
Kaukadiginte: calls $3
*** TURN *** [9d 6d 3d] [6c]
Kaukadiginte: bets $6
Zubasa07: folds
Uncalled bet ($6) returned to Kaukadiginte
Kaukadiginte collected $17.64 from pot
Kaukadiginte: doesn't show hand
*** SUMMARY ***
Total pot $18 | Rake $0.36
Board [9d 6d 3d 6c]
Seat 1: Zubasa07 (button) (small blind) folded on the Turn
Seat 3: Kaukadiginte (big blind) collected ($17.64)


PokerStars Hand #170098483389:  Hold'em Limit ($3/$6 USD) - 2017/05/07 16:36:00 ET
Table 'Eurydike' 6-max Seat #1 is the button
Seat 1: Zubasa07 ($282 in chips)
Seat 3: Kaukadiginte ($57.44 in chips)
Zubasa07: posts small blind $1
Kaukadiginte: posts big blind $3
*** HOLE CARDS ***
Zubasa07: raises $3 to $6
Kaukadiginte: calls $3
*** FLOP *** [7s 5d 4h]
Kaukadiginte: checks
Zubasa07: bets $3
Kaukadiginte: calls $3
*** TURN *** [7s 5d 4h] [3h]
Kaukadiginte: checks
Zubasa07: bets $6
Kaukadiginte: folds
Uncalled bet ($6) returned to Zubasa07
Zubasa07 collected $17.64 from pot
Zubasa07: doesn't show hand
*** SUMMARY ***
Total pot $18 | Rake $0.36
Board [7s 5d 4h 3h]
Seat 1: Zubasa07 (button) (small blind) collected ($17.64)
Seat 3: Kaukadiginte (big blind) folded on the Turn


PokerStars Hand #170098519221:  Hold'em Limit ($3/$6 USD) - 2017/05/07 16:36:37 ET
Table 'Eurydike' 6-max Seat #3 is the button
Seat 1: Zubasa07 ($290.64 in chips)
Seat 3: Kaukadiginte ($48.44 in chips)
Kaukadiginte: posts small blind $1
Zubasa07: posts big blind $3
*** HOLE CARDS ***
Kaukadiginte: calls $2
Zubasa07: raises $3 to $6
Kaukadiginte: calls $3
*** FLOP *** [Kc Jc 4s]
Zubasa07: bets $3
Kaukadiginte: calls $3
*** TURN *** [Kc Jc 4s] [4h]
Zubasa07: bets $6
Kaukadiginte: calls $6
*** RIVER *** [Kc Jc 4s 4h] [2s]
Zubasa07: bets $6
Kaukadiginte: calls $6
*** SHOW DOWN ***
Zubasa07: shows [Ac Ad] (two pair, Aces and Fours)
Kaukadiginte: mucks hand
Zubasa07 collected $41.50 from pot
*** SUMMARY ***
Total pot $42 | Rake $0.50
Board [Kc Jc 4s 4h 2s]
Seat 1: Zubasa07 (big blind) showed [Ac Ad] and won ($41.50) with two pair, Aces and Fours
Seat 3: Kaukadiginte (button) (small blind) mucked


PokerStars Hand #170098548690:  Hold'em Limit ($3/$6 USD) - 2017/05/07 16:37:08 ET
Table 'Eurydike' 6-max Seat #3 is the button
Seat 1: Zubasa07 ($310.14 in chips)
Seat 3: Kaukadiginte ($28.44 in chips)
Kaukadiginte: posts small blind $1
Zubasa07: posts big blind $3
*** HOLE CARDS ***
Kaukadiginte: folds
Uncalled bet ($2) returned to Zubasa07
Zubasa07 collected $2 from pot
Zubasa07: doesn't show hand
*** SUMMARY ***
Total pot $2 | Rake $0
Seat 1: Zubasa07 (big blind) collected ($2)
Seat 3: Kaukadiginte (button) (small blind) folded before Flop


PokerStars Hand #170098544084:  Hold'em Limit ($3/$6 USD) - 2017/05/07 16:37:03 ET
Table 'Eurydike' 6-max Seat #1 is the button
Seat 1: Zubasa07 ($311.14 in chips)
Seat 3: Kaukadiginte ($27.44 in chips)
Zubasa07: posts small blind $1
Kaukadiginte: posts big blind $3
*** HOLE CARDS ***
Zubasa07: folds
Uncalled bet ($2) returned to Kaukadiginte
Kaukadiginte collected $2 from pot
Kaukadiginte: doesn't show hand
*** SUMMARY ***
Total pot $2 | Rake $0
Seat 1: Zubasa07 (button) (small blind) folded before Flop
Seat 3: Kaukadiginte (big blind) collected ($2)


PokerStars Hand #170098558896:  Hold'em Limit ($3/$6 USD) - 2017/05/07 16:37:18 ET
Table 'Eurydike' 6-max Seat #3 is the button
Seat 1: Zubasa07 ($310.14 in chips)
Seat 3: Kaukadiginte ($28.44 in chips)
Kaukadiginte: posts small blind $1
Zubasa07: posts big blind $3
*** HOLE CARDS ***
Kaukadiginte: folds
Uncalled bet ($2) returned to Zubasa07
Zubasa07 collected $2 from pot
Zubasa07: doesn't show hand
*** SUMMARY ***
Total pot $2 | Rake $0
Seat 1: Zubasa07 (big blind) collected ($2)
Seat 3: Kaukadiginte (button) (small blind) folded before Flop


PokerStars Hand #170098554117:  Hold'em Limit ($3/$6 USD) - 2017/05/07 16:37:13 ET
Table 'Eurydike' 6-max Seat #1 is the button
Seat 1: Zubasa07 ($311.14 in chips)
Seat 3: Kaukadiginte ($27.44 in chips)
Zubasa07: posts small blind $1
Kaukadiginte: posts big blind $3
*** HOLE CARDS ***
Zubasa07: folds
Uncalled bet ($2) returned to Kaukadiginte
Kaukadiginte collected $2 from pot
Kaukadiginte: doesn't show hand
*** SUMMARY ***
Total pot $2 | Rake $0
Seat 1: Zubasa07 (button) (small blind) folded before Flop
Seat 3: Kaukadiginte (big blind) collected ($2)


PokerStars Hand #170098563827:  Hold'em Limit ($3/$6 USD) - 2017/05/07 16:37:23 ET
Table 'Eurydike' 6-max Seat #1 is the button
Seat 1: Zubasa07 ($311.14 in chips)
Seat 3: Kaukadiginte ($27.44 in chips)
Zubasa07: posts small blind $1
Kaukadiginte: posts big blind $3
*** HOLE CARDS ***
Zubasa07: folds
Uncalled bet ($2) returned to Kaukadiginte
Kaukadiginte collected $2 from pot
Kaukadiginte: doesn't show hand
*** SUMMARY ***
Total pot $2 | Rake $0
Seat 1: Zubasa07 (button) (small blind) folded before Flop
Seat 3: Kaukadiginte (big blind) collected ($2)


PokerStars Hand #170098600072:  Hold'em Limit ($3/$6 USD) - 2017/05/07 16:37:52 ET
Table 'Eurydike' 6-max Seat #1 is the button
Seat 1: Zubasa07 ($304.14 in chips)
Seat 3: Kaukadiginte ($34.20 in chips)
Zubasa07: posts small blind $1
Kaukadiginte: posts big blind $3
*** HOLE CARDS ***
Zubasa07: folds
Uncalled bet ($2) returned to Kaukadiginte
Kaukadiginte collected $2 from pot
Kaukadiginte: doesn't show hand
*** SUMMARY ***
Total pot $2 | Rake $0
Seat 1: Zubasa07 (button) (small blind) folded before Flop
Seat 3: Kaukadiginte (big blind) collected ($2)


PokerStars Hand #170098593655:  Hold'em Limit ($3/$6 USD) - 2017/05/07 16:37:45 ET
Table 'Eurydike' 6-max Seat #3 is the button
Seat 1: Zubasa07 ($307.14 in chips)
Seat 3: Kaukadiginte ($31.20 in chips)
Kaukadiginte: posts small blind $1
Zubasa07: posts big blind $3
*** HOLE CARDS ***
Kaukadiginte: raises $3 to $6
Zubasa07: folds
Uncalled bet ($3) returned to Kaukadiginte
Kaukadiginte collected $6 from pot
Kaukadiginte: doesn't show hand
*** SUMMARY ***
Total pot $6 | Rake $0
Seat 1: Zubasa07 (big blind) folded before Flop
Seat 3: Kaukadiginte (button) (small blind) collected ($6)


PokerStars Hand #170098610279:  Hold'em Limit ($3/$6 USD) - 2017/05/07 16:38:03 ET
Table 'Eurydike' 6-max Seat #1 is the button
Seat 1: Zubasa07 ($304.14 in chips)
Seat 3: Kaukadiginte ($34.20 in chips)
Zubasa07: posts small blind $1
Kaukadiginte: posts big blind $3
*** HOLE CARDS ***
Zubasa07: folds
Uncalled bet ($2) returned to Kaukadiginte
Kaukadiginte collected $2 from pot
Kaukadiginte: doesn't show hand
*** SUMMARY ***
Total pot $2 | Rake $0
Seat 1: Zubasa07 (button) (small blind) folded before Flop
Seat 3: Kaukadiginte (big blind) collected ($2)


PokerStars Hand #170098605057:  Hold'em Limit ($3/$6 USD) - 2017/05/07 16:37:57 ET
Table 'Eurydike' 6-max Seat #3 is the button
Seat 1: Zubasa07 ($303.14 in chips)
Seat 3: Kaukadiginte ($35.20 in chips)
Kaukadiginte: posts small blind $1
Zubasa07: posts big blind $3
*** HOLE CARDS ***
Kaukadiginte: folds
Uncalled bet ($2) returned to Zubasa07
Zubasa07 collected $2 from pot
*** SUMMARY ***
Total pot $2 | Rake $0
Seat 1: Zubasa07 (big blind) collected ($2)
Seat 3: Kaukadiginte (button) (small blind) folded before Flop


PokerStars Hand #170098587063:  Hold'em Limit ($3/$6 USD) - 2017/05/07 16:37:38 ET
Table 'Eurydike' 6-max Seat #1 is the button
Seat 1: Zubasa07 ($304.14 in chips)
Seat 3: Kaukadiginte ($34.20 in chips)
Zubasa07: posts small blind $1
Kaukadiginte: posts big blind $3
*** HOLE CARDS ***
Zubasa07: raises $3 to $6
Kaukadiginte: folds
Uncalled bet ($3) returned to Zubasa07
Zubasa07 collected $6 from pot
Zubasa07: doesn't show hand
*** SUMMARY ***
Total pot $6 | Rake $0
Seat 1: Zubasa07 (button) (small blind) collected ($6)
Seat 3: Kaukadiginte (big blind) folded before Flop


PokerStars Hand #170098568817:  Hold'em Limit ($3/$6 USD) - 2017/05/07 16:37:29 ET
Table 'Eurydike' 6-max Seat #3 is the button
Seat 1: Zubasa07 ($310.14 in chips)
Seat 3: Kaukadiginte ($28.44 in chips)
Kaukadiginte: posts small blind $1
Zubasa07: posts big blind $3
*** HOLE CARDS ***
Kaukadiginte: raises $3 to $6
Zubasa07: calls $3
*** FLOP *** [Jc 3h 2d]
Zubasa07: checks
Kaukadiginte: bets $3
Zubasa07: folds
Uncalled bet ($3) returned to Kaukadiginte
Kaukadiginte collected $11.76 from pot
Kaukadiginte: doesn't show hand
*** SUMMARY ***
Total pot $12 | Rake $0.24
Board [Jc 3h 2d]
Seat 1: Zubasa07 (big blind) folded on the Flop
Seat 3: Kaukadiginte (button) (small blind) collected ($11.76)


PokerStars Hand #170098628055:  Hold'em Limit ($3/$6 USD) - 2017/05/07 16:38:21 ET
Table 'Eurydike' 6-max Seat #1 is the button
Seat 1: Zubasa07 ($311.78 in chips)
Seat 3: Kaukadiginte ($26.20 in chips)
Zubasa07: posts small blind $1
Kaukadiginte: posts big blind $3
*** HOLE CARDS ***
Zubasa07: raises $3 to $6
Kaukadiginte: calls $3
*** FLOP *** [Td 5d 8d]
Kaukadiginte: bets $3
Zubasa07: calls $3
*** TURN *** [Td 5d 8d] [5s]
Kaukadiginte: bets $6
Zubasa07: calls $6
*** RIVER *** [Td 5d 8d 5s] [9d]
Kaukadiginte: checks
Zubasa07: checks
*** SHOW DOWN ***
Kaukadiginte: shows [Qs 8s] (two pair, Eights and Fives)
Zubasa07: mucks hand
Kaukadiginte collected $29.50 from pot
*** SUMMARY ***
Total pot $30 | Rake $0.50
Board [Td 5d 8d 5s 9d]
Seat 1: Zubasa07 (button) (small blind) mucked
Seat 3: Kaukadiginte (big blind) showed [Qs 8s] and won ($29.50) with two pair, Eights and Fives


PokerStars Hand #170098663716:  Hold'em Limit ($3/$6 USD) - 2017/05/07 16:38:59 ET
Table 'Eurydike' 6-max Seat #1 is the button
Seat 1: Zubasa07 ($297.78 in chips)
Seat 3: Kaukadiginte ($39.70 in chips)
Zubasa07: posts small blind $1
Kaukadiginte: posts big blind $3
*** HOLE CARDS ***
Zubasa07: folds
Uncalled bet ($2) returned to Kaukadiginte
Kaukadiginte collected $2 from pot
Kaukadiginte: doesn't show hand
*** SUMMARY ***
Total pot $2 | Rake $0
Seat 1: Zubasa07 (button) (small blind) folded before Flop
Seat 3: Kaukadiginte (big blind) collected ($2)


PokerStars Hand #170098659520:  Hold'em Limit ($3/$6 USD) - 2017/05/07 16:38:54 ET
Table 'Eurydike' 6-max Seat #3 is the button
Seat 1: Zubasa07 ($296.78 in chips)
Seat 3: Kaukadiginte ($40.70 in chips)
Kaukadiginte: posts small blind $1
Zubasa07: posts big blind $3
*** HOLE CARDS ***
Kaukadiginte: folds
Uncalled bet ($2) returned to Zubasa07
Zubasa07 collected $2 from pot
Zubasa07: doesn't show hand
*** SUMMARY ***
Total pot $2 | Rake $0
Seat 1: Zubasa07 (big blind) collected ($2)
Seat 3: Kaukadiginte (button) (small blind) folded before Flop


PokerStars Hand #170098708575:  Hold'em Limit ($3/$6 USD) - 2017/05/07 16:39:46 ET
Table 'Eurydike' 6-max Seat #3 is the button
Seat 1: Zubasa07 ($312.28 in chips)
Seat 3: Kaukadiginte ($24.70 in chips)
Kaukadiginte: posts small blind $1
Zubasa07: posts big blind $3
*** HOLE CARDS ***
Kaukadiginte: raises $3 to $6
Zubasa07: calls $3
*** FLOP *** [3s Ac Td]
Zubasa07: checks
Kaukadiginte: bets $3
Zubasa07: raises $3 to $6
Kaukadiginte: calls $3
*** TURN *** [3s Ac Td] [7s]
Zubasa07: bets $6
Kaukadiginte: folds
Uncalled bet ($6) returned to Zubasa07
Zubasa07 collected $23.52 from pot
Zubasa07: doesn't show hand
*** SUMMARY ***
Total pot $24 | Rake $0.48
Board [3s Ac Td 7s]
Seat 1: Zubasa07 (big blind) collected ($23.52)
Seat 3: Kaukadiginte (button) (small blind) folded on the Turn


PokerStars Hand #170098675131:  Hold'em Limit ($3/$6 USD) - 2017/05/07 16:39:10 ET
Table 'Eurydike' 6-max Seat #1 is the button
Seat 1: Zubasa07 ($297.78 in chips)
Seat 3: Kaukadiginte ($39.70 in chips)
Zubasa07: posts small blind $1
Kaukadiginte: posts big blind $3
*** HOLE CARDS ***
Zubasa07: raises $3 to $6
Kaukadiginte: calls $3
*** FLOP *** [Tc Th Ts]
Kaukadiginte: checks
Zubasa07: bets $3
Kaukadiginte: calls $3
*** TURN *** [Tc Th Ts] [Ad]
Kaukadiginte: checks
Zubasa07: checks
*** RIVER *** [Tc Th Ts Ad] [3h]
Kaukadiginte: checks
Zubasa07: bets $6
Kaukadiginte: calls $6
*** SHOW DOWN ***
Zubasa07: shows [9s Ah] (a full house, Tens full of Aces)
Kaukadiginte: mucks hand
Zubasa07 collected $29.50 from pot
*** SUMMARY ***
Total pot $30 | Rake $0.50
Board [Tc Th Ts Ad 3h]
Seat 1: Zubasa07 (button) (small blind) showed [9s Ah] and won ($29.50) with a full house, Tens full of Aces
Seat 3: Kaukadiginte (big blind) mucked


PokerStars Hand #170098670740:  Hold'em Limit ($3/$6 USD) - 2017/05/07 16:39:06 ET
Table 'Eurydike' 6-max Seat #3 is the button
Seat 1: Zubasa07 ($296.78 in chips)
Seat 3: Kaukadiginte ($40.70 in chips)
Kaukadiginte: posts small blind $1
Zubasa07: posts big blind $3
*** HOLE CARDS ***
Kaukadiginte: folds
Uncalled bet ($2) returned to Zubasa07
Zubasa07 collected $2 from pot
Zubasa07: doesn't show hand
*** SUMMARY ***
Total pot $2 | Rake $0
Seat 1: Zubasa07 (big blind) collected ($2)
Seat 3: Kaukadiginte (button) (small blind) folded before Flop


PokerStars Hand #170098728058:  Hold'em Limit ($3/$6 USD) - 2017/05/07 16:40:06 ET
Table 'Eurydike' 6-max Seat #1 is the button
Seat 1: Zubasa07 ($323.80 in chips)
Seat 3: Kaukadiginte ($12.70 in chips)
Zubasa07: posts small blind $1
Kaukadiginte: posts big blind $3
*** HOLE CARDS ***
Zubasa07: raises $3 to $6
Kaukadiginte: calls $3
*** FLOP *** [4d 9c 6d]
Kaukadiginte: bets $3
Zubasa07: raises $3 to $6
Kaukadiginte: calls $3
*** TURN *** [4d 9c 6d] [Js]
Kaukadiginte: bets $0.70 and is all-in
Zubasa07: calls $0.70
*** RIVER *** [4d 9c 6d Js] [2c]
*** SHOW DOWN ***
Kaukadiginte: shows [Kc 4s] (a pair of Fours)
Zubasa07: shows [9d Qh] (a pair of Nines)
Zubasa07 collected $24.90 from pot
*** SUMMARY ***
Total pot $25.40 | Rake $0.50
Board [4d 9c 6d Js 2c]
Seat 1: Zubasa07 (button) (small blind) showed [9d Qh] and won ($24.90) with a pair of Nines
Seat 3: Kaukadiginte (big blind) showed [Kc 4s] and lost with a pair of Fours


