PokerStars Hand #154515891380:  Hold'em Limit ($3/$6 USD) - 2016/06/09 15:41:12 ET
Table 'Eurypylos II' 6-max Seat #3 is the button
Seat 3: dborys ($87.50 in chips)
Seat 6: Hadart ($92 in chips)
dborys: posts small blind $1
Hadart: posts big blind $3
*** HOLE CARDS ***
dborys: raises $3 to $6
Hadart: folds
Uncalled bet ($3) returned to dborys
dborys collected $6 from pot
dborys: doesn't show hand
*** SUMMARY ***
Total pot $6 | Rake $0
Seat 3: dborys (button) (small blind) collected ($6)
Seat 6: Hadart (big blind) folded before Flop


PokerStars Hand #154515885828:  Hold'em Limit ($3/$6 USD) - 2016/06/09 15:41:06 ET
Table 'Eurypylos II' 6-max Seat #6 is the button
Seat 3: dborys ($86.50 in chips)
Seat 6: Hadart ($93 in chips)
Hadart: posts small blind $1
dborys: posts big blind $3
*** HOLE CARDS ***
dmonr joins the table at seat #1
Hadart: folds
Uncalled bet ($2) returned to dborys
dborys collected $2 from pot
*** SUMMARY ***
Total pot $2 | Rake $0
Seat 3: dborys (big blind) collected ($2)
Seat 6: Hadart (button) (small blind) folded before Flop


PokerStars Hand #154516847151:  Hold'em Limit ($3/$6 USD) - 2016/06/09 15:59:58 ET
Table 'Eurypylos II' 6-max Seat #6 is the button
Seat 5: anetkaapro ($109.63 in chips)
Seat 6: Hadart ($21.94 in chips)
Hadart: posts small blind $1
anetkaapro: posts big blind $3
*** HOLE CARDS ***
Hadart: folds
Uncalled bet ($2) returned to anetkaapro
anetkaapro collected $2 from pot
anetkaapro: doesn't show hand
*** SUMMARY ***
Total pot $2 | Rake $0
Seat 5: anetkaapro (big blind) collected ($2)
Seat 6: Hadart (button) (small blind) folded before Flop


PokerStars Hand #154516853619:  Hold'em Limit ($3/$6 USD) - 2016/06/09 16:00:07 ET
Table 'Eurypylos II' 6-max Seat #5 is the button
Seat 5: anetkaapro ($110.63 in chips)
Seat 6: Hadart ($20.94 in chips)
anetkaapro: posts small blind $1
Hadart: posts big blind $3
*** HOLE CARDS ***
anetkaapro: raises $3 to $6
Hadart: calls $3
*** FLOP *** [Ac Kc 4s]
Hadart: checks
anetkaapro: bets $3
Hadart: folds
Uncalled bet ($3) returned to anetkaapro
anetkaapro collected $11.76 from pot
anetkaapro: doesn't show hand
*** SUMMARY ***
Total pot $12 | Rake $0.24
Board [Ac Kc 4s]
Seat 5: anetkaapro (button) (small blind) collected ($11.76)
Seat 6: Hadart (big blind) folded on the Flop


PokerStars Hand #154516862025:  Hold'em Limit ($3/$6 USD) - 2016/06/09 16:00:18 ET
Table 'Eurypylos II' 6-max Seat #6 is the button
Seat 5: anetkaapro ($116.39 in chips)
Seat 6: Hadart ($14.94 in chips)
Hadart: posts small blind $1
anetkaapro: posts big blind $3
*** HOLE CARDS ***
Hadart: raises $3 to $6
anetkaapro: calls $3
*** FLOP *** [Td Ks Qs]
anetkaapro: checks
Hadart: bets $3
anetkaapro: folds
Uncalled bet ($3) returned to Hadart
Hadart collected $11.76 from pot
Hadart: doesn't show hand
*** SUMMARY ***
Total pot $12 | Rake $0.24
Board [Td Ks Qs]
Seat 5: anetkaapro (big blind) folded on the Flop
Seat 6: Hadart (button) (small blind) collected ($11.76)


