PokerStars Hand #169590232565:  Hold'em Limit ($3/$6 USD) - 2017/04/26 13:35:09 ET
Table 'Eurymedon' 6-max Seat #4 is the button
Seat 3: Solist62119 ($67.03 in chips)
Seat 4: MTails ($108.26 in chips)
MTails: posts small blind $1
Solist62119: posts big blind $3
*** HOLE CARDS ***
MTails: raises $3 to $6
Solist62119: folds
Uncalled bet ($3) returned to MTails
MTails collected $6 from pot
*** SUMMARY ***
Total pot $6 | Rake $0
Seat 3: Solist62119 (big blind) folded before Flop
Seat 4: MTails (button) (small blind) collected ($6)


PokerStars Hand #169590229220:  Hold'em Limit ($3/$6 USD) - 2017/04/26 13:35:04 ET
Table 'Eurymedon' 6-max Seat #3 is the button
Seat 3: Solist62119 ($68.03 in chips)
Seat 4: MTails ($107.26 in chips)
Solist62119: posts small blind $1
MTails: posts big blind $3
*** HOLE CARDS ***
Solist62119: folds
Uncalled bet ($2) returned to MTails
MTails collected $2 from pot
*** SUMMARY ***
Total pot $2 | Rake $0
Seat 3: Solist62119 (button) (small blind) folded before Flop
Seat 4: MTails (big blind) collected ($2)


PokerStars Hand #169590221201:  Hold'em Limit ($3/$6 USD) - 2017/04/26 13:34:54 ET
Table 'Eurymedon' 6-max Seat #4 is the button
Seat 3: Solist62119 ($74.03 in chips)
Seat 4: MTails ($101.50 in chips)
MTails: posts small blind $1
Solist62119: posts big blind $3
*** HOLE CARDS ***
MTails: raises $3 to $6
Solist62119: calls $3
*** FLOP *** [2c Jd 7c]
Solist62119: checks
MTails: bets $3
Solist62119: folds
Uncalled bet ($3) returned to MTails
MTails collected $11.76 from pot
*** SUMMARY ***
Total pot $12 | Rake $0.24
Board [2c Jd 7c]
Seat 3: Solist62119 (big blind) folded on the Flop
Seat 4: MTails (button) (small blind) collected ($11.76)


PokerStars Hand #169590209837:  Hold'em Limit ($3/$6 USD) - 2017/04/26 13:34:39 ET
Table 'Eurymedon' 6-max Seat #3 is the button
Seat 3: Solist62119 ($56.53 in chips)
Seat 4: MTails ($119.50 in chips)
Solist62119: posts small blind $1
MTails: posts big blind $3
*** HOLE CARDS ***
Solist62119: raises $3 to $6
MTails: raises $3 to $9
Solist62119: calls $3
*** FLOP *** [9c Td 7s]
MTails: bets $3
Solist62119: calls $3
*** TURN *** [9c Td 7s] [6d]
MTails: checks
Solist62119: checks
*** RIVER *** [9c Td 7s 6d] [Th]
MTails: bets $6
Solist62119: calls $6
*** SHOW DOWN ***
MTails: shows [4s 6s] (two pair, Tens and Sixes)
Solist62119: shows [Ah 6c] (two pair, Tens and Sixes - Ace kicker)
Solist62119 collected $35.50 from pot
*** SUMMARY ***
Total pot $36 | Rake $0.50
Board [9c Td 7s 6d Th]
Seat 3: Solist62119 (button) (small blind) showed [Ah 6c] and won ($35.50) with two pair, Tens and Sixes
Seat 4: MTails (big blind) showed [4s 6s] and lost with two pair, Tens and Sixes


PokerStars Hand #169590193200:  Hold'em Limit ($3/$6 USD) - 2017/04/26 13:34:18 ET
Table 'Eurymedon' 6-max Seat #4 is the button
Seat 3: Solist62119 ($71.53 in chips)
Seat 4: MTails ($105 in chips)
MTails: posts small blind $1
Solist62119: posts big blind $3
*** HOLE CARDS ***
MTails: raises $3 to $6
Solist62119: calls $3
*** FLOP *** [Ah Qh 5d]
Solist62119: checks
MTails: bets $3
Solist62119: calls $3
*** TURN *** [Ah Qh 5d] [6h]
Solist62119: checks
MTails: bets $6
Solist62119: calls $6
*** RIVER *** [Ah Qh 5d 6h] [6d]
Solist62119: checks
MTails: bets $6
Solist62119: folds
Uncalled bet ($6) returned to MTails
MTails collected $29.50 from pot
*** SUMMARY ***
Total pot $30 | Rake $0.50
Board [Ah Qh 5d 6h 6d]
Seat 3: Solist62119 (big blind) folded on the River
Seat 4: MTails (button) (small blind) collected ($29.50)


PokerStars Hand #169590275819:  Hold'em Limit ($3/$6 USD) - 2017/04/26 13:36:05 ET
Table 'Eurymedon' 6-max Seat #4 is the button
Seat 3: Solist62119 ($101.57 in chips)
Seat 4: MTails ($72.26 in chips)
MTails: posts small blind $1
Solist62119: posts big blind $3
*** HOLE CARDS ***
MTails: raises $3 to $6
Solist62119: calls $3
*** FLOP *** [Js 7d 9c]
Solist62119: checks
MTails: bets $3
Solist62119: calls $3
*** TURN *** [Js 7d 9c] [Ad]
Solist62119: checks
MTails: bets $6
Solist62119: folds
Uncalled bet ($6) returned to MTails
MTails collected $17.64 from pot
*** SUMMARY ***
Total pot $18 | Rake $0.36
Board [Js 7d 9c Ad]
Seat 3: Solist62119 (big blind) folded on the Turn
Seat 4: MTails (button) (small blind) collected ($17.64)


PokerStars Hand #169590262417:  Hold'em Limit ($3/$6 USD) - 2017/04/26 13:35:47 ET
Table 'Eurymedon' 6-max Seat #3 is the button
Seat 3: Solist62119 ($90.05 in chips)
Seat 4: MTails ($84.26 in chips)
Solist62119: posts small blind $1
MTails: posts big blind $3
*** HOLE CARDS ***
Solist62119: raises $3 to $6
MTails: calls $3
*** FLOP *** [Jc Ad 9h]
MTails: checks
Solist62119: checks
*** TURN *** [Jc Ad 9h] [7s]
MTails: bets $6
Solist62119: calls $6
*** RIVER *** [Jc Ad 9h 7s] [As]
MTails: checks
Solist62119: bets $6
MTails: folds
Uncalled bet ($6) returned to Solist62119
Solist62119 collected $23.52 from pot
*** SUMMARY ***
Total pot $24 | Rake $0.48
Board [Jc Ad 9h 7s As]
Seat 3: Solist62119 (button) (small blind) collected ($23.52)
Seat 4: MTails (big blind) folded on the River


PokerStars Hand #169590248858:  Hold'em Limit ($3/$6 USD) - 2017/04/26 13:35:30 ET
Table 'Eurymedon' 6-max Seat #4 is the button
Seat 3: Solist62119 ($75.55 in chips)
Seat 4: MTails ($99.26 in chips)
MTails: posts small blind $1
Solist62119: posts big blind $3
*** HOLE CARDS ***
MTails: raises $3 to $6
Solist62119: calls $3
*** FLOP *** [2c Qd 3d]
Solist62119: checks
MTails: bets $3
Solist62119: calls $3
*** TURN *** [2c Qd 3d] [Jh]
Solist62119: checks
MTails: checks
*** RIVER *** [2c Qd 3d Jh] [8h]
Solist62119: bets $6
MTails: calls $6
*** SHOW DOWN ***
Solist62119: shows [Td Qc] (a pair of Queens)
MTails: mucks hand
Solist62119 collected $29.50 from pot
*** SUMMARY ***
Total pot $30 | Rake $0.50
Board [2c Qd 3d Jh 8h]
Seat 3: Solist62119 (big blind) showed [Td Qc] and won ($29.50) with a pair of Queens
Seat 4: MTails (button) (small blind) mucked


PokerStars Hand #169590236841:  Hold'em Limit ($3/$6 USD) - 2017/04/26 13:35:14 ET
Table 'Eurymedon' 6-max Seat #3 is the button
Seat 3: Solist62119 ($64.03 in chips)
Seat 4: MTails ($111.26 in chips)
Solist62119: posts small blind $1
MTails: posts big blind $3
*** HOLE CARDS ***
Solist62119: raises $3 to $6
MTails: calls $3
*** FLOP *** [3s Ah 4d]
MTails: checks
Solist62119: checks
*** TURN *** [3s Ah 4d] [3h]
MTails: bets $6
Solist62119: raises $6 to $12
MTails: folds
Uncalled bet ($6) returned to Solist62119
Solist62119 collected $23.52 from pot
*** SUMMARY ***
Total pot $24 | Rake $0.48
Board [3s Ah 4d 3h]
Seat 3: Solist62119 (button) (small blind) collected ($23.52)
Seat 4: MTails (big blind) folded on the Turn


PokerStars Hand #169590286619:  Hold'em Limit ($3/$6 USD) - 2017/04/26 13:36:19 ET
Table 'Eurymedon' 6-max Seat #3 is the button
Seat 3: Solist62119 ($92.57 in chips)
Seat 4: MTails ($140.90 in chips)
Solist62119: posts small blind $1
MTails: posts big blind $3
*** HOLE CARDS ***
Solist62119: raises $3 to $6
MTails: calls $3
*** FLOP *** [4d 2s 9d]
MTails: checks
Solist62119: checks
*** TURN *** [4d 2s 9d] [As]
MTails: bets $6
Solist62119: calls $6
*** RIVER *** [4d 2s 9d As] [6h]
MTails: bets $6
Solist62119: folds
Uncalled bet ($6) returned to MTails
MTails collected $23.52 from pot
MTails: doesn't show hand
*** SUMMARY ***
Total pot $24 | Rake $0.48
Board [4d 2s 9d As 6h]
Seat 3: Solist62119 (button) (small blind) folded on the River
Seat 4: MTails (big blind) collected ($23.52)


PokerStars Hand #169590297124:  Hold'em Limit ($3/$6 USD) - 2017/04/26 13:36:32 ET
Table 'Eurymedon' 6-max Seat #4 is the button
Seat 3: Solist62119 ($80.57 in chips)
Seat 4: MTails ($152.42 in chips)
MTails: posts small blind $1
Solist62119: posts big blind $3
*** HOLE CARDS ***
MTails: raises $3 to $6
Solist62119: calls $3
*** FLOP *** [7s Qc Th]
Solist62119: checks
vestimokrec joins the table at seat #5
MTails: bets $3
Solist62119: raises $3 to $6
MTails: raises $3 to $9
Solist62119: folds
Uncalled bet ($3) returned to MTails
MTails collected $23.52 from pot
*** SUMMARY ***
Total pot $24 | Rake $0.48
Board [7s Qc Th]
Seat 3: Solist62119 (big blind) folded on the Flop
Seat 4: MTails (button) (small blind) collected ($23.52)


PokerStars Hand #169590306063:  Hold'em Limit ($3/$6 USD) - 2017/04/26 13:36:44 ET
Table 'Eurymedon' 6-max Seat #3 is the button
Seat 3: Solist62119 ($68.57 in chips)
Seat 4: MTails ($163.94 in chips)
Solist62119: posts small blind $1
MTails: posts big blind $3
*** HOLE CARDS ***
Solist62119: raises $3 to $6
MTails: raises $3 to $9
Solist62119: calls $3
*** FLOP *** [Kh 7h 8c]
MTails: bets $3
Solist62119: calls $3
*** TURN *** [Kh 7h 8c] [4d]
MTails: bets $6
Solist62119: calls $6
*** RIVER *** [Kh 7h 8c 4d] [Kd]
MTails: bets $6
Solist62119: calls $6
*** SHOW DOWN ***
MTails: shows [6d 8d] (two pair, Kings and Eights)
Solist62119: mucks hand
MTails collected $47.50 from pot
*** SUMMARY ***
Total pot $48 | Rake $0.50
Board [Kh 7h 8c 4d Kd]
Seat 3: Solist62119 (button) (small blind) mucked
Seat 4: MTails (big blind) showed [6d 8d] and won ($47.50) with two pair, Kings and Eights


PokerStars Hand #169590363588:  Hold'em Limit ($3/$6 USD) - 2017/04/26 13:37:59 ET
Table 'Eurymedon' 6-max Seat #3 is the button
Seat 3: Solist62119 ($11.57 in chips)
Seat 4: MTails ($218.55 in chips)
Solist62119: posts small blind $1
MTails: posts big blind $3
*** HOLE CARDS ***
Solist62119: raises $3 to $6
MTails: raises $3 to $9
Solist62119: raises $2.57 to $11.57 and is all-in
Betting is capped
MTails: calls $2.57
*** FLOP *** [4d 3d 5h]
*** TURN *** [4d 3d 5h] [8d]
*** RIVER *** [4d 3d 5h 8d] [9d]
*** SHOW DOWN ***
MTails: shows [6d Jc] (a flush, Nine high)
Solist62119: shows [Ks 5d] (a flush, Nine high - lower cards)
MTails collected $22.68 from pot
*** SUMMARY ***
Total pot $23.14 | Rake $0.46
Board [4d 3d 5h 8d 9d]
Seat 3: Solist62119 (button) (small blind) showed [Ks 5d] and lost with a flush, Nine high
Seat 4: MTails (big blind) showed [6d Jc] and won ($22.68) with a flush, Nine high


PokerStars Hand #169590356200:  Hold'em Limit ($3/$6 USD) - 2017/04/26 13:37:49 ET
Table 'Eurymedon' 6-max Seat #4 is the button
Seat 3: Solist62119 ($17.57 in chips)
Seat 4: MTails ($212.79 in chips)
MTails: posts small blind $1
Solist62119: posts big blind $3
*** HOLE CARDS ***
MTails: raises $3 to $6
Solist62119: calls $3
*** FLOP *** [5s 8h Ac]
Solist62119: checks
MTails: bets $3
Solist62119: folds
Uncalled bet ($3) returned to MTails
MTails collected $11.76 from pot
*** SUMMARY ***
Total pot $12 | Rake $0.24
Board [5s 8h Ac]
Seat 3: Solist62119 (big blind) folded on the Flop
Seat 4: MTails (button) (small blind) collected ($11.76)


