PokerStars Hand #144479730251:  Hold'em Limit ($3/$6 USD) - 2015/11/27 17:32:13 ET
Table 'Euryanthe' 6-max Seat #3 is the button
Seat 2: ZinZar ($114.03 in chips)
Seat 3: korrnel ($211.83 in chips)
korrnel: posts small blind $1
SashaYuvelir: is sitting out
benyeiantal: is sitting out
ZinZar: posts big blind $3
*** HOLE CARDS ***
korrnel: raises $3 to $6
SashaYuvelir leaves the table
ZinZar: calls $3
*** FLOP *** [Ad Ks 9d]
ZinZar: checks
korrnel: bets $3
ZinZar: folds
Uncalled bet ($3) returned to korrnel
korrnel collected $11.76 from pot
korrnel: doesn't show hand
*** SUMMARY ***
Total pot $12 | Rake $0.24
Board [Ad Ks 9d]
Seat 2: ZinZar (big blind) folded on the Flop
Seat 3: korrnel (button) (small blind) collected ($11.76)


PokerStars Hand #144479786109:  Hold'em Limit ($3/$6 USD) - 2015/11/27 17:33:18 ET
Table 'Euryanthe' 6-max Seat #6 is the button
Seat 1: SashaYuvelir ($92.50 in chips)
Seat 6: napol ($59 in chips)
napol: posts small blind $1
SashaYuvelir: posts big blind $3
*** HOLE CARDS ***
napol: folds
Uncalled bet ($2) returned to SashaYuvelir
SashaYuvelir collected $2 from pot
SashaYuvelir: doesn't show hand
*** SUMMARY ***
Total pot $2 | Rake $0
Seat 1: SashaYuvelir (big blind) collected ($2)
Seat 6: napol (button) (small blind) folded before Flop


PokerStars Hand #144479765818:  Hold'em Limit ($3/$6 USD) - 2015/11/27 17:32:54 ET
Table 'Euryanthe' 6-max Seat #1 is the button
Seat 1: SashaYuvelir ($72 in chips)
Seat 6: napol ($80 in chips)
SashaYuvelir: posts small blind $1
ZinZar: is sitting out
ZinZar leaves the table
napol: posts big blind $3
*** HOLE CARDS ***
SashaYuvelir: raises $3 to $6
napol: calls $3
*** FLOP *** [5c 6s Qh]
napol: checks
SashaYuvelir: bets $3
napol: raises $3 to $6
SashaYuvelir: raises $3 to $9
napol: calls $3
*** TURN *** [5c 6s Qh] [7s]
napol: checks
SashaYuvelir: checks
*** RIVER *** [5c 6s Qh 7s] [Qc]
napol: bets $6
SashaYuvelir: calls $6
*** SHOW DOWN ***
napol: shows [Js 2d] (a pair of Queens)
SashaYuvelir: shows [3c 6c] (two pair, Queens and Sixes)
SashaYuvelir collected $41.50 from pot
*** SUMMARY ***
Total pot $42 | Rake $0.50
Board [5c 6s Qh 7s Qc]
Seat 1: SashaYuvelir (button) (small blind) showed [3c 6c] and won ($41.50) with two pair, Queens and Sixes
Seat 6: napol (big blind) showed [Js 2d] and lost with a pair of Queens


PokerStars Hand #144479814597:  Hold'em Limit ($3/$6 USD) - 2015/11/27 17:33:51 ET
Table 'Euryanthe' 6-max Seat #1 is the button
Seat 1: SashaYuvelir ($105.02 in chips)
Seat 6: napol ($46 in chips)
SashaYuvelir: posts small blind $1
napol: posts big blind $3
*** HOLE CARDS ***
SashaYuvelir: raises $3 to $6
napol: calls $3
*** FLOP *** [Ad 4s 9c]
napol: checks
Flavito09 joins the table at seat #4
SashaYuvelir: bets $3
napol: calls $3
*** TURN *** [Ad 4s 9c] [Kc]
napol: checks
SashaYuvelir: bets $6
napol: folds
Uncalled bet ($6) returned to SashaYuvelir
SashaYuvelir collected $17.64 from pot
SashaYuvelir: doesn't show hand
*** SUMMARY ***
Total pot $18 | Rake $0.36
Board [Ad 4s 9c Kc]
Seat 1: SashaYuvelir (button) (small blind) collected ($17.64)
Seat 6: napol (big blind) folded on the Turn


PokerStars Hand #144479798417:  Hold'em Limit ($3/$6 USD) - 2015/11/27 17:33:32 ET
Table 'Euryanthe' 6-max Seat #6 is the button
Seat 1: SashaYuvelir ($99.26 in chips)
Seat 6: napol ($52 in chips)
napol: posts small blind $1
SashaYuvelir: posts big blind $3
*** HOLE CARDS ***
napol: raises $3 to $6
SashaYuvelir: calls $3
*** FLOP *** [Tc 8d 6s]
SashaYuvelir: checks
napol: checks
*** TURN *** [Tc 8d 6s] [Jh]
SashaYuvelir: checks
napol: checks
*** RIVER *** [Tc 8d 6s Jh] [Qc]
SashaYuvelir: bets $6
napol: folds
Uncalled bet ($6) returned to SashaYuvelir
SashaYuvelir collected $11.76 from pot
SashaYuvelir: doesn't show hand
*** SUMMARY ***
Total pot $12 | Rake $0.24
Board [Tc 8d 6s Jh Qc]
Seat 1: SashaYuvelir (big blind) collected ($11.76)
Seat 6: napol (button) (small blind) folded on the River


PokerStars Hand #144479790276:  Hold'em Limit ($3/$6 USD) - 2015/11/27 17:33:23 ET
Table 'Euryanthe' 6-max Seat #1 is the button
Seat 1: SashaYuvelir ($93.50 in chips)
Seat 6: napol ($58 in chips)
SashaYuvelir: posts small blind $1
napol: posts big blind $3
*** HOLE CARDS ***
SashaYuvelir: raises $3 to $6
napol: calls $3
*** FLOP *** [Qc Qh Ks]
napol: checks
SashaYuvelir: bets $3
napol: folds
Uncalled bet ($3) returned to SashaYuvelir
SashaYuvelir collected $11.76 from pot
SashaYuvelir: doesn't show hand
*** SUMMARY ***
Total pot $12 | Rake $0.24
Board [Qc Qh Ks]
Seat 1: SashaYuvelir (button) (small blind) collected ($11.76)
Seat 6: napol (big blind) folded on the Flop


PokerStars Hand #144479831566:  Hold'em Limit ($3/$6 USD) - 2015/11/27 17:34:11 ET
Table 'Euryanthe' 6-max Seat #6 is the button
Seat 1: SashaYuvelir ($113.66 in chips)
Seat 6: napol ($37 in chips)
napol: posts small blind $1
SashaYuvelir: posts big blind $3
*** HOLE CARDS ***
napol: raises $3 to $6
SashaYuvelir: calls $3
*** FLOP *** [Qd 4d 6s]
SashaYuvelir: checks
scorpio04 joins the table at seat #5
napol: checks
*** TURN *** [Qd 4d 6s] [Ks]
SashaYuvelir: bets $6
napol: folds
Uncalled bet ($6) returned to SashaYuvelir
SashaYuvelir collected $11.76 from pot
SashaYuvelir: doesn't show hand
*** SUMMARY ***
Total pot $12 | Rake $0.24
Board [Qd 4d 6s Ks]
Seat 1: SashaYuvelir (big blind) collected ($11.76)
Seat 6: napol (button) (small blind) folded on the Turn


PokerStars Hand #144482303985:  Hold'em Limit ($3/$6 USD) - 2015/11/27 18:26:03 ET
Table 'Euryanthe' 6-max Seat #6 is the button
Seat 4: LukaSteel ($120 in chips)
Seat 6: LetsJustRun ($144 in chips)
LetsJustRun: posts small blind $1
SashaYuvelir: is sitting out
TinaTurner72: is sitting out
LukaSteel: posts big blind $3
*** HOLE CARDS ***
SashaYuvelir leaves the table
TinaTurner72 leaves the table
ValeryRon joins the table at seat #1
LetsJustRun: raises $3 to $6
ValeryRon leaves the table
LukaSteel: folds
Uncalled bet ($3) returned to LetsJustRun
LetsJustRun collected $6 from pot
LetsJustRun: doesn't show hand
*** SUMMARY ***
Total pot $6 | Rake $0
Seat 4: LukaSteel (big blind) folded before Flop
Seat 6: LetsJustRun (button) (small blind) collected ($6)


