PokerStars Hand #154789575409:  Hold'em Limit ($3/$6 USD) - 2016/06/15 20:02:41 ET
Table 'Eurydome II' 6-max Seat #5 is the button
Seat 4: AzureCaper ($75 in chips)
Seat 5: nemets ($62.26 in chips)
nemets: posts small blind $1
AzureCaper: posts big blind $3
*** HOLE CARDS ***
nemets: raises $3 to $6
AzureCaper: folds
Uncalled bet ($3) returned to nemets
nemets collected $6 from pot
nemets: doesn't show hand
*** SUMMARY ***
Total pot $6 | Rake $0
Seat 4: AzureCaper (big blind) folded before Flop
Seat 5: nemets (button) (small blind) collected ($6)


PokerStars Hand #154789561067:  Hold'em Limit ($3/$6 USD) - 2016/06/15 20:02:10 ET
Table 'Eurydome II' 6-max Seat #4 is the button
Seat 4: AzureCaper ($78.64 in chips)
Seat 5: nemets ($40.76 in chips)
AzureCaper: posts small blind $1
nemets: posts big blind $3
*** HOLE CARDS ***
AzureCaper: folds
Uncalled bet ($2) returned to nemets
nemets collected $2 from pot
nemets: doesn't show hand
*** SUMMARY ***
Total pot $2 | Rake $0
Seat 4: AzureCaper (button) (small blind) folded before Flop
Seat 5: nemets (big blind) collected ($2)


PokerStars Hand #154789572212:  Hold'em Limit ($3/$6 USD) - 2016/06/15 20:02:34 ET
Table 'Eurydome II' 6-max Seat #4 is the button
Seat 4: AzureCaper ($72 in chips)
Seat 5: nemets ($65.26 in chips)
AzureCaper: posts small blind $1
nemets: posts big blind $3
*** HOLE CARDS ***
AzureCaper: raises $3 to $6
nemets: folds
Uncalled bet ($3) returned to AzureCaper
AzureCaper collected $6 from pot
AzureCaper: doesn't show hand
*** SUMMARY ***
Total pot $6 | Rake $0
Seat 4: AzureCaper (button) (small blind) collected ($6)
Seat 5: nemets (big blind) folded before Flop


PokerStars Hand #154789563486:  Hold'em Limit ($3/$6 USD) - 2016/06/15 20:02:15 ET
Table 'Eurydome II' 6-max Seat #5 is the button
Seat 4: AzureCaper ($77.64 in chips)
Seat 5: nemets ($41.76 in chips)
nemets: posts small blind $1
AzureCaper: posts big blind $3
*** HOLE CARDS ***
nemets: raises $3 to $6
AzureCaper: calls $3
*** FLOP *** [7h 9h 2c]
AzureCaper: checks
nemets: bets $3
AzureCaper: raises $3 to $6
nemets: calls $3
*** TURN *** [7h 9h 2c] [Jh]
AzureCaper: bets $6
nemets: raises $6 to $12
AzureCaper: calls $6
*** RIVER *** [7h 9h 2c Jh] [Qh]
AzureCaper: checks
nemets: bets $6
AzureCaper: folds
Uncalled bet ($6) returned to nemets
nemets collected $47.50 from pot
nemets: doesn't show hand
*** SUMMARY ***
Total pot $48 | Rake $0.50
Board [7h 9h 2c Jh Qh]
Seat 4: AzureCaper (big blind) folded on the River
Seat 5: nemets (button) (small blind) collected ($47.50)


PokerStars Hand #154789578245:  Hold'em Limit ($3/$6 USD) - 2016/06/15 20:02:46 ET
Table 'Eurydome II' 6-max Seat #4 is the button
Seat 4: AzureCaper ($72 in chips)
Seat 5: nemets ($65.26 in chips)
AzureCaper: posts small blind $1
nemets: posts big blind $3
*** HOLE CARDS ***
newhero72 joins the table at seat #1
AzureCaper: raises $3 to $6
nemets: calls $3
*** FLOP *** [4d 7c Ac]
nemets: checks
AzureCaper: bets $3
nemets: calls $3
*** TURN *** [4d 7c Ac] [Kh]
nemets: checks
AzureCaper: bets $6
nemets: calls $6
*** RIVER *** [4d 7c Ac Kh] [Ts]
nemets: checks
AzureCaper: bets $6
nemets: calls $6
*** SHOW DOWN ***
AzureCaper: shows [Ah Jh] (a pair of Aces)
nemets: mucks hand
AzureCaper collected $41.50 from pot
*** SUMMARY ***
Total pot $42 | Rake $0.50
Board [4d 7c Ac Kh Ts]
Seat 4: AzureCaper (button) (small blind) showed [Ah Jh] and won ($41.50) with a pair of Aces
Seat 5: nemets (big blind) mucked


PokerStars Hand #154789550911:  Hold'em Limit ($3/$6 USD) - 2016/06/15 20:01:49 ET
Table 'Eurydome II' 6-max Seat #5 is the button
Seat 4: AzureCaper ($80.64 in chips)
Seat 5: nemets ($39 in chips)
nemets: posts small blind $1
AzureCaper: posts big blind $3
*** HOLE CARDS ***
nemets: folds
Uncalled bet ($2) returned to AzureCaper
AzureCaper collected $2 from pot
*** SUMMARY ***
Total pot $2 | Rake $0
Seat 4: AzureCaper (big blind) collected ($2)
Seat 5: nemets (button) (small blind) folded before Flop


PokerStars Hand #154789539527:  Hold'em Limit ($3/$6 USD) - 2016/06/15 20:01:25 ET
Table 'Eurydome II' 6-max Seat #4 is the button
Seat 4: AzureCaper ($72 in chips)
Seat 5: nemets ($48 in chips)
AzureCaper: posts small blind $1
nemets: posts big blind $3
*** HOLE CARDS ***
AzureCaper: raises $3 to $6
nemets: calls $3
*** FLOP *** [Ts Kd Ac]
nemets: checks
AzureCaper: bets $3
nemets: calls $3
*** TURN *** [Ts Kd Ac] [Th]
nemets: checks
AzureCaper: bets $6
nemets: folds
Uncalled bet ($6) returned to AzureCaper
AzureCaper collected $17.64 from pot
AzureCaper: doesn't show hand
*** SUMMARY ***
Total pot $18 | Rake $0.36
Board [Ts Kd Ac Th]
Seat 4: AzureCaper (button) (small blind) collected ($17.64)
Seat 5: nemets (big blind) folded on the Turn


PokerStars Hand #154789926920:  Hold'em Limit ($3/$6 USD) - 2016/06/15 20:14:38 ET
Table 'Eurydome II' 6-max Seat #2 is the button
Seat 2: TinaTurner72 ($147.91 in chips)
Seat 4: AzureCaper ($233.83 in chips)
TinaTurner72: posts small blind $1
AzureCaper: posts big blind $3
*** HOLE CARDS ***
TinaTurner72: folds
Uncalled bet ($2) returned to AzureCaper
AzureCaper collected $2 from pot
AzureCaper: doesn't show hand
*** SUMMARY ***
Total pot $2 | Rake $0
Seat 2: TinaTurner72 (button) (small blind) folded before Flop
Seat 4: AzureCaper (big blind) collected ($2)


