PokerStars Hand #156452413522:  Hold'em Limit ($3/$6 USD) - 2016/07/25 23:02:56 ET
Table 'Eurykleia' 6-max Seat #4 is the button
Seat 3: asjrxxx888 ($65.76 in chips)
Seat 4: AzureCaper ($72 in chips)
AzureCaper: posts small blind $1
asjrxxx888: posts big blind $3
*** HOLE CARDS ***
AzureCaper: folds
Uncalled bet ($2) returned to asjrxxx888
asjrxxx888 collected $2 from pot
*** SUMMARY ***
Total pot $2 | Rake $0
Seat 3: asjrxxx888 (big blind) collected ($2)
Seat 4: AzureCaper (button) (small blind) folded before Flop


PokerStars Hand #156452407579:  Hold'em Limit ($3/$6 USD) - 2016/07/25 23:02:36 ET
Table 'Eurykleia' 6-max Seat #3 is the button
Seat 3: asjrxxx888 ($60 in chips)
Seat 4: AzureCaper ($72 in chips)
asjrxxx888: posts small blind $1
AzureCaper: posts big blind $3
*** HOLE CARDS ***
asjrxxx888: raises $3 to $6
AzureCaper: calls $3
*** FLOP *** [Kh 4s 9h]
AzureCaper: checks
asjrxxx888: bets $3
AzureCaper: folds
Uncalled bet ($3) returned to asjrxxx888
asjrxxx888 collected $11.76 from pot
*** SUMMARY ***
Total pot $12 | Rake $0.24
Board [Kh 4s 9h]
Seat 3: asjrxxx888 (button) (small blind) collected ($11.76)
Seat 4: AzureCaper (big blind) folded on the Flop


PokerStars Hand #156452427449:  Hold'em Limit ($3/$6 USD) - 2016/07/25 23:03:42 ET
Table 'Eurykleia' 6-max Seat #3 is the button
Seat 3: asjrxxx888 ($72.28 in chips)
Seat 4: AzureCaper ($77.76 in chips)
asjrxxx888: posts small blind $1
AzureCaper: posts big blind $3
*** HOLE CARDS ***
asjrxxx888: raises $3 to $6
AzureCaper: calls $3
*** FLOP *** [6s Jd 9h]
AzureCaper: checks
asjrxxx888: bets $3
AzureCaper: folds
Uncalled bet ($3) returned to asjrxxx888
asjrxxx888 collected $11.76 from pot
*** SUMMARY ***
Total pot $12 | Rake $0.24
Board [6s Jd 9h]
Seat 3: asjrxxx888 (button) (small blind) collected ($11.76)
Seat 4: AzureCaper (big blind) folded on the Flop


PokerStars Hand #156452424023:  Hold'em Limit ($3/$6 USD) - 2016/07/25 23:03:30 ET
Table 'Eurykleia' 6-max Seat #4 is the button
Seat 3: asjrxxx888 ($78.28 in chips)
Seat 4: AzureCaper ($72 in chips)
AzureCaper: posts small blind $1
asjrxxx888: posts big blind $3
*** HOLE CARDS ***
AzureCaper: raises $3 to $6
asjrxxx888: calls $3
*** FLOP *** [Kh 2c Td]
asjrxxx888: checks
AzureCaper: bets $3
asjrxxx888: folds
Uncalled bet ($3) returned to AzureCaper
AzureCaper collected $11.76 from pot
AzureCaper: doesn't show hand
*** SUMMARY ***
Total pot $12 | Rake $0.24
Board [Kh 2c Td]
Seat 3: asjrxxx888 (big blind) folded on the Flop
Seat 4: AzureCaper (button) (small blind) collected ($11.76)


PokerStars Hand #156452415115:  Hold'em Limit ($3/$6 USD) - 2016/07/25 23:03:01 ET
Table 'Eurykleia' 6-max Seat #3 is the button
Seat 3: asjrxxx888 ($66.76 in chips)
Seat 4: AzureCaper ($72 in chips)
asjrxxx888: posts small blind $1
AzureCaper: posts big blind $3
*** HOLE CARDS ***
asjrxxx888: raises $3 to $6
AzureCaper: calls $3
*** FLOP *** [8c 5c Jc]
AzureCaper: checks
asjrxxx888: checks
*** TURN *** [8c 5c Jc] [2h]
AzureCaper: bets $6
asjrxxx888: calls $6
*** RIVER *** [8c 5c Jc 2h] [Ad]
AzureCaper: checks
asjrxxx888: bets $6
AzureCaper: folds
Uncalled bet ($6) returned to asjrxxx888
asjrxxx888 collected $23.52 from pot
*** SUMMARY ***
Total pot $24 | Rake $0.48
Board [8c 5c Jc 2h Ad]
Seat 3: asjrxxx888 (button) (small blind) collected ($23.52)
Seat 4: AzureCaper (big blind) folded on the River


PokerStars Hand #156452440081:  Hold'em Limit ($3/$6 USD) - 2016/07/25 23:04:24 ET
Table 'Eurykleia' 6-max Seat #3 is the button
Seat 3: asjrxxx888 ($78.92 in chips)
Seat 4: AzureCaper ($72 in chips)
asjrxxx888: posts small blind $1
AzureCaper: posts big blind $3
*** HOLE CARDS ***
asjrxxx888: raises $3 to $6
AzureCaper: calls $3
*** FLOP *** [Tc As 6c]
AzureCaper: checks
asjrxxx888: bets $3
AzureCaper: folds
Uncalled bet ($3) returned to asjrxxx888
asjrxxx888 collected $11.76 from pot
*** SUMMARY ***
Total pot $12 | Rake $0.24
Board [Tc As 6c]
Seat 3: asjrxxx888 (button) (small blind) collected ($11.76)
Seat 4: AzureCaper (big blind) folded on the Flop


PokerStars Hand #156452438493:  Hold'em Limit ($3/$6 USD) - 2016/07/25 23:04:18 ET
Table 'Eurykleia' 6-max Seat #4 is the button
Seat 3: asjrxxx888 ($77.92 in chips)
Seat 4: AzureCaper ($72 in chips)
AzureCaper: posts small blind $1
asjrxxx888: posts big blind $3
*** HOLE CARDS ***
AzureCaper: folds
Uncalled bet ($2) returned to asjrxxx888
asjrxxx888 collected $2 from pot
*** SUMMARY ***
Total pot $2 | Rake $0
Seat 3: asjrxxx888 (big blind) collected ($2)
Seat 4: AzureCaper (button) (small blind) folded before Flop


PokerStars Hand #156452433296:  Hold'em Limit ($3/$6 USD) - 2016/07/25 23:04:01 ET
Table 'Eurykleia' 6-max Seat #3 is the button
Seat 3: asjrxxx888 ($75.04 in chips)
Seat 4: AzureCaper ($75 in chips)
asjrxxx888: posts small blind $1
AzureCaper: posts big blind $3
*** HOLE CARDS ***
asjrxxx888: calls $2
AzureCaper: checks
*** FLOP *** [6s 6h 7d]
AzureCaper: checks
asjrxxx888: bets $3
AzureCaper: folds
Uncalled bet ($3) returned to asjrxxx888
asjrxxx888 collected $5.88 from pot
*** SUMMARY ***
Total pot $6 | Rake $0.12
Board [6s 6h 7d]
Seat 3: asjrxxx888 (button) (small blind) collected ($5.88)
Seat 4: AzureCaper (big blind) folded on the Flop


PokerStars Hand #156452452883:  Hold'em Limit ($3/$6 USD) - 2016/07/25 23:05:07 ET
Table 'Eurykleia' 6-max Seat #4 is the button
Seat 3: asjrxxx888 ($96.18 in chips)
Seat 4: AzureCaper ($72 in chips)
AzureCaper: posts small blind $1
asjrxxx888: posts big blind $3
*** HOLE CARDS ***
AzureCaper: raises $3 to $6
asjrxxx888: calls $3
*** FLOP *** [6h Ac 6d]
asjrxxx888: checks
AzureCaper: bets $3
asjrxxx888: folds
Uncalled bet ($3) returned to AzureCaper
AzureCaper collected $11.76 from pot
AzureCaper: doesn't show hand
*** SUMMARY ***
Total pot $12 | Rake $0.24
Board [6h Ac 6d]
Seat 3: asjrxxx888 (big blind) folded on the Flop
Seat 4: AzureCaper (button) (small blind) collected ($11.76)


PokerStars Hand #156452446634:  Hold'em Limit ($3/$6 USD) - 2016/07/25 23:04:46 ET
Table 'Eurykleia' 6-max Seat #3 is the button
Seat 3: asjrxxx888 ($81.68 in chips)
Seat 4: AzureCaper ($75 in chips)
asjrxxx888: posts small blind $1
AzureCaper: posts big blind $3
*** HOLE CARDS ***
asjrxxx888: calls $2
AzureCaper: raises $3 to $6
asjrxxx888: calls $3
*** FLOP *** [6s Jh Kc]
AzureCaper: bets $3
asjrxxx888: calls $3
*** TURN *** [6s Jh Kc] [Qd]
AzureCaper: checks
asjrxxx888: checks
*** RIVER *** [6s Jh Kc Qd] [Qs]
AzureCaper: bets $6
asjrxxx888: calls $6
*** SHOW DOWN ***
AzureCaper: shows [Th Tc] (two pair, Queens and Tens)
asjrxxx888: shows [Jc 4s] (two pair, Queens and Jacks)
asjrxxx888 collected $29.50 from pot
*** SUMMARY ***
Total pot $30 | Rake $0.50
Board [6s Jh Kc Qd Qs]
Seat 3: asjrxxx888 (button) (small blind) showed [Jc 4s] and won ($29.50) with two pair, Queens and Jacks
Seat 4: AzureCaper (big blind) showed [Th Tc] and lost with two pair, Queens and Tens


PokerStars Hand #156452482290:  Hold'em Limit ($3/$6 USD) - 2016/07/25 23:06:44 ET
Table 'Eurykleia' 6-max Seat #4 is the button
Seat 3: asjrxxx888 ($74.18 in chips)
Seat 4: AzureCaper ($93.04 in chips)
AzureCaper: posts small blind $1
asjrxxx888: posts big blind $3
*** HOLE CARDS ***
AzureCaper: folds
Uncalled bet ($2) returned to asjrxxx888
asjrxxx888 collected $2 from pot
*** SUMMARY ***
Total pot $2 | Rake $0
Seat 3: asjrxxx888 (big blind) collected ($2)
Seat 4: AzureCaper (button) (small blind) folded before Flop


PokerStars Hand #156452478858:  Hold'em Limit ($3/$6 USD) - 2016/07/25 23:06:33 ET
Table 'Eurykleia' 6-max Seat #3 is the button
Seat 3: asjrxxx888 ($83.18 in chips)
Seat 4: AzureCaper ($84.40 in chips)
asjrxxx888: posts small blind $1
AzureCaper: posts big blind $3
*** HOLE CARDS ***
asjrxxx888: raises $3 to $6
AzureCaper: calls $3
*** FLOP *** [5c Qs 8h]
AzureCaper: checks
asjrxxx888: bets $3
AzureCaper: raises $3 to $6
asjrxxx888: folds
Uncalled bet ($3) returned to AzureCaper
AzureCaper collected $17.64 from pot
AzureCaper: doesn't show hand
*** SUMMARY ***
Total pot $18 | Rake $0.36
Board [5c Qs 8h]
Seat 3: asjrxxx888 (button) (small blind) folded on the Flop
Seat 4: AzureCaper (big blind) collected ($17.64)


PokerStars Hand #156452477380:  Hold'em Limit ($3/$6 USD) - 2016/07/25 23:06:28 ET
Table 'Eurykleia' 6-max Seat #4 is the button
Seat 3: asjrxxx888 ($82.18 in chips)
Seat 4: AzureCaper ($85.40 in chips)
AzureCaper: posts small blind $1
asjrxxx888: posts big blind $3
*** HOLE CARDS ***
AzureCaper: folds
Uncalled bet ($2) returned to asjrxxx888
asjrxxx888 collected $2 from pot
*** SUMMARY ***
Total pot $2 | Rake $0
Seat 3: asjrxxx888 (big blind) collected ($2)
Seat 4: AzureCaper (button) (small blind) folded before Flop


PokerStars Hand #156452471476:  Hold'em Limit ($3/$6 USD) - 2016/07/25 23:06:08 ET
Table 'Eurykleia' 6-max Seat #3 is the button
Seat 3: asjrxxx888 ($88.18 in chips)
Seat 4: AzureCaper ($79.64 in chips)
asjrxxx888: posts small blind $1
AzureCaper: posts big blind $3
*** HOLE CARDS ***
asjrxxx888: calls $2
AzureCaper: checks
*** FLOP *** [7d 8d 9h]
AzureCaper: bets $3
asjrxxx888: calls $3
*** TURN *** [7d 8d 9h] [Ks]
AzureCaper: bets $6
asjrxxx888: folds
Uncalled bet ($6) returned to AzureCaper
AzureCaper collected $11.76 from pot
AzureCaper: doesn't show hand
*** SUMMARY ***
Total pot $12 | Rake $0.24
Board [7d 8d 9h Ks]
Seat 3: asjrxxx888 (button) (small blind) folded on the Turn
Seat 4: AzureCaper (big blind) collected ($11.76)


PokerStars Hand #156452470113:  Hold'em Limit ($3/$6 USD) - 2016/07/25 23:06:04 ET
Table 'Eurykleia' 6-max Seat #4 is the button
Seat 3: asjrxxx888 ($87.18 in chips)
Seat 4: AzureCaper ($80.64 in chips)
AzureCaper: posts small blind $1
asjrxxx888: posts big blind $3
*** HOLE CARDS ***
AzureCaper: folds
Uncalled bet ($2) returned to asjrxxx888
asjrxxx888 collected $2 from pot
*** SUMMARY ***
Total pot $2 | Rake $0
Seat 3: asjrxxx888 (big blind) collected ($2)
Seat 4: AzureCaper (button) (small blind) folded before Flop


PokerStars Hand #156452456447:  Hold'em Limit ($3/$6 USD) - 2016/07/25 23:05:19 ET
Table 'Eurykleia' 6-max Seat #3 is the button
Seat 3: asjrxxx888 ($90.18 in chips)
Seat 4: AzureCaper ($77.76 in chips)
asjrxxx888: posts small blind $1
AzureCaper: posts big blind $3
*** HOLE CARDS ***
asjrxxx888: calls $2
AzureCaper: checks
*** FLOP *** [3h Jh 3d]
AzureCaper: checks
asjrxxx888: checks
*** TURN *** [3h Jh 3d] [2d]
AzureCaper: bets $6
asjrxxx888: folds
Uncalled bet ($6) returned to AzureCaper
AzureCaper collected $5.88 from pot
AzureCaper: doesn't show hand
*** SUMMARY ***
Total pot $6 | Rake $0.12
Board [3h Jh 3d 2d]
Seat 3: asjrxxx888 (button) (small blind) folded on the Turn
Seat 4: AzureCaper (big blind) collected ($5.88)


PokerStars Hand #156452497785:  Hold'em Limit ($3/$6 USD) - 2016/07/25 23:07:37 ET
Table 'Eurykleia' 6-max Seat #4 is the button
Seat 3: asjrxxx888 ($116.18 in chips)
Seat 4: AzureCaper ($72 in chips)
AzureCaper: posts small blind $1
asjrxxx888: posts big blind $3
*** HOLE CARDS ***
AzureCaper: folds
Uncalled bet ($2) returned to asjrxxx888
asjrxxx888 collected $2 from pot
*** SUMMARY ***
Total pot $2 | Rake $0
Seat 3: asjrxxx888 (big blind) collected ($2)
Seat 4: AzureCaper (button) (small blind) folded before Flop


PokerStars Hand #156452496065:  Hold'em Limit ($3/$6 USD) - 2016/07/25 23:07:31 ET
Table 'Eurykleia' 6-max Seat #3 is the button
Seat 3: asjrxxx888 ($113.18 in chips)
Seat 4: AzureCaper ($72 in chips)
asjrxxx888: posts small blind $1
AzureCaper: posts big blind $3
*** HOLE CARDS ***
asjrxxx888: raises $3 to $6
AzureCaper: folds
Uncalled bet ($3) returned to asjrxxx888
asjrxxx888 collected $6 from pot
*** SUMMARY ***
Total pot $6 | Rake $0
Seat 3: asjrxxx888 (button) (small blind) collected ($6)
Seat 4: AzureCaper (big blind) folded before Flop


PokerStars Hand #156452489390:  Hold'em Limit ($3/$6 USD) - 2016/07/25 23:07:08 ET
Table 'Eurykleia' 6-max Seat #4 is the button
Seat 3: asjrxxx888 ($89.68 in chips)
Seat 4: AzureCaper ($77.04 in chips)
AzureCaper: posts small blind $1
asjrxxx888: posts big blind $3
*** HOLE CARDS ***
AzureCaper: raises $3 to $6
asjrxxx888: raises $3 to $9
AzureCaper: calls $3
*** FLOP *** [Kd 9d Jh]
asjrxxx888: bets $3
AzureCaper: calls $3
*** TURN *** [Kd 9d Jh] [Th]
asjrxxx888: bets $6
AzureCaper: calls $6
*** RIVER *** [Kd 9d Jh Th] [3d]
asjrxxx888: bets $6
AzureCaper: calls $6
*** SHOW DOWN ***
asjrxxx888: shows [9s Kc] (two pair, Kings and Nines)
AzureCaper: mucks hand
asjrxxx888 collected $47.50 from pot
*** SUMMARY ***
Total pot $48 | Rake $0.50
Board [Kd 9d Jh Th 3d]
Seat 3: asjrxxx888 (big blind) showed [9s Kc] and won ($47.50) with two pair, Kings and Nines
Seat 4: AzureCaper (button) (small blind) mucked


PokerStars Hand #156452483666:  Hold'em Limit ($3/$6 USD) - 2016/07/25 23:06:49 ET
Table 'Eurykleia' 6-max Seat #3 is the button
Seat 3: asjrxxx888 ($75.18 in chips)
Seat 4: AzureCaper ($92.04 in chips)
asjrxxx888: posts small blind $1
AzureCaper: posts big blind $3
*** HOLE CARDS ***
asjrxxx888: raises $3 to $6
AzureCaper: calls $3
*** FLOP *** [5c 8c Td]
AzureCaper: checks
asjrxxx888: bets $3
AzureCaper: raises $3 to $6
asjrxxx888: raises $3 to $9
AzureCaper: calls $3
*** TURN *** [5c 8c Td] [Qh]
AzureCaper: checks
asjrxxx888: bets $6
AzureCaper: folds
Uncalled bet ($6) returned to asjrxxx888
asjrxxx888 collected $29.50 from pot
*** SUMMARY ***
Total pot $30 | Rake $0.50
Board [5c 8c Td Qh]
Seat 3: asjrxxx888 (button) (small blind) collected ($29.50)
Seat 4: AzureCaper (big blind) folded on the Turn


PokerStars Hand #156452517803:  Hold'em Limit ($3/$6 USD) - 2016/07/25 23:08:44 ET
Table 'Eurykleia' 6-max Seat #4 is the button
Seat 3: asjrxxx888 ($91.18 in chips)
Seat 4: AzureCaper ($97.26 in chips)
AzureCaper: posts small blind $1
asjrxxx888: posts big blind $3
*** HOLE CARDS ***
AzureCaper: raises $3 to $6
asjrxxx888: calls $3
*** FLOP *** [2c Ad 7h]
asjrxxx888: bets $3
AzureCaper: raises $3 to $6
asjrxxx888: calls $3
*** TURN *** [2c Ad 7h] [6s]
asjrxxx888: checks
AzureCaper: checks
*** RIVER *** [2c Ad 7h 6s] [Ac]
asjrxxx888: bets $6
AzureCaper: calls $6
*** SHOW DOWN ***
asjrxxx888: shows [5d 3c] (a pair of Aces)
AzureCaper: shows [4d 6c] (two pair, Aces and Sixes)
AzureCaper collected $35.50 from pot
*** SUMMARY ***
Total pot $36 | Rake $0.50
Board [2c Ad 7h 6s Ac]
Seat 3: asjrxxx888 (big blind) showed [5d 3c] and lost with a pair of Aces
Seat 4: AzureCaper (button) (small blind) showed [4d 6c] and won ($35.50) with two pair, Aces and Sixes


PokerStars Hand #156452508037:  Hold'em Limit ($3/$6 USD) - 2016/07/25 23:08:11 ET
Table 'Eurykleia' 6-max Seat #3 is the button
Seat 3: asjrxxx888 ($112.18 in chips)
Seat 4: AzureCaper ($76.76 in chips)
asjrxxx888: posts small blind $1
AzureCaper: posts big blind $3
*** HOLE CARDS ***
asjrxxx888: calls $2
AzureCaper: checks
*** FLOP *** [Qh 5d As]
AzureCaper: checks
asjrxxx888: bets $3
AzureCaper: raises $3 to $6
asjrxxx888: calls $3
*** TURN *** [Qh 5d As] [2h]
AzureCaper: bets $6
asjrxxx888: calls $6
*** RIVER *** [Qh 5d As 2h] [9h]
AzureCaper: bets $6
asjrxxx888: calls $6
*** SHOW DOWN ***
AzureCaper: shows [5c 2s] (two pair, Fives and Deuces)
asjrxxx888: mucks hand
AzureCaper collected $41.50 from pot
*** SUMMARY ***
Total pot $42 | Rake $0.50
Board [Qh 5d As 2h 9h]
Seat 3: asjrxxx888 (button) (small blind) mucked
Seat 4: AzureCaper (big blind) showed [5c 2s] and won ($41.50) with two pair, Fives and Deuces


PokerStars Hand #156452506618:  Hold'em Limit ($3/$6 USD) - 2016/07/25 23:08:07 ET
Table 'Eurykleia' 6-max Seat #4 is the button
Seat 3: asjrxxx888 ($111.18 in chips)
Seat 4: AzureCaper ($77.76 in chips)
AzureCaper: posts small blind $1
asjrxxx888: posts big blind $3
*** HOLE CARDS ***
AzureCaper: folds
Uncalled bet ($2) returned to asjrxxx888
asjrxxx888 collected $2 from pot
*** SUMMARY ***
Total pot $2 | Rake $0
Seat 3: asjrxxx888 (big blind) collected ($2)
Seat 4: AzureCaper (button) (small blind) folded before Flop


PokerStars Hand #156452499324:  Hold'em Limit ($3/$6 USD) - 2016/07/25 23:07:42 ET
Table 'Eurykleia' 6-max Seat #3 is the button
Seat 3: asjrxxx888 ($117.18 in chips)
Seat 4: AzureCaper ($72 in chips)
asjrxxx888: posts small blind $1
AzureCaper: posts big blind $3
*** HOLE CARDS ***
asjrxxx888: calls $2
AzureCaper: checks
*** FLOP *** [9d 2h 2c]
AzureCaper: checks
asjrxxx888: bets $3
AzureCaper: raises $3 to $6
asjrxxx888: folds
Uncalled bet ($3) returned to AzureCaper
AzureCaper collected $11.76 from pot
AzureCaper: doesn't show hand
*** SUMMARY ***
Total pot $12 | Rake $0.24
Board [9d 2h 2c]
Seat 3: asjrxxx888 (button) (small blind) folded on the Flop
Seat 4: AzureCaper (big blind) collected ($11.76)


PokerStars Hand #156452534716:  Hold'em Limit ($3/$6 USD) - 2016/07/25 23:09:42 ET
Table 'Eurykleia' 6-max Seat #4 is the button
Seat 3: asjrxxx888 ($60.70 in chips)
Seat 4: AzureCaper ($126.26 in chips)
AzureCaper: posts small blind $1
asjrxxx888: posts big blind $3
*** HOLE CARDS ***
AzureCaper: raises $3 to $6
asjrxxx888: raises $3 to $9
AzureCaper: calls $3
*** FLOP *** [5d Ad 4h]
asjrxxx888: bets $3
AzureCaper: calls $3
*** TURN *** [5d Ad 4h] [6s]
asjrxxx888: bets $6
AzureCaper: calls $6
*** RIVER *** [5d Ad 4h 6s] [Kh]
asjrxxx888: bets $6
AzureCaper: calls $6
*** SHOW DOWN ***
asjrxxx888: shows [9c 9s] (a pair of Nines)
AzureCaper: shows [Ks Tc] (a pair of Kings)
AzureCaper collected $47.50 from pot
*** SUMMARY ***
Total pot $48 | Rake $0.50
Board [5d Ad 4h 6s Kh]
Seat 3: asjrxxx888 (big blind) showed [9c 9s] and lost with a pair of Nines
Seat 4: AzureCaper (button) (small blind) showed [Ks Tc] and won ($47.50) with a pair of Kings


PokerStars Hand #156452529947:  Hold'em Limit ($3/$6 USD) - 2016/07/25 23:09:26 ET
Table 'Eurykleia' 6-max Seat #3 is the button
Seat 3: asjrxxx888 ($54.94 in chips)
Seat 4: AzureCaper ($132.26 in chips)
asjrxxx888: posts small blind $1
AzureCaper: posts big blind $3
*** HOLE CARDS ***
asjrxxx888: raises $3 to $6
AzureCaper: calls $3
*** FLOP *** [4s 7c 6h]
AzureCaper: checks
asjrxxx888: bets $3
AzureCaper: folds
Uncalled bet ($3) returned to asjrxxx888
asjrxxx888 collected $11.76 from pot
*** SUMMARY ***
Total pot $12 | Rake $0.24
Board [4s 7c 6h]
Seat 3: asjrxxx888 (button) (small blind) collected ($11.76)
Seat 4: AzureCaper (big blind) folded on the Flop


PokerStars Hand #156452526116:  Hold'em Limit ($3/$6 USD) - 2016/07/25 23:09:12 ET
Table 'Eurykleia' 6-max Seat #4 is the button
Seat 3: asjrxxx888 ($78.94 in chips)
Seat 4: AzureCaper ($108.76 in chips)
AzureCaper: posts small blind $1
asjrxxx888: posts big blind $3
*** HOLE CARDS ***
AzureCaper: raises $3 to $6
asjrxxx888: raises $3 to $9
AzureCaper: calls $3
*** FLOP *** [3s Td 5h]
asjrxxx888: bets $3
AzureCaper: calls $3
*** TURN *** [3s Td 5h] [Qs]
asjrxxx888: bets $6
AzureCaper: calls $6
*** RIVER *** [3s Td 5h Qs] [4d]
asjrxxx888: bets $6
AzureCaper: calls $6
*** SHOW DOWN ***
asjrxxx888: shows [8d Jh] (high card Queen)
AzureCaper: shows [6s 5c] (a pair of Fives)
AzureCaper collected $47.50 from pot
*** SUMMARY ***
Total pot $48 | Rake $0.50
Board [3s Td 5h Qs 4d]
Seat 3: asjrxxx888 (big blind) showed [8d Jh] and lost with high card Queen
Seat 4: AzureCaper (button) (small blind) showed [6s 5c] and won ($47.50) with a pair of Fives


PokerStars Hand #156452523012:  Hold'em Limit ($3/$6 USD) - 2016/07/25 23:09:02 ET
Table 'Eurykleia' 6-max Seat #3 is the button
Seat 3: asjrxxx888 ($73.18 in chips)
Seat 4: AzureCaper ($114.76 in chips)
asjrxxx888: posts small blind $1
AzureCaper: posts big blind $3
*** HOLE CARDS ***
asjrxxx888: raises $3 to $6
AzureCaper: calls $3
*** FLOP *** [4s 3d Js]
AzureCaper: checks
asjrxxx888: bets $3
AzureCaper: folds
Uncalled bet ($3) returned to asjrxxx888
asjrxxx888 collected $11.76 from pot
*** SUMMARY ***
Total pot $12 | Rake $0.24
Board [4s 3d Js]
Seat 3: asjrxxx888 (button) (small blind) collected ($11.76)
Seat 4: AzureCaper (big blind) folded on the Flop


PokerStars Hand #156452552255:  Hold'em Limit ($3/$6 USD) - 2016/07/25 23:10:41 ET
Table 'Eurykleia' 6-max Seat #4 is the button
Seat 3: asjrxxx888 ($65.86 in chips)
Seat 4: AzureCaper ($119.76 in chips)
AzureCaper: posts small blind $1
asjrxxx888: posts big blind $3
*** HOLE CARDS ***
AzureCaper: raises $3 to $6
asjrxxx888: raises $3 to $9
AzureCaper: calls $3
*** FLOP *** [Ad 3s 6d]
asjrxxx888: bets $3
AzureCaper: calls $3
*** TURN *** [Ad 3s 6d] [3d]
asjrxxx888: checks
AzureCaper: checks
*** RIVER *** [Ad 3s 6d 3d] [7d]
asjrxxx888: bets $6
AzureCaper: calls $6
*** SHOW DOWN ***
asjrxxx888: shows [2s 2d] (a flush, Ace high)
AzureCaper: mucks hand
asjrxxx888 collected $35.50 from pot
*** SUMMARY ***
Total pot $36 | Rake $0.50
Board [Ad 3s 6d 3d 7d]
Seat 3: asjrxxx888 (big blind) showed [2s 2d] and won ($35.50) with a flush, Ace high
Seat 4: AzureCaper (button) (small blind) mucked


PokerStars Hand #156452550244:  Hold'em Limit ($3/$6 USD) - 2016/07/25 23:10:34 ET
Table 'Eurykleia' 6-max Seat #3 is the button
Seat 3: asjrxxx888 ($62.86 in chips)
Seat 4: AzureCaper ($122.76 in chips)
asjrxxx888: posts small blind $1
AzureCaper: posts big blind $3
*** HOLE CARDS ***
asjrxxx888: raises $3 to $6
AzureCaper: folds
Uncalled bet ($3) returned to asjrxxx888
asjrxxx888 collected $6 from pot
*** SUMMARY ***
Total pot $6 | Rake $0
Seat 3: asjrxxx888 (button) (small blind) collected ($6)
Seat 4: AzureCaper (big blind) folded before Flop


PokerStars Hand #156452545884:  Hold'em Limit ($3/$6 USD) - 2016/07/25 23:10:19 ET
Table 'Eurykleia' 6-max Seat #4 is the button
Seat 3: asjrxxx888 ($51.34 in chips)
Seat 4: AzureCaper ($134.76 in chips)
AzureCaper: posts small blind $1
asjrxxx888: posts big blind $3
*** HOLE CARDS ***
AzureCaper: raises $3 to $6
asjrxxx888: raises $3 to $9
AzureCaper: calls $3
*** FLOP *** [7s 6h 4c]
asjrxxx888: bets $3
AzureCaper: calls $3
*** TURN *** [7s 6h 4c] [8c]
asjrxxx888: bets $6
AzureCaper: folds
Uncalled bet ($6) returned to asjrxxx888
asjrxxx888 collected $23.52 from pot
*** SUMMARY ***
Total pot $24 | Rake $0.48
Board [7s 6h 4c 8c]
Seat 3: asjrxxx888 (big blind) collected ($23.52)
Seat 4: AzureCaper (button) (small blind) folded on the Turn


PokerStars Hand #156452544461:  Hold'em Limit ($3/$6 USD) - 2016/07/25 23:10:15 ET
Table 'Eurykleia' 6-max Seat #3 is the button
Seat 3: asjrxxx888 ($48.34 in chips)
Seat 4: AzureCaper ($137.76 in chips)
asjrxxx888: posts small blind $1
AzureCaper: posts big blind $3
*** HOLE CARDS ***
asjrxxx888: raises $3 to $6
AzureCaper: folds
Uncalled bet ($3) returned to asjrxxx888
asjrxxx888 collected $6 from pot
*** SUMMARY ***
Total pot $6 | Rake $0
Seat 3: asjrxxx888 (button) (small blind) collected ($6)
Seat 4: AzureCaper (big blind) folded before Flop


PokerStars Hand #156452541645:  Hold'em Limit ($3/$6 USD) - 2016/07/25 23:10:05 ET
Table 'Eurykleia' 6-max Seat #4 is the button
Seat 3: asjrxxx888 ($39.70 in chips)
Seat 4: AzureCaper ($146.76 in chips)
AzureCaper: posts small blind $1
asjrxxx888: posts big blind $3
*** HOLE CARDS ***
AzureCaper: raises $3 to $6
asjrxxx888: raises $3 to $9
AzureCaper: calls $3
*** FLOP *** [6d 9d Jh]
asjrxxx888: bets $3
AzureCaper: folds
Uncalled bet ($3) returned to asjrxxx888
asjrxxx888 collected $17.64 from pot
*** SUMMARY ***
Total pot $18 | Rake $0.36
Board [6d 9d Jh]
Seat 3: asjrxxx888 (big blind) collected ($17.64)
Seat 4: AzureCaper (button) (small blind) folded on the Flop


PokerStars Hand #156452539766:  Hold'em Limit ($3/$6 USD) - 2016/07/25 23:09:59 ET
Table 'Eurykleia' 6-max Seat #3 is the button
Seat 3: asjrxxx888 ($36.70 in chips)
Seat 4: AzureCaper ($149.76 in chips)
asjrxxx888: posts small blind $1
AzureCaper: posts big blind $3
*** HOLE CARDS ***
asjrxxx888: raises $3 to $6
AzureCaper: folds
Uncalled bet ($3) returned to asjrxxx888
asjrxxx888 collected $6 from pot
*** SUMMARY ***
Total pot $6 | Rake $0
Seat 3: asjrxxx888 (button) (small blind) collected ($6)
Seat 4: AzureCaper (big blind) folded before Flop


PokerStars Hand #156452568421:  Hold'em Limit ($3/$6 USD) - 2016/07/25 23:11:35 ET
Table 'Eurykleia' 6-max Seat #4 is the button
Seat 3: asjrxxx888 ($98.76 in chips)
Seat 4: AzureCaper ($85.76 in chips)
AzureCaper: posts small blind $1
asjrxxx888: posts big blind $3
*** HOLE CARDS ***
AzureCaper: raises $3 to $6
asjrxxx888: raises $3 to $9
AzureCaper: calls $3
*** FLOP *** [7d 3c Qs]
asjrxxx888: bets $3
AzureCaper: folds
Uncalled bet ($3) returned to asjrxxx888
asjrxxx888 collected $17.64 from pot
*** SUMMARY ***
Total pot $18 | Rake $0.36
Board [7d 3c Qs]
Seat 3: asjrxxx888 (big blind) collected ($17.64)
Seat 4: AzureCaper (button) (small blind) folded on the Flop


PokerStars Hand #156452565291:  Hold'em Limit ($3/$6 USD) - 2016/07/25 23:11:24 ET
Table 'Eurykleia' 6-max Seat #3 is the button
Seat 3: asjrxxx888 ($87.24 in chips)
Seat 4: AzureCaper ($97.76 in chips)
asjrxxx888: posts small blind $1
AzureCaper: posts big blind $3
*** HOLE CARDS ***
asjrxxx888: raises $3 to $6
AzureCaper: calls $3
*** FLOP *** [Kh 9c Kd]
AzureCaper: checks
asjrxxx888: bets $3
AzureCaper: raises $3 to $6
asjrxxx888: raises $3 to $9
AzureCaper: folds
Uncalled bet ($3) returned to asjrxxx888
asjrxxx888 collected $23.52 from pot
*** SUMMARY ***
Total pot $24 | Rake $0.48
Board [Kh 9c Kd]
Seat 3: asjrxxx888 (button) (small blind) collected ($23.52)
Seat 4: AzureCaper (big blind) folded on the Flop


PokerStars Hand #156452563141:  Hold'em Limit ($3/$6 USD) - 2016/07/25 23:11:17 ET
Table 'Eurykleia' 6-max Seat #4 is the button
Seat 3: asjrxxx888 ($86.24 in chips)
Seat 4: AzureCaper ($98.76 in chips)
AzureCaper: posts small blind $1
asjrxxx888: posts big blind $3
*** HOLE CARDS ***
AzureCaper: folds
Uncalled bet ($2) returned to asjrxxx888
asjrxxx888 collected $2 from pot
*** SUMMARY ***
Total pot $2 | Rake $0
Seat 3: asjrxxx888 (big blind) collected ($2)
Seat 4: AzureCaper (button) (small blind) folded before Flop


PokerStars Hand #156452558872:  Hold'em Limit ($3/$6 USD) - 2016/07/25 23:11:03 ET
Table 'Eurykleia' 6-max Seat #3 is the button
Seat 3: asjrxxx888 ($83.36 in chips)
Seat 4: AzureCaper ($101.76 in chips)
asjrxxx888: posts small blind $1
AzureCaper: posts big blind $3
*** HOLE CARDS ***
asjrxxx888: calls $2
AzureCaper: checks
*** FLOP *** [4s 6s 3h]
AzureCaper: checks
asjrxxx888: bets $3
AzureCaper: folds
Uncalled bet ($3) returned to asjrxxx888
asjrxxx888 collected $5.88 from pot
*** SUMMARY ***
Total pot $6 | Rake $0.12
Board [4s 6s 3h]
Seat 3: asjrxxx888 (button) (small blind) collected ($5.88)
Seat 4: AzureCaper (big blind) folded on the Flop


PokerStars Hand #156452585141:  Hold'em Limit ($3/$6 USD) - 2016/07/25 23:12:32 ET
Table 'Eurykleia' 6-max Seat #4 is the button
Seat 3: asjrxxx888 ($51.40 in chips)
Seat 4: AzureCaper ($131.76 in chips)
AzureCaper: posts small blind $1
asjrxxx888: posts big blind $3
*** HOLE CARDS ***
AzureCaper: raises $3 to $6
asjrxxx888: raises $3 to $9
AzureCaper: calls $3
*** FLOP *** [7h Th Qc]
asjrxxx888: bets $3
AzureCaper: calls $3
*** TURN *** [7h Th Qc] [8s]
asjrxxx888: bets $6
AzureCaper: calls $6
*** RIVER *** [7h Th Qc 8s] [3c]
asjrxxx888: bets $6
AzureCaper: raises $6 to $12
asjrxxx888: calls $6
*** SHOW DOWN ***
AzureCaper: shows [Qs 5s] (a pair of Queens)
asjrxxx888: mucks hand
AzureCaper collected $59.50 from pot
*** SUMMARY ***
Total pot $60 | Rake $0.50
Board [7h Th Qc 8s 3c]
Seat 3: asjrxxx888 (big blind) mucked
Seat 4: AzureCaper (button) (small blind) showed [Qs 5s] and won ($59.50) with a pair of Queens


PokerStars Hand #156452579297:  Hold'em Limit ($3/$6 USD) - 2016/07/25 23:12:12 ET
Table 'Eurykleia' 6-max Seat #3 is the button
Seat 3: asjrxxx888 ($66.40 in chips)
Seat 4: AzureCaper ($117.26 in chips)
asjrxxx888: posts small blind $1
AzureCaper: posts big blind $3
*** HOLE CARDS ***
asjrxxx888: raises $3 to $6
AzureCaper: calls $3
*** FLOP *** [2c 3h 6s]
AzureCaper: checks
asjrxxx888: bets $3
AzureCaper: calls $3
*** TURN *** [2c 3h 6s] [Ts]
AzureCaper: checks
asjrxxx888: bets $6
AzureCaper: calls $6
*** RIVER *** [2c 3h 6s Ts] [Jd]
AzureCaper: checks
asjrxxx888: checks
*** SHOW DOWN ***
AzureCaper: shows [5s Js] (a pair of Jacks)
asjrxxx888: mucks hand
AzureCaper collected $29.50 from pot
*** SUMMARY ***
Total pot $30 | Rake $0.50
Board [2c 3h 6s Ts Jd]
Seat 3: asjrxxx888 (button) (small blind) mucked
Seat 4: AzureCaper (big blind) showed [5s Js] and won ($29.50) with a pair of Jacks


PokerStars Hand #156452577975:  Hold'em Limit ($3/$6 USD) - 2016/07/25 23:12:08 ET
Table 'Eurykleia' 6-max Seat #4 is the button
Seat 3: asjrxxx888 ($65.40 in chips)
Seat 4: AzureCaper ($118.26 in chips)
AzureCaper: posts small blind $1
asjrxxx888: posts big blind $3
*** HOLE CARDS ***
AzureCaper: folds
Uncalled bet ($2) returned to asjrxxx888
asjrxxx888 collected $2 from pot
*** SUMMARY ***
Total pot $2 | Rake $0
Seat 3: asjrxxx888 (big blind) collected ($2)
Seat 4: AzureCaper (button) (small blind) folded before Flop


PokerStars Hand #156452571124:  Hold'em Limit ($3/$6 USD) - 2016/07/25 23:11:44 ET
Table 'Eurykleia' 6-max Seat #3 is the button
Seat 3: asjrxxx888 ($107.40 in chips)
Seat 4: AzureCaper ($76.76 in chips)
asjrxxx888: posts small blind $1
AzureCaper: posts big blind $3
*** HOLE CARDS ***
asjrxxx888: raises $3 to $6
AzureCaper: raises $3 to $9
asjrxxx888: raises $3 to $12
Betting is capped
AzureCaper: calls $3
*** FLOP *** [4s 7s 5h]
AzureCaper: checks
asjrxxx888: bets $3
AzureCaper: raises $3 to $6
asjrxxx888: calls $3
*** TURN *** [4s 7s 5h] [7d]
AzureCaper: bets $6
asjrxxx888: raises $6 to $12
AzureCaper: raises $6 to $18
asjrxxx888: calls $6
*** RIVER *** [4s 7s 5h 7d] [3c]
AzureCaper: bets $6
asjrxxx888: calls $6
*** SHOW DOWN ***
AzureCaper: shows [7c 7h] (four of a kind, Sevens)
asjrxxx888: mucks hand
AzureCaper collected $83.50 from pot
*** SUMMARY ***
Total pot $84 | Rake $0.50
Board [4s 7s 5h 7d 3c]
Seat 3: asjrxxx888 (button) (small blind) mucked
Seat 4: AzureCaper (big blind) showed [7c 7h] and won ($83.50) with four of a kind, Sevens


PokerStars Hand #156452590622:  Hold'em Limit ($3/$6 USD) - 2016/07/25 23:12:51 ET
Table 'Eurykleia' 6-max Seat #3 is the button
Seat 3: asjrxxx888 ($21.40 in chips)
Seat 4: AzureCaper ($161.26 in chips)
asjrxxx888: posts small blind $1
AzureCaper: posts big blind $3
*** HOLE CARDS ***
asjrxxx888: raises $3 to $6
AzureCaper: calls $3
*** FLOP *** [5s 2h Kd]
AzureCaper: checks
asjrxxx888: bets $3
AzureCaper: raises $3 to $6
asjrxxx888: calls $3
*** TURN *** [5s 2h Kd] [9s]
AzureCaper: bets $6
asjrxxx888: raises $3.40 to $9.40 and is all-in
AzureCaper: calls $3.40
*** RIVER *** [5s 2h Kd 9s] [5d]
*** SHOW DOWN ***
AzureCaper: shows [4c 5c] (three of a kind, Fives)
asjrxxx888: shows [7h 9d] (two pair, Nines and Fives)
AzureCaper collected $42.30 from pot
asjrxxx888 leaves the table
*** SUMMARY ***
Total pot $42.80 | Rake $0.50
Board [5s 2h Kd 9s 5d]
Seat 3: asjrxxx888 (button) (small blind) showed [7h 9d] and lost with two pair, Nines and Fives
Seat 4: AzureCaper (big blind) showed [4c 5c] and won ($42.30) with three of a kind, Fives


