PokerStars Hand #144960889708:  Hold'em Limit ($3/$6 USD) - 2015/12/07 7:36:56 ET
Table 'Eurydome' 2-max Seat #1 is the button
Seat 1: knysi ($19.40 in chips)
Seat 2: Necromadx ($132.52 in chips)
knysi: posts small blind $1
Necromadx: posts big blind $3
*** HOLE CARDS ***
knysi: raises $3 to $6
Necromadx: calls $3
*** FLOP *** [Th Kc 5h]
Necromadx: checks
knysi: checks
*** TURN *** [Th Kc 5h] [7h]
Necromadx: checks
knysi: checks
*** RIVER *** [Th Kc 5h 7h] [8h]
Necromadx: checks
knysi: bets $6
Necromadx: calls $6
*** SHOW DOWN ***
knysi: shows [9c Jh] (a flush, Jack high)
Necromadx: mucks hand
knysi collected $23.52 from pot
*** SUMMARY ***
Total pot $24 | Rake $0.48
Board [Th Kc 5h 7h 8h]
Seat 1: knysi (button) (small blind) showed [9c Jh] and won ($23.52) with a flush, Jack high
Seat 2: Necromadx (big blind) mucked


PokerStars Hand #144960899571:  Hold'em Limit ($3/$6 USD) - 2015/12/07 7:37:12 ET
Table 'Eurydome' 2-max Seat #2 is the button
Seat 1: knysi ($30.92 in chips)
Seat 2: Necromadx ($120.52 in chips)
Necromadx: posts small blind $1
knysi: posts big blind $3
*** HOLE CARDS ***
Necromadx: raises $3 to $6
knysi: calls $3
*** FLOP *** [Kc Ad Th]
knysi: checks
Necromadx: bets $3
knysi: calls $3
*** TURN *** [Kc Ad Th] [As]
knysi: checks
Necromadx: checks
*** RIVER *** [Kc Ad Th As] [3s]
knysi: bets $6
Necromadx: folds
Uncalled bet ($6) returned to knysi
knysi collected $17.64 from pot
knysi: doesn't show hand
*** SUMMARY ***
Total pot $18 | Rake $0.36
Board [Kc Ad Th As 3s]
Seat 1: knysi (big blind) collected ($17.64)
Seat 2: Necromadx (button) (small blind) folded on the River


PokerStars Hand #144960943472:  Hold'em Limit ($3/$6 USD) - 2015/12/07 7:38:24 ET
Table 'Eurydome' 2-max Seat #2 is the button
Seat 1: knysi ($56.36 in chips)
Seat 2: Necromadx ($125.76 in chips)
Necromadx: posts small blind $1
knysi: posts big blind $3
*** HOLE CARDS ***
Necromadx: raises $3 to $6
knysi: calls $3
*** FLOP *** [Js Kc 7d]
knysi: checks
Necromadx: bets $3
knysi: folds
Uncalled bet ($3) returned to Necromadx
Necromadx collected $11.76 from pot
Necromadx: doesn't show hand
*** SUMMARY ***
Total pot $12 | Rake $0.24
Board [Js Kc 7d]
Seat 1: knysi (big blind) folded on the Flop
Seat 2: Necromadx (button) (small blind) collected ($11.76)


PokerStars Hand #144960908308:  Hold'em Limit ($3/$6 USD) - 2015/12/07 7:37:26 ET
Table 'Eurydome' 2-max Seat #1 is the button
Seat 1: knysi ($39.56 in chips)
Seat 2: Necromadx ($120 in chips)
knysi: posts small blind $1
Necromadx: posts big blind $3
*** HOLE CARDS ***
knysi: raises $3 to $6
Necromadx: calls $3
*** FLOP *** [Ah 2d 5c]
Necromadx: checks
knysi: checks
*** TURN *** [Ah 2d 5c] [5h]
Necromadx: bets $6
knysi: raises $6 to $12
Necromadx: folds
Uncalled bet ($6) returned to knysi
knysi collected $23.52 from pot
knysi: doesn't show hand
*** SUMMARY ***
Total pot $24 | Rake $0.48
Board [Ah 2d 5c 5h]
Seat 1: knysi (button) (small blind) collected ($23.52)
Seat 2: Necromadx (big blind) folded on the Turn


PokerStars Hand #144960931041:  Hold'em Limit ($3/$6 USD) - 2015/12/07 7:38:04 ET
Table 'Eurydome' 2-max Seat #2 is the button
Seat 1: knysi ($53.72 in chips)
Seat 2: Necromadx ($125.76 in chips)
Necromadx: posts small blind $1
knysi: posts big blind $3
*** HOLE CARDS ***
Necromadx: raises $3 to $6
knysi: calls $3
*** FLOP *** [Qh 7c Qd]
knysi: checks
Necromadx: bets $3
knysi: calls $3
*** TURN *** [Qh 7c Qd] [7d]
knysi: checks
Necromadx: checks
*** RIVER *** [Qh 7c Qd 7d] [Kh]
knysi: bets $6
Necromadx: folds
Uncalled bet ($6) returned to knysi
knysi collected $17.64 from pot
knysi: doesn't show hand
*** SUMMARY ***
Total pot $18 | Rake $0.36
Board [Qh 7c Qd 7d Kh]
Seat 1: knysi (big blind) collected ($17.64)
Seat 2: Necromadx (button) (small blind) folded on the River


PokerStars Hand #144960923410:  Hold'em Limit ($3/$6 USD) - 2015/12/07 7:37:51 ET
Table 'Eurydome' 2-max Seat #1 is the button
Seat 1: knysi ($59.72 in chips)
Seat 2: Necromadx ($120 in chips)
knysi: posts small blind $1
Necromadx: posts big blind $3
*** HOLE CARDS ***
knysi: raises $3 to $6
Necromadx: calls $3
*** FLOP *** [4d Qc 9h]
Necromadx: checks
knysi: checks
*** TURN *** [4d Qc 9h] [3c]
Necromadx: checks
knysi: checks
*** RIVER *** [4d Qc 9h 3c] [Ts]
Necromadx: checks
knysi: checks
*** SHOW DOWN ***
Necromadx: shows [2d Ad] (high card Ace)
knysi: mucks hand
Necromadx collected $11.76 from pot
*** SUMMARY ***
Total pot $12 | Rake $0.24
Board [4d Qc 9h 3c Ts]
Seat 1: knysi (button) (small blind) mucked
Seat 2: Necromadx (big blind) showed [2d Ad] and won ($11.76) with high card Ace


PokerStars Hand #144960916472:  Hold'em Limit ($3/$6 USD) - 2015/12/07 7:37:40 ET
Table 'Eurydome' 2-max Seat #2 is the button
Seat 1: knysi ($51.08 in chips)
Seat 2: Necromadx ($120 in chips)
Necromadx: posts small blind $1
knysi: posts big blind $3
*** HOLE CARDS ***
Necromadx: raises $3 to $6
knysi: calls $3
*** FLOP *** [Jd Qc 5c]
knysi: checks
Necromadx: bets $3
knysi: calls $3
*** TURN *** [Jd Qc 5c] [3h]
knysi: checks
Necromadx: checks
*** RIVER *** [Jd Qc 5c 3h] [9d]
knysi: bets $6
Necromadx: folds
Uncalled bet ($6) returned to knysi
knysi collected $17.64 from pot
knysi: doesn't show hand
*** SUMMARY ***
Total pot $18 | Rake $0.36
Board [Jd Qc 5c 3h 9d]
Seat 1: knysi (big blind) collected ($17.64)
Seat 2: Necromadx (button) (small blind) folded on the River


PokerStars Hand #144960968964:  Hold'em Limit ($3/$6 USD) - 2015/12/07 7:39:06 ET
Table 'Eurydome' 2-max Seat #1 is the button
Seat 1: knysi ($43 in chips)
Seat 2: Necromadx ($137.92 in chips)
knysi: posts small blind $1
Necromadx: posts big blind $3
*** HOLE CARDS ***
knysi: raises $3 to $6
Necromadx: calls $3
*** FLOP *** [Ac 2s 7d]
Necromadx: checks
knysi: bets $3
Necromadx: calls $3
*** TURN *** [Ac 2s 7d] [7c]
Necromadx: checks
knysi: checks
*** RIVER *** [Ac 2s 7d 7c] [3h]
Necromadx: checks
knysi: checks
*** SHOW DOWN ***
Necromadx: shows [Kh Tc] (a pair of Sevens)
knysi: mucks hand
Necromadx collected $17.64 from pot
*** SUMMARY ***
Total pot $18 | Rake $0.36
Board [Ac 2s 7d 7c 3h]
Seat 1: knysi (button) (small blind) mucked
Seat 2: Necromadx (big blind) showed [Kh Tc] and won ($17.64) with a pair of Sevens


PokerStars Hand #144960985900:  Hold'em Limit ($3/$6 USD) - 2015/12/07 7:39:34 ET
Table 'Eurydome' 2-max Seat #1 is the button
Seat 1: knysi ($19 in chips)
Seat 2: Necromadx ($161.06 in chips)
knysi: posts small blind $1
Necromadx: posts big blind $3
*** HOLE CARDS ***
knysi: folds
Uncalled bet ($2) returned to Necromadx
Necromadx collected $2 from pot
Necromadx: doesn't show hand
*** SUMMARY ***
Total pot $2 | Rake $0
Seat 1: knysi (button) (small blind) folded before Flop
Seat 2: Necromadx (big blind) collected ($2)


PokerStars Hand #144960977446:  Hold'em Limit ($3/$6 USD) - 2015/12/07 7:39:20 ET
Table 'Eurydome' 2-max Seat #2 is the button
Seat 1: knysi ($34 in chips)
Seat 2: Necromadx ($146.56 in chips)
Necromadx: posts small blind $1
knysi: posts big blind $3
*** HOLE CARDS ***
Necromadx: raises $3 to $6
knysi: calls $3
*** FLOP *** [9d 7d 7c]
knysi: checks
Necromadx: bets $3
knysi: calls $3
*** TURN *** [9d 7d 7c] [As]
knysi: checks
Necromadx: checks
*** RIVER *** [9d 7d 7c As] [Ah]
knysi: bets $6
Necromadx: calls $6
*** SHOW DOWN ***
knysi: shows [4d 4s] (two pair, Aces and Sevens)
Necromadx: shows [9h 5c] (two pair, Aces and Nines)
Necromadx collected $29.50 from pot
*** SUMMARY ***
Total pot $30 | Rake $0.50
Board [9d 7d 7c As Ah]
Seat 1: knysi (big blind) showed [4d 4s] and lost with two pair, Aces and Sevens
Seat 2: Necromadx (button) (small blind) showed [9h 5c] and won ($29.50) with two pair, Aces and Nines


PokerStars Hand #144960948036:  Hold'em Limit ($3/$6 USD) - 2015/12/07 7:38:32 ET
Table 'Eurydome' 2-max Seat #1 is the button
Seat 1: knysi ($50.36 in chips)
Seat 2: Necromadx ($131.52 in chips)
knysi: posts small blind $1
Necromadx: posts big blind $3
*** HOLE CARDS ***
knysi: raises $3 to $6
Necromadx: raises $3 to $9
knysi: calls $3
*** FLOP *** [5c 8c As]
Necromadx: bets $3
knysi: folds
Uncalled bet ($3) returned to Necromadx
Necromadx collected $17.64 from pot
Necromadx: doesn't show hand
*** SUMMARY ***
Total pot $18 | Rake $0.36
Board [5c 8c As]
Seat 1: knysi (button) (small blind) folded on the Flop
Seat 2: Necromadx (big blind) collected ($17.64)


PokerStars Hand #144960961332:  Hold'em Limit ($3/$6 USD) - 2015/12/07 7:38:53 ET
Table 'Eurydome' 2-max Seat #2 is the button
Seat 1: knysi ($34.36 in chips)
Seat 2: Necromadx ($146.92 in chips)
Necromadx: posts small blind $1
knysi: posts big blind $3
*** HOLE CARDS ***
Necromadx: raises $3 to $6
knysi: calls $3
*** FLOP *** [Js 2c 9d]
knysi: checks
Necromadx: bets $3
knysi: calls $3
*** TURN *** [Js 2c 9d] [7c]
knysi: checks
Necromadx: checks
*** RIVER *** [Js 2c 9d 7c] [9c]
knysi: bets $6
Necromadx: folds
Uncalled bet ($6) returned to knysi
knysi collected $17.64 from pot
knysi: doesn't show hand
*** SUMMARY ***
Total pot $18 | Rake $0.36
Board [Js 2c 9d 7c 9c]
Seat 1: knysi (big blind) collected ($17.64)
Seat 2: Necromadx (button) (small blind) folded on the River


PokerStars Hand #144960958685:  Hold'em Limit ($3/$6 USD) - 2015/12/07 7:38:49 ET
Table 'Eurydome' 2-max Seat #1 is the button
Seat 1: knysi ($35.36 in chips)
Seat 2: Necromadx ($145.92 in chips)
knysi: posts small blind $1
Necromadx: posts big blind $3
*** HOLE CARDS ***
knysi: folds
Uncalled bet ($2) returned to Necromadx
Necromadx collected $2 from pot
Necromadx: doesn't show hand
*** SUMMARY ***
Total pot $2 | Rake $0
Seat 1: knysi (button) (small blind) folded before Flop
Seat 2: Necromadx (big blind) collected ($2)


PokerStars Hand #144960954128:  Hold'em Limit ($3/$6 USD) - 2015/12/07 7:38:41 ET
Table 'Eurydome' 2-max Seat #2 is the button
Seat 1: knysi ($41.36 in chips)
Seat 2: Necromadx ($140.16 in chips)
Necromadx: posts small blind $1
knysi: posts big blind $3
*** HOLE CARDS ***
Necromadx: raises $3 to $6
knysi: calls $3
*** FLOP *** [Jd 3s 4c]
knysi: checks
Necromadx: bets $3
knysi: folds
Uncalled bet ($3) returned to Necromadx
Necromadx collected $11.76 from pot
Necromadx: doesn't show hand
*** SUMMARY ***
Total pot $12 | Rake $0.24
Board [Jd 3s 4c]
Seat 1: knysi (big blind) folded on the Flop
Seat 2: Necromadx (button) (small blind) collected ($11.76)


PokerStars Hand #144960997815:  Hold'em Limit ($3/$6 USD) - 2015/12/07 7:39:53 ET
Table 'Eurydome' 2-max Seat #2 is the button
Seat 1: knysi ($27.64 in chips)
Seat 2: Necromadx ($152.06 in chips)
Necromadx: posts small blind $1
knysi: posts big blind $3
*** HOLE CARDS ***
Necromadx: raises $3 to $6
knysi: calls $3
*** FLOP *** [Ts Th Ad]
knysi: checks
Necromadx: bets $3
knysi: folds
Uncalled bet ($3) returned to Necromadx
Necromadx collected $11.76 from pot
Necromadx: doesn't show hand
*** SUMMARY ***
Total pot $12 | Rake $0.24
Board [Ts Th Ad]
Seat 1: knysi (big blind) folded on the Flop
Seat 2: Necromadx (button) (small blind) collected ($11.76)


PokerStars Hand #144961002222:  Hold'em Limit ($3/$6 USD) - 2015/12/07 7:40:00 ET
Table 'Eurydome' 2-max Seat #1 is the button
Seat 1: knysi ($21.64 in chips)
Seat 2: Necromadx ($157.82 in chips)
knysi: posts small blind $1
Necromadx: posts big blind $3
*** HOLE CARDS ***
knysi: raises $3 to $6
Necromadx: raises $3 to $9
knysi: calls $3
*** FLOP *** [6d 3s 3h]
Necromadx: bets $3
knysi: calls $3
*** TURN *** [6d 3s 3h] [Ts]
Necromadx: checks
knysi: checks
*** RIVER *** [6d 3s 3h Ts] [Kh]
Necromadx: checks
knysi: bets $6
Necromadx: calls $6
*** SHOW DOWN ***
knysi: shows [9c Jh] (a pair of Threes)
Necromadx: shows [8s Ad] (a pair of Threes - Ace kicker)
Necromadx collected $35.50 from pot
*** SUMMARY ***
Total pot $36 | Rake $0.50
Board [6d 3s 3h Ts Kh]
Seat 1: knysi (button) (small blind) showed [9c Jh] and lost with a pair of Threes
Seat 2: Necromadx (big blind) showed [8s Ad] and won ($35.50) with a pair of Threes


PokerStars Hand #144961009742:  Hold'em Limit ($3/$6 USD) - 2015/12/07 7:40:13 ET
Table 'Eurydome' 2-max Seat #2 is the button
Seat 1: knysi ($3.64 in chips)
Seat 2: Necromadx ($175.32 in chips)
Necromadx: posts small blind $1
knysi: posts big blind $3
*** HOLE CARDS ***
Necromadx: raises $3 to $6
knysi: calls $0.64 and is all-in
Uncalled bet ($2.36) returned to Necromadx
*** FLOP *** [Jh Qc Ac]
*** TURN *** [Jh Qc Ac] [3s]
*** RIVER *** [Jh Qc Ac 3s] [5h]
*** SHOW DOWN ***
knysi: shows [5d 5s] (three of a kind, Fives)
Necromadx: shows [5c Th] (a pair of Fives)
knysi collected $7.13 from pot
*** SUMMARY ***
Total pot $7.28 | Rake $0.15
Board [Jh Qc Ac 3s 5h]
Seat 1: knysi (big blind) showed [5d 5s] and won ($7.13) with three of a kind, Fives
Seat 2: Necromadx (button) (small blind) showed [5c Th] and lost with a pair of Fives


PokerStars Hand #144961016536:  Hold'em Limit ($3/$6 USD) - 2015/12/07 7:40:24 ET
Table 'Eurydome' 2-max Seat #1 is the button
Seat 1: knysi ($7.13 in chips)
Seat 2: Necromadx ($171.68 in chips)
knysi: posts small blind $1
Necromadx: posts big blind $3
*** HOLE CARDS ***
knysi: raises $3 to $6
Necromadx: raises $3 to $9
knysi: calls $1.13 and is all-in
Uncalled bet ($1.87) returned to Necromadx
*** FLOP *** [3c 2s 7s]
*** TURN *** [3c 2s 7s] [2c]
*** RIVER *** [3c 2s 7s 2c] [Ad]
*** SHOW DOWN ***
Necromadx: shows [Ks 8c] (a pair of Deuces)
knysi: shows [Th 6h] (a pair of Deuces - lower kicker)
Necromadx collected $13.97 from pot
*** SUMMARY ***
Total pot $14.26 | Rake $0.29
Board [3c 2s 7s 2c Ad]
Seat 1: knysi (button) (small blind) showed [Th 6h] and lost with a pair of Deuces
Seat 2: Necromadx (big blind) showed [Ks 8c] and won ($13.97) with a pair of Deuces


PokerStars Hand #144960988659:  Hold'em Limit ($3/$6 USD) - 2015/12/07 7:39:38 ET
Table 'Eurydome' 2-max Seat #2 is the button
Seat 1: knysi ($18 in chips)
Seat 2: Necromadx ($162.06 in chips)
Necromadx: posts small blind $1
knysi: posts big blind $3
*** HOLE CARDS ***
Necromadx: folds
Uncalled bet ($2) returned to knysi
knysi collected $2 from pot
knysi: doesn't show hand
*** SUMMARY ***
Total pot $2 | Rake $0
Seat 1: knysi (big blind) collected ($2)
Seat 2: Necromadx (button) (small blind) folded before Flop


PokerStars Hand #144961043679:  Hold'em Limit ($3/$6 USD) - 2015/12/07 7:41:08 ET
Table 'Eurydome' 2-max Seat #2 is the button
Seat 1: knysi ($32.40 in chips)
Seat 2: Necromadx ($178.52 in chips)
Necromadx: posts small blind $1
knysi: posts big blind $3
*** HOLE CARDS ***
Necromadx: raises $3 to $6
knysi: calls $3
*** FLOP *** [7h Jd 6c]
knysi: checks
Necromadx: bets $3
knysi: calls $3
*** TURN *** [7h Jd 6c] [3h]
knysi: checks
Necromadx: bets $6
knysi: calls $6
*** RIVER *** [7h Jd 6c 3h] [4c]
knysi: checks
Necromadx: checks
*** SHOW DOWN ***
knysi: shows [4d 6d] (two pair, Sixes and Fours)
Necromadx: mucks hand
knysi collected $29.50 from pot
*** SUMMARY ***
Total pot $30 | Rake $0.50
Board [7h Jd 6c 3h 4c]
Seat 1: knysi (big blind) showed [4d 6d] and won ($29.50) with two pair, Sixes and Fours
Seat 2: Necromadx (button) (small blind) mucked


PokerStars Hand #144961052747:  Hold'em Limit ($3/$6 USD) - 2015/12/07 7:41:23 ET
Table 'Eurydome' 2-max Seat #1 is the button
Seat 1: knysi ($46.90 in chips)
Seat 2: Necromadx ($163.52 in chips)
knysi: posts small blind $1
Necromadx: posts big blind $3
*** HOLE CARDS ***
knysi: raises $3 to $6
Necromadx: raises $3 to $9
knysi: calls $3
*** FLOP *** [Qh Ks 9c]
Necromadx: bets $3
knysi: calls $3
*** TURN *** [Qh Ks 9c] [4c]
Necromadx: bets $6
knysi: calls $6
*** RIVER *** [Qh Ks 9c 4c] [2h]
Necromadx: bets $6
knysi: calls $6
*** SHOW DOWN ***
Necromadx: shows [6c 8c] (high card King)
knysi: shows [Kh 3c] (a pair of Kings)
knysi collected $47.50 from pot
*** SUMMARY ***
Total pot $48 | Rake $0.50
Board [Qh Ks 9c 4c 2h]
Seat 1: knysi (button) (small blind) showed [Kh 3c] and won ($47.50) with a pair of Kings
Seat 2: Necromadx (big blind) showed [6c 8c] and lost with high card King


PokerStars Hand #144961059535:  Hold'em Limit ($3/$6 USD) - 2015/12/07 7:41:35 ET
Table 'Eurydome' 2-max Seat #2 is the button
Seat 1: knysi ($70.40 in chips)
Seat 2: Necromadx ($139.52 in chips)
Necromadx: posts small blind $1
knysi: posts big blind $3
*** HOLE CARDS ***
Necromadx: raises $3 to $6
knysi: calls $3
*** FLOP *** [5h 9s Ac]
knysi: checks
Necromadx: bets $3
knysi: calls $3
*** TURN *** [5h 9s Ac] [6s]
knysi: checks
Necromadx: checks
*** RIVER *** [5h 9s Ac 6s] [Ts]
knysi: bets $6
Necromadx: folds
Uncalled bet ($6) returned to knysi
knysi collected $17.64 from pot
knysi: doesn't show hand
*** SUMMARY ***
Total pot $18 | Rake $0.36
Board [5h 9s Ac 6s Ts]
Seat 1: knysi (big blind) collected ($17.64)
Seat 2: Necromadx (button) (small blind) folded on the River


PokerStars Hand #144961073430:  Hold'em Limit ($3/$6 USD) - 2015/12/07 7:41:58 ET
Table 'Eurydome' 2-max Seat #2 is the button
Seat 1: knysi ($90.56 in chips)
Seat 2: Necromadx ($120 in chips)
Necromadx: posts small blind $1
knysi: posts big blind $3
*** HOLE CARDS ***
Necromadx: raises $3 to $6
knysi: calls $3
*** FLOP *** [6c 7d Ah]
knysi: checks
Necromadx: bets $3
knysi: calls $3
*** TURN *** [6c 7d Ah] [Qc]
knysi: checks
Necromadx: bets $6
knysi: calls $6
*** RIVER *** [6c 7d Ah Qc] [Tc]
knysi: checks
Necromadx: bets $6
knysi: folds
Uncalled bet ($6) returned to Necromadx
Necromadx collected $29.50 from pot
Necromadx: doesn't show hand
*** SUMMARY ***
Total pot $30 | Rake $0.50
Board [6c 7d Ah Qc Tc]
Seat 1: knysi (big blind) folded on the River
Seat 2: Necromadx (button) (small blind) collected ($29.50)


PokerStars Hand #144961081081:  Hold'em Limit ($3/$6 USD) - 2015/12/07 7:42:10 ET
Table 'Eurydome' 2-max Seat #1 is the button
Seat 1: knysi ($75.56 in chips)
Seat 2: Necromadx ($134.50 in chips)
knysi: posts small blind $1
Necromadx: posts big blind $3
*** HOLE CARDS ***
knysi: raises $3 to $6
Necromadx: raises $3 to $9
knysi: calls $3
*** FLOP *** [5s 5c 2c]
Necromadx: bets $3
knysi: calls $3
*** TURN *** [5s 5c 2c] [3s]
Necromadx: bets $6
knysi: calls $6
*** RIVER *** [5s 5c 2c 3s] [Th]
Necromadx: checks
knysi: bets $6
Necromadx: calls $6
*** SHOW DOWN ***
knysi: shows [Tc Ks] (two pair, Tens and Fives)
Necromadx: mucks hand
knysi collected $47.50 from pot
*** SUMMARY ***
Total pot $48 | Rake $0.50
Board [5s 5c 2c 3s Th]
Seat 1: knysi (button) (small blind) showed [Tc Ks] and won ($47.50) with two pair, Tens and Fives
Seat 2: Necromadx (big blind) mucked


PokerStars Hand #144961088313:  Hold'em Limit ($3/$6 USD) - 2015/12/07 7:42:22 ET
Table 'Eurydome' 2-max Seat #2 is the button
Seat 1: knysi ($99.06 in chips)
Seat 2: Necromadx ($120 in chips)
Necromadx: posts small blind $1
knysi: posts big blind $3
*** HOLE CARDS ***
Necromadx: raises $3 to $6
knysi: calls $3
*** FLOP *** [3s 9h Qs]
knysi: checks
Necromadx: bets $3
knysi: calls $3
*** TURN *** [3s 9h Qs] [Qc]
knysi: checks
Necromadx: bets $6
knysi: calls $6
*** RIVER *** [3s 9h Qs Qc] [2c]
knysi: checks
Necromadx: checks
*** SHOW DOWN ***
knysi: shows [Tc 3c] (two pair, Queens and Threes)
Necromadx: mucks hand
knysi collected $29.50 from pot
*** SUMMARY ***
Total pot $30 | Rake $0.50
Board [3s 9h Qs Qc 2c]
Seat 1: knysi (big blind) showed [Tc 3c] and won ($29.50) with two pair, Queens and Threes
Seat 2: Necromadx (button) (small blind) mucked


PokerStars Hand #144961066611:  Hold'em Limit ($3/$6 USD) - 2015/12/07 7:41:46 ET
Table 'Eurydome' 2-max Seat #1 is the button
Seat 1: knysi ($79.04 in chips)
Seat 2: Necromadx ($130.52 in chips)
knysi: posts small blind $1
Necromadx: posts big blind $3
*** HOLE CARDS ***
knysi: raises $3 to $6
Necromadx: raises $3 to $9
knysi: calls $3
*** FLOP *** [5s Tc Qd]
Necromadx: bets $3
knysi: calls $3
*** TURN *** [5s Tc Qd] [5d]
Necromadx: checks
knysi: checks
*** RIVER *** [5s Tc Qd 5d] [Qh]
Necromadx: checks
knysi: checks
*** SHOW DOWN ***
Necromadx: shows [Jc 8c] (two pair, Queens and Fives)
knysi: shows [Ah 3c] (two pair, Queens and Fives - Ace kicker)
knysi collected $23.52 from pot
*** SUMMARY ***
Total pot $24 | Rake $0.48
Board [5s Tc Qd 5d Qh]
Seat 1: knysi (button) (small blind) showed [Ah 3c] and won ($23.52) with two pair, Queens and Fives
Seat 2: Necromadx (big blind) showed [Jc 8c] and lost with two pair, Queens and Fives


PokerStars Hand #144961099566:  Hold'em Limit ($3/$6 USD) - 2015/12/07 7:42:41 ET
Table 'Eurydome' 2-max Seat #2 is the button
Seat 1: knysi ($112.56 in chips)
Seat 2: Necromadx ($121 in chips)
Necromadx: posts small blind $1
knysi: posts big blind $3
*** HOLE CARDS ***
Necromadx: raises $3 to $6
knysi: folds
Uncalled bet ($3) returned to Necromadx
Necromadx collected $6 from pot
Necromadx: doesn't show hand
*** SUMMARY ***
Total pot $6 | Rake $0
Seat 1: knysi (big blind) folded before Flop
Seat 2: Necromadx (button) (small blind) collected ($6)


PokerStars Hand #144961096918:  Hold'em Limit ($3/$6 USD) - 2015/12/07 7:42:36 ET
Table 'Eurydome' 2-max Seat #1 is the button
Seat 1: knysi ($113.56 in chips)
Seat 2: Necromadx ($120 in chips)
knysi: posts small blind $1
Necromadx: posts big blind $3
*** HOLE CARDS ***
knysi: folds
Uncalled bet ($2) returned to Necromadx
Necromadx collected $2 from pot
Necromadx: doesn't show hand
*** SUMMARY ***
Total pot $2 | Rake $0
Seat 1: knysi (button) (small blind) folded before Flop
Seat 2: Necromadx (big blind) collected ($2)


PokerStars Hand #144961128454:  Hold'em Limit ($3/$6 USD) - 2015/12/07 7:43:28 ET
Table 'Eurydome' 2-max Seat #1 is the button
Seat 1: knysi ($132.56 in chips)
Seat 2: Necromadx ($134.40 in chips)
knysi: posts small blind $1
Necromadx: posts big blind $3
*** HOLE CARDS ***
knysi: raises $3 to $6
Necromadx: calls $3
*** FLOP *** [7d 6s 4d]
Necromadx: checks
knysi: bets $3
Necromadx: calls $3
*** TURN *** [7d 6s 4d] [Jc]
Necromadx: checks
knysi: bets $6
Necromadx: folds
Uncalled bet ($6) returned to knysi
knysi collected $17.64 from pot
knysi: doesn't show hand
*** SUMMARY ***
Total pot $18 | Rake $0.36
Board [7d 6s 4d Jc]
Seat 1: knysi (button) (small blind) collected ($17.64)
Seat 2: Necromadx (big blind) folded on the Turn


PokerStars Hand #144961102228:  Hold'em Limit ($3/$6 USD) - 2015/12/07 7:42:45 ET
Table 'Eurydome' 2-max Seat #1 is the button
Seat 1: knysi ($109.56 in chips)
Seat 2: Necromadx ($124 in chips)
knysi: posts small blind $1
Necromadx: posts big blind $3
*** HOLE CARDS ***
knysi: raises $3 to $6
Necromadx: calls $3
*** FLOP *** [7c 7s 8d]
Necromadx: checks
knysi: bets $3
Necromadx: raises $3 to $6
knysi: calls $3
*** TURN *** [7c 7s 8d] [8c]
Necromadx: bets $6
knysi: calls $6
*** RIVER *** [7c 7s 8d 8c] [Ts]
Necromadx: bets $6
knysi: calls $6
*** SHOW DOWN ***
Necromadx: shows [5c 6d] (two pair, Eights and Sevens)
knysi: shows [Ah Ac] (two pair, Aces and Eights)
knysi collected $47.50 from pot
*** SUMMARY ***
Total pot $48 | Rake $0.50
Board [7c 7s 8d 8c Ts]
Seat 1: knysi (button) (small blind) showed [Ah Ac] and won ($47.50) with two pair, Aces and Eights
Seat 2: Necromadx (big blind) showed [5c 6d] and lost with two pair, Eights and Sevens


PokerStars Hand #144961109489:  Hold'em Limit ($3/$6 USD) - 2015/12/07 7:42:57 ET
Table 'Eurydome' 2-max Seat #2 is the button
Seat 1: knysi ($133.06 in chips)
Seat 2: Necromadx ($120 in chips)
Necromadx: posts small blind $1
knysi: posts big blind $3
*** HOLE CARDS ***
Necromadx: raises $3 to $6
knysi: calls $3
*** FLOP *** [2d Tc 7s]
knysi: checks
Necromadx: bets $3
knysi: calls $3
*** TURN *** [2d Tc 7s] [9h]
knysi: checks
Necromadx: bets $6
knysi: calls $6
*** RIVER *** [2d Tc 7s 9h] [Kd]
knysi: checks
Necromadx: checks
*** SHOW DOWN ***
knysi: shows [4d 7d] (a pair of Sevens)
Necromadx: mucks hand
knysi collected $29.50 from pot
*** SUMMARY ***
Total pot $30 | Rake $0.50
Board [2d Tc 7s 9h Kd]
Seat 1: knysi (big blind) showed [4d 7d] and won ($29.50) with a pair of Sevens
Seat 2: Necromadx (button) (small blind) mucked


PokerStars Hand #144961122292:  Hold'em Limit ($3/$6 USD) - 2015/12/07 7:43:18 ET
Table 'Eurydome' 2-max Seat #2 is the button
Seat 1: knysi ($141.56 in chips)
Seat 2: Necromadx ($125.76 in chips)
Necromadx: posts small blind $1
knysi: posts big blind $3
*** HOLE CARDS ***
Necromadx: raises $3 to $6
knysi: calls $3
*** FLOP *** [Js 5s Kh]
knysi: checks
Necromadx: bets $3
knysi: calls $3
*** TURN *** [Js 5s Kh] [2h]
knysi: checks
Necromadx: bets $6
knysi: folds
Uncalled bet ($6) returned to Necromadx
Necromadx collected $17.64 from pot
Necromadx: doesn't show hand
*** SUMMARY ***
Total pot $18 | Rake $0.36
Board [Js 5s Kh 2h]
Seat 1: knysi (big blind) folded on the Turn
Seat 2: Necromadx (button) (small blind) collected ($17.64)


PokerStars Hand #144961137034:  Hold'em Limit ($3/$6 USD) - 2015/12/07 7:43:42 ET
Table 'Eurydome' 2-max Seat #1 is the button
Seat 1: knysi ($142.20 in chips)
Seat 2: Necromadx ($124.40 in chips)
knysi: posts small blind $1
Necromadx: posts big blind $3
*** HOLE CARDS ***
knysi: folds
Uncalled bet ($2) returned to Necromadx
Necromadx collected $2 from pot
Necromadx: doesn't show hand
*** SUMMARY ***
Total pot $2 | Rake $0
Seat 1: knysi (button) (small blind) folded before Flop
Seat 2: Necromadx (big blind) collected ($2)


PokerStars Hand #144961134412:  Hold'em Limit ($3/$6 USD) - 2015/12/07 7:43:38 ET
Table 'Eurydome' 2-max Seat #2 is the button
Seat 1: knysi ($141.20 in chips)
Seat 2: Necromadx ($125.40 in chips)
Necromadx: posts small blind $1
knysi: posts big blind $3
*** HOLE CARDS ***
Necromadx: folds
Uncalled bet ($2) returned to knysi
knysi collected $2 from pot
knysi: doesn't show hand
*** SUMMARY ***
Total pot $2 | Rake $0
Seat 1: knysi (big blind) collected ($2)
Seat 2: Necromadx (button) (small blind) folded before Flop


PokerStars Hand #144961163777:  Hold'em Limit ($3/$6 USD) - 2015/12/07 7:44:26 ET
Table 'Eurydome' 2-max Seat #2 is the button
Seat 1: knysi ($96.20 in chips)
Seat 2: Necromadx ($169.04 in chips)
Necromadx: posts small blind $1
knysi: posts big blind $3
*** HOLE CARDS ***
Necromadx: raises $3 to $6
knysi: calls $3
*** FLOP *** [Qd 3c 9c]
knysi: checks
Necromadx: bets $3
knysi: calls $3
*** TURN *** [Qd 3c 9c] [2d]
knysi: checks
Necromadx: bets $6
knysi: calls $6
*** RIVER *** [Qd 3c 9c 2d] [Td]
knysi: checks
Necromadx: checks
*** SHOW DOWN ***
knysi: shows [Ad Js] (high card Ace)
Necromadx: shows [3s Ks] (a pair of Threes)
Necromadx collected $29.50 from pot
*** SUMMARY ***
Total pot $30 | Rake $0.50
Board [Qd 3c 9c 2d Td]
Seat 1: knysi (big blind) showed [Ad Js] and lost with high card Ace
Seat 2: Necromadx (button) (small blind) showed [3s Ks] and won ($29.50) with a pair of Threes


PokerStars Hand #144961158278:  Hold'em Limit ($3/$6 USD) - 2015/12/07 7:44:17 ET
Table 'Eurydome' 2-max Seat #1 is the button
Seat 1: knysi ($105.20 in chips)
Seat 2: Necromadx ($160.40 in chips)
knysi: posts small blind $1
Necromadx: posts big blind $3
*** HOLE CARDS ***
knysi: raises $3 to $6
Necromadx: raises $3 to $9
knysi: calls $3
*** FLOP *** [7h Qd 8s]
Necromadx: bets $3
knysi: folds
Uncalled bet ($3) returned to Necromadx
Necromadx collected $17.64 from pot
Necromadx: doesn't show hand
*** SUMMARY ***
Total pot $18 | Rake $0.36
Board [7h Qd 8s]
Seat 1: knysi (button) (small blind) folded on the Flop
Seat 2: Necromadx (big blind) collected ($17.64)


PokerStars Hand #144961139701:  Hold'em Limit ($3/$6 USD) - 2015/12/07 7:43:47 ET
Table 'Eurydome' 2-max Seat #2 is the button
Seat 1: knysi ($141.20 in chips)
Seat 2: Necromadx ($125.40 in chips)
Necromadx: posts small blind $1
knysi: posts big blind $3
*** HOLE CARDS ***
Necromadx: raises $3 to $6
knysi: folds
Uncalled bet ($3) returned to Necromadx
Necromadx collected $6 from pot
Necromadx: doesn't show hand
*** SUMMARY ***
Total pot $6 | Rake $0
Seat 1: knysi (big blind) folded before Flop
Seat 2: Necromadx (button) (small blind) collected ($6)


PokerStars Hand #144961142437:  Hold'em Limit ($3/$6 USD) - 2015/12/07 7:43:51 ET
Table 'Eurydome' 2-max Seat #1 is the button
Seat 1: knysi ($138.20 in chips)
Seat 2: Necromadx ($128.40 in chips)
knysi: posts small blind $1
Necromadx: posts big blind $3
*** HOLE CARDS ***
knysi: raises $3 to $6
Necromadx: calls $3
*** FLOP *** [Tc Th 7s]
Necromadx: checks
knysi: checks
*** TURN *** [Tc Th 7s] [7d]
Necromadx: bets $6
knysi: calls $6
*** RIVER *** [Tc Th 7s 7d] [8s]
Necromadx: bets $6
knysi: calls $6
*** SHOW DOWN ***
Necromadx: shows [2h 7h] (a full house, Sevens full of Tens)
knysi: mucks hand
Necromadx collected $35.50 from pot
*** SUMMARY ***
Total pot $36 | Rake $0.50
Board [Tc Th 7s 7d 8s]
Seat 1: knysi (button) (small blind) mucked
Seat 2: Necromadx (big blind) showed [2h 7h] and won ($35.50) with a full house, Sevens full of Tens


PokerStars Hand #144961148842:  Hold'em Limit ($3/$6 USD) - 2015/12/07 7:44:02 ET
Table 'Eurydome' 2-max Seat #2 is the button
Seat 1: knysi ($120.20 in chips)
Seat 2: Necromadx ($145.90 in chips)
Necromadx: posts small blind $1
knysi: posts big blind $3
*** HOLE CARDS ***
Necromadx: raises $3 to $6
knysi: calls $3
*** FLOP *** [Tc 3h 9d]
knysi: checks
Necromadx: bets $3
knysi: calls $3
*** TURN *** [Tc 3h 9d] [7d]
knysi: checks
Necromadx: checks
*** RIVER *** [Tc 3h 9d 7d] [Jc]
knysi: checks
Necromadx: bets $6
knysi: calls $6
*** SHOW DOWN ***
Necromadx: shows [Qs 8h] (a straight, Eight to Queen)
knysi: mucks hand
Necromadx collected $29.50 from pot
*** SUMMARY ***
Total pot $30 | Rake $0.50
Board [Tc 3h 9d 7d Jc]
Seat 1: knysi (big blind) mucked
Seat 2: Necromadx (button) (small blind) showed [Qs 8h] and won ($29.50) with a straight, Eight to Queen


PokerStars Hand #144961177205:  Hold'em Limit ($3/$6 USD) - 2015/12/07 7:44:48 ET
Table 'Eurydome' 2-max Seat #2 is the button
Seat 1: knysi ($86.96 in chips)
Seat 2: Necromadx ($177.54 in chips)
Necromadx: posts small blind $1
knysi: posts big blind $3
*** HOLE CARDS ***
Necromadx: raises $3 to $6
knysi: folds
Uncalled bet ($3) returned to Necromadx
Necromadx collected $6 from pot
Necromadx: doesn't show hand
*** SUMMARY ***
Total pot $6 | Rake $0
Seat 1: knysi (big blind) folded before Flop
Seat 2: Necromadx (button) (small blind) collected ($6)


PokerStars Hand #144961200239:  Hold'em Limit ($3/$6 USD) - 2015/12/07 7:45:26 ET
Table 'Eurydome' 2-max Seat #2 is the button
Seat 1: knysi ($41.96 in chips)
Seat 2: Necromadx ($221.32 in chips)
Necromadx: posts small blind $1
knysi: posts big blind $3
*** HOLE CARDS ***
Necromadx: raises $3 to $6
knysi: folds
Uncalled bet ($3) returned to Necromadx
Necromadx collected $6 from pot
Necromadx: doesn't show hand
*** SUMMARY ***
Total pot $6 | Rake $0
Seat 1: knysi (big blind) folded before Flop
Seat 2: Necromadx (button) (small blind) collected ($6)


PokerStars Hand #144961170861:  Hold'em Limit ($3/$6 USD) - 2015/12/07 7:44:38 ET
Table 'Eurydome' 2-max Seat #1 is the button
Seat 1: knysi ($81.20 in chips)
Seat 2: Necromadx ($183.54 in chips)
knysi: posts small blind $1
Necromadx: posts big blind $3
*** HOLE CARDS ***
knysi: raises $3 to $6
Necromadx: calls $3
*** FLOP *** [Ad 3c 8h]
Necromadx: checks
knysi: checks
*** TURN *** [Ad 3c 8h] [9c]
Necromadx: checks
knysi: checks
*** RIVER *** [Ad 3c 8h 9c] [As]
Necromadx: checks
knysi: checks
*** SHOW DOWN ***
Necromadx: shows [Qh 2c] (a pair of Aces)
knysi: shows [Jd Qd] (a pair of Aces - Queen+Jack kicker)
knysi collected $11.76 from pot
*** SUMMARY ***
Total pot $12 | Rake $0.24
Board [Ad 3c 8h 9c As]
Seat 1: knysi (button) (small blind) showed [Jd Qd] and won ($11.76) with a pair of Aces
Seat 2: Necromadx (big blind) showed [Qh 2c] and lost with a pair of Aces


PokerStars Hand #144961180006:  Hold'em Limit ($3/$6 USD) - 2015/12/07 7:44:53 ET
Table 'Eurydome' 2-max Seat #1 is the button
Seat 1: knysi ($83.96 in chips)
Seat 2: Necromadx ($180.54 in chips)
knysi: posts small blind $1
Necromadx: posts big blind $3
*** HOLE CARDS ***
knysi: raises $3 to $6
Necromadx: raises $3 to $9
knysi: calls $3
*** FLOP *** [2c Ts 9d]
Necromadx: bets $3
knysi: calls $3
*** TURN *** [2c Ts 9d] [2d]
Necromadx: checks
knysi: checks
*** RIVER *** [2c Ts 9d 2d] [4c]
Necromadx: checks
knysi: checks
*** SHOW DOWN ***
Necromadx: shows [Kd Js] (a pair of Deuces)
knysi: mucks hand
Necromadx collected $23.52 from pot
*** SUMMARY ***
Total pot $24 | Rake $0.48
Board [2c Ts 9d 2d 4c]
Seat 1: knysi (button) (small blind) mucked
Seat 2: Necromadx (big blind) showed [Kd Js] and won ($23.52) with a pair of Deuces


PokerStars Hand #144961187386:  Hold'em Limit ($3/$6 USD) - 2015/12/07 7:45:05 ET
Table 'Eurydome' 2-max Seat #2 is the button
Seat 1: knysi ($71.96 in chips)
Seat 2: Necromadx ($192.06 in chips)
Necromadx: posts small blind $1
knysi: posts big blind $3
*** HOLE CARDS ***
Necromadx: raises $3 to $6
knysi: calls $3
*** FLOP *** [7d Js Ah]
knysi: checks
Necromadx: bets $3
knysi: folds
Uncalled bet ($3) returned to Necromadx
Necromadx collected $11.76 from pot
Necromadx: doesn't show hand
*** SUMMARY ***
Total pot $12 | Rake $0.24
Board [7d Js Ah]
Seat 1: knysi (big blind) folded on the Flop
Seat 2: Necromadx (button) (small blind) collected ($11.76)


PokerStars Hand #144961193248:  Hold'em Limit ($3/$6 USD) - 2015/12/07 7:45:14 ET
Table 'Eurydome' 2-max Seat #1 is the button
Seat 1: knysi ($65.96 in chips)
Seat 2: Necromadx ($197.82 in chips)
knysi: posts small blind $1
Necromadx: posts big blind $3
*** HOLE CARDS ***
knysi: raises $3 to $6
Necromadx: calls $3
*** FLOP *** [2s 5c 7s]
Necromadx: checks
knysi: bets $3
Necromadx: raises $3 to $6
knysi: calls $3
*** TURN *** [2s 5c 7s] [Qh]
Necromadx: bets $6
knysi: calls $6
*** RIVER *** [2s 5c 7s Qh] [9h]
Necromadx: bets $6
knysi: calls $6
*** SHOW DOWN ***
Necromadx: shows [7h Td] (a pair of Sevens)
knysi: mucks hand
Necromadx collected $47.50 from pot
*** SUMMARY ***
Total pot $48 | Rake $0.50
Board [2s 5c 7s Qh 9h]
Seat 1: knysi (button) (small blind) mucked
Seat 2: Necromadx (big blind) showed [7h Td] and won ($47.50) with a pair of Sevens


PokerStars Hand #144961209377:  Hold'em Limit ($3/$6 USD) - 2015/12/07 7:45:41 ET
Table 'Eurydome' 2-max Seat #2 is the button
Seat 1: knysi ($38.84 in chips)
Seat 2: Necromadx ($224.20 in chips)
Necromadx: posts small blind $1
knysi: posts big blind $3
*** HOLE CARDS ***
Necromadx: raises $3 to $6
knysi: folds
Uncalled bet ($3) returned to Necromadx
Necromadx collected $6 from pot
Necromadx: doesn't show hand
*** SUMMARY ***
Total pot $6 | Rake $0
Seat 1: knysi (big blind) folded before Flop
Seat 2: Necromadx (button) (small blind) collected ($6)


PokerStars Hand #144961237848:  Hold'em Limit ($3/$6 USD) - 2015/12/07 7:46:27 ET
Table 'Eurydome' 2-max Seat #1 is the button
Seat 1: knysi ($41.23 in chips)
Seat 2: Necromadx ($220.71 in chips)
knysi: posts small blind $1
Necromadx: posts big blind $3
*** HOLE CARDS ***
knysi: raises $3 to $6
Necromadx: calls $3
*** FLOP *** [4s 7c 5h]
Necromadx: checks
knysi: bets $3
Necromadx: calls $3
*** TURN *** [4s 7c 5h] [3s]
Necromadx: checks
knysi: bets $6
Necromadx: calls $6
*** RIVER *** [4s 7c 5h 3s] [Qd]
Necromadx: checks
knysi: bets $6
Necromadx: calls $6
*** SHOW DOWN ***
knysi: shows [Js 7h] (a pair of Sevens)
Necromadx: shows [5c Qc] (two pair, Queens and Fives)
Necromadx collected $41.50 from pot
*** SUMMARY ***
Total pot $42 | Rake $0.50
Board [4s 7c 5h 3s Qd]
Seat 1: knysi (button) (small blind) showed [Js 7h] and lost with a pair of Sevens
Seat 2: Necromadx (big blind) showed [5c Qc] and won ($41.50) with two pair, Queens and Fives


PokerStars Hand #144961211904:  Hold'em Limit ($3/$6 USD) - 2015/12/07 7:45:45 ET
Table 'Eurydome' 2-max Seat #1 is the button
Seat 1: knysi ($35.84 in chips)
Seat 2: Necromadx ($227.20 in chips)
knysi: posts small blind $1
Necromadx: posts big blind $3
*** HOLE CARDS ***
knysi: raises $3 to $6
Necromadx: calls $3
*** FLOP *** [7h 9c 4s]
Necromadx: checks
knysi: checks
*** TURN *** [7h 9c 4s] [5h]
Necromadx: checks
knysi: checks
*** RIVER *** [7h 9c 4s 5h] [Kd]
Necromadx: checks
knysi: checks
*** SHOW DOWN ***
Necromadx: shows [Ac 4c] (a pair of Fours)
knysi: mucks hand
Necromadx collected $11.76 from pot
*** SUMMARY ***
Total pot $12 | Rake $0.24
Board [7h 9c 4s 5h Kd]
Seat 1: knysi (button) (small blind) mucked
Seat 2: Necromadx (big blind) showed [Ac 4c] and won ($11.76) with a pair of Fours


PokerStars Hand #144961227523:  Hold'em Limit ($3/$6 USD) - 2015/12/07 7:46:10 ET
Table 'Eurydome' 2-max Seat #1 is the button
Seat 1: knysi ($38.48 in chips)
Seat 2: Necromadx ($223.96 in chips)
knysi: posts small blind $1
Necromadx: posts big blind $3
*** HOLE CARDS ***
knysi: raises $3 to $6
Necromadx: folds
Uncalled bet ($3) returned to knysi
knysi collected $6 from pot
knysi: doesn't show hand
*** SUMMARY ***
Total pot $6 | Rake $0
Seat 1: knysi (button) (small blind) collected ($6)
Seat 2: Necromadx (big blind) folded before Flop


PokerStars Hand #144961222362:  Hold'em Limit ($3/$6 USD) - 2015/12/07 7:46:02 ET
Table 'Eurydome' 2-max Seat #2 is the button
Seat 1: knysi ($29.84 in chips)
Seat 2: Necromadx ($232.96 in chips)
Necromadx: posts small blind $1
knysi: posts big blind $3
*** HOLE CARDS ***
Necromadx: raises $3 to $6
knysi: calls $3
*** FLOP *** [9h 9s 9d]
knysi: checks
Necromadx: bets $3
knysi: raises $3 to $6
Necromadx: folds
Uncalled bet ($3) returned to knysi
knysi collected $17.64 from pot
knysi: doesn't show hand
*** SUMMARY ***
Total pot $18 | Rake $0.36
Board [9h 9s 9d]
Seat 1: knysi (big blind) collected ($17.64)
Seat 2: Necromadx (button) (small blind) folded on the Flop


PokerStars Hand #144961230706:  Hold'em Limit ($3/$6 USD) - 2015/12/07 7:46:15 ET
Table 'Eurydome' 2-max Seat #2 is the button
Seat 1: knysi ($41.48 in chips)
Seat 2: Necromadx ($220.96 in chips)
Necromadx: posts small blind $1
knysi: posts big blind $3
*** HOLE CARDS ***
Necromadx: raises $3 to $6
knysi: calls $3
*** FLOP *** [Ah Js 6s]
knysi: checks
Necromadx: bets $3
knysi: calls $3
*** TURN *** [Ah Js 6s] [4s]
knysi: checks
Necromadx: bets $6
knysi: calls $6
*** RIVER *** [Ah Js 6s 4s] [Qd]
knysi: checks
Necromadx: checks
*** SHOW DOWN ***
knysi: shows [6c 5s] (a pair of Sixes)
Necromadx: shows [7s 6d] (a pair of Sixes)
knysi collected $14.75 from pot
Necromadx collected $14.75 from pot
*** SUMMARY ***
Total pot $30 | Rake $0.50
Board [Ah Js 6s 4s Qd]
Seat 1: knysi (big blind) showed [6c 5s] and won ($14.75) with a pair of Sixes
Seat 2: Necromadx (button) (small blind) showed [7s 6d] and won ($14.75) with a pair of Sixes


PokerStars Hand #144961245076:  Hold'em Limit ($3/$6 USD) - 2015/12/07 7:46:39 ET
Table 'Eurydome' 2-max Seat #2 is the button
Seat 1: knysi ($20.23 in chips)
Seat 2: Necromadx ($241.21 in chips)
Necromadx: posts small blind $1
knysi: posts big blind $3
*** HOLE CARDS ***
Necromadx: raises $3 to $6
knysi: calls $3
*** FLOP *** [Tc Js 7d]
knysi: checks
Necromadx: bets $3
knysi: folds
Uncalled bet ($3) returned to Necromadx
Necromadx collected $11.76 from pot
Necromadx: doesn't show hand
*** SUMMARY ***
Total pot $12 | Rake $0.24
Board [Tc Js 7d]
Seat 1: knysi (big blind) folded on the Flop
Seat 2: Necromadx (button) (small blind) collected ($11.76)


PokerStars Hand #144961272502:  Hold'em Limit ($3/$6 USD) - 2015/12/07 7:47:23 ET
Table 'Eurydome' 2-max Seat #1 is the button
Seat 1: knysi ($34.46 in chips)
Seat 2: Necromadx ($225.50 in chips)
knysi: posts small blind $1
Necromadx: posts big blind $3
*** HOLE CARDS ***
knysi: raises $3 to $6
Necromadx: calls $3
*** FLOP *** [Jd 3h Th]
Necromadx: checks
knysi: checks
*** TURN *** [Jd 3h Th] [6h]
Necromadx: checks
knysi: bets $6
Necromadx: folds
Uncalled bet ($6) returned to knysi
knysi collected $11.76 from pot
knysi: doesn't show hand
*** SUMMARY ***
Total pot $12 | Rake $0.24
Board [Jd 3h Th 6h]
Seat 1: knysi (button) (small blind) collected ($11.76)
Seat 2: Necromadx (big blind) folded on the Turn


PokerStars Hand #144961249210:  Hold'em Limit ($3/$6 USD) - 2015/12/07 7:46:46 ET
Table 'Eurydome' 2-max Seat #1 is the button
Seat 1: knysi ($14.23 in chips)
Seat 2: Necromadx ($246.97 in chips)
knysi: posts small blind $1
Necromadx: posts big blind $3
*** HOLE CARDS ***
knysi: folds
Uncalled bet ($2) returned to Necromadx
Necromadx collected $2 from pot
Necromadx: doesn't show hand
*** SUMMARY ***
Total pot $2 | Rake $0
Seat 1: knysi (button) (small blind) folded before Flop
Seat 2: Necromadx (big blind) collected ($2)


PokerStars Hand #144961252114:  Hold'em Limit ($3/$6 USD) - 2015/12/07 7:46:50 ET
Table 'Eurydome' 2-max Seat #2 is the button
Seat 1: knysi ($13.23 in chips)
Seat 2: Necromadx ($247.97 in chips)
Necromadx: posts small blind $1
knysi: posts big blind $3
*** HOLE CARDS ***
Necromadx: raises $3 to $6
knysi: calls $3
*** FLOP *** [Ts 6d 7c]
knysi: checks
Necromadx: bets $3
knysi: calls $3
*** TURN *** [Ts 6d 7c] [2c]
knysi: checks
Necromadx: bets $6
knysi: calls $4.23 and is all-in
Uncalled bet ($1.77) returned to Necromadx
*** RIVER *** [Ts 6d 7c 2c] [As]
*** SHOW DOWN ***
knysi: shows [7d Td] (two pair, Tens and Sevens)
Necromadx: shows [Ac 3s] (a pair of Aces)
knysi collected $25.96 from pot
*** SUMMARY ***
Total pot $26.46 | Rake $0.50
Board [Ts 6d 7c 2c As]
Seat 1: knysi (big blind) showed [7d Td] and won ($25.96) with two pair, Tens and Sevens
Seat 2: Necromadx (button) (small blind) showed [Ac 3s] and lost with a pair of Aces


PokerStars Hand #144961259917:  Hold'em Limit ($3/$6 USD) - 2015/12/07 7:47:03 ET
Table 'Eurydome' 2-max Seat #1 is the button
Seat 1: knysi ($25.96 in chips)
Seat 2: Necromadx ($234.74 in chips)
knysi: posts small blind $1
Necromadx: posts big blind $3
*** HOLE CARDS ***
knysi: raises $3 to $6
Necromadx: calls $3
*** FLOP *** [7c Th Qd]
Necromadx: checks
knysi: bets $3
Necromadx: calls $3
*** TURN *** [7c Th Qd] [Jd]
Necromadx: checks
knysi: bets $6
Necromadx: calls $6
*** RIVER *** [7c Th Qd Jd] [As]
Necromadx: checks
knysi: bets $6
Necromadx: folds
Uncalled bet ($6) returned to knysi
knysi collected $29.50 from pot
knysi: doesn't show hand
*** SUMMARY ***
Total pot $30 | Rake $0.50
Board [7c Th Qd Jd As]
Seat 1: knysi (button) (small blind) collected ($29.50)
Seat 2: Necromadx (big blind) folded on the River


PokerStars Hand #144961268186:  Hold'em Limit ($3/$6 USD) - 2015/12/07 7:47:16 ET
Table 'Eurydome' 2-max Seat #2 is the button
Seat 1: knysi ($40.46 in chips)
Seat 2: Necromadx ($219.74 in chips)
Necromadx: posts small blind $1
knysi: posts big blind $3
*** HOLE CARDS ***
Necromadx: raises $3 to $6
knysi: calls $3
*** FLOP *** [Jc 9c 7h]
knysi: checks
Necromadx: bets $3
knysi: folds
Uncalled bet ($3) returned to Necromadx
Necromadx collected $11.76 from pot
Necromadx: doesn't show hand
*** SUMMARY ***
Total pot $12 | Rake $0.24
Board [Jc 9c 7h]
Seat 1: knysi (big blind) folded on the Flop
Seat 2: Necromadx (button) (small blind) collected ($11.76)


PokerStars Hand #144961283933:  Hold'em Limit ($3/$6 USD) - 2015/12/07 7:47:42 ET
Table 'Eurydome' 2-max Seat #1 is the button
Seat 1: knysi ($34.22 in chips)
Seat 2: Necromadx ($225.26 in chips)
knysi: posts small blind $1
Necromadx: posts big blind $3
*** HOLE CARDS ***
knysi: raises $3 to $6
Necromadx: calls $3
*** FLOP *** [4s 6s 4c]
Necromadx: checks
knysi: checks
*** TURN *** [4s 6s 4c] [Kh]
Necromadx: checks
knysi: checks
*** RIVER *** [4s 6s 4c Kh] [Ah]
Necromadx: checks
knysi: checks
*** SHOW DOWN ***
Necromadx: shows [Jh 3h] (a pair of Fours)
knysi: mucks hand
Necromadx collected $11.76 from pot
*** SUMMARY ***
Total pot $12 | Rake $0.24
Board [4s 6s 4c Kh Ah]
Seat 1: knysi (button) (small blind) mucked
Seat 2: Necromadx (big blind) showed [Jh 3h] and won ($11.76) with a pair of Fours


PokerStars Hand #144961278657:  Hold'em Limit ($3/$6 USD) - 2015/12/07 7:47:33 ET
Table 'Eurydome' 2-max Seat #2 is the button
Seat 1: knysi ($40.22 in chips)
Seat 2: Necromadx ($219.50 in chips)
Necromadx: posts small blind $1
knysi: posts big blind $3
*** HOLE CARDS ***
Necromadx: raises $3 to $6
knysi: calls $3
*** FLOP *** [Qd Qh 9d]
knysi: checks
Necromadx: bets $3
knysi: folds
Uncalled bet ($3) returned to Necromadx
Necromadx collected $11.76 from pot
Necromadx: doesn't show hand
*** SUMMARY ***
Total pot $12 | Rake $0.24
Board [Qd Qh 9d]
Seat 1: knysi (big blind) folded on the Flop
Seat 2: Necromadx (button) (small blind) collected ($11.76)


PokerStars Hand #144961295525:  Hold'em Limit ($3/$6 USD) - 2015/12/07 7:48:01 ET
Table 'Eurydome' 2-max Seat #1 is the button
Seat 1: knysi ($36.86 in chips)
Seat 2: Necromadx ($222.02 in chips)
knysi: posts small blind $1
Necromadx: posts big blind $3
*** HOLE CARDS ***
knysi: folds
Uncalled bet ($2) returned to Necromadx
Necromadx collected $2 from pot
Necromadx: doesn't show hand
*** SUMMARY ***
Total pot $2 | Rake $0
Seat 1: knysi (button) (small blind) folded before Flop
Seat 2: Necromadx (big blind) collected ($2)


PokerStars Hand #144961290543:  Hold'em Limit ($3/$6 USD) - 2015/12/07 7:47:53 ET
Table 'Eurydome' 2-max Seat #2 is the button
Seat 1: knysi ($28.22 in chips)
Seat 2: Necromadx ($231.02 in chips)
Necromadx: posts small blind $1
knysi: posts big blind $3
*** HOLE CARDS ***
Necromadx: raises $3 to $6
knysi: raises $3 to $9
Necromadx: calls $3
*** FLOP *** [Ks 6s 7s]
knysi: bets $3
Necromadx: folds
Uncalled bet ($3) returned to knysi
knysi collected $17.64 from pot
knysi: doesn't show hand
*** SUMMARY ***
Total pot $18 | Rake $0.36
Board [Ks 6s 7s]
Seat 1: knysi (big blind) collected ($17.64)
Seat 2: Necromadx (button) (small blind) folded on the Flop


PokerStars Hand #144961298225:  Hold'em Limit ($3/$6 USD) - 2015/12/07 7:48:05 ET
Table 'Eurydome' 2-max Seat #2 is the button
Seat 1: knysi ($35.86 in chips)
Seat 2: Necromadx ($223.02 in chips)
Necromadx: posts small blind $1
knysi: posts big blind $3
*** HOLE CARDS ***
Necromadx: raises $3 to $6
knysi: calls $3
*** FLOP *** [2d Jd 5d]
knysi: checks
Necromadx: bets $3
knysi: calls $3
*** TURN *** [2d Jd 5d] [8h]
knysi: checks
Necromadx: checks
*** RIVER *** [2d Jd 5d 8h] [Qd]
knysi: bets $6
Necromadx: calls $6
*** SHOW DOWN ***
knysi: shows [Ah 6d] (a flush, Queen high)
Necromadx: mucks hand
knysi collected $29.50 from pot
*** SUMMARY ***
Total pot $30 | Rake $0.50
Board [2d Jd 5d 8h Qd]
Seat 1: knysi (big blind) showed [Ah 6d] and won ($29.50) with a flush, Queen high
Seat 2: Necromadx (button) (small blind) mucked


PokerStars Hand #144961305427:  Hold'em Limit ($3/$6 USD) - 2015/12/07 7:48:17 ET
Table 'Eurydome' 2-max Seat #1 is the button
Seat 1: knysi ($50.36 in chips)
Seat 2: Necromadx ($208.02 in chips)
knysi: posts small blind $1
Necromadx: posts big blind $3
*** HOLE CARDS ***
knysi: raises $3 to $6
Necromadx: calls $3
*** FLOP *** [Ks 9c 8c]
Necromadx: bets $3
knysi: calls $3
*** TURN *** [Ks 9c 8c] [6c]
Necromadx: bets $6
knysi: raises $6 to $12
Necromadx: folds
Uncalled bet ($6) returned to knysi
knysi collected $29.50 from pot
knysi: doesn't show hand
*** SUMMARY ***
Total pot $30 | Rake $0.50
Board [Ks 9c 8c 6c]
Seat 1: knysi (button) (small blind) collected ($29.50)
Seat 2: Necromadx (big blind) folded on the Turn


PokerStars Hand #144961312065:  Hold'em Limit ($3/$6 USD) - 2015/12/07 7:48:27 ET
Table 'Eurydome' 2-max Seat #2 is the button
Seat 1: knysi ($64.86 in chips)
Seat 2: Necromadx ($193.02 in chips)
Necromadx: posts small blind $1
knysi: posts big blind $3
*** HOLE CARDS ***
Necromadx: raises $3 to $6
knysi: calls $3
*** FLOP *** [Kc Jc 7c]
knysi: checks
Necromadx: bets $3
knysi: folds
Uncalled bet ($3) returned to Necromadx
Necromadx collected $11.76 from pot
Necromadx: doesn't show hand
*** SUMMARY ***
Total pot $12 | Rake $0.24
Board [Kc Jc 7c]
Seat 1: knysi (big blind) folded on the Flop
Seat 2: Necromadx (button) (small blind) collected ($11.76)


PokerStars Hand #144961324149:  Hold'em Limit ($3/$6 USD) - 2015/12/07 7:48:47 ET
Table 'Eurydome' 2-max Seat #2 is the button
Seat 1: knysi ($43.86 in chips)
Seat 2: Necromadx ($213.28 in chips)
Necromadx: posts small blind $1
knysi: posts big blind $3
*** HOLE CARDS ***
Necromadx: raises $3 to $6
knysi: folds
Uncalled bet ($3) returned to Necromadx
Necromadx collected $6 from pot
Necromadx: doesn't show hand
*** SUMMARY ***
Total pot $6 | Rake $0
Seat 1: knysi (big blind) folded before Flop
Seat 2: Necromadx (button) (small blind) collected ($6)


PokerStars Hand #144961316943:  Hold'em Limit ($3/$6 USD) - 2015/12/07 7:48:35 ET
Table 'Eurydome' 2-max Seat #1 is the button
Seat 1: knysi ($58.86 in chips)
Seat 2: Necromadx ($198.78 in chips)
knysi: posts small blind $1
Necromadx: posts big blind $3
*** HOLE CARDS ***
knysi: raises $3 to $6
Necromadx: calls $3
*** FLOP *** [5h 8d 9s]
Necromadx: bets $3
knysi: calls $3
*** TURN *** [5h 8d 9s] [As]
Necromadx: bets $6
knysi: calls $6
*** RIVER *** [5h 8d 9s As] [Ks]
Necromadx: bets $6
knysi: folds
Uncalled bet ($6) returned to Necromadx
Necromadx collected $29.50 from pot
Necromadx: doesn't show hand
*** SUMMARY ***
Total pot $30 | Rake $0.50
Board [5h 8d 9s As Ks]
Seat 1: knysi (button) (small blind) folded on the River
Seat 2: Necromadx (big blind) collected ($29.50)


PokerStars Hand #144961335245:  Hold'em Limit ($3/$6 USD) - 2015/12/07 7:49:05 ET
Table 'Eurydome' 2-max Seat #2 is the button
Seat 1: knysi ($61.36 in chips)
Seat 2: Necromadx ($195.28 in chips)
Necromadx: posts small blind $1
knysi: posts big blind $3
*** HOLE CARDS ***
Necromadx: folds
Uncalled bet ($2) returned to knysi
knysi collected $2 from pot
knysi: doesn't show hand
*** SUMMARY ***
Total pot $2 | Rake $0
Seat 1: knysi (big blind) collected ($2)
Seat 2: Necromadx (button) (small blind) folded before Flop


PokerStars Hand #144961326857:  Hold'em Limit ($3/$6 USD) - 2015/12/07 7:48:51 ET
Table 'Eurydome' 2-max Seat #1 is the button
Seat 1: knysi ($40.86 in chips)
Seat 2: Necromadx ($216.28 in chips)
knysi: posts small blind $1
Necromadx: posts big blind $3
*** HOLE CARDS ***
knysi: raises $3 to $6
Necromadx: raises $3 to $9
knysi: calls $3
*** FLOP *** [7c Js Td]
Necromadx: bets $3
knysi: raises $3 to $6
Necromadx: calls $3
*** TURN *** [7c Js Td] [6s]
Necromadx: checks
knysi: bets $6
Necromadx: calls $6
*** RIVER *** [7c Js Td 6s] [7s]
Necromadx: checks
knysi: bets $6
Necromadx: folds
Uncalled bet ($6) returned to knysi
knysi collected $41.50 from pot
knysi: doesn't show hand
*** SUMMARY ***
Total pot $42 | Rake $0.50
Board [7c Js Td 6s 7s]
Seat 1: knysi (button) (small blind) collected ($41.50)
Seat 2: Necromadx (big blind) folded on the River


PokerStars Hand #144961338465:  Hold'em Limit ($3/$6 USD) - 2015/12/07 7:49:10 ET
Table 'Eurydome' 2-max Seat #1 is the button
Seat 1: knysi ($62.36 in chips)
Seat 2: Necromadx ($194.28 in chips)
knysi: posts small blind $1
Necromadx: posts big blind $3
*** HOLE CARDS ***
knysi: raises $3 to $6
Necromadx: calls $3
*** FLOP *** [3s 2c As]
Necromadx: checks
knysi: bets $3
Necromadx: calls $3
*** TURN *** [3s 2c As] [Kh]
Necromadx: checks
knysi: checks
*** RIVER *** [3s 2c As Kh] [5d]
Necromadx: bets $6
knysi: folds
Uncalled bet ($6) returned to Necromadx
Necromadx collected $17.64 from pot
Necromadx: doesn't show hand
*** SUMMARY ***
Total pot $18 | Rake $0.36
Board [3s 2c As Kh 5d]
Seat 1: knysi (button) (small blind) folded on the River
Seat 2: Necromadx (big blind) collected ($17.64)


PokerStars Hand #144961346445:  Hold'em Limit ($3/$6 USD) - 2015/12/07 7:49:23 ET
Table 'Eurydome' 2-max Seat #2 is the button
Seat 1: knysi ($53.36 in chips)
Seat 2: Necromadx ($202.92 in chips)
Necromadx: posts small blind $1
knysi: posts big blind $3
*** HOLE CARDS ***
Necromadx: raises $3 to $6
knysi: calls $3
*** FLOP *** [Tc 8s Th]
knysi: checks
Necromadx: bets $3
knysi: calls $3
*** TURN *** [Tc 8s Th] [7c]
knysi: checks
Necromadx: bets $6
knysi: folds
Uncalled bet ($6) returned to Necromadx
Necromadx collected $17.64 from pot
Necromadx: doesn't show hand
*** SUMMARY ***
Total pot $18 | Rake $0.36
Board [Tc 8s Th 7c]
Seat 1: knysi (big blind) folded on the Turn
Seat 2: Necromadx (button) (small blind) collected ($17.64)


PokerStars Hand #144961358668:  Hold'em Limit ($3/$6 USD) - 2015/12/07 7:49:43 ET
Table 'Eurydome' 2-max Seat #2 is the button
Seat 1: knysi ($53 in chips)
Seat 2: Necromadx ($202.56 in chips)
Necromadx: posts small blind $1
knysi: posts big blind $3
*** HOLE CARDS ***
Necromadx: raises $3 to $6
knysi: folds
Uncalled bet ($3) returned to Necromadx
Necromadx collected $6 from pot
Necromadx: doesn't show hand
*** SUMMARY ***
Total pot $6 | Rake $0
Seat 1: knysi (big blind) folded before Flop
Seat 2: Necromadx (button) (small blind) collected ($6)


PokerStars Hand #144961352720:  Hold'em Limit ($3/$6 USD) - 2015/12/07 7:49:33 ET
Table 'Eurydome' 2-max Seat #1 is the button
Seat 1: knysi ($44.36 in chips)
Seat 2: Necromadx ($211.56 in chips)
knysi: posts small blind $1
Necromadx: posts big blind $3
*** HOLE CARDS ***
knysi: raises $3 to $6
Necromadx: calls $3
*** FLOP *** [5h Ac 5d]
Necromadx: checks
knysi: bets $3
Necromadx: calls $3
*** TURN *** [5h Ac 5d] [Ad]
Necromadx: checks
knysi: bets $6
Necromadx: folds
Uncalled bet ($6) returned to knysi
knysi collected $17.64 from pot
knysi: doesn't show hand
*** SUMMARY ***
Total pot $18 | Rake $0.36
Board [5h Ac 5d Ad]
Seat 1: knysi (button) (small blind) collected ($17.64)
Seat 2: Necromadx (big blind) folded on the Turn


PokerStars Hand #144961382143:  Hold'em Limit ($3/$6 USD) - 2015/12/07 7:50:22 ET
Table 'Eurydome' 2-max Seat #2 is the button
Seat 1: knysi ($46.16 in chips)
Seat 2: Necromadx ($208.06 in chips)
Necromadx: posts small blind $1
knysi: posts big blind $3
*** HOLE CARDS ***
Necromadx: raises $3 to $6
knysi: calls $3
*** FLOP *** [2d 5c 6s]
knysi: checks
Necromadx: bets $3
knysi: raises $3 to $6
Necromadx: calls $3
*** TURN *** [2d 5c 6s] [8h]
knysi: bets $6
Necromadx: calls $6
*** RIVER *** [2d 5c 6s 8h] [8c]
knysi: bets $6
Necromadx: folds
Uncalled bet ($6) returned to knysi
knysi collected $35.50 from pot
knysi: doesn't show hand
*** SUMMARY ***
Total pot $36 | Rake $0.50
Board [2d 5c 6s 8h 8c]
Seat 1: knysi (big blind) collected ($35.50)
Seat 2: Necromadx (button) (small blind) folded on the River


PokerStars Hand #144961375263:  Hold'em Limit ($3/$6 USD) - 2015/12/07 7:50:10 ET
Table 'Eurydome' 2-max Seat #1 is the button
Seat 1: knysi ($70.16 in chips)
Seat 2: Necromadx ($184.56 in chips)
knysi: posts small blind $1
Necromadx: posts big blind $3
*** HOLE CARDS ***
knysi: raises $3 to $6
Necromadx: calls $3
*** FLOP *** [9d Tc 2h]
Necromadx: checks
knysi: bets $3
Necromadx: raises $3 to $6
knysi: calls $3
*** TURN *** [9d Tc 2h] [7c]
Necromadx: bets $6
knysi: calls $6
*** RIVER *** [9d Tc 2h 7c] [Jd]
Necromadx: bets $6
knysi: calls $6
*** SHOW DOWN ***
Necromadx: shows [Qs Th] (a pair of Tens)
knysi: mucks hand
Necromadx collected $47.50 from pot
*** SUMMARY ***
Total pot $48 | Rake $0.50
Board [9d Tc 2h 7c Jd]
Seat 1: knysi (button) (small blind) mucked
Seat 2: Necromadx (big blind) showed [Qs Th] and won ($47.50) with a pair of Tens


PokerStars Hand #144961361189:  Hold'em Limit ($3/$6 USD) - 2015/12/07 7:49:47 ET
Table 'Eurydome' 2-max Seat #1 is the button
Seat 1: knysi ($50 in chips)
Seat 2: Necromadx ($205.56 in chips)
knysi: posts small blind $1
Necromadx: posts big blind $3
*** HOLE CARDS ***
knysi: raises $3 to $6
Necromadx: calls $3
*** FLOP *** [7h 5s 2s]
Necromadx: checks
knysi: checks
*** TURN *** [7h 5s 2s] [Jd]
Necromadx: checks
knysi: checks
*** RIVER *** [7h 5s 2s Jd] [7s]
Necromadx: bets $6
knysi: calls $6
*** SHOW DOWN ***
Necromadx: shows [4c Ad] (a pair of Sevens)
knysi: shows [2d 6d] (two pair, Sevens and Deuces)
knysi collected $23.52 from pot
*** SUMMARY ***
Total pot $24 | Rake $0.48
Board [7h 5s 2s Jd 7s]
Seat 1: knysi (button) (small blind) showed [2d 6d] and won ($23.52) with two pair, Sevens and Deuces
Seat 2: Necromadx (big blind) showed [4c Ad] and lost with a pair of Sevens


PokerStars Hand #144961367930:  Hold'em Limit ($3/$6 USD) - 2015/12/07 7:49:58 ET
Table 'Eurydome' 2-max Seat #2 is the button
Seat 1: knysi ($61.52 in chips)
Seat 2: Necromadx ($193.56 in chips)
Necromadx: posts small blind $1
knysi: posts big blind $3
*** HOLE CARDS ***
Necromadx: raises $3 to $6
knysi: calls $3
*** FLOP *** [9s 7c Jc]
knysi: checks
Necromadx: bets $3
knysi: calls $3
*** TURN *** [9s 7c Jc] [4s]
knysi: checks
Necromadx: checks
*** RIVER *** [9s 7c Jc 4s] [Ah]
knysi: bets $6
Necromadx: folds
Uncalled bet ($6) returned to knysi
knysi collected $17.64 from pot
knysi: doesn't show hand
*** SUMMARY ***
Total pot $18 | Rake $0.36
Board [9s 7c Jc 4s Ah]
Seat 1: knysi (big blind) collected ($17.64)
Seat 2: Necromadx (button) (small blind) folded on the River


PokerStars Hand #144961401148:  Hold'em Limit ($3/$6 USD) - 2015/12/07 7:50:53 ET
Table 'Eurydome' 2-max Seat #1 is the button
Seat 1: knysi ($63.42 in chips)
Seat 2: Necromadx ($189.82 in chips)
knysi: posts small blind $1
Necromadx: posts big blind $3
*** HOLE CARDS ***
knysi: raises $3 to $6
Necromadx: raises $3 to $9
knysi: calls $3
*** FLOP *** [4c 7c Tc]
Necromadx: bets $3
knysi: calls $3
*** TURN *** [4c 7c Tc] [Ah]
Necromadx: bets $6
knysi: folds
Uncalled bet ($6) returned to Necromadx
Necromadx collected $23.52 from pot
Necromadx: doesn't show hand
*** SUMMARY ***
Total pot $24 | Rake $0.48
Board [4c 7c Tc Ah]
Seat 1: knysi (button) (small blind) folded on the Turn
Seat 2: Necromadx (big blind) collected ($23.52)


PokerStars Hand #144961396494:  Hold'em Limit ($3/$6 USD) - 2015/12/07 7:50:45 ET
Table 'Eurydome' 2-max Seat #2 is the button
Seat 1: knysi ($69.42 in chips)
Seat 2: Necromadx ($184.06 in chips)
Necromadx: posts small blind $1
knysi: posts big blind $3
*** HOLE CARDS ***
Necromadx: raises $3 to $6
knysi: calls $3
*** FLOP *** [Kh 9d 4c]
knysi: checks
Necromadx: bets $3
knysi: folds
Uncalled bet ($3) returned to Necromadx
Necromadx collected $11.76 from pot
Necromadx: doesn't show hand
*** SUMMARY ***
Total pot $12 | Rake $0.24
Board [Kh 9d 4c]
Seat 1: knysi (big blind) folded on the Flop
Seat 2: Necromadx (button) (small blind) collected ($11.76)


PokerStars Hand #144961389811:  Hold'em Limit ($3/$6 USD) - 2015/12/07 7:50:34 ET
Table 'Eurydome' 2-max Seat #1 is the button
Seat 1: knysi ($63.66 in chips)
Seat 2: Necromadx ($190.06 in chips)
knysi: posts small blind $1
Necromadx: posts big blind $3
*** HOLE CARDS ***
knysi: raises $3 to $6
Necromadx: calls $3
*** FLOP *** [7h 9c 5c]
Necromadx: checks
knysi: checks
*** TURN *** [7h 9c 5c] [3d]
Necromadx: checks
knysi: checks
*** RIVER *** [7h 9c 5c 3d] [Ac]
Necromadx: checks
knysi: checks
*** SHOW DOWN ***
Necromadx: shows [Tc 6h] (high card Ace)
knysi: shows [4h 5d] (a pair of Fives)
knysi collected $11.76 from pot
*** SUMMARY ***
Total pot $12 | Rake $0.24
Board [7h 9c 5c 3d Ac]
Seat 1: knysi (button) (small blind) showed [4h 5d] and won ($11.76) with a pair of Fives
Seat 2: Necromadx (big blind) showed [Tc 6h] and lost with high card Ace


PokerStars Hand #144961407631:  Hold'em Limit ($3/$6 USD) - 2015/12/07 7:51:03 ET
Table 'Eurydome' 2-max Seat #2 is the button
Seat 1: knysi ($51.42 in chips)
Seat 2: Necromadx ($201.34 in chips)
Necromadx: posts small blind $1
knysi: posts big blind $3
*** HOLE CARDS ***
Necromadx: raises $3 to $6
knysi: calls $3
*** FLOP *** [3c 6h 7d]
knysi: checks
Necromadx: bets $3
knysi: calls $3
*** TURN *** [3c 6h 7d] [As]
knysi: checks
Necromadx: bets $6
knysi: raises $6 to $12
Necromadx: calls $6
*** RIVER *** [3c 6h 7d As] [Jd]
knysi: bets $6
Necromadx: folds
Uncalled bet ($6) returned to knysi
knysi collected $41.50 from pot
knysi: doesn't show hand
*** SUMMARY ***
Total pot $42 | Rake $0.50
Board [3c 6h 7d As Jd]
Seat 1: knysi (big blind) collected ($41.50)
Seat 2: Necromadx (button) (small blind) folded on the River


PokerStars Hand #144961438745:  Hold'em Limit ($3/$6 USD) - 2015/12/07 7:51:54 ET
Table 'Eurydome' 2-max Seat #2 is the button
Seat 1: knysi ($112.92 in chips)
Seat 2: Necromadx ($137.98 in chips)
Necromadx: posts small blind $1
knysi: posts big blind $3
*** HOLE CARDS ***
Necromadx: raises $3 to $6
knysi: calls $3
*** FLOP *** [Ad 3c 5h]
knysi: checks
Necromadx: bets $3
knysi: calls $3
*** TURN *** [Ad 3c 5h] [Qc]
knysi: checks
Necromadx: bets $6
knysi: folds
Uncalled bet ($6) returned to Necromadx
Necromadx collected $17.64 from pot
Necromadx: doesn't show hand
*** SUMMARY ***
Total pot $18 | Rake $0.36
Board [Ad 3c 5h Qc]
Seat 1: knysi (big blind) folded on the Turn
Seat 2: Necromadx (button) (small blind) collected ($17.64)


PokerStars Hand #144961431123:  Hold'em Limit ($3/$6 USD) - 2015/12/07 7:51:41 ET
Table 'Eurydome' 2-max Seat #1 is the button
Seat 1: knysi ($89.42 in chips)
Seat 2: Necromadx ($161.98 in chips)
knysi: posts small blind $1
Necromadx: posts big blind $3
*** HOLE CARDS ***
knysi: raises $3 to $6
Necromadx: raises $3 to $9
knysi: calls $3
*** FLOP *** [4d Kh 9s]
Necromadx: bets $3
knysi: calls $3
*** TURN *** [4d Kh 9s] [9h]
Necromadx: bets $6
knysi: calls $6
*** RIVER *** [4d Kh 9s 9h] [2d]
Necromadx: checks
knysi: bets $6
Necromadx: calls $6
*** SHOW DOWN ***
knysi: shows [2s 4c] (two pair, Nines and Fours)
Necromadx: mucks hand
knysi collected $47.50 from pot
*** SUMMARY ***
Total pot $48 | Rake $0.50
Board [4d Kh 9s 9h 2d]
Seat 1: knysi (button) (small blind) showed [2s 4c] and won ($47.50) with two pair, Nines and Fours
Seat 2: Necromadx (big blind) mucked


PokerStars Hand #144961422271:  Hold'em Limit ($3/$6 USD) - 2015/12/07 7:51:27 ET
Table 'Eurydome' 2-max Seat #2 is the button
Seat 1: knysi ($62.92 in chips)
Seat 2: Necromadx ($188.98 in chips)
Necromadx: posts small blind $1
knysi: posts big blind $3
*** HOLE CARDS ***
Necromadx: raises $3 to $6
knysi: calls $3
*** FLOP *** [Qd 8d Th]
knysi: checks
Necromadx: bets $3
knysi: calls $3
*** TURN *** [Qd 8d Th] [6h]
knysi: checks
Necromadx: bets $6
knysi: raises $6 to $12
Necromadx: calls $6
*** RIVER *** [Qd 8d Th 6h] [4h]
knysi: bets $6
Necromadx: calls $6
*** SHOW DOWN ***
knysi: shows [8s 8c] (three of a kind, Eights)
Necromadx: mucks hand
knysi collected $53.50 from pot
*** SUMMARY ***
Total pot $54 | Rake $0.50
Board [Qd 8d Th 6h 4h]
Seat 1: knysi (big blind) showed [8s 8c] and won ($53.50) with three of a kind, Eights
Seat 2: Necromadx (button) (small blind) mucked


PokerStars Hand #144961462605:  Hold'em Limit ($3/$6 USD) - 2015/12/07 7:52:32 ET
Table 'Eurydome' 2-max Seat #1 is the button
Seat 1: knysi ($112.42 in chips)
Seat 2: Necromadx ($137.12 in chips)
knysi: posts small blind $1
Necromadx: posts big blind $3
*** HOLE CARDS ***
knysi: folds
Uncalled bet ($2) returned to Necromadx
Necromadx collected $2 from pot
Necromadx: doesn't show hand
*** SUMMARY ***
Total pot $2 | Rake $0
Seat 1: knysi (button) (small blind) folded before Flop
Seat 2: Necromadx (big blind) collected ($2)


PokerStars Hand #144961453225:  Hold'em Limit ($3/$6 USD) - 2015/12/07 7:52:17 ET
Table 'Eurydome' 2-max Seat #2 is the button
Seat 1: knysi ($127.42 in chips)
Seat 2: Necromadx ($122.62 in chips)
Necromadx: posts small blind $1
knysi: posts big blind $3
*** HOLE CARDS ***
Necromadx: raises $3 to $6
knysi: calls $3
*** FLOP *** [7c 9d 3c]
knysi: checks
Necromadx: bets $3
knysi: calls $3
*** TURN *** [7c 9d 3c] [Jc]
knysi: checks
Necromadx: bets $6
knysi: calls $6
*** RIVER *** [7c 9d 3c Jc] [5s]
knysi: checks
Necromadx: bets $6
knysi: folds
Uncalled bet ($6) returned to Necromadx
Necromadx collected $29.50 from pot
Necromadx: doesn't show hand
*** SUMMARY ***
Total pot $30 | Rake $0.50
Board [7c 9d 3c Jc 5s]
Seat 1: knysi (big blind) folded on the River
Seat 2: Necromadx (button) (small blind) collected ($29.50)


PokerStars Hand #144961445026:  Hold'em Limit ($3/$6 USD) - 2015/12/07 7:52:04 ET
Table 'Eurydome' 2-max Seat #1 is the button
Seat 1: knysi ($103.92 in chips)
Seat 2: Necromadx ($146.62 in chips)
knysi: posts small blind $1
Necromadx: posts big blind $3
*** HOLE CARDS ***
knysi: raises $3 to $6
Necromadx: calls $3
*** FLOP *** [9h 7s Qh]
Necromadx: checks
knysi: checks
*** TURN *** [9h 7s Qh] [Th]
Necromadx: bets $6
knysi: raises $6 to $12
Necromadx: calls $6
*** RIVER *** [9h 7s Qh Th] [8s]
Necromadx: checks
knysi: bets $6
Necromadx: calls $6
*** SHOW DOWN ***
knysi: shows [Qd 7h] (two pair, Queens and Sevens)
Necromadx: mucks hand
knysi collected $47.50 from pot
*** SUMMARY ***
Total pot $48 | Rake $0.50
Board [9h 7s Qh Th 8s]
Seat 1: knysi (button) (small blind) showed [Qd 7h] and won ($47.50) with two pair, Queens and Sevens
Seat 2: Necromadx (big blind) mucked


PokerStars Hand #144961465261:  Hold'em Limit ($3/$6 USD) - 2015/12/07 7:52:36 ET
Table 'Eurydome' 2-max Seat #2 is the button
Seat 1: knysi ($111.42 in chips)
Seat 2: Necromadx ($138.12 in chips)
Necromadx: posts small blind $1
knysi: posts big blind $3
*** HOLE CARDS ***
Necromadx: raises $3 to $6
knysi: calls $3
*** FLOP *** [Ac 9c Qd]
knysi: checks
Necromadx: bets $3
knysi: calls $3
*** TURN *** [Ac 9c Qd] [8d]
knysi: checks
Necromadx: bets $6
knysi: calls $6
*** RIVER *** [Ac 9c Qd 8d] [Ts]
knysi: checks
Necromadx: bets $6
knysi: calls $6
*** SHOW DOWN ***
Necromadx: shows [Ah 4c] (a pair of Aces)
knysi: shows [Jc Qc] (a straight, Eight to Queen)
knysi collected $41.50 from pot
*** SUMMARY ***
Total pot $42 | Rake $0.50
Board [Ac 9c Qd 8d Ts]
Seat 1: knysi (big blind) showed [Jc Qc] and won ($41.50) with a straight, Eight to Queen
Seat 2: Necromadx (button) (small blind) showed [Ah 4c] and lost with a pair of Aces


PokerStars Hand #144961478938:  Hold'em Limit ($3/$6 USD) - 2015/12/07 7:52:59 ET
Table 'Eurydome' 2-max Seat #2 is the button
Seat 1: knysi ($125.92 in chips)
Seat 2: Necromadx ($125.76 in chips)
Necromadx: posts small blind $1
knysi: posts big blind $3
*** HOLE CARDS ***
Necromadx: raises $3 to $6
knysi: calls $3
*** FLOP *** [Tc 7c 7h]
knysi: checks
Necromadx: checks
*** TURN *** [Tc 7c 7h] [Js]
knysi: checks
Necromadx: checks
*** RIVER *** [Tc 7c 7h Js] [4c]
knysi: bets $6
Necromadx: folds
Uncalled bet ($6) returned to knysi
knysi collected $11.76 from pot
knysi: doesn't show hand
*** SUMMARY ***
Total pot $12 | Rake $0.24
Board [Tc 7c 7h Js 4c]
Seat 1: knysi (big blind) collected ($11.76)
Seat 2: Necromadx (button) (small blind) folded on the River


PokerStars Hand #144961485193:  Hold'em Limit ($3/$6 USD) - 2015/12/07 7:53:09 ET
Table 'Eurydome' 2-max Seat #1 is the button
Seat 1: knysi ($131.68 in chips)
Seat 2: Necromadx ($120 in chips)
knysi: posts small blind $1
Necromadx: posts big blind $3
*** HOLE CARDS ***
knysi: raises $3 to $6
Necromadx: calls $3
*** FLOP *** [9c Kd Ad]
Necromadx: checks
knysi: checks
*** TURN *** [9c Kd Ad] [8d]
Necromadx: bets $6
knysi: calls $6
*** RIVER *** [9c Kd Ad 8d] [Js]
Necromadx: bets $6
knysi: calls $6
*** SHOW DOWN ***
Necromadx: shows [6d 4h] (high card Ace)
knysi: shows [2s Kc] (a pair of Kings)
knysi collected $35.50 from pot
*** SUMMARY ***
Total pot $36 | Rake $0.50
Board [9c Kd Ad 8d Js]
Seat 1: knysi (button) (small blind) showed [2s Kc] and won ($35.50) with a pair of Kings
Seat 2: Necromadx (big blind) showed [6d 4h] and lost with high card Ace


PokerStars Hand #144961491907:  Hold'em Limit ($3/$6 USD) - 2015/12/07 7:53:20 ET
Table 'Eurydome' 2-max Seat #2 is the button
Seat 1: knysi ($149.18 in chips)
Seat 2: Necromadx ($120 in chips)
Necromadx: posts small blind $1
knysi: posts big blind $3
*** HOLE CARDS ***
Necromadx: raises $3 to $6
knysi: folds
Uncalled bet ($3) returned to Necromadx
Necromadx collected $6 from pot
Necromadx: doesn't show hand
*** SUMMARY ***
Total pot $6 | Rake $0
Seat 1: knysi (big blind) folded before Flop
Seat 2: Necromadx (button) (small blind) collected ($6)


PokerStars Hand #144961514751:  Hold'em Limit ($3/$6 USD) - 2015/12/07 7:53:56 ET
Table 'Eurydome' 2-max Seat #1 is the button
Seat 1: knysi ($96.18 in chips)
Seat 2: Necromadx ($172.02 in chips)
knysi: posts small blind $1
Necromadx: posts big blind $3
*** HOLE CARDS ***
knysi: folds
Uncalled bet ($2) returned to Necromadx
Necromadx collected $2 from pot
Necromadx: doesn't show hand
*** SUMMARY ***
Total pot $2 | Rake $0
Seat 1: knysi (button) (small blind) folded before Flop
Seat 2: Necromadx (big blind) collected ($2)


PokerStars Hand #144961511384:  Hold'em Limit ($3/$6 USD) - 2015/12/07 7:53:51 ET
Table 'Eurydome' 2-max Seat #2 is the button
Seat 1: knysi ($95.18 in chips)
Seat 2: Necromadx ($173.02 in chips)
Necromadx: posts small blind $1
knysi: posts big blind $3
*** HOLE CARDS ***
Necromadx: folds
Uncalled bet ($2) returned to knysi
knysi collected $2 from pot
knysi: doesn't show hand
*** SUMMARY ***
Total pot $2 | Rake $0
Seat 1: knysi (big blind) collected ($2)
Seat 2: Necromadx (button) (small blind) folded before Flop


PokerStars Hand #144961503743:  Hold'em Limit ($3/$6 USD) - 2015/12/07 7:53:38 ET
Table 'Eurydome' 2-max Seat #1 is the button
Seat 1: knysi ($131.18 in chips)
Seat 2: Necromadx ($137.52 in chips)
knysi: posts small blind $1
Necromadx: posts big blind $3
*** HOLE CARDS ***
knysi: raises $3 to $6
Necromadx: raises $3 to $9
knysi: calls $3
*** FLOP *** [Ac 8s 4h]
Necromadx: bets $3
knysi: calls $3
*** TURN *** [Ac 8s 4h] [6d]
Necromadx: bets $6
knysi: raises $6 to $12
Necromadx: raises $6 to $18
knysi: calls $6
*** RIVER *** [Ac 8s 4h 6d] [Jc]
Necromadx: bets $6
knysi: calls $6
*** SHOW DOWN ***
Necromadx: shows [8h Ah] (two pair, Aces and Eights)
knysi: mucks hand
Necromadx collected $71.50 from pot
*** SUMMARY ***
Total pot $72 | Rake $0.50
Board [Ac 8s 4h 6d Jc]
Seat 1: knysi (button) (small blind) mucked
Seat 2: Necromadx (big blind) showed [8h Ah] and won ($71.50) with two pair, Aces and Eights


PokerStars Hand #144961500985:  Hold'em Limit ($3/$6 USD) - 2015/12/07 7:53:34 ET
Table 'Eurydome' 2-max Seat #2 is the button
Seat 1: knysi ($134.18 in chips)
Seat 2: Necromadx ($134.52 in chips)
Necromadx: posts small blind $1
knysi: posts big blind $3
*** HOLE CARDS ***
Necromadx: raises $3 to $6
knysi: folds
Uncalled bet ($3) returned to Necromadx
Necromadx collected $6 from pot
Necromadx: doesn't show hand
*** SUMMARY ***
Total pot $6 | Rake $0
Seat 1: knysi (big blind) folded before Flop
Seat 2: Necromadx (button) (small blind) collected ($6)


PokerStars Hand #144961494659:  Hold'em Limit ($3/$6 USD) - 2015/12/07 7:53:24 ET
Table 'Eurydome' 2-max Seat #1 is the button
Seat 1: knysi ($146.18 in chips)
Seat 2: Necromadx ($123 in chips)
knysi: posts small blind $1
Necromadx: posts big blind $3
*** HOLE CARDS ***
knysi: raises $3 to $6
Necromadx: raises $3 to $9
knysi: calls $3
*** FLOP *** [3d 6h 6d]
Necromadx: bets $3
knysi: calls $3
*** TURN *** [3d 6h 6d] [Jc]
Necromadx: bets $6
knysi: folds
Uncalled bet ($6) returned to Necromadx
Necromadx collected $23.52 from pot
Necromadx: doesn't show hand
*** SUMMARY ***
Total pot $24 | Rake $0.48
Board [3d 6h 6d Jc]
Seat 1: knysi (button) (small blind) folded on the Turn
Seat 2: Necromadx (big blind) collected ($23.52)


PokerStars Hand #144961523920:  Hold'em Limit ($3/$6 USD) - 2015/12/07 7:54:11 ET
Table 'Eurydome' 2-max Seat #1 is the button
Seat 1: knysi ($109.68 in chips)
Seat 2: Necromadx ($158.02 in chips)
knysi: posts small blind $1
Necromadx: posts big blind $3
*** HOLE CARDS ***
knysi: raises $3 to $6
Necromadx: calls $3
*** FLOP *** [3h 8c Th]
Necromadx: checks
knysi: checks
*** TURN *** [3h 8c Th] [Qd]
Necromadx: checks
knysi: checks
*** RIVER *** [3h 8c Th Qd] [Jh]
Necromadx: checks
knysi: bets $6
Necromadx: calls $6
*** SHOW DOWN ***
knysi: shows [9s Kh] (a straight, Nine to King)
Necromadx: mucks hand
knysi collected $23.52 from pot
*** SUMMARY ***
Total pot $24 | Rake $0.48
Board [3h 8c Th Qd Jh]
Seat 1: knysi (button) (small blind) showed [9s Kh] and won ($23.52) with a straight, Nine to King
Seat 2: Necromadx (big blind) mucked


PokerStars Hand #144961517394:  Hold'em Limit ($3/$6 USD) - 2015/12/07 7:54:00 ET
Table 'Eurydome' 2-max Seat #2 is the button
Seat 1: knysi ($95.18 in chips)
Seat 2: Necromadx ($173.02 in chips)
Necromadx: posts small blind $1
knysi: posts big blind $3
*** HOLE CARDS ***
Necromadx: raises $3 to $6
knysi: calls $3
*** FLOP *** [5d Th 6s]
knysi: checks
Necromadx: bets $3
knysi: calls $3
*** TURN *** [5d Th 6s] [Jd]
knysi: checks
Necromadx: checks
*** RIVER *** [5d Th 6s Jd] [Jh]
knysi: bets $6
Necromadx: calls $6
*** SHOW DOWN ***
knysi: shows [7h Jc] (three of a kind, Jacks)
Necromadx: mucks hand
knysi collected $29.50 from pot
*** SUMMARY ***
Total pot $30 | Rake $0.50
Board [5d Th 6s Jd Jh]
Seat 1: knysi (big blind) showed [7h Jc] and won ($29.50) with three of a kind, Jacks
Seat 2: Necromadx (button) (small blind) mucked


PokerStars Hand #144961554472:  Hold'em Limit ($3/$6 USD) - 2015/12/07 7:55:00 ET
Table 'Eurydome' 2-max Seat #1 is the button
Seat 1: knysi ($144.20 in chips)
Seat 2: Necromadx ($134.50 in chips)
knysi: posts small blind $1
Necromadx: posts big blind $3
*** HOLE CARDS ***
knysi: raises $3 to $6
Necromadx: raises $3 to $9
knysi: calls $3
*** FLOP *** [5s 5d Qd]
Necromadx: bets $3
knysi: calls $3
*** TURN *** [5s 5d Qd] [Qs]
Necromadx: bets $6
knysi: calls $6
*** RIVER *** [5s 5d Qd Qs] [6s]
Necromadx: bets $6
knysi: folds
Uncalled bet ($6) returned to Necromadx
Necromadx collected $35.50 from pot
Necromadx: doesn't show hand
*** SUMMARY ***
Total pot $36 | Rake $0.50
Board [5s 5d Qd Qs 6s]
Seat 1: knysi (button) (small blind) folded on the River
Seat 2: Necromadx (big blind) collected ($35.50)


PokerStars Hand #144961546078:  Hold'em Limit ($3/$6 USD) - 2015/12/07 7:54:47 ET
Table 'Eurydome' 2-max Seat #2 is the button
Seat 1: knysi ($159.20 in chips)
Seat 2: Necromadx ($120 in chips)
Necromadx: posts small blind $1
knysi: posts big blind $3
*** HOLE CARDS ***
Necromadx: raises $3 to $6
knysi: calls $3
*** FLOP *** [Qc 2h 9s]
knysi: checks
Necromadx: bets $3
knysi: calls $3
*** TURN *** [Qc 2h 9s] [Ac]
knysi: checks
Necromadx: bets $6
knysi: calls $6
*** RIVER *** [Qc 2h 9s Ac] [6h]
knysi: checks
Necromadx: bets $6
knysi: folds
Uncalled bet ($6) returned to Necromadx
Necromadx collected $29.50 from pot
Necromadx: doesn't show hand
*** SUMMARY ***
Total pot $30 | Rake $0.50
Board [Qc 2h 9s Ac 6h]
Seat 1: knysi (big blind) folded on the River
Seat 2: Necromadx (button) (small blind) collected ($29.50)


PokerStars Hand #144961539035:  Hold'em Limit ($3/$6 USD) - 2015/12/07 7:54:35 ET
Table 'Eurydome' 2-max Seat #1 is the button
Seat 1: knysi ($135.70 in chips)
Seat 2: Necromadx ($131.02 in chips)
knysi: posts small blind $1
Necromadx: posts big blind $3
*** HOLE CARDS ***
knysi: raises $3 to $6
Necromadx: calls $3
*** FLOP *** [2c 3c Js]
Necromadx: checks
knysi: checks
*** TURN *** [2c 3c Js] [9d]
Necromadx: checks
knysi: bets $6
Necromadx: raises $6 to $12
knysi: calls $6
*** RIVER *** [2c 3c Js 9d] [6s]
Necromadx: bets $6
knysi: calls $6
*** SHOW DOWN ***
Necromadx: shows [Kh 9c] (a pair of Nines)
knysi: shows [8d Jc] (a pair of Jacks)
knysi collected $47.50 from pot
*** SUMMARY ***
Total pot $48 | Rake $0.50
Board [2c 3c Js 9d 6s]
Seat 1: knysi (button) (small blind) showed [8d Jc] and won ($47.50) with a pair of Jacks
Seat 2: Necromadx (big blind) showed [Kh 9c] and lost with a pair of Nines


PokerStars Hand #144961531987:  Hold'em Limit ($3/$6 USD) - 2015/12/07 7:54:24 ET
Table 'Eurydome' 2-max Seat #2 is the button
Seat 1: knysi ($121.20 in chips)
Seat 2: Necromadx ($146.02 in chips)
Necromadx: posts small blind $1
knysi: posts big blind $3
*** HOLE CARDS ***
Necromadx: raises $3 to $6
knysi: calls $3
*** FLOP *** [Ad 2d 7h]
knysi: checks
Necromadx: bets $3
knysi: calls $3
*** TURN *** [Ad 2d 7h] [6s]
knysi: checks
Necromadx: checks
*** RIVER *** [Ad 2d 7h 6s] [5d]
knysi: bets $6
Necromadx: calls $6
*** SHOW DOWN ***
knysi: shows [Jc 7s] (a pair of Sevens)
Necromadx: mucks hand
knysi collected $29.50 from pot
*** SUMMARY ***
Total pot $30 | Rake $0.50
Board [Ad 2d 7h 6s 5d]
Seat 1: knysi (big blind) showed [Jc 7s] and won ($29.50) with a pair of Sevens
Seat 2: Necromadx (button) (small blind) mucked


PokerStars Hand #144961564032:  Hold'em Limit ($3/$6 USD) - 2015/12/07 7:55:15 ET
Table 'Eurydome' 2-max Seat #1 is the button
Seat 1: knysi ($123.20 in chips)
Seat 2: Necromadx ($155 in chips)
knysi: posts small blind $1
Necromadx: posts big blind $3
*** HOLE CARDS ***
knysi: raises $3 to $6
Necromadx: calls $3
*** FLOP *** [9s 5s Qd]
Necromadx: checks
knysi: checks
*** TURN *** [9s 5s Qd] [Kd]
Necromadx: checks
knysi: checks
*** RIVER *** [9s 5s Qd Kd] [Ks]
Necromadx: bets $6
knysi: folds
Uncalled bet ($6) returned to Necromadx
knysi leaves the table
Necromadx collected $11.76 from pot
Necromadx: doesn't show hand
*** SUMMARY ***
Total pot $12 | Rake $0.24
Board [9s 5s Qd Kd Ks]
Seat 1: knysi (button) (small blind) folded on the River
Seat 2: Necromadx (big blind) collected ($11.76)


PokerStars Hand #144961561471:  Hold'em Limit ($3/$6 USD) - 2015/12/07 7:55:11 ET
Table 'Eurydome' 2-max Seat #2 is the button
Seat 1: knysi ($126.20 in chips)
Seat 2: Necromadx ($152 in chips)
Necromadx: posts small blind $1
knysi: posts big blind $3
*** HOLE CARDS ***
Necromadx: raises $3 to $6
knysi: folds
Uncalled bet ($3) returned to Necromadx
Necromadx collected $6 from pot
Necromadx: doesn't show hand
*** SUMMARY ***
Total pot $6 | Rake $0
Seat 1: knysi (big blind) folded before Flop
Seat 2: Necromadx (button) (small blind) collected ($6)


