PokerStars Hand #144303213793:  Hold'em Limit ($3/$6 USD) - 2015/11/24 5:30:38 ET
Table 'Eurydike' 6-max Seat #3 is the button
Seat 3: pokerjunk035 ($119.76 in chips)
Seat 4: TbIP-TbIP 88 ($77.76 in chips)
pokerjunk035: posts small blind $1
TbIP-TbIP 88: posts big blind $3
*** HOLE CARDS ***
pokerjunk035: raises $3 to $6
TbIP-TbIP 88: calls $3
*** FLOP *** [3d 7h Qs]
TbIP-TbIP 88: checks
pokerjunk035: bets $3
TbIP-TbIP 88: calls $3
*** TURN *** [3d 7h Qs] [Jh]
TbIP-TbIP 88: checks
pokerjunk035: bets $6
TbIP-TbIP 88: folds
Uncalled bet ($6) returned to pokerjunk035
pokerjunk035 collected $17.64 from pot
pokerjunk035: doesn't show hand
*** SUMMARY ***
Total pot $18 | Rake $0.36
Board [3d 7h Qs Jh]
Seat 3: pokerjunk035 (button) (small blind) collected ($17.64)
Seat 4: TbIP-TbIP 88 (big blind) folded on the Turn


PokerStars Hand #144303209428:  Hold'em Limit ($3/$6 USD) - 2015/11/24 5:30:28 ET
Table 'Eurydike' 6-max Seat #4 is the button
Seat 3: pokerjunk035 ($125.76 in chips)
Seat 4: TbIP-TbIP 88 ($72 in chips)
TbIP-TbIP 88: posts small blind $1
pokerjunk035: posts big blind $3
*** HOLE CARDS ***
TbIP-TbIP 88: raises $3 to $6
pokerjunk035: calls $3
*** FLOP *** [3h 8d 2h]
pokerjunk035: checks
TbIP-TbIP 88: bets $3
pokerjunk035: folds
Uncalled bet ($3) returned to TbIP-TbIP 88
TbIP-TbIP 88 collected $11.76 from pot
TbIP-TbIP 88: doesn't show hand
*** SUMMARY ***
Total pot $12 | Rake $0.24
Board [3h 8d 2h]
Seat 3: pokerjunk035 (big blind) folded on the Flop
Seat 4: TbIP-TbIP 88 (button) (small blind) collected ($11.76)


PokerStars Hand #144303200990:  Hold'em Limit ($3/$6 USD) - 2015/11/24 5:30:08 ET
Table 'Eurydike' 6-max Seat #3 is the button
Seat 3: pokerjunk035 ($120 in chips)
Seat 4: TbIP-TbIP 88 ($72 in chips)
pokerjunk035: posts small blind $1
TbIP-TbIP 88: posts big blind $3
*** HOLE CARDS ***
pokerjunk035: raises $3 to $6
TbIP-TbIP 88: calls $3
*** FLOP *** [2h 9c 9h]
TbIP-TbIP 88: checks
pokerjunk035: bets $3
TbIP-TbIP 88: folds
Uncalled bet ($3) returned to pokerjunk035
pokerjunk035 collected $11.76 from pot
pokerjunk035: doesn't show hand
*** SUMMARY ***
Total pot $12 | Rake $0.24
Board [2h 9c 9h]
Seat 3: pokerjunk035 (button) (small blind) collected ($11.76)
Seat 4: TbIP-TbIP 88 (big blind) folded on the Flop


PokerStars Hand #144303233681:  Hold'em Limit ($3/$6 USD) - 2015/11/24 5:31:26 ET
Table 'Eurydike' 6-max Seat #3 is the button
Seat 3: pokerjunk035 ($130.04 in chips)
Seat 4: TbIP-TbIP 88 ($72 in chips)
pokerjunk035: posts small blind $1
TbIP-TbIP 88: posts big blind $3
*** HOLE CARDS ***
pokerjunk035: folds
Uncalled bet ($2) returned to TbIP-TbIP 88
TbIP-TbIP 88 collected $2 from pot
TbIP-TbIP 88: doesn't show hand
*** SUMMARY ***
Total pot $2 | Rake $0
Seat 3: pokerjunk035 (button) (small blind) folded before Flop
Seat 4: TbIP-TbIP 88 (big blind) collected ($2)


PokerStars Hand #144303226338:  Hold'em Limit ($3/$6 USD) - 2015/11/24 5:31:08 ET
Table 'Eurydike' 6-max Seat #4 is the button
Seat 3: pokerjunk035 ($121.40 in chips)
Seat 4: TbIP-TbIP 88 ($78.76 in chips)
TbIP-TbIP 88: posts small blind $1
pokerjunk035: posts big blind $3
*** HOLE CARDS ***
TbIP-TbIP 88: raises $3 to $6
pokerjunk035: raises $3 to $9
TbIP-TbIP 88: calls $3
*** FLOP *** [9c Jh Ks]
pokerjunk035: bets $3
TbIP-TbIP 88: folds
Uncalled bet ($3) returned to pokerjunk035
pokerjunk035 collected $17.64 from pot
pokerjunk035: doesn't show hand
*** SUMMARY ***
Total pot $18 | Rake $0.36
Board [9c Jh Ks]
Seat 3: pokerjunk035 (big blind) collected ($17.64)
Seat 4: TbIP-TbIP 88 (button) (small blind) folded on the Flop


PokerStars Hand #144303224400:  Hold'em Limit ($3/$6 USD) - 2015/11/24 5:31:04 ET
Table 'Eurydike' 6-max Seat #3 is the button
Seat 3: pokerjunk035 ($122.40 in chips)
Seat 4: TbIP-TbIP 88 ($77.76 in chips)
pokerjunk035: posts small blind $1
TbIP-TbIP 88: posts big blind $3
*** HOLE CARDS ***
pokerjunk035: folds
Uncalled bet ($2) returned to TbIP-TbIP 88
TbIP-TbIP 88 collected $2 from pot
TbIP-TbIP 88: doesn't show hand
*** SUMMARY ***
Total pot $2 | Rake $0
Seat 3: pokerjunk035 (button) (small blind) folded before Flop
Seat 4: TbIP-TbIP 88 (big blind) collected ($2)


PokerStars Hand #144303220102:  Hold'em Limit ($3/$6 USD) - 2015/11/24 5:30:54 ET
Table 'Eurydike' 6-max Seat #4 is the button
Seat 3: pokerjunk035 ($128.40 in chips)
Seat 4: TbIP-TbIP 88 ($72 in chips)
TbIP-TbIP 88: posts small blind $1
pokerjunk035: posts big blind $3
*** HOLE CARDS ***
TbIP-TbIP 88: raises $3 to $6
pokerjunk035: calls $3
*** FLOP *** [4d 2c 2d]
pokerjunk035: checks
TbIP-TbIP 88: bets $3
pokerjunk035: folds
Uncalled bet ($3) returned to TbIP-TbIP 88
TbIP-TbIP 88 collected $11.76 from pot
TbIP-TbIP 88: doesn't show hand
*** SUMMARY ***
Total pot $12 | Rake $0.24
Board [4d 2c 2d]
Seat 3: pokerjunk035 (big blind) folded on the Flop
Seat 4: TbIP-TbIP 88 (button) (small blind) collected ($11.76)


PokerStars Hand #144303257488:  Hold'em Limit ($3/$6 USD) - 2015/11/24 5:32:23 ET
Table 'Eurydike' 6-max Seat #3 is the button
Seat 3: pokerjunk035 ($116.04 in chips)
Seat 4: TbIP-TbIP 88 ($85.52 in chips)
pokerjunk035: posts small blind $1
TbIP-TbIP 88: posts big blind $3
*** HOLE CARDS ***
pokerjunk035: raises $3 to $6
TbIP-TbIP 88: calls $3
*** FLOP *** [2d 7d 3d]
TbIP-TbIP 88: checks
pokerjunk035: bets $3
TbIP-TbIP 88: calls $3
*** TURN *** [2d 7d 3d] [7s]
TbIP-TbIP 88: checks
pokerjunk035: bets $6
TbIP-TbIP 88: calls $6
*** RIVER *** [2d 7d 3d 7s] [6d]
TbIP-TbIP 88: checks
pokerjunk035: checks
*** SHOW DOWN ***
TbIP-TbIP 88: shows [3c 5h] (two pair, Sevens and Threes)
pokerjunk035: shows [7h Th] (three of a kind, Sevens)
pokerjunk035 collected $29.50 from pot
*** SUMMARY ***
Total pot $30 | Rake $0.50
Board [2d 7d 3d 7s 6d]
Seat 3: pokerjunk035 (button) (small blind) showed [7h Th] and won ($29.50) with three of a kind, Sevens
Seat 4: TbIP-TbIP 88 (big blind) showed [3c 5h] and lost with two pair, Sevens and Threes


PokerStars Hand #144303255557:  Hold'em Limit ($3/$6 USD) - 2015/11/24 5:32:18 ET
Table 'Eurydike' 6-max Seat #4 is the button
Seat 3: pokerjunk035 ($115.04 in chips)
Seat 4: TbIP-TbIP 88 ($86.52 in chips)
TbIP-TbIP 88: posts small blind $1
pokerjunk035: posts big blind $3
*** HOLE CARDS ***
TbIP-TbIP 88: folds
Uncalled bet ($2) returned to pokerjunk035
pokerjunk035 collected $2 from pot
pokerjunk035: doesn't show hand
*** SUMMARY ***
Total pot $2 | Rake $0
Seat 3: pokerjunk035 (big blind) collected ($2)
Seat 4: TbIP-TbIP 88 (button) (small blind) folded before Flop


PokerStars Hand #144303253368:  Hold'em Limit ($3/$6 USD) - 2015/11/24 5:32:13 ET
Table 'Eurydike' 6-max Seat #3 is the button
Seat 3: pokerjunk035 ($116.04 in chips)
Seat 4: TbIP-TbIP 88 ($85.52 in chips)
pokerjunk035: posts small blind $1
TbIP-TbIP 88: posts big blind $3
*** HOLE CARDS ***
pokerjunk035: folds
Uncalled bet ($2) returned to TbIP-TbIP 88
TbIP-TbIP 88 collected $2 from pot
TbIP-TbIP 88: doesn't show hand
*** SUMMARY ***
Total pot $2 | Rake $0
Seat 3: pokerjunk035 (button) (small blind) folded before Flop
Seat 4: TbIP-TbIP 88 (big blind) collected ($2)


PokerStars Hand #144303248557:  Hold'em Limit ($3/$6 USD) - 2015/11/24 5:32:02 ET
Table 'Eurydike' 6-max Seat #4 is the button
Seat 3: pokerjunk035 ($122.04 in chips)
Seat 4: TbIP-TbIP 88 ($79.76 in chips)
TbIP-TbIP 88: posts small blind $1
pokerjunk035: posts big blind $3
*** HOLE CARDS ***
TbIP-TbIP 88: raises $3 to $6
pokerjunk035: calls $3
*** FLOP *** [Tc 7c 7h]
pokerjunk035: checks
TbIP-TbIP 88: bets $3
pokerjunk035: folds
Uncalled bet ($3) returned to TbIP-TbIP 88
TbIP-TbIP 88 collected $11.76 from pot
TbIP-TbIP 88: doesn't show hand
*** SUMMARY ***
Total pot $12 | Rake $0.24
Board [Tc 7c 7h]
Seat 3: pokerjunk035 (big blind) folded on the Flop
Seat 4: TbIP-TbIP 88 (button) (small blind) collected ($11.76)


PokerStars Hand #144303246827:  Hold'em Limit ($3/$6 USD) - 2015/11/24 5:31:58 ET
Table 'Eurydike' 6-max Seat #3 is the button
Seat 3: pokerjunk035 ($123.04 in chips)
Seat 4: TbIP-TbIP 88 ($78.76 in chips)
pokerjunk035: posts small blind $1
TbIP-TbIP 88: posts big blind $3
*** HOLE CARDS ***
pokerjunk035: folds
Uncalled bet ($2) returned to TbIP-TbIP 88
TbIP-TbIP 88 collected $2 from pot
TbIP-TbIP 88: doesn't show hand
*** SUMMARY ***
Total pot $2 | Rake $0
Seat 3: pokerjunk035 (button) (small blind) folded before Flop
Seat 4: TbIP-TbIP 88 (big blind) collected ($2)


PokerStars Hand #144303235775:  Hold'em Limit ($3/$6 USD) - 2015/11/24 5:31:31 ET
Table 'Eurydike' 6-max Seat #4 is the button
Seat 3: pokerjunk035 ($129.04 in chips)
Seat 4: TbIP-TbIP 88 ($73 in chips)
TbIP-TbIP 88: posts small blind $1
pokerjunk035: posts big blind $3
*** HOLE CARDS ***
TbIP-TbIP 88: raises $3 to $6
pokerjunk035: calls $3
*** FLOP *** [5s 9h Js]
pokerjunk035: checks
TbIP-TbIP 88: bets $3
pokerjunk035: folds
Uncalled bet ($3) returned to TbIP-TbIP 88
TbIP-TbIP 88 collected $11.76 from pot
TbIP-TbIP 88: doesn't show hand
*** SUMMARY ***
Total pot $12 | Rake $0.24
Board [5s 9h Js]
Seat 3: pokerjunk035 (big blind) folded on the Flop
Seat 4: TbIP-TbIP 88 (button) (small blind) collected ($11.76)


PokerStars Hand #144303285314:  Hold'em Limit ($3/$6 USD) - 2015/11/24 5:33:29 ET
Table 'Eurydike' 6-max Seat #4 is the button
Seat 3: pokerjunk035 ($165.68 in chips)
Seat 4: TbIP-TbIP 88 ($72 in chips)
TbIP-TbIP 88: posts small blind $1
pokerjunk035: posts big blind $3
*** HOLE CARDS ***
TbIP-TbIP 88: raises $3 to $6
pokerjunk035: calls $3
*** FLOP *** [2d 4s Qd]
pokerjunk035: checks
TbIP-TbIP 88: bets $3
pokerjunk035: folds
Uncalled bet ($3) returned to TbIP-TbIP 88
TbIP-TbIP 88 collected $11.76 from pot
TbIP-TbIP 88: doesn't show hand
*** SUMMARY ***
Total pot $12 | Rake $0.24
Board [2d 4s Qd]
Seat 3: pokerjunk035 (big blind) folded on the Flop
Seat 4: TbIP-TbIP 88 (button) (small blind) collected ($11.76)


PokerStars Hand #144303274753:  Hold'em Limit ($3/$6 USD) - 2015/11/24 5:33:04 ET
Table 'Eurydike' 6-max Seat #3 is the button
Seat 3: pokerjunk035 ($139.18 in chips)
Seat 4: TbIP-TbIP 88 ($72 in chips)
pokerjunk035: posts small blind $1
TbIP-TbIP 88: posts big blind $3
*** HOLE CARDS ***
pokerjunk035: raises $3 to $6
TbIP-TbIP 88: calls $3
*** FLOP *** [5s 5h 7d]
TbIP-TbIP 88: checks
pokerjunk035: bets $3
TbIP-TbIP 88: calls $3
*** TURN *** [5s 5h 7d] [9d]
TbIP-TbIP 88: bets $6
pokerjunk035: raises $6 to $12
TbIP-TbIP 88: calls $6
*** RIVER *** [5s 5h 7d 9d] [5d]
TbIP-TbIP 88: checks
pokerjunk035: bets $6
TbIP-TbIP 88: calls $6
*** SHOW DOWN ***
pokerjunk035: shows [8h 5c] (four of a kind, Fives)
TbIP-TbIP 88: mucks hand
pokerjunk035 collected $53.50 from pot
*** SUMMARY ***
Total pot $54 | Rake $0.50
Board [5s 5h 7d 9d 5d]
Seat 3: pokerjunk035 (button) (small blind) showed [8h 5c] and won ($53.50) with four of a kind, Fives
Seat 4: TbIP-TbIP 88 (big blind) mucked


PokerStars Hand #144303266343:  Hold'em Limit ($3/$6 USD) - 2015/11/24 5:32:44 ET
Table 'Eurydike' 6-max Seat #4 is the button
Seat 3: pokerjunk035 ($130.54 in chips)
Seat 4: TbIP-TbIP 88 ($72 in chips)
TbIP-TbIP 88: posts small blind $1
pokerjunk035: posts big blind $3
*** HOLE CARDS ***
TbIP-TbIP 88: raises $3 to $6
pokerjunk035: raises $3 to $9
TbIP-TbIP 88: calls $3
*** FLOP *** [Th Kh 5d]
pokerjunk035: bets $3
TbIP-TbIP 88: folds
Uncalled bet ($3) returned to pokerjunk035
pokerjunk035 collected $17.64 from pot
pokerjunk035: doesn't show hand
*** SUMMARY ***
Total pot $18 | Rake $0.36
Board [Th Kh 5d]
Seat 3: pokerjunk035 (big blind) collected ($17.64)
Seat 4: TbIP-TbIP 88 (button) (small blind) folded on the Flop


PokerStars Hand #144303312639:  Hold'em Limit ($3/$6 USD) - 2015/11/24 5:34:33 ET
Table 'Eurydike' 6-max Seat #3 is the button
Seat 3: pokerjunk035 ($178.18 in chips)
Seat 4: TbIP-TbIP 88 ($72 in chips)
pokerjunk035: posts small blind $1
TbIP-TbIP 88: posts big blind $3
*** HOLE CARDS ***
pokerjunk035: raises $3 to $6
TbIP-TbIP 88: folds
Uncalled bet ($3) returned to pokerjunk035
pokerjunk035 collected $6 from pot
pokerjunk035: doesn't show hand
*** SUMMARY ***
Total pot $6 | Rake $0
Seat 3: pokerjunk035 (button) (small blind) collected ($6)
Seat 4: TbIP-TbIP 88 (big blind) folded before Flop


PokerStars Hand #144303304478:  Hold'em Limit ($3/$6 USD) - 2015/11/24 5:34:14 ET
Table 'Eurydike' 6-max Seat #4 is the button
Seat 3: pokerjunk035 ($154.68 in chips)
Seat 4: TbIP-TbIP 88 ($82.40 in chips)
TbIP-TbIP 88: posts small blind $1
pokerjunk035: posts big blind $3
*** HOLE CARDS ***
TbIP-TbIP 88: raises $3 to $6
pokerjunk035: raises $3 to $9
TbIP-TbIP 88: calls $3
*** FLOP *** [Qs Td 4s]
pokerjunk035: bets $3
TbIP-TbIP 88: calls $3
*** TURN *** [Qs Td 4s] [Ah]
pokerjunk035: bets $6
TbIP-TbIP 88: calls $6
*** RIVER *** [Qs Td 4s Ah] [2h]
pokerjunk035: bets $6
TbIP-TbIP 88: calls $6
*** SHOW DOWN ***
pokerjunk035: shows [Kd Qd] (a pair of Queens)
TbIP-TbIP 88: mucks hand
pokerjunk035 collected $47.50 from pot
*** SUMMARY ***
Total pot $48 | Rake $0.50
Board [Qs Td 4s Ah 2h]
Seat 3: pokerjunk035 (big blind) showed [Kd Qd] and won ($47.50) with a pair of Queens
Seat 4: TbIP-TbIP 88 (button) (small blind) mucked


PokerStars Hand #144303301040:  Hold'em Limit ($3/$6 USD) - 2015/11/24 5:34:06 ET
Table 'Eurydike' 6-max Seat #3 is the button
Seat 3: pokerjunk035 ($151.68 in chips)
Seat 4: TbIP-TbIP 88 ($85.40 in chips)
pokerjunk035: posts small blind $1
TbIP-TbIP 88: posts big blind $3
*** HOLE CARDS ***
pokerjunk035: raises $3 to $6
TbIP-TbIP 88: folds
Uncalled bet ($3) returned to pokerjunk035
pokerjunk035 collected $6 from pot
pokerjunk035: doesn't show hand
*** SUMMARY ***
Total pot $6 | Rake $0
Seat 3: pokerjunk035 (button) (small blind) collected ($6)
Seat 4: TbIP-TbIP 88 (big blind) folded before Flop


PokerStars Hand #144303298628:  Hold'em Limit ($3/$6 USD) - 2015/11/24 5:34:01 ET
Table 'Eurydike' 6-max Seat #4 is the button
Seat 3: pokerjunk035 ($150.68 in chips)
Seat 4: TbIP-TbIP 88 ($86.40 in chips)
TbIP-TbIP 88: posts small blind $1
pokerjunk035: posts big blind $3
*** HOLE CARDS ***
TbIP-TbIP 88: folds
Uncalled bet ($2) returned to pokerjunk035
pokerjunk035 collected $2 from pot
pokerjunk035: doesn't show hand
*** SUMMARY ***
Total pot $2 | Rake $0
Seat 3: pokerjunk035 (big blind) collected ($2)
Seat 4: TbIP-TbIP 88 (button) (small blind) folded before Flop


PokerStars Hand #144303289667:  Hold'em Limit ($3/$6 USD) - 2015/11/24 5:33:40 ET
Table 'Eurydike' 6-max Seat #3 is the button
Seat 3: pokerjunk035 ($159.68 in chips)
Seat 4: TbIP-TbIP 88 ($77.76 in chips)
pokerjunk035: posts small blind $1
TbIP-TbIP 88: posts big blind $3
*** HOLE CARDS ***
pokerjunk035: raises $3 to $6
TbIP-TbIP 88: calls $3
*** FLOP *** [4d 8d 8c]
TbIP-TbIP 88: checks
pokerjunk035: bets $3
TbIP-TbIP 88: calls $3
*** TURN *** [4d 8d 8c] [Ks]
TbIP-TbIP 88: checks
pokerjunk035: checks
*** RIVER *** [4d 8d 8c Ks] [4s]
TbIP-TbIP 88: checks
pokerjunk035: checks
*** SHOW DOWN ***
TbIP-TbIP 88: shows [As 9s] (two pair, Eights and Fours)
pokerjunk035: mucks hand
TbIP-TbIP 88 collected $17.64 from pot
*** SUMMARY ***
Total pot $18 | Rake $0.36
Board [4d 8d 8c Ks 4s]
Seat 3: pokerjunk035 (button) (small blind) mucked
Seat 4: TbIP-TbIP 88 (big blind) showed [As 9s] and won ($17.64) with two pair, Eights and Fours


PokerStars Hand #144303323685:  Hold'em Limit ($3/$6 USD) - 2015/11/24 5:35:00 ET
Table 'Eurydike' 6-max Seat #3 is the button
Seat 3: pokerjunk035 ($160.18 in chips)
Seat 4: TbIP-TbIP 88 ($92.50 in chips)
pokerjunk035: posts small blind $1
TbIP-TbIP 88: posts big blind $3
*** HOLE CARDS ***
pokerjunk035: raises $3 to $6
TbIP-TbIP 88: calls $3
*** FLOP *** [Qh Ad Ac]
TbIP-TbIP 88: checks
pokerjunk035: bets $3
BelSv joins the table at seat #6
TbIP-TbIP 88: folds
Uncalled bet ($3) returned to pokerjunk035
pokerjunk035 collected $11.76 from pot
pokerjunk035: doesn't show hand
*** SUMMARY ***
Total pot $12 | Rake $0.24
Board [Qh Ad Ac]
Seat 3: pokerjunk035 (button) (small blind) collected ($11.76)
Seat 4: TbIP-TbIP 88 (big blind) folded on the Flop


PokerStars Hand #144303315592:  Hold'em Limit ($3/$6 USD) - 2015/11/24 5:34:41 ET
Table 'Eurydike' 6-max Seat #4 is the button
Seat 3: pokerjunk035 ($181.18 in chips)
Seat 4: TbIP-TbIP 88 ($72 in chips)
TbIP-TbIP 88: posts small blind $1
pokerjunk035: posts big blind $3
*** HOLE CARDS ***
TbIP-TbIP 88: raises $3 to $6
pokerjunk035: calls $3
*** FLOP *** [5d 4s Jd]
pokerjunk035: checks
TbIP-TbIP 88: bets $3
pokerjunk035: raises $3 to $6
TbIP-TbIP 88: raises $3 to $9
pokerjunk035: calls $3
*** TURN *** [5d 4s Jd] [Qc]
pokerjunk035: checks
TbIP-TbIP 88: checks
*** RIVER *** [5d 4s Jd Qc] [Kh]
pokerjunk035: checks
TbIP-TbIP 88: bets $6
Hi Im Alexey joins the table at seat #5
pokerjunk035: calls $6
*** SHOW DOWN ***
TbIP-TbIP 88: shows [9d Td] (a straight, Nine to King)
pokerjunk035: mucks hand
TbIP-TbIP 88 collected $41.50 from pot
*** SUMMARY ***
Total pot $42 | Rake $0.50
Board [5d 4s Jd Qc Kh]
Seat 3: pokerjunk035 (big blind) mucked
Seat 4: TbIP-TbIP 88 (button) (small blind) showed [9d Td] and won ($41.50) with a straight, Nine to King


PokerStars Hand #144303578336:  Hold'em Limit ($3/$6 USD) - 2015/11/24 5:45:04 ET
Table 'Eurydike' 6-max Seat #1 is the button
Seat 1: HAL9QQQ ($139.74 in chips)
Seat 3: pokerjunk035 ($263.10 in chips)
HAL9QQQ: posts small blind $1
pokerjunk035: posts big blind $3
*** HOLE CARDS ***
HAL9QQQ: raises $3 to $6
pokerjunk035: calls $3
*** FLOP *** [7s 6s 2c]
pokerjunk035: checks
HAL9QQQ: bets $3
pokerjunk035: raises $3 to $6
HAL9QQQ: calls $3
*** TURN *** [7s 6s 2c] [Qc]
pokerjunk035: checks
HAL9QQQ: checks
*** RIVER *** [7s 6s 2c Qc] [7d]
pokerjunk035: bets $6
HAL9QQQ: calls $6
*** SHOW DOWN ***
pokerjunk035: shows [Ks 6d] (two pair, Sevens and Sixes)
HAL9QQQ: mucks hand
pokerjunk035 collected $35.50 from pot
*** SUMMARY ***
Total pot $36 | Rake $0.50
Board [7s 6s 2c Qc 7d]
Seat 1: HAL9QQQ (button) (small blind) mucked
Seat 3: pokerjunk035 (big blind) showed [Ks 6d] and won ($35.50) with two pair, Sevens and Sixes


PokerStars Hand #144303861588:  Hold'em Limit ($3/$6 USD) - 2015/11/24 5:56:22 ET
Table 'Eurydike' 6-max Seat #3 is the button
Seat 1: korrnel ($107.10 in chips)
Seat 3: pokerjunk035 ($341.77 in chips)
pokerjunk035: posts small blind $1
korrnel: posts big blind $3
*** HOLE CARDS ***
pokerjunk035: folds
Uncalled bet ($2) returned to korrnel
korrnel collected $2 from pot
korrnel: doesn't show hand
*** SUMMARY ***
Total pot $2 | Rake $0
Seat 1: korrnel (big blind) collected ($2)
Seat 3: pokerjunk035 (button) (small blind) folded before Flop


PokerStars Hand #144303863799:  Hold'em Limit ($3/$6 USD) - 2015/11/24 5:56:28 ET
Table 'Eurydike' 6-max Seat #1 is the button
Seat 1: korrnel ($108.10 in chips)
Seat 3: pokerjunk035 ($340.77 in chips)
korrnel: posts small blind $1
pokerjunk035: posts big blind $3
*** HOLE CARDS ***
korrnel: raises $3 to $6
pokerjunk035: folds
Uncalled bet ($3) returned to korrnel
korrnel collected $6 from pot
korrnel: doesn't show hand
*** SUMMARY ***
Total pot $6 | Rake $0
Seat 1: korrnel (button) (small blind) collected ($6)
Seat 3: pokerjunk035 (big blind) folded before Flop


