PokerStars Hand #175369025425:  Hold'em Limit ($3/$6 USD) - 2017/09/08 10:53:07 ET
Table 'Eurysaces II' 6-max Seat #4 is the button
Seat 4: Agrotait ($39.76 in chips)
Seat 5: Titanic001 ($139.02 in chips)
Agrotait: posts small blind $1
Titanic001: posts big blind $3
*** HOLE CARDS ***
Agrotait: raises $3 to $6
Titanic001: calls $3
*** FLOP *** [3c Qc As]
csicsi83 joins the table at seat #3
Titanic001: checks
Agrotait: bets $3
Titanic001: calls $3
*** TURN *** [3c Qc As] [8c]
Titanic001: checks
Agrotait: bets $6
Titanic001: folds
Uncalled bet ($6) returned to Agrotait
Agrotait collected $17.64 from pot
Agrotait: doesn't show hand
*** SUMMARY ***
Total pot $18 | Rake $0.36
Board [3c Qc As 8c]
Seat 4: Agrotait (button) (small blind) collected ($17.64)
Seat 5: Titanic001 (big blind) folded on the Turn


PokerStars Hand #175369011632:  Hold'em Limit ($3/$6 USD) - 2017/09/08 10:52:44 ET
Table 'Eurysaces II' 6-max Seat #5 is the button
Seat 4: Agrotait ($54.76 in chips)
Seat 5: Titanic001 ($124.52 in chips)
Titanic001: posts small blind $1
Agrotait: posts big blind $3
*** HOLE CARDS ***
Titanic001: raises $3 to $6
Agrotait: calls $3
*** FLOP *** [8d Ah 2c]
Agrotait: checks
Titanic001: bets $3
Agrotait: calls $3
*** TURN *** [8d Ah 2c] [3c]
Agrotait: checks
Titanic001: checks
*** RIVER *** [8d Ah 2c 3c] [4s]
Agrotait: checks
Titanic001: bets $6
Agrotait: calls $6
*** SHOW DOWN ***
Titanic001: shows [4h 3h] (two pair, Fours and Threes)
Agrotait: mucks hand
Titanic001 collected $29.50 from pot
*** SUMMARY ***
Total pot $30 | Rake $0.50
Board [8d Ah 2c 3c 4s]
Seat 4: Agrotait (big blind) mucked
Seat 5: Titanic001 (button) (small blind) showed [4h 3h] and won ($29.50) with two pair, Fours and Threes


PokerStars Hand #175369005500:  Hold'em Limit ($3/$6 USD) - 2017/09/08 10:52:34 ET
Table 'Eurysaces II' 6-max Seat #4 is the button
Seat 4: Agrotait ($49 in chips)
Seat 5: Titanic001 ($130.52 in chips)
Agrotait: posts small blind $1
Titanic001: posts big blind $3
*** HOLE CARDS ***
Agrotait: raises $3 to $6
Titanic001: calls $3
*** FLOP *** [Tc 6d 9d]
Titanic001: checks
Agrotait: bets $3
Titanic001: folds
Uncalled bet ($3) returned to Agrotait
Agrotait collected $11.76 from pot
Agrotait: doesn't show hand
*** SUMMARY ***
Total pot $12 | Rake $0.24
Board [Tc 6d 9d]
Seat 4: Agrotait (button) (small blind) collected ($11.76)
Seat 5: Titanic001 (big blind) folded on the Flop


PokerStars Hand #175369073950:  Hold'em Limit ($3/$6 USD) - 2017/09/08 10:54:30 ET
Table 'Eurysaces II' 6-max Seat #5 is the button
Seat 4: Agrotait ($46.04 in chips)
Seat 5: Titanic001 ($131.66 in chips)
Titanic001: posts small blind $1
Agrotait: posts big blind $3
*** HOLE CARDS ***
Titanic001: raises $3 to $6
Agrotait: folds
Uncalled bet ($3) returned to Titanic001
Titanic001 collected $6 from pot
*** SUMMARY ***
Total pot $6 | Rake $0
Seat 4: Agrotait (big blind) folded before Flop
Seat 5: Titanic001 (button) (small blind) collected ($6)


PokerStars Hand #175369071092:  Hold'em Limit ($3/$6 USD) - 2017/09/08 10:54:25 ET
Table 'Eurysaces II' 6-max Seat #4 is the button
Seat 4: Agrotait ($47.04 in chips)
Seat 5: Titanic001 ($130.66 in chips)
Agrotait: posts small blind $1
Titanic001: posts big blind $3
*** HOLE CARDS ***
Agrotait: folds
Uncalled bet ($2) returned to Titanic001
Titanic001 collected $2 from pot
csicsi83 leaves the table
*** SUMMARY ***
Total pot $2 | Rake $0
Seat 4: Agrotait (button) (small blind) folded before Flop
Seat 5: Titanic001 (big blind) collected ($2)


PokerStars Hand #175369068287:  Hold'em Limit ($3/$6 USD) - 2017/09/08 10:54:20 ET
Table 'Eurysaces II' 6-max Seat #5 is the button
Seat 4: Agrotait ($46.04 in chips)
Seat 5: Titanic001 ($131.66 in chips)
Titanic001: posts small blind $1
Agrotait: posts big blind $3
*** HOLE CARDS ***
Titanic001: folds
Uncalled bet ($2) returned to Agrotait
Agrotait collected $2 from pot
Agrotait: doesn't show hand
*** SUMMARY ***
Total pot $2 | Rake $0
Seat 4: Agrotait (big blind) collected ($2)
Seat 5: Titanic001 (button) (small blind) folded before Flop


PokerStars Hand #175369063835:  Hold'em Limit ($3/$6 USD) - 2017/09/08 10:54:12 ET
Table 'Eurysaces II' 6-max Seat #4 is the button
Seat 4: Agrotait ($47.04 in chips)
Seat 5: Titanic001 ($130.66 in chips)
Agrotait: posts small blind $1
Titanic001: posts big blind $3
*** HOLE CARDS ***
Agrotait: folds
Uncalled bet ($2) returned to Titanic001
Titanic001 collected $2 from pot
*** SUMMARY ***
Total pot $2 | Rake $0
Seat 4: Agrotait (button) (small blind) folded before Flop
Seat 5: Titanic001 (big blind) collected ($2)


PokerStars Hand #175369060401:  Hold'em Limit ($3/$6 USD) - 2017/09/08 10:54:07 ET
Table 'Eurysaces II' 6-max Seat #5 is the button
Seat 4: Agrotait ($50.04 in chips)
Seat 5: Titanic001 ($127.66 in chips)
Titanic001: posts small blind $1
Agrotait: posts big blind $3
*** HOLE CARDS ***
Titanic001: raises $3 to $6
Agrotait: folds
Uncalled bet ($3) returned to Titanic001
Titanic001 collected $6 from pot
*** SUMMARY ***
Total pot $6 | Rake $0
Seat 4: Agrotait (big blind) folded before Flop
Seat 5: Titanic001 (button) (small blind) collected ($6)


PokerStars Hand #175369057446:  Hold'em Limit ($3/$6 USD) - 2017/09/08 10:54:01 ET
Table 'Eurysaces II' 6-max Seat #4 is the button
Seat 4: Agrotait ($47.04 in chips)
Seat 5: Titanic001 ($130.66 in chips)
Agrotait: posts small blind $1
Titanic001: posts big blind $3
*** HOLE CARDS ***
Agrotait: raises $3 to $6
Titanic001: folds
Uncalled bet ($3) returned to Agrotait
Agrotait collected $6 from pot
Agrotait: doesn't show hand
*** SUMMARY ***
Total pot $6 | Rake $0
Seat 4: Agrotait (button) (small blind) collected ($6)
Seat 5: Titanic001 (big blind) folded before Flop


PokerStars Hand #175369046885:  Hold'em Limit ($3/$6 USD) - 2017/09/08 10:53:44 ET
Table 'Eurysaces II' 6-max Seat #5 is the button
Seat 4: Agrotait ($38.40 in chips)
Seat 5: Titanic001 ($139.66 in chips)
Titanic001: posts small blind $1
Agrotait: posts big blind $3
*** HOLE CARDS ***
Titanic001: raises $3 to $6
Agrotait: raises $3 to $9
Titanic001: calls $3
*** FLOP *** [Jh 7h 8s]
Agrotait: checks
Titanic001: checks
*** TURN *** [Jh 7h 8s] [Ks]
Agrotait: bets $6
Titanic001: folds
Uncalled bet ($6) returned to Agrotait
Agrotait collected $17.64 from pot
Agrotait: doesn't show hand
*** SUMMARY ***
Total pot $18 | Rake $0.36
Board [Jh 7h 8s Ks]
Seat 4: Agrotait (big blind) collected ($17.64)
Seat 5: Titanic001 (button) (small blind) folded on the Turn


PokerStars Hand #175369044066:  Hold'em Limit ($3/$6 USD) - 2017/09/08 10:53:39 ET
Table 'Eurysaces II' 6-max Seat #4 is the button
Seat 4: Agrotait ($39.40 in chips)
Seat 5: Titanic001 ($138.66 in chips)
Agrotait: posts small blind $1
Titanic001: posts big blind $3
*** HOLE CARDS ***
Agrotait: folds
Uncalled bet ($2) returned to Titanic001
Titanic001 collected $2 from pot
*** SUMMARY ***
Total pot $2 | Rake $0
Seat 4: Agrotait (button) (small blind) folded before Flop
Seat 5: Titanic001 (big blind) collected ($2)


PokerStars Hand #175369035275:  Hold'em Limit ($3/$6 USD) - 2017/09/08 10:53:24 ET
Table 'Eurysaces II' 6-max Seat #5 is the button
Seat 4: Agrotait ($48.40 in chips)
Seat 5: Titanic001 ($130.02 in chips)
Titanic001: posts small blind $1
Agrotait: posts big blind $3
*** HOLE CARDS ***
Titanic001: raises $3 to $6
Agrotait: calls $3
*** FLOP *** [Jc As Qc]
Agrotait: checks
Titanic001: bets $3
Agrotait: calls $3
*** TURN *** [Jc As Qc] [Kc]
Agrotait: checks
Titanic001: bets $6
Agrotait: folds
Uncalled bet ($6) returned to Titanic001
Titanic001 collected $17.64 from pot
*** SUMMARY ***
Total pot $18 | Rake $0.36
Board [Jc As Qc Kc]
Seat 4: Agrotait (big blind) folded on the Turn
Seat 5: Titanic001 (button) (small blind) collected ($17.64)


PokerStars Hand #175369096199:  Hold'em Limit ($3/$6 USD) - 2017/09/08 10:55:08 ET
Table 'Eurysaces II' 6-max Seat #5 is the button
Seat 4: Agrotait ($34.80 in chips)
Seat 5: Titanic001 ($142.16 in chips)
Titanic001: posts small blind $1
Agrotait: posts big blind $3
*** HOLE CARDS ***
Titanic001: raises $3 to $6
Agrotait: calls $3
*** FLOP *** [Td 5s 7d]
Agrotait: checks
Titanic001: checks
*** TURN *** [Td 5s 7d] [As]
Agrotait: checks
Titanic001: bets $6
Agrotait: folds
Uncalled bet ($6) returned to Titanic001
Titanic001 collected $11.76 from pot
*** SUMMARY ***
Total pot $12 | Rake $0.24
Board [Td 5s 7d As]
Seat 4: Agrotait (big blind) folded on the Turn
Seat 5: Titanic001 (button) (small blind) collected ($11.76)


PokerStars Hand #175369088464:  Hold'em Limit ($3/$6 USD) - 2017/09/08 10:54:55 ET
Table 'Eurysaces II' 6-max Seat #4 is the button
Seat 4: Agrotait ($29.04 in chips)
Seat 5: Titanic001 ($148.16 in chips)
Agrotait: posts small blind $1
Titanic001: posts big blind $3
*** HOLE CARDS ***
Agrotait: raises $3 to $6
Titanic001: calls $3
*** FLOP *** [5d 2h Qh]
Titanic001: checks
Agrotait: bets $3
Titanic001: folds
Uncalled bet ($3) returned to Agrotait
Agrotait collected $11.76 from pot
Agrotait: doesn't show hand
*** SUMMARY ***
Total pot $12 | Rake $0.24
Board [5d 2h Qh]
Seat 4: Agrotait (button) (small blind) collected ($11.76)
Seat 5: Titanic001 (big blind) folded on the Flop


PokerStars Hand #175369085673:  Hold'em Limit ($3/$6 USD) - 2017/09/08 10:54:50 ET
Table 'Eurysaces II' 6-max Seat #5 is the button
Seat 4: Agrotait ($28.04 in chips)
Seat 5: Titanic001 ($149.16 in chips)
Titanic001: posts small blind $1
Agrotait: posts big blind $3
*** HOLE CARDS ***
Titanic001: folds
Uncalled bet ($2) returned to Agrotait
Agrotait collected $2 from pot
Agrotait: doesn't show hand
*** SUMMARY ***
Total pot $2 | Rake $0
Seat 4: Agrotait (big blind) collected ($2)
Seat 5: Titanic001 (button) (small blind) folded before Flop


PokerStars Hand #175369077234:  Hold'em Limit ($3/$6 USD) - 2017/09/08 10:54:35 ET
Table 'Eurysaces II' 6-max Seat #4 is the button
Seat 4: Agrotait ($43.04 in chips)
Seat 5: Titanic001 ($134.66 in chips)
Agrotait: posts small blind $1
Titanic001: posts big blind $3
*** HOLE CARDS ***
Agrotait: raises $3 to $6
Titanic001: calls $3
*** FLOP *** [7s 5s 7d]
Titanic001: checks
Agrotait: bets $3
Titanic001: calls $3
*** TURN *** [7s 5s 7d] [9h]
Titanic001: checks
Agrotait: checks
*** RIVER *** [7s 5s 7d 9h] [3c]
Titanic001: bets $6
Agrotait: calls $6
*** SHOW DOWN ***
Titanic001: shows [8d 9s] (two pair, Nines and Sevens)
Agrotait: mucks hand
Titanic001 collected $29.50 from pot
*** SUMMARY ***
Total pot $30 | Rake $0.50
Board [7s 5s 7d 9h 3c]
Seat 4: Agrotait (button) (small blind) mucked
Seat 5: Titanic001 (big blind) showed [8d 9s] and won ($29.50) with two pair, Nines and Sevens


PokerStars Hand #175369134808:  Hold'em Limit ($3/$6 USD) - 2017/09/08 10:56:24 ET
Table 'Eurysaces II' 6-max Seat #5 is the button
Seat 4: Agrotait ($27.56 in chips)
Seat 5: Titanic001 ($148.44 in chips)
Titanic001: posts small blind $1
Agrotait: posts big blind $3
*** HOLE CARDS ***
Titanic001: folds
Uncalled bet ($2) returned to Agrotait
Agrotait collected $2 from pot
Agrotait: doesn't show hand
*** SUMMARY ***
Total pot $2 | Rake $0
Seat 4: Agrotait (big blind) collected ($2)
Seat 5: Titanic001 (button) (small blind) folded before Flop


PokerStars Hand #175369128618:  Hold'em Limit ($3/$6 USD) - 2017/09/08 10:56:12 ET
Table 'Eurysaces II' 6-max Seat #4 is the button
Seat 4: Agrotait ($39.56 in chips)
Seat 5: Titanic001 ($136.92 in chips)
Agrotait: posts small blind $1
Titanic001: posts big blind $3
*** HOLE CARDS ***
Agrotait: raises $3 to $6
Titanic001: raises $3 to $9
Agrotait: calls $3
*** FLOP *** [7h 4c 6c]
Titanic001: bets $3
Agrotait: calls $3
*** TURN *** [7h 4c 6c] [7d]
Titanic001: bets $6
Agrotait: folds
Uncalled bet ($6) returned to Titanic001
Titanic001 collected $23.52 from pot
*** SUMMARY ***
Total pot $24 | Rake $0.48
Board [7h 4c 6c 7d]
Seat 4: Agrotait (button) (small blind) folded on the Turn
Seat 5: Titanic001 (big blind) collected ($23.52)


PokerStars Hand #175369125882:  Hold'em Limit ($3/$6 USD) - 2017/09/08 10:56:07 ET
Table 'Eurysaces II' 6-max Seat #5 is the button
Seat 4: Agrotait ($38.56 in chips)
Seat 5: Titanic001 ($137.92 in chips)
Titanic001: posts small blind $1
Agrotait: posts big blind $3
*** HOLE CARDS ***
Titanic001: folds
Uncalled bet ($2) returned to Agrotait
Agrotait collected $2 from pot
Agrotait: doesn't show hand
*** SUMMARY ***
Total pot $2 | Rake $0
Seat 4: Agrotait (big blind) collected ($2)
Seat 5: Titanic001 (button) (small blind) folded before Flop


PokerStars Hand #175369122704:  Hold'em Limit ($3/$6 USD) - 2017/09/08 10:56:00 ET
Table 'Eurysaces II' 6-max Seat #4 is the button
Seat 4: Agrotait ($35.56 in chips)
Seat 5: Titanic001 ($140.92 in chips)
Agrotait: posts small blind $1
Titanic001: posts big blind $3
*** HOLE CARDS ***
Agrotait: raises $3 to $6
Titanic001: folds
Uncalled bet ($3) returned to Agrotait
Agrotait collected $6 from pot
Agrotait: doesn't show hand
*** SUMMARY ***
Total pot $6 | Rake $0
Seat 4: Agrotait (button) (small blind) collected ($6)
Seat 5: Titanic001 (big blind) folded before Flop


PokerStars Hand #175369115468:  Hold'em Limit ($3/$6 USD) - 2017/09/08 10:55:46 ET
Table 'Eurysaces II' 6-max Seat #4 is the button
Seat 4: Agrotait ($35.56 in chips)
Seat 5: Titanic001 ($140.92 in chips)
Agrotait: posts small blind $1
Titanic001: posts big blind $3
*** HOLE CARDS ***
Agrotait: folds
Uncalled bet ($2) returned to Titanic001
Titanic001 collected $2 from pot
*** SUMMARY ***
Total pot $2 | Rake $0
Seat 4: Agrotait (button) (small blind) folded before Flop
Seat 5: Titanic001 (big blind) collected ($2)


PokerStars Hand #175369104521:  Hold'em Limit ($3/$6 USD) - 2017/09/08 10:55:24 ET
Table 'Eurysaces II' 6-max Seat #4 is the button
Seat 4: Agrotait ($28.80 in chips)
Seat 5: Titanic001 ($147.92 in chips)
Agrotait: posts small blind $1
Titanic001: posts big blind $3
*** HOLE CARDS ***
Agrotait: raises $3 to $6
Titanic001: calls $3
*** FLOP *** [9c 5d 4d]
Titanic001: checks
Agrotait: bets $3
Titanic001: folds
Uncalled bet ($3) returned to Agrotait
Agrotait collected $11.76 from pot
Agrotait: doesn't show hand
*** SUMMARY ***
Total pot $12 | Rake $0.24
Board [9c 5d 4d]
Seat 4: Agrotait (button) (small blind) collected ($11.76)
Seat 5: Titanic001 (big blind) folded on the Flop


PokerStars Hand #175369162404:  Hold'em Limit ($3/$6 USD) - 2017/09/08 10:57:19 ET
Table 'Eurysaces II' 6-max Seat #4 is the button
Seat 4: Agrotait ($60 in chips)
Seat 5: Titanic001 ($153.94 in chips)
Agrotait: posts small blind $1
Titanic001: posts big blind $3
*** HOLE CARDS ***
Agrotait: raises $3 to $6
Titanic001: calls $3
*** FLOP *** [4h 6s Th]
Titanic001: checks
Agrotait: bets $3
Titanic001: folds
Uncalled bet ($3) returned to Agrotait
Agrotait collected $11.76 from pot
Agrotait: doesn't show hand
*** SUMMARY ***
Total pot $12 | Rake $0.24
Board [4h 6s Th]
Seat 4: Agrotait (button) (small blind) collected ($11.76)
Seat 5: Titanic001 (big blind) folded on the Flop


PokerStars Hand #175369153301:  Hold'em Limit ($3/$6 USD) - 2017/09/08 10:57:01 ET
Table 'Eurysaces II' 6-max Seat #5 is the button
Seat 4: Agrotait ($39.08 in chips)
Seat 5: Titanic001 ($136.44 in chips)
Titanic001: posts small blind $1
Agrotait: posts big blind $3
*** HOLE CARDS ***
Titanic001: raises $3 to $6
Agrotait: raises $3 to $9
Titanic001: calls $3
*** FLOP *** [Ac 5s Js]
Agrotait: bets $3
Titanic001: calls $3
*** TURN *** [Ac 5s Js] [2c]
Agrotait: checks
Titanic001: bets $6
Agrotait: calls $6
*** RIVER *** [Ac 5s Js 2c] [Ad]
Agrotait: checks
Titanic001: bets $6
ChipsKoenig joins the table at seat #3
Agrotait: folds
Uncalled bet ($6) returned to Titanic001
Titanic001 collected $35.50 from pot
*** SUMMARY ***
Total pot $36 | Rake $0.50
Board [Ac 5s Js 2c Ad]
Seat 4: Agrotait (big blind) folded on the River
Seat 5: Titanic001 (button) (small blind) collected ($35.50)


PokerStars Hand #175369149577:  Hold'em Limit ($3/$6 USD) - 2017/09/08 10:56:53 ET
Table 'Eurysaces II' 6-max Seat #4 is the button
Seat 4: Agrotait ($40.08 in chips)
Seat 5: Titanic001 ($135.44 in chips)
Agrotait: posts small blind $1
Titanic001: posts big blind $3
*** HOLE CARDS ***
Agrotait: folds
Uncalled bet ($2) returned to Titanic001
Titanic001 collected $2 from pot
*** SUMMARY ***
Total pot $2 | Rake $0
Seat 4: Agrotait (button) (small blind) folded before Flop
Seat 5: Titanic001 (big blind) collected ($2)


PokerStars Hand #175369142608:  Hold'em Limit ($3/$6 USD) - 2017/09/08 10:56:40 ET
Table 'Eurysaces II' 6-max Seat #5 is the button
Seat 4: Agrotait ($34.32 in chips)
Seat 5: Titanic001 ($141.44 in chips)
Titanic001: posts small blind $1
Agrotait: posts big blind $3
*** HOLE CARDS ***
Titanic001: raises $3 to $6
Agrotait: calls $3
*** FLOP *** [Qc 4s Qh]
Agrotait: checks
Titanic001: checks
*** TURN *** [Qc 4s Qh] [2h]
Agrotait: bets $6
Titanic001: folds
Uncalled bet ($6) returned to Agrotait
Agrotait collected $11.76 from pot
Agrotait: doesn't show hand
*** SUMMARY ***
Total pot $12 | Rake $0.24
Board [Qc 4s Qh 2h]
Seat 4: Agrotait (big blind) collected ($11.76)
Seat 5: Titanic001 (button) (small blind) folded on the Turn


PokerStars Hand #175369137538:  Hold'em Limit ($3/$6 USD) - 2017/09/08 10:56:30 ET
Table 'Eurysaces II' 6-max Seat #4 is the button
Seat 4: Agrotait ($28.56 in chips)
Seat 5: Titanic001 ($147.44 in chips)
Agrotait: posts small blind $1
Titanic001: posts big blind $3
*** HOLE CARDS ***
Agrotait: raises $3 to $6
Titanic001: calls $3
*** FLOP *** [2s 2c Kh]
Titanic001: checks
Agrotait: bets $3
Titanic001: folds
Uncalled bet ($3) returned to Agrotait
Agrotait collected $11.76 from pot
Agrotait: doesn't show hand
*** SUMMARY ***
Total pot $12 | Rake $0.24
Board [2s 2c Kh]
Seat 4: Agrotait (button) (small blind) collected ($11.76)
Seat 5: Titanic001 (big blind) folded on the Flop


PokerStars Hand #175369197548:  Hold'em Limit ($3/$6 USD) - 2017/09/08 10:58:28 ET
Table 'Eurysaces II' 6-max Seat #3 is the button
Seat 3: ChipsKoenig ($223.14 in chips)
Seat 5: Titanic001 ($116.94 in chips)
ChipsKoenig: posts small blind $1
Titanic001: posts big blind $3
*** HOLE CARDS ***
ChipsKoenig: raises $3 to $6
Titanic001: calls $3
*** FLOP *** [7h Kh 6s]
Titanic001: checks
ChipsKoenig: bets $3
Titanic001: folds
Uncalled bet ($3) returned to ChipsKoenig
ChipsKoenig collected $11.76 from pot
*** SUMMARY ***
Total pot $12 | Rake $0.24
Board [7h Kh 6s]
Seat 3: ChipsKoenig (button) (small blind) collected ($11.76)
Seat 5: Titanic001 (big blind) folded on the Flop


PokerStars Hand #175369186483:  Hold'em Limit ($3/$6 USD) - 2017/09/08 10:58:06 ET
Table 'Eurysaces II' 6-max Seat #5 is the button
Seat 3: ChipsKoenig ($202.64 in chips)
Seat 5: Titanic001 ($137.94 in chips)
Titanic001: posts small blind $1
ChipsKoenig: posts big blind $3
*** HOLE CARDS ***
Titanic001: raises $3 to $6
ChipsKoenig: calls $3
*** FLOP *** [7c 4h Qc]
ChipsKoenig: checks
Titanic001: bets $3
ChipsKoenig: calls $3
*** TURN *** [7c 4h Qc] [7h]
ChipsKoenig: checks
Titanic001: checks
*** RIVER *** [7c 4h Qc 7h] [3s]
ChipsKoenig: bets $6
Titanic001: raises $6 to $12
ChipsKoenig: calls $6
*** SHOW DOWN ***
Titanic001: shows [Js Ks] (a pair of Sevens)
ChipsKoenig: shows [2c 2d] (two pair, Sevens and Deuces)
ChipsKoenig collected $41.50 from pot
*** SUMMARY ***
Total pot $42 | Rake $0.50
Board [7c 4h Qc 7h 3s]
Seat 3: ChipsKoenig (big blind) showed [2c 2d] and won ($41.50) with two pair, Sevens and Deuces
Seat 5: Titanic001 (button) (small blind) showed [Js Ks] and lost with a pair of Sevens


PokerStars Hand #175369179609:  Hold'em Limit ($3/$6 USD) - 2017/09/08 10:57:53 ET
Table 'Eurysaces II' 6-max Seat #3 is the button
Seat 3: ChipsKoenig ($194 in chips)
Seat 5: Titanic001 ($146.94 in chips)
ChipsKoenig: posts small blind $1
Agrotait: is sitting out
Titanic001: posts big blind $3
*** HOLE CARDS ***
csicsi83 joins the table at seat #6
ChipsKoenig: raises $3 to $6
Titanic001: calls $3
*** FLOP *** [2h Jh 7s]
Agrotait leaves the table
Titanic001: checks
ChipsKoenig: bets $3
Titanic001: calls $3
*** TURN *** [2h Jh 7s] [Qd]
Titanic001: checks
csicsi83 leaves the table
ChipsKoenig: bets $6
Titanic001: folds
Uncalled bet ($6) returned to ChipsKoenig
ChipsKoenig collected $17.64 from pot
*** SUMMARY ***
Total pot $18 | Rake $0.36
Board [2h Jh 7s Qd]
Seat 3: ChipsKoenig (button) (small blind) collected ($17.64)
Seat 5: Titanic001 (big blind) folded on the Turn


PokerStars Hand #175369222511:  Hold'em Limit ($3/$6 USD) - 2017/09/08 10:59:17 ET
Table 'Eurysaces II' 6-max Seat #5 is the button
Seat 3: ChipsKoenig ($206.90 in chips)
Seat 5: Titanic001 ($132.20 in chips)
Titanic001: posts small blind $1
ChipsKoenig: posts big blind $3
*** HOLE CARDS ***
Titanic001: folds
Uncalled bet ($2) returned to ChipsKoenig
ChipsKoenig collected $2 from pot
*** SUMMARY ***
Total pot $2 | Rake $0
Seat 3: ChipsKoenig (big blind) collected ($2)
Seat 5: Titanic001 (button) (small blind) folded before Flop


PokerStars Hand #175369219833:  Hold'em Limit ($3/$6 USD) - 2017/09/08 10:59:11 ET
Table 'Eurysaces II' 6-max Seat #3 is the button
Seat 3: ChipsKoenig ($203.90 in chips)
Seat 5: Titanic001 ($135.20 in chips)
ChipsKoenig: posts small blind $1
Titanic001: posts big blind $3
*** HOLE CARDS ***
ChipsKoenig: raises $3 to $6
Titanic001: folds
Uncalled bet ($3) returned to ChipsKoenig
ChipsKoenig collected $6 from pot
*** SUMMARY ***
Total pot $6 | Rake $0
Seat 3: ChipsKoenig (button) (small blind) collected ($6)
Seat 5: Titanic001 (big blind) folded before Flop


PokerStars Hand #175369215211:  Hold'em Limit ($3/$6 USD) - 2017/09/08 10:59:03 ET
Table 'Eurysaces II' 6-max Seat #5 is the button
Seat 3: ChipsKoenig ($209.90 in chips)
Seat 5: Titanic001 ($129.44 in chips)
Titanic001: posts small blind $1
ChipsKoenig: posts big blind $3
*** HOLE CARDS ***
Titanic001: raises $3 to $6
ChipsKoenig: calls $3
*** FLOP *** [Jd 6s Ks]
ChipsKoenig: checks
Titanic001: bets $3
ChipsKoenig: folds
Uncalled bet ($3) returned to Titanic001
Titanic001 collected $11.76 from pot
*** SUMMARY ***
Total pot $12 | Rake $0.24
Board [Jd 6s Ks]
Seat 3: ChipsKoenig (big blind) folded on the Flop
Seat 5: Titanic001 (button) (small blind) collected ($11.76)


PokerStars Hand #175369212827:  Hold'em Limit ($3/$6 USD) - 2017/09/08 10:58:58 ET
Table 'Eurysaces II' 6-max Seat #3 is the button
Seat 3: ChipsKoenig ($210.90 in chips)
Seat 5: Titanic001 ($128.44 in chips)
ChipsKoenig: posts small blind $1
Titanic001: posts big blind $3
*** HOLE CARDS ***
ChipsKoenig: folds
Uncalled bet ($2) returned to Titanic001
Titanic001 collected $2 from pot
*** SUMMARY ***
Total pot $2 | Rake $0
Seat 3: ChipsKoenig (button) (small blind) folded before Flop
Seat 5: Titanic001 (big blind) collected ($2)


PokerStars Hand #175369202755:  Hold'em Limit ($3/$6 USD) - 2017/09/08 10:58:38 ET
Table 'Eurysaces II' 6-max Seat #5 is the button
Seat 3: ChipsKoenig ($228.90 in chips)
Seat 5: Titanic001 ($110.94 in chips)
Titanic001: posts small blind $1
ChipsKoenig: posts big blind $3
*** HOLE CARDS ***
Titanic001: raises $3 to $6
ChipsKoenig: calls $3
*** FLOP *** [9c Qd 3h]
ChipsKoenig: checks
Titanic001: bets $3
ChipsKoenig: raises $3 to $6
Titanic001: calls $3
*** TURN *** [9c Qd 3h] [2c]
ChipsKoenig: bets $6
Titanic001: raises $6 to $12
ChipsKoenig: folds
Uncalled bet ($6) returned to Titanic001
Titanic001 collected $35.50 from pot
*** SUMMARY ***
Total pot $36 | Rake $0.50
Board [9c Qd 3h 2c]
Seat 3: ChipsKoenig (big blind) folded on the Turn
Seat 5: Titanic001 (button) (small blind) collected ($35.50)


PokerStars Hand #175369257149:  Hold'em Limit ($3/$6 USD) - 2017/09/08 11:00:24 ET
Table 'Eurysaces II' 6-max Seat #3 is the button
Seat 3: ChipsKoenig ($202.66 in chips)
Seat 5: Titanic001 ($135.84 in chips)
ChipsKoenig: posts small blind $1
Titanic001: posts big blind $3
*** HOLE CARDS ***
ChipsKoenig: folds
Uncalled bet ($2) returned to Titanic001
Titanic001 collected $2 from pot
*** SUMMARY ***
Total pot $2 | Rake $0
Seat 3: ChipsKoenig (button) (small blind) folded before Flop
Seat 5: Titanic001 (big blind) collected ($2)


PokerStars Hand #175369254487:  Hold'em Limit ($3/$6 USD) - 2017/09/08 11:00:19 ET
Table 'Eurysaces II' 6-max Seat #5 is the button
Seat 3: ChipsKoenig ($201.66 in chips)
Seat 5: Titanic001 ($136.84 in chips)
Titanic001: posts small blind $1
ChipsKoenig: posts big blind $3
*** HOLE CARDS ***
Titanic001: folds
Uncalled bet ($2) returned to ChipsKoenig
ChipsKoenig collected $2 from pot
*** SUMMARY ***
Total pot $2 | Rake $0
Seat 3: ChipsKoenig (big blind) collected ($2)
Seat 5: Titanic001 (button) (small blind) folded before Flop


PokerStars Hand #175369247893:  Hold'em Limit ($3/$6 USD) - 2017/09/08 11:00:07 ET
Table 'Eurysaces II' 6-max Seat #3 is the button
Seat 3: ChipsKoenig ($195.90 in chips)
Seat 5: Titanic001 ($142.84 in chips)
ChipsKoenig: posts small blind $1
Titanic001: posts big blind $3
*** HOLE CARDS ***
ChipsKoenig: raises $3 to $6
Titanic001: calls $3
*** FLOP *** [Kd 6d 6s]
Titanic001: checks
ChipsKoenig: bets $3
Titanic001: folds
Uncalled bet ($3) returned to ChipsKoenig
ChipsKoenig collected $11.76 from pot
*** SUMMARY ***
Total pot $12 | Rake $0.24
Board [Kd 6d 6s]
Seat 3: ChipsKoenig (button) (small blind) collected ($11.76)
Seat 5: Titanic001 (big blind) folded on the Flop


PokerStars Hand #175369245584:  Hold'em Limit ($3/$6 USD) - 2017/09/08 11:00:02 ET
Table 'Eurysaces II' 6-max Seat #5 is the button
Seat 3: ChipsKoenig ($194.90 in chips)
Seat 5: Titanic001 ($143.84 in chips)
Titanic001: posts small blind $1
ChipsKoenig: posts big blind $3
*** HOLE CARDS ***
Titanic001: folds
Uncalled bet ($2) returned to ChipsKoenig
ChipsKoenig collected $2 from pot
*** SUMMARY ***
Total pot $2 | Rake $0
Seat 3: ChipsKoenig (big blind) collected ($2)
Seat 5: Titanic001 (button) (small blind) folded before Flop


PokerStars Hand #175369243276:  Hold'em Limit ($3/$6 USD) - 2017/09/08 10:59:58 ET
Table 'Eurysaces II' 6-max Seat #3 is the button
Seat 3: ChipsKoenig ($195.90 in chips)
Seat 5: Titanic001 ($142.84 in chips)
ChipsKoenig: posts small blind $1
Titanic001: posts big blind $3
*** HOLE CARDS ***
ChipsKoenig: folds
Uncalled bet ($2) returned to Titanic001
Titanic001 collected $2 from pot
*** SUMMARY ***
Total pot $2 | Rake $0
Seat 3: ChipsKoenig (button) (small blind) folded before Flop
Seat 5: Titanic001 (big blind) collected ($2)


PokerStars Hand #175369239887:  Hold'em Limit ($3/$6 USD) - 2017/09/08 10:59:51 ET
Table 'Eurysaces II' 6-max Seat #5 is the button
Seat 3: ChipsKoenig ($198.90 in chips)
Seat 5: Titanic001 ($139.84 in chips)
Titanic001: posts small blind $1
ChipsKoenig: posts big blind $3
*** HOLE CARDS ***
Titanic001: raises $3 to $6
ChipsKoenig: folds
Uncalled bet ($3) returned to Titanic001
Titanic001 collected $6 from pot
*** SUMMARY ***
Total pot $6 | Rake $0
Seat 3: ChipsKoenig (big blind) folded before Flop
Seat 5: Titanic001 (button) (small blind) collected ($6)


PokerStars Hand #175369237376:  Hold'em Limit ($3/$6 USD) - 2017/09/08 10:59:46 ET
Table 'Eurysaces II' 6-max Seat #3 is the button
Seat 3: ChipsKoenig ($199.90 in chips)
Seat 5: Titanic001 ($138.84 in chips)
ChipsKoenig: posts small blind $1
Titanic001: posts big blind $3
*** HOLE CARDS ***
ChipsKoenig: folds
Uncalled bet ($2) returned to Titanic001
Titanic001 collected $2 from pot
*** SUMMARY ***
Total pot $2 | Rake $0
Seat 3: ChipsKoenig (button) (small blind) folded before Flop
Seat 5: Titanic001 (big blind) collected ($2)


PokerStars Hand #175369235127:  Hold'em Limit ($3/$6 USD) - 2017/09/08 10:59:41 ET
Table 'Eurysaces II' 6-max Seat #5 is the button
Seat 3: ChipsKoenig ($198.90 in chips)
Seat 5: Titanic001 ($139.84 in chips)
Titanic001: posts small blind $1
ChipsKoenig: posts big blind $3
*** HOLE CARDS ***
Titanic001: folds
Uncalled bet ($2) returned to ChipsKoenig
ChipsKoenig collected $2 from pot
*** SUMMARY ***
Total pot $2 | Rake $0
Seat 3: ChipsKoenig (big blind) collected ($2)
Seat 5: Titanic001 (button) (small blind) folded before Flop


PokerStars Hand #175369224919:  Hold'em Limit ($3/$6 USD) - 2017/09/08 10:59:21 ET
Table 'Eurysaces II' 6-max Seat #3 is the button
Seat 3: ChipsKoenig ($207.90 in chips)
Seat 5: Titanic001 ($131.20 in chips)
ChipsKoenig: posts small blind $1
Titanic001: posts big blind $3
*** HOLE CARDS ***
ChipsKoenig: raises $3 to $6
Titanic001: calls $3
*** FLOP *** [5d Qd 6s]
Titanic001: checks
ChipsKoenig: bets $3
Titanic001: calls $3
*** TURN *** [5d Qd 6s] [3h]
Titanic001: checks
ChipsKoenig: checks
*** RIVER *** [5d Qd 6s 3h] [8s]
Titanic001: bets $6
ChipsKoenig: folds
Uncalled bet ($6) returned to Titanic001
Titanic001 collected $17.64 from pot
*** SUMMARY ***
Total pot $18 | Rake $0.36
Board [5d Qd 6s 3h 8s]
Seat 3: ChipsKoenig (button) (small blind) folded on the River
Seat 5: Titanic001 (big blind) collected ($17.64)


PokerStars Hand #175369292823:  Hold'em Limit ($3/$6 USD) - 2017/09/08 11:01:30 ET
Table 'Eurysaces II' 6-max Seat #5 is the button
Seat 3: ChipsKoenig ($182.30 in chips)
Seat 5: Titanic001 ($155.10 in chips)
Titanic001: posts small blind $1
ChipsKoenig: posts big blind $3
*** HOLE CARDS ***
Titanic001: folds
Uncalled bet ($2) returned to ChipsKoenig
ChipsKoenig collected $2 from pot
*** SUMMARY ***
Total pot $2 | Rake $0
Seat 3: ChipsKoenig (big blind) collected ($2)
Seat 5: Titanic001 (button) (small blind) folded before Flop


PokerStars Hand #175369290260:  Hold'em Limit ($3/$6 USD) - 2017/09/08 11:01:25 ET
Table 'Eurysaces II' 6-max Seat #3 is the button
Seat 3: ChipsKoenig ($183.30 in chips)
Seat 5: Titanic001 ($154.10 in chips)
ChipsKoenig: posts small blind $1
Titanic001: posts big blind $3
*** HOLE CARDS ***
ChipsKoenig: folds
Uncalled bet ($2) returned to Titanic001
Titanic001 collected $2 from pot
*** SUMMARY ***
Total pot $2 | Rake $0
Seat 3: ChipsKoenig (button) (small blind) folded before Flop
Seat 5: Titanic001 (big blind) collected ($2)


PokerStars Hand #175369283482:  Hold'em Limit ($3/$6 USD) - 2017/09/08 11:01:13 ET
Table 'Eurysaces II' 6-max Seat #5 is the button
Seat 3: ChipsKoenig ($189.30 in chips)
Seat 5: Titanic001 ($148.34 in chips)
Titanic001: posts small blind $1
ChipsKoenig: posts big blind $3
*** HOLE CARDS ***
Titanic001: raises $3 to $6
ChipsKoenig: calls $3
*** FLOP *** [5h Qs Ad]
ChipsKoenig: checks
Titanic001: bets $3
ChipsKoenig: folds
Uncalled bet ($3) returned to Titanic001
Titanic001 collected $11.76 from pot
*** SUMMARY ***
Total pot $12 | Rake $0.24
Board [5h Qs Ad]
Seat 3: ChipsKoenig (big blind) folded on the Flop
Seat 5: Titanic001 (button) (small blind) collected ($11.76)


PokerStars Hand #175369280540:  Hold'em Limit ($3/$6 USD) - 2017/09/08 11:01:08 ET
Table 'Eurysaces II' 6-max Seat #3 is the button
Seat 3: ChipsKoenig ($190.30 in chips)
Seat 5: Titanic001 ($147.34 in chips)
ChipsKoenig: posts small blind $1
Titanic001: posts big blind $3
*** HOLE CARDS ***
ChipsKoenig: folds
Uncalled bet ($2) returned to Titanic001
Titanic001 collected $2 from pot
*** SUMMARY ***
Total pot $2 | Rake $0
Seat 3: ChipsKoenig (button) (small blind) folded before Flop
Seat 5: Titanic001 (big blind) collected ($2)


PokerStars Hand #175369278025:  Hold'em Limit ($3/$6 USD) - 2017/09/08 11:01:04 ET
Table 'Eurysaces II' 6-max Seat #5 is the button
Seat 3: ChipsKoenig ($189.30 in chips)
Seat 5: Titanic001 ($148.34 in chips)
Titanic001: posts small blind $1
ChipsKoenig: posts big blind $3
*** HOLE CARDS ***
Titanic001: folds
Uncalled bet ($2) returned to ChipsKoenig
ChipsKoenig collected $2 from pot
*** SUMMARY ***
Total pot $2 | Rake $0
Seat 3: ChipsKoenig (big blind) collected ($2)
Seat 5: Titanic001 (button) (small blind) folded before Flop


PokerStars Hand #175369271049:  Hold'em Limit ($3/$6 USD) - 2017/09/08 11:00:51 ET
Table 'Eurysaces II' 6-max Seat #3 is the button
Seat 3: ChipsKoenig ($180.66 in chips)
Seat 5: Titanic001 ($157.34 in chips)
ChipsKoenig: posts small blind $1
Titanic001: posts big blind $3
*** HOLE CARDS ***
ChipsKoenig: raises $3 to $6
Titanic001: calls $3
*** FLOP *** [3h Th 8s]
Titanic001: checks
ChipsKoenig: bets $3
Titanic001: calls $3
*** TURN *** [3h Th 8s] [Ts]
Titanic001: checks
ChipsKoenig: bets $6
Titanic001: folds
Uncalled bet ($6) returned to ChipsKoenig
ChipsKoenig collected $17.64 from pot
*** SUMMARY ***
Total pot $18 | Rake $0.36
Board [3h Th 8s Ts]
Seat 3: ChipsKoenig (button) (small blind) collected ($17.64)
Seat 5: Titanic001 (big blind) folded on the Turn


PokerStars Hand #175369259919:  Hold'em Limit ($3/$6 USD) - 2017/09/08 11:00:30 ET
Table 'Eurysaces II' 6-max Seat #5 is the button
Seat 3: ChipsKoenig ($201.66 in chips)
Seat 5: Titanic001 ($136.84 in chips)
Titanic001: posts small blind $1
ChipsKoenig: posts big blind $3
*** HOLE CARDS ***
Titanic001: raises $3 to $6
ChipsKoenig: calls $3
*** FLOP *** [8d 9d Ts]
ChipsKoenig: checks
Titanic001: bets $3
ChipsKoenig: calls $3
*** TURN *** [8d 9d Ts] [7h]
ChipsKoenig: checks
Titanic001: bets $6
ChipsKoenig: calls $6
*** RIVER *** [8d 9d Ts 7h] [Tc]
ChipsKoenig: checks
Titanic001: bets $6
ChipsKoenig: calls $6
*** SHOW DOWN ***
Titanic001: shows [Js Ks] (a straight, Seven to Jack)
ChipsKoenig: mucks hand
Titanic001 collected $41.50 from pot
*** SUMMARY ***
Total pot $42 | Rake $0.50
Board [8d 9d Ts 7h Tc]
Seat 3: ChipsKoenig (big blind) mucked
Seat 5: Titanic001 (button) (small blind) showed [Js Ks] and won ($41.50) with a straight, Seven to Jack


PokerStars Hand #175369320135:  Hold'em Limit ($3/$6 USD) - 2017/09/08 11:02:18 ET
Table 'Eurysaces II' 6-max Seat #5 is the button
Seat 3: ChipsKoenig ($187.94 in chips)
Seat 5: Titanic001 ($148.74 in chips)
Titanic001: posts small blind $1
ChipsKoenig: posts big blind $3
*** HOLE CARDS ***
Titanic001: raises $3 to $6
ChipsKoenig: calls $3
*** FLOP *** [7d 6d 6s]
ChipsKoenig: checks
Titanic001: bets $3
ChipsKoenig: calls $3
*** TURN *** [7d 6d 6s] [8s]
ChipsKoenig: checks
Titanic001: checks
*** RIVER *** [7d 6d 6s 8s] [Qs]
ChipsKoenig: bets $6
Titanic001: raises $6 to $12
ChipsKoenig: calls $6
*** SHOW DOWN ***
Titanic001: shows [Js 5s] (a flush, Queen high)
ChipsKoenig: mucks hand
Titanic001 collected $41.50 from pot
*** SUMMARY ***
Total pot $42 | Rake $0.50
Board [7d 6d 6s 8s Qs]
Seat 3: ChipsKoenig (big blind) mucked
Seat 5: Titanic001 (button) (small blind) showed [Js 5s] and won ($41.50) with a flush, Queen high


PokerStars Hand #175369316087:  Hold'em Limit ($3/$6 USD) - 2017/09/08 11:02:11 ET
Table 'Eurysaces II' 6-max Seat #3 is the button
Seat 3: ChipsKoenig ($184.94 in chips)
Seat 5: Titanic001 ($151.74 in chips)
ChipsKoenig: posts small blind $1
Titanic001: posts big blind $3
*** HOLE CARDS ***
ChipsKoenig: raises $3 to $6
Titanic001: folds
Uncalled bet ($3) returned to ChipsKoenig
ChipsKoenig collected $6 from pot
*** SUMMARY ***
Total pot $6 | Rake $0
Seat 3: ChipsKoenig (button) (small blind) collected ($6)
Seat 5: Titanic001 (big blind) folded before Flop


PokerStars Hand #175369313535:  Hold'em Limit ($3/$6 USD) - 2017/09/08 11:02:07 ET
Table 'Eurysaces II' 6-max Seat #5 is the button
Seat 3: ChipsKoenig ($183.94 in chips)
Seat 5: Titanic001 ($152.74 in chips)
Titanic001: posts small blind $1
ChipsKoenig: posts big blind $3
*** HOLE CARDS ***
Titanic001: folds
Uncalled bet ($2) returned to ChipsKoenig
ChipsKoenig collected $2 from pot
*** SUMMARY ***
Total pot $2 | Rake $0
Seat 3: ChipsKoenig (big blind) collected ($2)
Seat 5: Titanic001 (button) (small blind) folded before Flop


PokerStars Hand #175369304022:  Hold'em Limit ($3/$6 USD) - 2017/09/08 11:01:50 ET
Table 'Eurysaces II' 6-max Seat #3 is the button
Seat 3: ChipsKoenig ($175.30 in chips)
Seat 5: Titanic001 ($161.74 in chips)
ChipsKoenig: posts small blind $1
Titanic001: posts big blind $3
*** HOLE CARDS ***
ChipsKoenig: raises $3 to $6
Titanic001: calls $3
*** FLOP *** [8s Td 3h]
Titanic001: checks
ChipsKoenig: bets $3
Titanic001: calls $3
*** TURN *** [8s Td 3h] [As]
Titanic001: checks
ChipsKoenig: bets $6
Titanic001: folds
Uncalled bet ($6) returned to ChipsKoenig
ChipsKoenig collected $17.64 from pot
*** SUMMARY ***
Total pot $18 | Rake $0.36
Board [8s Td 3h As]
Seat 3: ChipsKoenig (button) (small blind) collected ($17.64)
Seat 5: Titanic001 (big blind) folded on the Turn


PokerStars Hand #175369301552:  Hold'em Limit ($3/$6 USD) - 2017/09/08 11:01:45 ET
Table 'Eurysaces II' 6-max Seat #5 is the button
Seat 3: ChipsKoenig ($174.30 in chips)
Seat 5: Titanic001 ($162.74 in chips)
Titanic001: posts small blind $1
ChipsKoenig: posts big blind $3
*** HOLE CARDS ***
Titanic001: folds
Uncalled bet ($2) returned to ChipsKoenig
ChipsKoenig collected $2 from pot
*** SUMMARY ***
Total pot $2 | Rake $0
Seat 3: ChipsKoenig (big blind) collected ($2)
Seat 5: Titanic001 (button) (small blind) folded before Flop


PokerStars Hand #175369295677:  Hold'em Limit ($3/$6 USD) - 2017/09/08 11:01:35 ET
Table 'Eurysaces II' 6-max Seat #3 is the button
Seat 3: ChipsKoenig ($183.30 in chips)
Seat 5: Titanic001 ($154.10 in chips)
ChipsKoenig: posts small blind $1
Titanic001: posts big blind $3
*** HOLE CARDS ***
ChipsKoenig: raises $3 to $6
Titanic001: raises $3 to $9
ChipsKoenig: calls $3
*** FLOP *** [5h Js Qc]
Titanic001: bets $3
ChipsKoenig: folds
Uncalled bet ($3) returned to Titanic001
Titanic001 collected $17.64 from pot
*** SUMMARY ***
Total pot $18 | Rake $0.36
Board [5h Js Qc]
Seat 3: ChipsKoenig (button) (small blind) folded on the Flop
Seat 5: Titanic001 (big blind) collected ($17.64)


PokerStars Hand #175369347765:  Hold'em Limit ($3/$6 USD) - 2017/09/08 11:03:05 ET
Table 'Eurysaces II' 6-max Seat #3 is the button
Seat 3: ChipsKoenig ($185.44 in chips)
Seat 5: Titanic001 ($150.24 in chips)
ChipsKoenig: posts small blind $1
Titanic001: posts big blind $3
*** HOLE CARDS ***
ChipsKoenig: raises $3 to $6
Titanic001: calls $3
*** FLOP *** [Kd 6c Ad]
Titanic001: checks
ChipsKoenig: bets $3
Titanic001: folds
Uncalled bet ($3) returned to ChipsKoenig
ChipsKoenig collected $11.76 from pot
dalton135 joins the table at seat #1
*** SUMMARY ***
Total pot $12 | Rake $0.24
Board [Kd 6c Ad]
Seat 3: ChipsKoenig (button) (small blind) collected ($11.76)
Seat 5: Titanic001 (big blind) folded on the Flop


PokerStars Hand #175369344762:  Hold'em Limit ($3/$6 USD) - 2017/09/08 11:03:00 ET
Table 'Eurysaces II' 6-max Seat #5 is the button
Seat 3: ChipsKoenig ($184.44 in chips)
Seat 5: Titanic001 ($151.24 in chips)
Titanic001: posts small blind $1
ChipsKoenig: posts big blind $3
*** HOLE CARDS ***
Titanic001: folds
Uncalled bet ($2) returned to ChipsKoenig
ChipsKoenig collected $2 from pot
*** SUMMARY ***
Total pot $2 | Rake $0
Seat 3: ChipsKoenig (big blind) collected ($2)
Seat 5: Titanic001 (button) (small blind) folded before Flop


PokerStars Hand #175369332237:  Hold'em Limit ($3/$6 USD) - 2017/09/08 11:02:39 ET
Table 'Eurysaces II' 6-max Seat #3 is the button
Seat 3: ChipsKoenig ($166.94 in chips)
Seat 5: Titanic001 ($169.24 in chips)
ChipsKoenig: posts small blind $1
Titanic001: posts big blind $3
*** HOLE CARDS ***
ChipsKoenig: raises $3 to $6
Titanic001: raises $3 to $9
ChipsKoenig: calls $3
*** FLOP *** [4c 6c 5s]
Titanic001: checks
ChipsKoenig: bets $3
Titanic001: calls $3
*** TURN *** [4c 6c 5s] [7c]
Titanic001: checks
ChipsKoenig: bets $6
Titanic001: calls $6
*** RIVER *** [4c 6c 5s 7c] [6h]
Titanic001: checks
ChipsKoenig: bets $6
Titanic001: folds
Uncalled bet ($6) returned to ChipsKoenig
ChipsKoenig collected $35.50 from pot
*** SUMMARY ***
Total pot $36 | Rake $0.50
Board [4c 6c 5s 7c 6h]
Seat 3: ChipsKoenig (button) (small blind) collected ($35.50)
Seat 5: Titanic001 (big blind) folded on the River


PokerStars Hand #175369551457:  Hold'em Limit ($3/$6 USD) - 2017/09/08 11:08:32 ET
Table 'Eurysaces II' 6-max Seat #5 is the button
Seat 3: ChipsKoenig ($283.10 in chips)
Seat 5: Titanic001 ($133.99 in chips)
Titanic001: posts small blind $1
csicsi83: is sitting out
ChipsKoenig: posts big blind $3
*** HOLE CARDS ***
Titanic001: raises $3 to $6
csicsi83 leaves the table
ChipsKoenig: calls $3
*** FLOP *** [3d Ad 8s]
ChipsKoenig: checks
Titanic001: bets $3
ChipsKoenig: calls $3
*** TURN *** [3d Ad 8s] [Qs]
ChipsKoenig: checks
Titanic001: bets $6
ChipsKoenig: raises $6 to $12
Titanic001: calls $6
*** RIVER *** [3d Ad 8s Qs] [4d]
ChipsKoenig: bets $6
Titanic001: folds
Uncalled bet ($6) returned to ChipsKoenig
ChipsKoenig collected $41.50 from pot
*** SUMMARY ***
Total pot $42 | Rake $0.50
Board [3d Ad 8s Qs 4d]
Seat 3: ChipsKoenig (big blind) collected ($41.50)
Seat 5: Titanic001 (button) (small blind) folded on the River


PokerStars Hand #175369564918:  Hold'em Limit ($3/$6 USD) - 2017/09/08 11:08:54 ET
Table 'Eurysaces II' 6-max Seat #3 is the button
Seat 3: ChipsKoenig ($303.60 in chips)
Seat 5: Titanic001 ($112.99 in chips)
ChipsKoenig: posts small blind $1
Titanic001: posts big blind $3
*** HOLE CARDS ***
ChipsKoenig: raises $3 to $6
Titanic001: raises $3 to $9
ChipsKoenig: calls $3
*** FLOP *** [Qs 7h Kc]
Titanic001: bets $3
ChipsKoenig: calls $3
*** TURN *** [Qs 7h Kc] [Jc]
Titanic001: bets $6
ChipsKoenig: raises $6 to $12
Titanic001: calls $6
*** RIVER *** [Qs 7h Kc Jc] [6c]
Titanic001: checks
ChipsKoenig: bets $6
Titanic001: calls $6
*** SHOW DOWN ***
ChipsKoenig: shows [Js Kh] (two pair, Kings and Jacks)
Titanic001: mucks hand
ChipsKoenig collected $59.50 from pot
*** SUMMARY ***
Total pot $60 | Rake $0.50
Board [Qs 7h Kc Jc 6c]
Seat 3: ChipsKoenig (button) (small blind) showed [Js Kh] and won ($59.50) with two pair, Kings and Jacks
Seat 5: Titanic001 (big blind) mucked


PokerStars Hand #175369579338:  Hold'em Limit ($3/$6 USD) - 2017/09/08 11:09:18 ET
Table 'Eurysaces II' 6-max Seat #5 is the button
Seat 3: ChipsKoenig ($333.10 in chips)
Seat 5: Titanic001 ($82.99 in chips)
Titanic001: posts small blind $1
ChipsKoenig: posts big blind $3
*** HOLE CARDS ***
Titanic001: folds
Uncalled bet ($2) returned to ChipsKoenig
ChipsKoenig collected $2 from pot
*** SUMMARY ***
Total pot $2 | Rake $0
Seat 3: ChipsKoenig (big blind) collected ($2)
Seat 5: Titanic001 (button) (small blind) folded before Flop


PokerStars Hand #175369594069:  Hold'em Limit ($3/$6 USD) - 2017/09/08 11:09:43 ET
Table 'Eurysaces II' 6-max Seat #5 is the button
Seat 3: ChipsKoenig ($333.85 in chips)
Seat 5: Titanic001 ($81.74 in chips)
Titanic001: posts small blind $1
ChipsKoenig: posts big blind $3
*** HOLE CARDS ***
Titanic001: folds
Uncalled bet ($2) returned to ChipsKoenig
ChipsKoenig collected $2 from pot
*** SUMMARY ***
Total pot $2 | Rake $0
Seat 3: ChipsKoenig (big blind) collected ($2)
Seat 5: Titanic001 (button) (small blind) folded before Flop


PokerStars Hand #175369582257:  Hold'em Limit ($3/$6 USD) - 2017/09/08 11:09:23 ET
Table 'Eurysaces II' 6-max Seat #3 is the button
Seat 3: ChipsKoenig ($334.10 in chips)
Seat 5: Titanic001 ($81.99 in chips)
ChipsKoenig: posts small blind $1
Titanic001: posts big blind $3
*** HOLE CARDS ***
ChipsKoenig: raises $3 to $6
Titanic001: calls $3
*** FLOP *** [Jh Qs 6s]
Titanic001: checks
ChipsKoenig: bets $3
Titanic001: raises $3 to $6
ChipsKoenig: calls $3
*** TURN *** [Jh Qs 6s] [Ts]
Titanic001: bets $6
ChipsKoenig: calls $6
*** RIVER *** [Jh Qs 6s Ts] [9s]
Titanic001: bets $6
ChipsKoenig: calls $6
*** SHOW DOWN ***
Titanic001: shows [Qh 2c] (a pair of Queens)
ChipsKoenig: shows [Qd 7h] (a pair of Queens)
Titanic001 collected $23.75 from pot
ChipsKoenig collected $23.75 from pot
*** SUMMARY ***
Total pot $48 | Rake $0.50
Board [Jh Qs 6s Ts 9s]
Seat 3: ChipsKoenig (button) (small blind) showed [Qd 7h] and won ($23.75) with a pair of Queens
Seat 5: Titanic001 (big blind) showed [Qh 2c] and won ($23.75) with a pair of Queens


PokerStars Hand #175369607781:  Hold'em Limit ($3/$6 USD) - 2017/09/08 11:10:06 ET
Table 'Eurysaces II' 6-max Seat #5 is the button
Seat 3: ChipsKoenig ($343.49 in chips)
Seat 5: Titanic001 ($71.74 in chips)
Titanic001: posts small blind $1
ChipsKoenig: posts big blind $3
*** HOLE CARDS ***
Titanic001: folds
Uncalled bet ($2) returned to ChipsKoenig
ChipsKoenig collected $2 from pot
*** SUMMARY ***
Total pot $2 | Rake $0
Seat 3: ChipsKoenig (big blind) collected ($2)
Seat 5: Titanic001 (button) (small blind) folded before Flop


PokerStars Hand #175369596869:  Hold'em Limit ($3/$6 USD) - 2017/09/08 11:09:48 ET
Table 'Eurysaces II' 6-max Seat #3 is the button
Seat 3: ChipsKoenig ($334.85 in chips)
Seat 5: Titanic001 ($80.74 in chips)
ChipsKoenig: posts small blind $1
Titanic001: posts big blind $3
*** HOLE CARDS ***
ChipsKoenig: raises $3 to $6
Titanic001: calls $3
*** FLOP *** [9s 9h 5h]
Titanic001: checks
ChipsKoenig: bets $3
Titanic001: calls $3
*** TURN *** [9s 9h 5h] [3h]
Titanic001: checks
ChipsKoenig: checks
*** RIVER *** [9s 9h 5h 3h] [Qd]
Titanic001: checks
ChipsKoenig: checks
*** SHOW DOWN ***
Titanic001: shows [2d As] (a pair of Nines)
ChipsKoenig: shows [Jd Ad] (a pair of Nines - Ace+Queen+Jack kicker)
ChipsKoenig collected $17.64 from pot
*** SUMMARY ***
Total pot $18 | Rake $0.36
Board [9s 9h 5h 3h Qd]
Seat 3: ChipsKoenig (button) (small blind) showed [Jd Ad] and won ($17.64) with a pair of Nines
Seat 5: Titanic001 (big blind) showed [2d As] and lost with a pair of Nines


PokerStars Hand #175369610580:  Hold'em Limit ($3/$6 USD) - 2017/09/08 11:10:11 ET
Table 'Eurysaces II' 6-max Seat #3 is the button
Seat 3: ChipsKoenig ($344.49 in chips)
Seat 5: Titanic001 ($70.74 in chips)
ChipsKoenig: posts small blind $1
Titanic001: posts big blind $3
*** HOLE CARDS ***
ChipsKoenig: raises $3 to $6
Titanic001: raises $3 to $9
ChipsKoenig: calls $3
*** FLOP *** [Ad Td 6d]
LaffLoud joins the table at seat #6
Titanic001: bets $3
ChipsKoenig: calls $3
*** TURN *** [Ad Td 6d] [Th]
Titanic001: bets $6
ChipsKoenig: folds
Uncalled bet ($6) returned to Titanic001
Titanic001 collected $23.52 from pot
*** SUMMARY ***
Total pot $24 | Rake $0.48
Board [Ad Td 6d Th]
Seat 3: ChipsKoenig (button) (small blind) folded on the Turn
Seat 5: Titanic001 (big blind) collected ($23.52)


PokerStars Hand #175371510235:  Hold'em Limit ($3/$6 USD) - 2017/09/08 12:02:25 ET
Table 'Eurysaces II' 6-max Seat #4 is the button
Seat 1: bubsski ($117.10 in chips)
Seat 4: juustmuckit1 ($116.51 in chips)
juustmuckit1: posts small blind $1
bubsski: posts big blind $3
*** HOLE CARDS ***
juustmuckit1: folds
Uncalled bet ($2) returned to bubsski
bubsski collected $2 from pot
bubsski: doesn't show hand
*** SUMMARY ***
Total pot $2 | Rake $0
Seat 1: bubsski (big blind) collected ($2)
Seat 4: juustmuckit1 (button) (small blind) folded before Flop


PokerStars Hand #175371489618:  Hold'em Limit ($3/$6 USD) - 2017/09/08 12:01:56 ET
Table 'Eurysaces II' 6-max Seat #4 is the button
Seat 1: bubsski ($114.46 in chips)
Seat 4: juustmuckit1 ($119.75 in chips)
juustmuckit1: posts small blind $1
bubsski: posts big blind $3
*** HOLE CARDS ***
juustmuckit1: calls $2
bubsski: checks
*** FLOP *** [3d 5c Jd]
bubsski: checks
juustmuckit1: bets $3
bubsski: calls $3
*** TURN *** [3d 5c Jd] [7c]
bubsski: checks
juustmuckit1: bets $6
vestimokrec joins the table at seat #5
bubsski: folds
Uncalled bet ($6) returned to juustmuckit1
juustmuckit1 collected $11.76 from pot
*** SUMMARY ***
Total pot $12 | Rake $0.24
Board [3d 5c Jd 7c]
Seat 1: bubsski (big blind) folded on the Turn
Seat 4: juustmuckit1 (button) (small blind) collected ($11.76)


PokerStars Hand #175371477287:  Hold'em Limit ($3/$6 USD) - 2017/09/08 12:01:38 ET
Table 'Eurysaces II' 6-max Seat #1 is the button
Seat 1: bubsski ($114.71 in chips)
Seat 4: juustmuckit1 ($120 in chips)
bubsski: posts small blind $1
juustmuckit1: posts big blind $3
*** HOLE CARDS ***
bubsski: raises $3 to $6
juustmuckit1: calls $3
*** FLOP *** [5c 4s 3s]
juustmuckit1: checks
bubsski: bets $3
aleks_4ym leaves the table
juustmuckit1: raises $3 to $6
vestimokrec leaves the table
bubsski: calls $3
*** TURN *** [5c 4s 3s] [7s]
juustmuckit1: bets $6
bubsski: calls $6
*** RIVER *** [5c 4s 3s 7s] [5s]
juustmuckit1: bets $6
bubsski: calls $6
*** SHOW DOWN ***
juustmuckit1: shows [Ac 8c] (a pair of Fives)
bubsski: shows [8h Ad] (a pair of Fives)
juustmuckit1 collected $23.75 from pot
bubsski collected $23.75 from pot
*** SUMMARY ***
Total pot $48 | Rake $0.50
Board [5c 4s 3s 7s 5s]
Seat 1: bubsski (button) (small blind) showed [8h Ad] and won ($23.75) with a pair of Fives
Seat 4: juustmuckit1 (big blind) showed [Ac 8c] and won ($23.75) with a pair of Fives


PokerStars Hand #175371500734:  Hold'em Limit ($3/$6 USD) - 2017/09/08 12:02:12 ET
Table 'Eurysaces II' 6-max Seat #1 is the button
Seat 1: bubsski ($108.46 in chips)
Seat 4: juustmuckit1 ($125.51 in chips)
bubsski: posts small blind $1
juustmuckit1: posts big blind $3
*** HOLE CARDS ***
bubsski: raises $3 to $6
juustmuckit1: calls $3
*** FLOP *** [5s Tc 9s]
juustmuckit1: checks
bubsski: bets $3
juustmuckit1: calls $3
*** TURN *** [5s Tc 9s] [Jc]
juustmuckit1: checks
bubsski: checks
*** RIVER *** [5s Tc 9s Jc] [9h]
juustmuckit1: checks
bubsski: checks
*** SHOW DOWN ***
juustmuckit1: shows [Qc 2c] (a pair of Nines)
bubsski: shows [Kc As] (a pair of Nines - Ace kicker)
bubsski collected $17.64 from pot
*** SUMMARY ***
Total pot $18 | Rake $0.36
Board [5s Tc 9s Jc 9h]
Seat 1: bubsski (button) (small blind) showed [Kc As] and won ($17.64) with a pair of Nines
Seat 4: juustmuckit1 (big blind) showed [Qc 2c] and lost with a pair of Nines


PokerStars Hand #175371513926:  Hold'em Limit ($3/$6 USD) - 2017/09/08 12:02:30 ET
Table 'Eurysaces II' 6-max Seat #1 is the button
Seat 1: bubsski ($118.10 in chips)
Seat 4: juustmuckit1 ($115.51 in chips)
bubsski: posts small blind $1
juustmuckit1: posts big blind $3
*** HOLE CARDS ***
bubsski: raises $3 to $6
juustmuckit1: calls $3
*** FLOP *** [8s 7h Jd]
juustmuckit1: checks
bubsski: bets $3
juustmuckit1: calls $3
*** TURN *** [8s 7h Jd] [8c]
juustmuckit1: checks
bubsski: checks
*** RIVER *** [8s 7h Jd 8c] [9d]
juustmuckit1: checks
bubsski: checks
*** SHOW DOWN ***
juustmuckit1: shows [6s Ks] (a pair of Eights)
bubsski: shows [4c 7c] (two pair, Eights and Sevens)
bubsski collected $17.64 from pot
*** SUMMARY ***
Total pot $18 | Rake $0.36
Board [8s 7h Jd 8c 9d]
Seat 1: bubsski (button) (small blind) showed [4c 7c] and won ($17.64) with two pair, Eights and Sevens
Seat 4: juustmuckit1 (big blind) showed [6s Ks] and lost with a pair of Eights


PokerStars Hand #175371529645:  Hold'em Limit ($3/$6 USD) - 2017/09/08 12:02:52 ET
Table 'Eurysaces II' 6-max Seat #1 is the button
Seat 1: bubsski ($123.74 in chips)
Seat 4: juustmuckit1 ($109.51 in chips)
bubsski: posts small blind $1
juustmuckit1: posts big blind $3
*** HOLE CARDS ***
bubsski: raises $3 to $6
juustmuckit1: calls $3
*** FLOP *** [Ac Ah 7c]
juustmuckit1: checks
bubsski: checks
*** TURN *** [Ac Ah 7c] [4s]
juustmuckit1: checks
bubsski: bets $6
juustmuckit1: folds
Uncalled bet ($6) returned to bubsski
bubsski collected $11.76 from pot
bubsski: doesn't show hand
*** SUMMARY ***
Total pot $12 | Rake $0.24
Board [Ac Ah 7c 4s]
Seat 1: bubsski (button) (small blind) collected ($11.76)
Seat 4: juustmuckit1 (big blind) folded on the Turn


PokerStars Hand #175371539147:  Hold'em Limit ($3/$6 USD) - 2017/09/08 12:03:05 ET
Table 'Eurysaces II' 6-max Seat #4 is the button
Seat 1: bubsski ($129.50 in chips)
Seat 4: juustmuckit1 ($103.51 in chips)
juustmuckit1: posts small blind $1
bubsski: posts big blind $3
*** HOLE CARDS ***
juustmuckit1: folds
Uncalled bet ($2) returned to bubsski
bubsski collected $2 from pot
bubsski: doesn't show hand
*** SUMMARY ***
Total pot $2 | Rake $0
Seat 1: bubsski (big blind) collected ($2)
Seat 4: juustmuckit1 (button) (small blind) folded before Flop


PokerStars Hand #175371525322:  Hold'em Limit ($3/$6 USD) - 2017/09/08 12:02:46 ET
Table 'Eurysaces II' 6-max Seat #4 is the button
Seat 1: bubsski ($126.74 in chips)
Seat 4: juustmuckit1 ($106.51 in chips)
juustmuckit1: posts small blind $1
bubsski: posts big blind $3
*** HOLE CARDS ***
juustmuckit1: raises $3 to $6
bubsski: folds
Uncalled bet ($3) returned to juustmuckit1
juustmuckit1 collected $6 from pot
*** SUMMARY ***
Total pot $6 | Rake $0
Seat 1: bubsski (big blind) folded before Flop
Seat 4: juustmuckit1 (button) (small blind) collected ($6)


PokerStars Hand #175371542723:  Hold'em Limit ($3/$6 USD) - 2017/09/08 12:03:10 ET
Table 'Eurysaces II' 6-max Seat #1 is the button
Seat 1: bubsski ($130.50 in chips)
Seat 4: juustmuckit1 ($102.51 in chips)
bubsski: posts small blind $1
juustmuckit1: posts big blind $3
*** HOLE CARDS ***
bubsski: raises $3 to $6
juustmuckit1: calls $3
*** FLOP *** [Qc Qs 3c]
juustmuckit1: checks
bubsski: bets $3
juustmuckit1: folds
Uncalled bet ($3) returned to bubsski
bubsski collected $11.76 from pot
bubsski: doesn't show hand
*** SUMMARY ***
Total pot $12 | Rake $0.24
Board [Qc Qs 3c]
Seat 1: bubsski (button) (small blind) collected ($11.76)
Seat 4: juustmuckit1 (big blind) folded on the Flop


PokerStars Hand #175378111052:  Hold'em Limit ($3/$6 USD) - 2017/09/08 14:36:45 ET
Table 'Eurysaces II' 6-max Seat #1 is the button
Seat 1: ToDaFelt ($186.25 in chips)
Seat 6: mytuter ($47 in chips)
ToDaFelt: posts small blind $1
krossguard: is sitting out
vestimokrec: is sitting out
mytuter: posts big blind $3
*** HOLE CARDS ***
ToDaFelt: folds
Uncalled bet ($2) returned to mytuter
mytuter collected $2 from pot
mytuter: doesn't show hand
*** SUMMARY ***
Total pot $2 | Rake $0
Seat 1: ToDaFelt (button) (small blind) folded before Flop
Seat 6: mytuter (big blind) collected ($2)


PokerStars Hand #175378115715:  Hold'em Limit ($3/$6 USD) - 2017/09/08 14:36:51 ET
Table 'Eurysaces II' 6-max Seat #6 is the button
Seat 1: ToDaFelt ($185.25 in chips)
Seat 6: mytuter ($48 in chips)
mytuter: posts small blind $1
ToDaFelt: posts big blind $3
*** HOLE CARDS ***
mytuter: raises $3 to $6
ToDaFelt: calls $3
*** FLOP *** [Qc Js Ts]
gigouli55 joins the table at seat #2
ToDaFelt: checks
mytuter: bets $3
ToDaFelt: calls $3
*** TURN *** [Qc Js Ts] [7s]
ToDaFelt: checks
mytuter: checks
*** RIVER *** [Qc Js Ts 7s] [9d]
ToDaFelt: bets $6
mytuter: raises $6 to $12
ToDaFelt: calls $6
*** SHOW DOWN ***
mytuter: shows [Kd 8s] (a straight, Nine to King)
ToDaFelt: shows [7d Ks] (a straight, Nine to King)
ToDaFelt collected $20.75 from pot
mytuter collected $20.75 from pot
*** SUMMARY ***
Total pot $42 | Rake $0.50
Board [Qc Js Ts 7s 9d]
Seat 1: ToDaFelt (big blind) showed [7d Ks] and won ($20.75) with a straight, Nine to King
Seat 6: mytuter (button) (small blind) showed [Kd 8s] and won ($20.75) with a straight, Nine to King


PokerStars Hand #175388710412:  Hold'em Limit ($3/$6 USD) - 2017/09/08 18:22:57 ET
Table 'Eurysaces II' 6-max Seat #4 is the button
Seat 2: favete lin ($156.94 in chips)
Seat 4: Smaska ($569.86 in chips)
Smaska: posts small blind $1
Larooo: is sitting out
favete lin: posts big blind $3
*** HOLE CARDS ***
Smaska: raises $3 to $6
favete lin: calls $3
*** FLOP *** [6d 5h 9d]
Larooo leaves the table
favete lin: checks
Smaska: bets $3
favete lin: calls $3
*** TURN *** [6d 5h 9d] [2d]
favete lin: checks
Smaska: bets $6
favete lin: folds
Uncalled bet ($6) returned to Smaska
Smaska collected $17.64 from pot
Smaska: doesn't show hand
*** SUMMARY ***
Total pot $18 | Rake $0.36
Board [6d 5h 9d 2d]
Seat 2: favete lin (big blind) folded on the Turn
Seat 4: Smaska (button) (small blind) collected ($17.64)


PokerStars Hand #175388737603:  Hold'em Limit ($3/$6 USD) - 2017/09/08 18:23:35 ET
Table 'Eurysaces II' 6-max Seat #2 is the button
Seat 2: favete lin ($147.94 in chips)
Seat 4: Smaska ($578.50 in chips)
favete lin: posts small blind $1
Smaska: posts big blind $3
*** HOLE CARDS ***
favete lin: raises $3 to $6
Smaska: calls $3
*** FLOP *** [4d 8s 8c]
Smaska: checks
Mr_steals is disconnected
favete lin: bets $3
Smaska: raises $3 to $6
favete lin: calls $3
*** TURN *** [4d 8s 8c] [4c]
Smaska: bets $6
denn69 joins the table at seat #3
favete lin: calls $6
*** RIVER *** [4d 8s 8c 4c] [Tc]
Smaska: bets $6
favete lin: folds
Uncalled bet ($6) returned to Smaska
Smaska collected $35.50 from pot
Smaska: doesn't show hand
*** SUMMARY ***
Total pot $36 | Rake $0.50
Board [4d 8s 8c 4c Tc]
Seat 2: favete lin (button) (small blind) folded on the River
Seat 4: Smaska (big blind) collected ($35.50)


PokerStars Hand #175388767044:  Hold'em Limit ($3/$6 USD) - 2017/09/08 18:24:17 ET
Table 'Eurysaces II' 6-max Seat #4 is the button
Seat 2: favete lin ($129.94 in chips)
Seat 4: Smaska ($596 in chips)
Smaska: posts small blind $1
favete lin: posts big blind $3
*** HOLE CARDS ***
Smaska: folds
Uncalled bet ($2) returned to favete lin
favete lin collected $2 from pot
favete lin: doesn't show hand
*** SUMMARY ***
Total pot $2 | Rake $0
Seat 2: favete lin (big blind) collected ($2)
Seat 4: Smaska (button) (small blind) folded before Flop


