PokerStars Hand #156753024007:  Hold'em Limit ($3/$6 USD) - 2016/08/01 23:41:17 ET
Table 'Eurypylos' 10-max Seat #6 is the button
Seat 6: shushlo ($72 in chips)
Seat 7: Airbag999 ($115.79 in chips)
shushlo: posts small blind $1
Airbag999: posts big blind $3
*** HOLE CARDS ***
shushlo: raises $3 to $6
Airbag999: calls $3
*** FLOP *** [Ah Js 3s]
Airbag999: checks
shushlo: bets $3
Airbag999: folds
Uncalled bet ($3) returned to shushlo
shushlo collected $11.76 from pot
shushlo: doesn't show hand
*** SUMMARY ***
Total pot $12 | Rake $0.24
Board [Ah Js 3s]
Seat 6: shushlo (button) (small blind) collected ($11.76)
Seat 7: Airbag999 (big blind) folded on the Flop


PokerStars Hand #156753051987:  Hold'em Limit ($3/$6 USD) - 2016/08/01 23:42:57 ET
Table 'Eurypylos' 10-max Seat #6 is the button
Seat 6: shushlo ($89.28 in chips)
Seat 7: Airbag999 ($97.79 in chips)
shushlo: posts small blind $1
Airbag999: posts big blind $3
*** HOLE CARDS ***
shushlo: raises $3 to $6
Airbag999: calls $3
*** FLOP *** [Ad Kh 3s]
Airbag999: checks
shushlo: bets $3
Airbag999: calls $3
*** TURN *** [Ad Kh 3s] [Kd]
Airbag999: checks
shushlo: checks
*** RIVER *** [Ad Kh 3s Kd] [7h]
Airbag999: checks
shushlo: checks
*** SHOW DOWN ***
Airbag999: shows [5d 5c] (two pair, Kings and Fives)
shushlo: mucks hand
Airbag999 collected $17.64 from pot
*** SUMMARY ***
Total pot $18 | Rake $0.36
Board [Ad Kh 3s Kd 7h]
Seat 6: shushlo (button) (small blind) mucked
Seat 7: Airbag999 (big blind) showed [5d 5c] and won ($17.64) with two pair, Kings and Fives


PokerStars Hand #156759589306:  Hold'em Limit ($3/$6 USD) - 2016/08/02 6:09:07 ET
Table 'Eurypylos' 10-max Seat #5 is the button
Seat 5: shushlo ($73.64 in chips)
Seat 6: Great_Kang ($126.76 in chips)
shushlo: posts small blind $1
Great_Kang: posts big blind $3
*** HOLE CARDS ***
shushlo: folds
Uncalled bet ($2) returned to Great_Kang
Great_Kang collected $2 from pot
Great_Kang: doesn't show hand
*** SUMMARY ***
Total pot $2 | Rake $0
Seat 5: shushlo (button) (small blind) folded before Flop
Seat 6: Great_Kang (big blind) collected ($2)


PokerStars Hand #156759582554:  Hold'em Limit ($3/$6 USD) - 2016/08/02 6:08:49 ET
Table 'Eurypylos' 10-max Seat #6 is the button
Seat 5: shushlo ($79.64 in chips)
Seat 6: Great_Kang ($121 in chips)
Great_Kang: posts small blind $1
shushlo: posts big blind $3
*** HOLE CARDS ***
Great_Kang: raises $3 to $6
shushlo: calls $3
*** FLOP *** [3c 5d Kd]
shushlo: checks
Great_Kang: bets $3
shushlo: folds
Uncalled bet ($3) returned to Great_Kang
Great_Kang collected $11.76 from pot
Great_Kang: doesn't show hand
*** SUMMARY ***
Total pot $12 | Rake $0.24
Board [3c 5d Kd]
Seat 5: shushlo (big blind) folded on the Flop
Seat 6: Great_Kang (button) (small blind) collected ($11.76)


PokerStars Hand #156759580828:  Hold'em Limit ($3/$6 USD) - 2016/08/02 6:08:45 ET
Table 'Eurypylos' 10-max Seat #5 is the button
Seat 5: shushlo ($80.64 in chips)
Seat 6: Great_Kang ($120 in chips)
shushlo: posts small blind $1
Great_Kang: posts big blind $3
*** HOLE CARDS ***
shushlo: folds
Uncalled bet ($2) returned to Great_Kang
Great_Kang collected $2 from pot
Great_Kang: doesn't show hand
*** SUMMARY ***
Total pot $2 | Rake $0
Seat 5: shushlo (button) (small blind) folded before Flop
Seat 6: Great_Kang (big blind) collected ($2)


PokerStars Hand #156759568161:  Hold'em Limit ($3/$6 USD) - 2016/08/02 6:08:12 ET
Table 'Eurypylos' 10-max Seat #6 is the button
Seat 5: shushlo ($72 in chips)
Seat 6: Great_Kang ($128.64 in chips)
Great_Kang: posts small blind $1
shushlo: posts big blind $3
*** HOLE CARDS ***
Great_Kang: raises $3 to $6
shushlo: calls $3
*** FLOP *** [9c 3c 3h]
shushlo: checks
Great_Kang: bets $3
shushlo: calls $3
*** TURN *** [9c 3c 3h] [6d]
shushlo: checks
Great_Kang: checks
*** RIVER *** [9c 3c 3h 6d] [2d]
shushlo: checks
Great_Kang: checks
*** SHOW DOWN ***
shushlo: shows [Qd 8s] (a pair of Threes)
Great_Kang: mucks hand
shushlo collected $17.64 from pot
*** SUMMARY ***
Total pot $18 | Rake $0.36
Board [9c 3c 3h 6d 2d]
Seat 5: shushlo (big blind) showed [Qd 8s] and won ($17.64) with a pair of Threes
Seat 6: Great_Kang (button) (small blind) mucked


PokerStars Hand #156759590996:  Hold'em Limit ($3/$6 USD) - 2016/08/02 6:09:11 ET
Table 'Eurypylos' 10-max Seat #6 is the button
Seat 5: shushlo ($72.64 in chips)
Seat 6: Great_Kang ($127.76 in chips)
Great_Kang: posts small blind $1
shushlo: posts big blind $3
*** HOLE CARDS ***
Great_Kang: raises $3 to $6
shushlo: raises $3 to $9
Great_Kang: calls $3
*** FLOP *** [4s Qc 8c]
shushlo: bets $3
Great_Kang: raises $3 to $6
shushlo: raises $3 to $9
Great_Kang: calls $3
*** TURN *** [4s Qc 8c] [As]
shushlo: bets $6
Great_Kang: calls $6
*** RIVER *** [4s Qc 8c As] [9c]
shushlo: bets $6
Great_Kang: calls $6
*** SHOW DOWN ***
shushlo: shows [3h 4h] (a pair of Fours)
Great_Kang: shows [Jc Jd] (a pair of Jacks)
Great_Kang collected $59.50 from pot
*** SUMMARY ***
Total pot $60 | Rake $0.50
Board [4s Qc 8c As 9c]
Seat 5: shushlo (big blind) showed [3h 4h] and lost with a pair of Fours
Seat 6: Great_Kang (button) (small blind) showed [Jc Jd] and won ($59.50) with a pair of Jacks


PokerStars Hand #156759605343:  Hold'em Limit ($3/$6 USD) - 2016/08/02 6:09:48 ET
Table 'Eurypylos' 10-max Seat #5 is the button
Seat 5: shushlo ($72 in chips)
Seat 6: Great_Kang ($157.26 in chips)
shushlo: posts small blind $1
Great_Kang: posts big blind $3
*** HOLE CARDS ***
shushlo: raises $3 to $6
Great_Kang: raises $3 to $9
shushlo: calls $3
*** FLOP *** [3d Js 8s]
Great_Kang: bets $3
shushlo: calls $3
*** TURN *** [3d Js 8s] [7d]
Great_Kang: checks
shushlo: bets $6
Great_Kang: calls $6
*** RIVER *** [3d Js 8s 7d] [9s]
Great_Kang: bets $6
shushlo: raises $6 to $12
Great_Kang: raises $6 to $18
shushlo: calls $6
*** SHOW DOWN ***
Great_Kang: shows [As Ks] (a flush, Ace high)
shushlo: mucks hand
Great_Kang collected $71.50 from pot
*** SUMMARY ***
Total pot $72 | Rake $0.50
Board [3d Js 8s 7d 9s]
Seat 5: shushlo (button) (small blind) mucked
Seat 6: Great_Kang (big blind) showed [As Ks] and won ($71.50) with a flush, Ace high


