PokerStars Hand #166541769648:  Hold'em Limit ($3/$6 USD) - 2017/02/21 4:38:47 ET
Table 'Euryalos II' 6-max Seat #4 is the button
Seat 1: Alex kille ($50.25 in chips)
Seat 4: TbIP-TbIP 88 ($72 in chips)
TbIP-TbIP 88: posts small blind $1
Alex kille: posts big blind $3
*** HOLE CARDS ***
TbIP-TbIP 88: raises $3 to $6
Alex kille: calls $3
*** FLOP *** [Ks 2d Js]
Alex kille: checks
TbIP-TbIP 88: bets $3
Alex kille: folds
Uncalled bet ($3) returned to TbIP-TbIP 88
TbIP-TbIP 88 collected $11.76 from pot
TbIP-TbIP 88: doesn't show hand
*** SUMMARY ***
Total pot $12 | Rake $0.24
Board [Ks 2d Js]
Seat 1: Alex kille (big blind) folded on the Flop
Seat 4: TbIP-TbIP 88 (button) (small blind) collected ($11.76)


PokerStars Hand #166541777417:  Hold'em Limit ($3/$6 USD) - 2017/02/21 4:39:07 ET
Table 'Euryalos II' 6-max Seat #1 is the button
Seat 1: Alex kille ($44.25 in chips)
Seat 4: TbIP-TbIP 88 ($77.76 in chips)
Alex kille: posts small blind $1
TbIP-TbIP 88: posts big blind $3
*** HOLE CARDS ***
Alex kille: calls $2
TbIP-TbIP 88: checks
*** FLOP *** [2h 6h 9c]
TbIP-TbIP 88: checks
Alex kille: checks
*** TURN *** [2h 6h 9c] [2s]
TbIP-TbIP 88: bets $6
Alex kille: folds
Uncalled bet ($6) returned to TbIP-TbIP 88
TbIP-TbIP 88 collected $5.88 from pot
TbIP-TbIP 88: doesn't show hand
*** SUMMARY ***
Total pot $6 | Rake $0.12
Board [2h 6h 9c 2s]
Seat 1: Alex kille (button) (small blind) folded on the Turn
Seat 4: TbIP-TbIP 88 (big blind) collected ($5.88)


PokerStars Hand #166541788897:  Hold'em Limit ($3/$6 USD) - 2017/02/21 4:39:37 ET
Table 'Euryalos II' 6-max Seat #4 is the button
Seat 1: Alex kille ($41.25 in chips)
Seat 4: TbIP-TbIP 88 ($80.64 in chips)
TbIP-TbIP 88: posts small blind $1
Alex kille: posts big blind $3
*** HOLE CARDS ***
TbIP-TbIP 88: raises $3 to $6
Alex kille: calls $3
*** FLOP *** [Td 2c 8c]
Alex kille: checks
Mordnilap joins the table at seat #2
TbIP-TbIP 88: bets $3
Alex kille: calls $3
*** TURN *** [Td 2c 8c] [Jh]
Alex kille: checks
TbIP-TbIP 88: bets $6
Alex kille: calls $6
*** RIVER *** [Td 2c 8c Jh] [7c]
boogi joins the table at seat #3
Alex kille: bets $6
TbIP-TbIP 88: folds
Uncalled bet ($6) returned to Alex kille
Alex kille collected $29.50 from pot
Alex kille: doesn't show hand
*** SUMMARY ***
Total pot $30 | Rake $0.50
Board [Td 2c 8c Jh 7c]
Seat 1: Alex kille (big blind) collected ($29.50)
Seat 4: TbIP-TbIP 88 (button) (small blind) folded on the River


PokerStars Hand #166542039494:  Hold'em Limit ($3/$6 USD) - 2017/02/21 4:50:22 ET
Table 'Euryalos II' 6-max Seat #1 is the button
Seat 1: FLYINGJI ($26 in chips)
Seat 5: Luanto 14 ($94.53 in chips)
FLYINGJI: posts small blind $1
Mordnilap: is sitting out
Luanto 14: posts big blind $3
*** HOLE CARDS ***
FLYINGJI: raises $3 to $6
Luanto 14: calls $3
*** FLOP *** [Qs 9s Ad]
Mordnilap leaves the table
Luanto 14: checks
FLYINGJI: bets $3
Luanto 14: calls $3
*** TURN *** [Qs 9s Ad] [Jh]
Luanto 14: checks
FLYINGJI: bets $6
Luanto 14: raises $6 to $12
FLYINGJI: raises $5 to $17 and is all-in
Luanto 14: calls $5
*** RIVER *** [Qs 9s Ad Jh] [Qd]
*** SHOW DOWN ***
Luanto 14: shows [8s Tc] (a straight, Eight to Queen)
FLYINGJI: shows [Ah 3h] (two pair, Aces and Queens)
Luanto 14 collected $51.50 from pot
FLYINGJI leaves the table
*** SUMMARY ***
Total pot $52 | Rake $0.50
Board [Qs 9s Ad Jh Qd]
Seat 1: FLYINGJI (button) (small blind) showed [Ah 3h] and lost with two pair, Aces and Queens
Seat 5: Luanto 14 (big blind) showed [8s Tc] and won ($51.50) with a straight, Eight to Queen


PokerStars Hand #166542052881:  Hold'em Limit ($3/$6 USD) - 2017/02/21 4:50:57 ET
Table 'Euryalos II' 6-max Seat #5 is the button
Seat 4: aremom4e ($73.65 in chips)
Seat 5: Luanto 14 ($120.03 in chips)
Luanto 14: posts small blind $1
aremom4e: posts big blind $3
*** HOLE CARDS ***
Luanto 14: raises $3 to $6
aremom4e: folds
Uncalled bet ($3) returned to Luanto 14
Luanto 14 collected $6 from pot
Luanto 14: doesn't show hand
*** SUMMARY ***
Total pot $6 | Rake $0
Seat 4: aremom4e (big blind) folded before Flop
Seat 5: Luanto 14 (button) (small blind) collected ($6)


PokerStars Hand #166542074415:  Hold'em Limit ($3/$6 USD) - 2017/02/21 4:51:53 ET
Table 'Euryalos II' 6-max Seat #4 is the button
Seat 4: aremom4e ($92.15 in chips)
Seat 5: Luanto 14 ($101.03 in chips)
aremom4e: posts small blind $1
Luanto 14: posts big blind $3
*** HOLE CARDS ***
aremom4e: raises $3 to $6
Luanto 14: folds
Uncalled bet ($3) returned to aremom4e
aremom4e collected $6 from pot
aremom4e: doesn't show hand
*** SUMMARY ***
Total pot $6 | Rake $0
Seat 4: aremom4e (button) (small blind) collected ($6)
Seat 5: Luanto 14 (big blind) folded before Flop


PokerStars Hand #166542072377:  Hold'em Limit ($3/$6 USD) - 2017/02/21 4:51:47 ET
Table 'Euryalos II' 6-max Seat #5 is the button
Seat 4: aremom4e ($91.15 in chips)
Seat 5: Luanto 14 ($102.03 in chips)
Luanto 14: posts small blind $1
aremom4e: posts big blind $3
*** HOLE CARDS ***
Luanto 14: folds
Uncalled bet ($2) returned to aremom4e
aremom4e collected $2 from pot
aremom4e: doesn't show hand
*** SUMMARY ***
Total pot $2 | Rake $0
Seat 4: aremom4e (big blind) collected ($2)
Seat 5: Luanto 14 (button) (small blind) folded before Flop


PokerStars Hand #166542055193:  Hold'em Limit ($3/$6 USD) - 2017/02/21 4:51:03 ET
Table 'Euryalos II' 6-max Seat #4 is the button
Seat 4: aremom4e ($70.65 in chips)
Seat 5: Luanto 14 ($123.03 in chips)
aremom4e: posts small blind $1
Luanto 14: posts big blind $3
*** HOLE CARDS ***
aremom4e: raises $3 to $6
Luanto 14: calls $3
*** FLOP *** [8c 5s 7s]
Luanto 14: checks
aremom4e: bets $3
Luanto 14: calls $3
*** TURN *** [8c 5s 7s] [6c]
Luanto 14: checks
aremom4e: bets $6
Luanto 14: calls $6
*** RIVER *** [8c 5s 7s 6c] [Kd]
Luanto 14: checks
aremom4e: bets $6
Luanto 14: calls $6
*** SHOW DOWN ***
aremom4e: shows [Td 9h] (a straight, Six to Ten)
Luanto 14: mucks hand
aremom4e collected $41.50 from pot
*** SUMMARY ***
Total pot $42 | Rake $0.50
Board [8c 5s 7s 6c Kd]
Seat 4: aremom4e (button) (small blind) showed [Td 9h] and won ($41.50) with a straight, Six to Ten
Seat 5: Luanto 14 (big blind) mucked


PokerStars Hand #166542065207:  Hold'em Limit ($3/$6 USD) - 2017/02/21 4:51:29 ET
Table 'Euryalos II' 6-max Seat #5 is the button
Seat 4: aremom4e ($91.15 in chips)
Seat 5: Luanto 14 ($102.03 in chips)
Luanto 14: posts small blind $1
aremom4e: posts big blind $3
*** HOLE CARDS ***
Luanto 14: raises $3 to $6
aremom4e: folds
Uncalled bet ($3) returned to Luanto 14
Luanto 14 collected $6 from pot
*** SUMMARY ***
Total pot $6 | Rake $0
Seat 4: aremom4e (big blind) folded before Flop
Seat 5: Luanto 14 (button) (small blind) collected ($6)


PokerStars Hand #166542068414:  Hold'em Limit ($3/$6 USD) - 2017/02/21 4:51:37 ET
Table 'Euryalos II' 6-max Seat #4 is the button
Seat 4: aremom4e ($88.15 in chips)
Seat 5: Luanto 14 ($105.03 in chips)
aremom4e: posts small blind $1
Luanto 14: posts big blind $3
*** HOLE CARDS ***
aremom4e: raises $3 to $6
Luanto 14: folds
Uncalled bet ($3) returned to aremom4e
aremom4e collected $6 from pot
aremom4e: doesn't show hand
*** SUMMARY ***
Total pot $6 | Rake $0
Seat 4: aremom4e (button) (small blind) collected ($6)
Seat 5: Luanto 14 (big blind) folded before Flop


PokerStars Hand #166542083924:  Hold'em Limit ($3/$6 USD) - 2017/02/21 4:52:17 ET
Table 'Euryalos II' 6-max Seat #4 is the button
Seat 4: aremom4e ($106.67 in chips)
Seat 5: Luanto 14 ($86.03 in chips)
aremom4e: posts small blind $1
Luanto 14: posts big blind $3
*** HOLE CARDS ***
aremom4e: folds
Uncalled bet ($2) returned to Luanto 14
Luanto 14 collected $2 from pot
Luanto 14: doesn't show hand
*** SUMMARY ***
Total pot $2 | Rake $0
Seat 4: aremom4e (button) (small blind) folded before Flop
Seat 5: Luanto 14 (big blind) collected ($2)


PokerStars Hand #166542085972:  Hold'em Limit ($3/$6 USD) - 2017/02/21 4:52:22 ET
Table 'Euryalos II' 6-max Seat #5 is the button
Seat 4: aremom4e ($105.67 in chips)
Seat 5: Luanto 14 ($87.03 in chips)
Luanto 14: posts small blind $1
aremom4e: posts big blind $3
*** HOLE CARDS ***
Luanto 14: raises $3 to $6
aremom4e: calls $3
*** FLOP *** [Ts 8h 7h]
aremom4e: checks
Luanto 14: bets $3
aremom4e: raises $3 to $6
Luanto 14: calls $3
*** TURN *** [Ts 8h 7h] [8s]
aremom4e: bets $6
Luanto 14: calls $6
*** RIVER *** [Ts 8h 7h 8s] [9d]
aremom4e: checks
Luanto 14: bets $6
aremom4e: calls $6
*** SHOW DOWN ***
Luanto 14: shows [5s 6h] (a straight, Six to Ten)
aremom4e: mucks hand
Luanto 14 collected $47.50 from pot
*** SUMMARY ***
Total pot $48 | Rake $0.50
Board [Ts 8h 7h 8s 9d]
Seat 4: aremom4e (big blind) mucked
Seat 5: Luanto 14 (button) (small blind) showed [5s 6h] and won ($47.50) with a straight, Six to Ten


PokerStars Hand #166542076804:  Hold'em Limit ($3/$6 USD) - 2017/02/21 4:51:59 ET
Table 'Euryalos II' 6-max Seat #5 is the button
Seat 4: aremom4e ($95.15 in chips)
Seat 5: Luanto 14 ($98.03 in chips)
Luanto 14: posts small blind $1
aremom4e: posts big blind $3
*** HOLE CARDS ***
Luanto 14: raises $3 to $6
aremom4e: calls $3
*** FLOP *** [3h 2d Th]
aremom4e: checks
Luanto 14: bets $3
aremom4e: raises $3 to $6
Luanto 14: calls $3
*** TURN *** [3h 2d Th] [Tc]
aremom4e: checks
Luanto 14: checks
*** RIVER *** [3h 2d Th Tc] [As]
aremom4e: bets $6
Luanto 14: folds
Uncalled bet ($6) returned to aremom4e
aremom4e collected $23.52 from pot
aremom4e: doesn't show hand
*** SUMMARY ***
Total pot $24 | Rake $0.48
Board [3h 2d Th Tc As]
Seat 4: aremom4e (big blind) collected ($23.52)
Seat 5: Luanto 14 (button) (small blind) folded on the River


PokerStars Hand #166542093351:  Hold'em Limit ($3/$6 USD) - 2017/02/21 4:52:41 ET
Table 'Euryalos II' 6-max Seat #4 is the button
Seat 4: aremom4e ($81.67 in chips)
Seat 5: Luanto 14 ($110.53 in chips)
aremom4e: posts small blind $1
Luanto 14: posts big blind $3
*** HOLE CARDS ***
aremom4e: raises $3 to $6
Luanto 14: calls $3
*** FLOP *** [As Kd 3c]
Luanto 14: checks
aremom4e: bets $3
Luanto 14: raises $3 to $6
aremom4e: folds
Uncalled bet ($3) returned to Luanto 14
Luanto 14 collected $17.64 from pot
Luanto 14: doesn't show hand
*** SUMMARY ***
Total pot $18 | Rake $0.36
Board [As Kd 3c]
Seat 4: aremom4e (button) (small blind) folded on the Flop
Seat 5: Luanto 14 (big blind) collected ($17.64)


PokerStars Hand #166542105248:  Hold'em Limit ($3/$6 USD) - 2017/02/21 4:53:12 ET
Table 'Euryalos II' 6-max Seat #4 is the button
Seat 4: aremom4e ($57.67 in chips)
Seat 5: Luanto 14 ($133.67 in chips)
aremom4e: posts small blind $1
Luanto 14: posts big blind $3
*** HOLE CARDS ***
aremom4e: raises $3 to $6
Luanto 14: folds
Uncalled bet ($3) returned to aremom4e
aremom4e collected $6 from pot
aremom4e: doesn't show hand
*** SUMMARY ***
Total pot $6 | Rake $0
Seat 4: aremom4e (button) (small blind) collected ($6)
Seat 5: Luanto 14 (big blind) folded before Flop


PokerStars Hand #166542097424:  Hold'em Limit ($3/$6 USD) - 2017/02/21 4:52:52 ET
Table 'Euryalos II' 6-max Seat #5 is the button
Seat 4: aremom4e ($72.67 in chips)
Seat 5: Luanto 14 ($119.17 in chips)
Luanto 14: posts small blind $1
aremom4e: posts big blind $3
*** HOLE CARDS ***
Luanto 14: raises $3 to $6
aremom4e: calls $3
*** FLOP *** [Js 8s 5d]
aremom4e: checks
Luanto 14: bets $3
aremom4e: calls $3
*** TURN *** [Js 8s 5d] [2c]
aremom4e: checks
Luanto 14: bets $6
aremom4e: calls $6
*** RIVER *** [Js 8s 5d 2c] [6h]
aremom4e: checks
Luanto 14: bets $6
aremom4e: folds
Uncalled bet ($6) returned to Luanto 14
Luanto 14 collected $29.50 from pot
Luanto 14: doesn't show hand
*** SUMMARY ***
Total pot $30 | Rake $0.50
Board [Js 8s 5d 2c 6h]
Seat 4: aremom4e (big blind) folded on the River
Seat 5: Luanto 14 (button) (small blind) collected ($29.50)


PokerStars Hand #166542107671:  Hold'em Limit ($3/$6 USD) - 2017/02/21 4:53:18 ET
Table 'Euryalos II' 6-max Seat #5 is the button
Seat 4: aremom4e ($60.67 in chips)
Seat 5: Luanto 14 ($130.67 in chips)
Luanto 14: posts small blind $1
aremom4e: posts big blind $3
*** HOLE CARDS ***
Luanto 14: raises $3 to $6
aremom4e: calls $3
*** FLOP *** [7d 7s Jc]
aremom4e: checks
Luanto 14: bets $3
aremom4e: folds
Uncalled bet ($3) returned to Luanto 14
Luanto 14 collected $11.76 from pot
Luanto 14: doesn't show hand
*** SUMMARY ***
Total pot $12 | Rake $0.24
Board [7d 7s Jc]
Seat 4: aremom4e (big blind) folded on the Flop
Seat 5: Luanto 14 (button) (small blind) collected ($11.76)


PokerStars Hand #166542111757:  Hold'em Limit ($3/$6 USD) - 2017/02/21 4:53:28 ET
Table 'Euryalos II' 6-max Seat #4 is the button
Seat 4: aremom4e ($54.67 in chips)
Seat 5: Luanto 14 ($136.43 in chips)
aremom4e: posts small blind $1
Luanto 14: posts big blind $3
*** HOLE CARDS ***
aremom4e: folds
Uncalled bet ($2) returned to Luanto 14
Luanto 14 collected $2 from pot
Luanto 14: doesn't show hand
*** SUMMARY ***
Total pot $2 | Rake $0
Seat 4: aremom4e (button) (small blind) folded before Flop
Seat 5: Luanto 14 (big blind) collected ($2)


PokerStars Hand #166542113515:  Hold'em Limit ($3/$6 USD) - 2017/02/21 4:53:32 ET
Table 'Euryalos II' 6-max Seat #5 is the button
Seat 4: aremom4e ($53.67 in chips)
Seat 5: Luanto 14 ($137.43 in chips)
Luanto 14: posts small blind $1
aremom4e: posts big blind $3
*** HOLE CARDS ***
Luanto 14: raises $3 to $6
aremom4e: calls $3
*** FLOP *** [2d 7s 3h]
aremom4e: checks
Luanto 14: bets $3
aremom4e: calls $3
*** TURN *** [2d 7s 3h] [7d]
aremom4e: checks
Luanto 14: bets $6
aremom4e: folds
Uncalled bet ($6) returned to Luanto 14
Luanto 14 collected $17.64 from pot
Luanto 14: doesn't show hand
*** SUMMARY ***
Total pot $18 | Rake $0.36
Board [2d 7s 3h 7d]
Seat 4: aremom4e (big blind) folded on the Turn
Seat 5: Luanto 14 (button) (small blind) collected ($17.64)


PokerStars Hand #166542118569:  Hold'em Limit ($3/$6 USD) - 2017/02/21 4:53:45 ET
Table 'Euryalos II' 6-max Seat #4 is the button
Seat 4: aremom4e ($44.67 in chips)
Seat 5: Luanto 14 ($146.07 in chips)
aremom4e: posts small blind $1
Luanto 14: posts big blind $3
*** HOLE CARDS ***
aremom4e: raises $3 to $6
Luanto 14: folds
Uncalled bet ($3) returned to aremom4e
aremom4e collected $6 from pot
aremom4e: doesn't show hand
*** SUMMARY ***
Total pot $6 | Rake $0
Seat 4: aremom4e (button) (small blind) collected ($6)
Seat 5: Luanto 14 (big blind) folded before Flop


PokerStars Hand #166542121421:  Hold'em Limit ($3/$6 USD) - 2017/02/21 4:53:52 ET
Table 'Euryalos II' 6-max Seat #5 is the button
Seat 4: aremom4e ($47.67 in chips)
Seat 5: Luanto 14 ($143.07 in chips)
Luanto 14: posts small blind $1
aremom4e: posts big blind $3
*** HOLE CARDS ***
Luanto 14: raises $3 to $6
aremom4e: calls $3
*** FLOP *** [Ts Js 2h]
aremom4e: checks
Luanto 14: bets $3
aremom4e: folds
Uncalled bet ($3) returned to Luanto 14
Luanto 14 collected $11.76 from pot
Luanto 14: doesn't show hand
*** SUMMARY ***
Total pot $12 | Rake $0.24
Board [Ts Js 2h]
Seat 4: aremom4e (big blind) folded on the Flop
Seat 5: Luanto 14 (button) (small blind) collected ($11.76)


PokerStars Hand #166542124951:  Hold'em Limit ($3/$6 USD) - 2017/02/21 4:54:02 ET
Table 'Euryalos II' 6-max Seat #4 is the button
Seat 4: aremom4e ($41.67 in chips)
Seat 5: Luanto 14 ($148.83 in chips)
aremom4e: posts small blind $1
Luanto 14: posts big blind $3
*** HOLE CARDS ***
aremom4e: raises $3 to $6
Luanto 14: calls $3
*** FLOP *** [Td 4s 9c]
Luanto 14: checks
aremom4e: checks
*** TURN *** [Td 4s 9c] [Kc]
Luanto 14: checks
aremom4e: checks
*** RIVER *** [Td 4s 9c Kc] [6s]
Luanto 14: checks
aremom4e: checks
*** SHOW DOWN ***
Luanto 14: shows [Qc 5s] (high card King)
aremom4e: shows [2c 2s] (a pair of Deuces)
aremom4e collected $11.76 from pot
*** SUMMARY ***
Total pot $12 | Rake $0.24
Board [Td 4s 9c Kc 6s]
Seat 4: aremom4e (button) (small blind) showed [2c 2s] and won ($11.76) with a pair of Deuces
Seat 5: Luanto 14 (big blind) showed [Qc 5s] and lost with high card King


PokerStars Hand #166542139064:  Hold'em Limit ($3/$6 USD) - 2017/02/21 4:54:37 ET
Table 'Euryalos II' 6-max Seat #4 is the button
Seat 4: aremom4e ($58.95 in chips)
Seat 5: Luanto 14 ($130.83 in chips)
aremom4e: posts small blind $1
Luanto 14: posts big blind $3
*** HOLE CARDS ***
aremom4e: raises $3 to $6
Luanto 14: calls $3
*** FLOP *** [4h 3h 7d]
Luanto 14: checks
aremom4e: checks
*** TURN *** [4h 3h 7d] [4d]
Luanto 14: bets $6
aremom4e: folds
Uncalled bet ($6) returned to Luanto 14
Luanto 14 collected $11.76 from pot
Luanto 14: doesn't show hand
*** SUMMARY ***
Total pot $12 | Rake $0.24
Board [4h 3h 7d 4d]
Seat 4: aremom4e (button) (small blind) folded on the Turn
Seat 5: Luanto 14 (big blind) collected ($11.76)


PokerStars Hand #166542131131:  Hold'em Limit ($3/$6 USD) - 2017/02/21 4:54:17 ET
Table 'Euryalos II' 6-max Seat #5 is the button
Seat 4: aremom4e ($47.43 in chips)
Seat 5: Luanto 14 ($142.83 in chips)
Luanto 14: posts small blind $1
aremom4e: posts big blind $3
*** HOLE CARDS ***
Luanto 14: raises $3 to $6
aremom4e: raises $3 to $9
Luanto 14: calls $3
*** FLOP *** [3c 6d 2s]
aremom4e: bets $3
Luanto 14: calls $3
*** TURN *** [3c 6d 2s] [5h]
aremom4e: checks
Luanto 14: checks
*** RIVER *** [3c 6d 2s 5h] [3s]
aremom4e: bets $6
Luanto 14: folds
Uncalled bet ($6) returned to aremom4e
aremom4e collected $23.52 from pot
aremom4e: doesn't show hand
*** SUMMARY ***
Total pot $24 | Rake $0.48
Board [3c 6d 2s 5h 3s]
Seat 4: aremom4e (big blind) collected ($23.52)
Seat 5: Luanto 14 (button) (small blind) folded on the River


PokerStars Hand #166542160976:  Hold'em Limit ($3/$6 USD) - 2017/02/21 4:55:36 ET
Table 'Euryalos II' 6-max Seat #5 is the button
Seat 4: aremom4e ($49.83 in chips)
Seat 5: Luanto 14 ($139.35 in chips)
Luanto 14: posts small blind $1
aremom4e: posts big blind $3
*** HOLE CARDS ***
Luanto 14: raises $3 to $6
aremom4e: calls $3
*** FLOP *** [Jh Th Kh]
aremom4e: checks
Luanto 14: bets $3
aremom4e: raises $3 to $6
Luanto 14: calls $3
*** TURN *** [Jh Th Kh] [9c]
aremom4e: bets $6
Luanto 14: calls $6
*** RIVER *** [Jh Th Kh 9c] [8d]
aremom4e: checks
Luanto 14: checks
*** SHOW DOWN ***
aremom4e: shows [Kc 4c] (a pair of Kings)
Luanto 14: shows [Kd 2h] (a pair of Kings)
aremom4e collected $17.75 from pot
Luanto 14 collected $17.75 from pot
*** SUMMARY ***
Total pot $36 | Rake $0.50
Board [Jh Th Kh 9c 8d]
Seat 4: aremom4e (big blind) showed [Kc 4c] and won ($17.75) with a pair of Kings
Seat 5: Luanto 14 (button) (small blind) showed [Kd 2h] and won ($17.75) with a pair of Kings


PokerStars Hand #166542143661:  Hold'em Limit ($3/$6 USD) - 2017/02/21 4:54:49 ET
Table 'Euryalos II' 6-max Seat #5 is the button
Seat 4: aremom4e ($52.95 in chips)
Seat 5: Luanto 14 ($136.59 in chips)
Luanto 14: posts small blind $1
aremom4e: posts big blind $3
*** HOLE CARDS ***
Luanto 14: raises $3 to $6
aremom4e: calls $3
*** FLOP *** [7c Qc 3d]
aremom4e: checks
Luanto 14: checks
*** TURN *** [7c Qc 3d] [6c]
aremom4e: checks
Luanto 14: bets $6
aremom4e: folds
Uncalled bet ($6) returned to Luanto 14
Luanto 14 collected $11.76 from pot
Luanto 14: doesn't show hand
*** SUMMARY ***
Total pot $12 | Rake $0.24
Board [7c Qc 3d 6c]
Seat 4: aremom4e (big blind) folded on the Turn
Seat 5: Luanto 14 (button) (small blind) collected ($11.76)


PokerStars Hand #166542155669:  Hold'em Limit ($3/$6 USD) - 2017/02/21 4:55:21 ET
Table 'Euryalos II' 6-max Seat #4 is the button
Seat 4: aremom4e ($46.95 in chips)
Seat 5: Luanto 14 ($142.35 in chips)
aremom4e: posts small blind $1
Luanto 14: posts big blind $3
*** HOLE CARDS ***
aremom4e: calls $2
Luanto 14: checks
*** FLOP *** [2s 8h Jc]
Luanto 14: checks
aremom4e: bets $3
Luanto 14: folds
Uncalled bet ($3) returned to aremom4e
aremom4e collected $5.88 from pot
aremom4e: doesn't show hand
*** SUMMARY ***
Total pot $6 | Rake $0.12
Board [2s 8h Jc]
Seat 4: aremom4e (button) (small blind) collected ($5.88)
Seat 5: Luanto 14 (big blind) folded on the Flop


PokerStars Hand #166542171009:  Hold'em Limit ($3/$6 USD) - 2017/02/21 4:56:04 ET
Table 'Euryalos II' 6-max Seat #4 is the button
Seat 4: aremom4e ($49.58 in chips)
Seat 5: Luanto 14 ($139.10 in chips)
aremom4e: posts small blind $1
Luanto 14: posts big blind $3
*** HOLE CARDS ***
aremom4e: raises $3 to $6
Luanto 14: calls $3
*** FLOP *** [Td 4s 5c]
Luanto 14: checks
aremom4e: checks
*** TURN *** [Td 4s 5c] [7s]
Luanto 14: bets $6
aremom4e: folds
Uncalled bet ($6) returned to Luanto 14
Luanto 14 collected $11.76 from pot
Luanto 14: doesn't show hand
*** SUMMARY ***
Total pot $12 | Rake $0.24
Board [Td 4s 5c 7s]
Seat 4: aremom4e (button) (small blind) folded on the Turn
Seat 5: Luanto 14 (big blind) collected ($11.76)


PokerStars Hand #166542176020:  Hold'em Limit ($3/$6 USD) - 2017/02/21 4:56:18 ET
Table 'Euryalos II' 6-max Seat #5 is the button
Seat 4: aremom4e ($43.58 in chips)
Seat 5: Luanto 14 ($144.86 in chips)
Luanto 14: posts small blind $1
aremom4e: posts big blind $3
*** HOLE CARDS ***
Luanto 14: raises $3 to $6
aremom4e: folds
Uncalled bet ($3) returned to Luanto 14
Luanto 14 collected $6 from pot
Luanto 14: doesn't show hand
*** SUMMARY ***
Total pot $6 | Rake $0
Seat 4: aremom4e (big blind) folded before Flop
Seat 5: Luanto 14 (button) (small blind) collected ($6)


PokerStars Hand #166542177732:  Hold'em Limit ($3/$6 USD) - 2017/02/21 4:56:23 ET
Table 'Euryalos II' 6-max Seat #4 is the button
Seat 4: aremom4e ($40.58 in chips)
Seat 5: Luanto 14 ($147.86 in chips)
aremom4e: posts small blind $1
Luanto 14: posts big blind $3
*** HOLE CARDS ***
alfredg joins the table at seat #3
aremom4e: raises $3 to $6
Luanto 14: folds
Uncalled bet ($3) returned to aremom4e
aremom4e collected $6 from pot
aremom4e: doesn't show hand
*** SUMMARY ***
Total pot $6 | Rake $0
Seat 4: aremom4e (button) (small blind) collected ($6)
Seat 5: Luanto 14 (big blind) folded before Flop


PokerStars Hand #166542822265:  Hold'em Limit ($3/$6 USD) - 2017/02/21 5:22:30 ET
Table 'Euryalos II' 6-max Seat #5 is the button
Seat 4: aremom4e ($43.88 in chips)
Seat 5: ABATAPP ($142.35 in chips)
ABATAPP: posts small blind $1
Mordnilap: is sitting out
aremom4e: posts big blind $3
*** HOLE CARDS ***
ABATAPP: raises $3 to $6
aremom4e: folds
Uncalled bet ($3) returned to ABATAPP
ABATAPP collected $6 from pot
ABATAPP: doesn't show hand
*** SUMMARY ***
Total pot $6 | Rake $0
Seat 4: aremom4e (big blind) folded before Flop
Seat 5: ABATAPP (button) (small blind) collected ($6)


PokerStars Hand #166542825468:  Hold'em Limit ($3/$6 USD) - 2017/02/21 5:22:38 ET
Table 'Euryalos II' 6-max Seat #4 is the button
Seat 4: aremom4e ($40.88 in chips)
Seat 5: ABATAPP ($145.35 in chips)
aremom4e: posts small blind $1
ABATAPP: posts big blind $3
*** HOLE CARDS ***
aremom4e: raises $3 to $6
ABATAPP: calls $3
*** FLOP *** [Qs 8s Qd]
ABATAPP: checks
aremom4e: bets $3
ABATAPP: raises $3 to $6
aremom4e: folds
Uncalled bet ($3) returned to ABATAPP
ABATAPP collected $17.64 from pot
ABATAPP: doesn't show hand
*** SUMMARY ***
Total pot $18 | Rake $0.36
Board [Qs 8s Qd]
Seat 4: aremom4e (button) (small blind) folded on the Flop
Seat 5: ABATAPP (big blind) collected ($17.64)


PokerStars Hand #166542832839:  Hold'em Limit ($3/$6 USD) - 2017/02/21 5:22:55 ET
Table 'Euryalos II' 6-max Seat #5 is the button
Seat 4: aremom4e ($31.88 in chips)
Seat 5: ABATAPP ($153.99 in chips)
ABATAPP: posts small blind $1
aremom4e: posts big blind $3
*** HOLE CARDS ***
ABATAPP: raises $3 to $6
aremom4e: calls $3
*** FLOP *** [5d 5s 9d]
aremom4e: checks
ABATAPP: checks
*** TURN *** [5d 5s 9d] [Th]
aremom4e: checks
ABATAPP: bets $6
aremom4e: folds
Uncalled bet ($6) returned to ABATAPP
ABATAPP collected $11.76 from pot
ABATAPP: doesn't show hand
*** SUMMARY ***
Total pot $12 | Rake $0.24
Board [5d 5s 9d Th]
Seat 4: aremom4e (big blind) folded on the Turn
Seat 5: ABATAPP (button) (small blind) collected ($11.76)


PokerStars Hand #166542841131:  Hold'em Limit ($3/$6 USD) - 2017/02/21 5:23:14 ET
Table 'Euryalos II' 6-max Seat #4 is the button
Seat 4: aremom4e ($25.88 in chips)
Seat 5: ABATAPP ($159.75 in chips)
aremom4e: posts small blind $1
ABATAPP: posts big blind $3
*** HOLE CARDS ***
aremom4e: raises $3 to $6
ABATAPP: calls $3
*** FLOP *** [7h 5s 2h]
ABATAPP: checks
aremom4e: checks
*** TURN *** [7h 5s 2h] [8h]
ABATAPP: checks
aremom4e: bets $6
ABATAPP: folds
Uncalled bet ($6) returned to aremom4e
aremom4e collected $11.76 from pot
aremom4e: doesn't show hand
*** SUMMARY ***
Total pot $12 | Rake $0.24
Board [7h 5s 2h 8h]
Seat 4: aremom4e (button) (small blind) collected ($11.76)
Seat 5: ABATAPP (big blind) folded on the Turn


PokerStars Hand #166543772325:  Hold'em Limit ($3/$6 USD) - 2017/02/21 5:58:45 ET
Table 'Euryalos II' 6-max Seat #6 is the button
Seat 4: aremom4e ($46.88 in chips)
Seat 6: TbIP-TbIP 88 ($122.85 in chips)
TbIP-TbIP 88: posts small blind $1
aremom4e: posts big blind $3
*** HOLE CARDS ***
TbIP-TbIP 88: raises $3 to $6
aremom4e: raises $3 to $9
TbIP-TbIP 88: calls $3
*** FLOP *** [Ad 3s 8h]
aremom4e: bets $3
TbIP-TbIP 88: calls $3
*** TURN *** [Ad 3s 8h] [6d]
aremom4e: checks
TbIP-TbIP 88: bets $6
aremom4e: folds
Uncalled bet ($6) returned to TbIP-TbIP 88
TbIP-TbIP 88 collected $23.52 from pot
TbIP-TbIP 88: doesn't show hand
*** SUMMARY ***
Total pot $24 | Rake $0.48
Board [Ad 3s 8h 6d]
Seat 4: aremom4e (big blind) folded on the Turn
Seat 6: TbIP-TbIP 88 (button) (small blind) collected ($23.52)


PokerStars Hand #166543770319:  Hold'em Limit ($3/$6 USD) - 2017/02/21 5:58:40 ET
Table 'Euryalos II' 6-max Seat #4 is the button
Seat 4: aremom4e ($47.88 in chips)
Seat 6: TbIP-TbIP 88 ($121.85 in chips)
aremom4e: posts small blind $1
TbIP-TbIP 88: posts big blind $3
*** HOLE CARDS ***
aremom4e: folds
Uncalled bet ($2) returned to TbIP-TbIP 88
TbIP-TbIP 88 collected $2 from pot
TbIP-TbIP 88: doesn't show hand
*** SUMMARY ***
Total pot $2 | Rake $0
Seat 4: aremom4e (button) (small blind) folded before Flop
Seat 6: TbIP-TbIP 88 (big blind) collected ($2)


PokerStars Hand #166543762132:  Hold'em Limit ($3/$6 USD) - 2017/02/21 5:58:19 ET
Table 'Euryalos II' 6-max Seat #6 is the button
Seat 4: aremom4e ($65.88 in chips)
Seat 6: TbIP-TbIP 88 ($104.35 in chips)
TbIP-TbIP 88: posts small blind $1
aremom4e: posts big blind $3
*** HOLE CARDS ***
TbIP-TbIP 88: raises $3 to $6
aremom4e: calls $3
*** FLOP *** [2s 5h Qd]
aremom4e: checks
TbIP-TbIP 88: bets $3
aremom4e: raises $3 to $6
TbIP-TbIP 88: calls $3
*** TURN *** [2s 5h Qd] [4c]
aremom4e: bets $6
TbIP-TbIP 88: calls $6
*** RIVER *** [2s 5h Qd 4c] [3h]
aremom4e: checks
TbIP-TbIP 88: checks
*** SHOW DOWN ***
aremom4e: shows [2d Td] (a pair of Deuces)
TbIP-TbIP 88: shows [Jc 5c] (a pair of Fives)
TbIP-TbIP 88 collected $35.50 from pot
*** SUMMARY ***
Total pot $36 | Rake $0.50
Board [2s 5h Qd 4c 3h]
Seat 4: aremom4e (big blind) showed [2d Td] and lost with a pair of Deuces
Seat 6: TbIP-TbIP 88 (button) (small blind) showed [Jc 5c] and won ($35.50) with a pair of Fives


PokerStars Hand #166543789582:  Hold'em Limit ($3/$6 USD) - 2017/02/21 5:59:29 ET
Table 'Euryalos II' 6-max Seat #6 is the button
Seat 4: aremom4e ($49.38 in chips)
Seat 6: TbIP-TbIP 88 ($119.37 in chips)
TbIP-TbIP 88: posts small blind $1
aremom4e: posts big blind $3
*** HOLE CARDS ***
TbIP-TbIP 88: raises $3 to $6
aremom4e: calls $3
*** FLOP *** [4s Jd Kd]
aremom4e: checks
TbIP-TbIP 88: bets $3
aremom4e: calls $3
*** TURN *** [4s Jd Kd] [Td]
aremom4e: checks
TbIP-TbIP 88: checks
*** RIVER *** [4s Jd Kd Td] [4d]
aremom4e: bets $6
TbIP-TbIP 88: raises $6 to $12
aremom4e: calls $6
*** SHOW DOWN ***
TbIP-TbIP 88: shows [8c Ad] (a flush, Ace high)
aremom4e: mucks hand
TbIP-TbIP 88 collected $41.50 from pot
*** SUMMARY ***
Total pot $42 | Rake $0.50
Board [4s Jd Kd Td 4d]
Seat 4: aremom4e (big blind) mucked
Seat 6: TbIP-TbIP 88 (button) (small blind) showed [8c Ad] and won ($41.50) with a flush, Ace high


PokerStars Hand #166543780605:  Hold'em Limit ($3/$6 USD) - 2017/02/21 5:59:06 ET
Table 'Euryalos II' 6-max Seat #4 is the button
Seat 4: aremom4e ($34.88 in chips)
Seat 6: TbIP-TbIP 88 ($134.37 in chips)
aremom4e: posts small blind $1
TbIP-TbIP 88: posts big blind $3
*** HOLE CARDS ***
aremom4e: raises $3 to $6
TbIP-TbIP 88: calls $3
*** FLOP *** [Js 3s Kd]
TbIP-TbIP 88: checks
aremom4e: bets $3
TbIP-TbIP 88: calls $3
*** TURN *** [Js 3s Kd] [Ks]
TbIP-TbIP 88: checks
aremom4e: checks
*** RIVER *** [Js 3s Kd Ks] [6h]
TbIP-TbIP 88: bets $6
aremom4e: calls $6
*** SHOW DOWN ***
TbIP-TbIP 88: shows [3c Tc] (two pair, Kings and Threes)
aremom4e: shows [6d 4d] (two pair, Kings and Sixes)
aremom4e collected $29.50 from pot
*** SUMMARY ***
Total pot $30 | Rake $0.50
Board [Js 3s Kd Ks 6h]
Seat 4: aremom4e (button) (small blind) showed [6d 4d] and won ($29.50) with two pair, Kings and Sixes
Seat 6: TbIP-TbIP 88 (big blind) showed [3c Tc] and lost with two pair, Kings and Threes


PokerStars Hand #166543807505:  Hold'em Limit ($3/$6 USD) - 2017/02/21 6:00:13 ET
Table 'Euryalos II' 6-max Seat #6 is the button
Seat 4: aremom4e ($19.38 in chips)
Seat 6: TbIP-TbIP 88 ($148.51 in chips)
TbIP-TbIP 88: posts small blind $1
aremom4e: posts big blind $3
*** HOLE CARDS ***
TbIP-TbIP 88: folds
Uncalled bet ($2) returned to aremom4e
aremom4e collected $2 from pot
aremom4e: doesn't show hand
*** SUMMARY ***
Total pot $2 | Rake $0
Seat 4: aremom4e (big blind) collected ($2)
Seat 6: TbIP-TbIP 88 (button) (small blind) folded before Flop


PokerStars Hand #166543800823:  Hold'em Limit ($3/$6 USD) - 2017/02/21 5:59:56 ET
Table 'Euryalos II' 6-max Seat #4 is the button
Seat 4: aremom4e ($28.38 in chips)
Seat 6: TbIP-TbIP 88 ($139.87 in chips)
aremom4e: posts small blind $1
TbIP-TbIP 88: posts big blind $3
*** HOLE CARDS ***
aremom4e: raises $3 to $6
TbIP-TbIP 88: calls $3
*** FLOP *** [4c 3h 8s]
TbIP-TbIP 88: checks
aremom4e: bets $3
TbIP-TbIP 88: calls $3
*** TURN *** [4c 3h 8s] [Qd]
TbIP-TbIP 88: checks
aremom4e: checks
*** RIVER *** [4c 3h 8s Qd] [Qh]
TbIP-TbIP 88: bets $6
aremom4e: folds
Uncalled bet ($6) returned to TbIP-TbIP 88
TbIP-TbIP 88 collected $17.64 from pot
TbIP-TbIP 88: doesn't show hand
*** SUMMARY ***
Total pot $18 | Rake $0.36
Board [4c 3h 8s Qd Qh]
Seat 4: aremom4e (button) (small blind) folded on the River
Seat 6: TbIP-TbIP 88 (big blind) collected ($17.64)


