PokerStars Hand #147574610363:  Hold'em Limit ($3/$6 USD) - 2016/01/23 23:09:17 ET
Table 'Eurykleia III' 10-max Seat #5 is the button
Seat 5: gorcea_vs ($101.66 in chips)
Seat 6: grabaz ($84 in chips)
gorcea_vs: posts small blind $1
grabaz: posts big blind $3
*** HOLE CARDS ***
Masqb leaves the table
gorcea_vs: raises $3 to $6
grabaz: raises $3 to $9
gorcea_vs: calls $3
*** FLOP *** [3s Kh 4c]
grabaz: bets $3
gorcea_vs: calls $3
*** TURN *** [3s Kh 4c] [2s]
grabaz: bets $6
gorcea_vs: raises $6 to $12
grabaz: calls $6
*** RIVER *** [3s Kh 4c 2s] [5c]
grabaz: checks
gorcea_vs: checks
*** SHOW DOWN ***
grabaz: shows [Qd Qc] (a pair of Queens)
gorcea_vs: shows [7d Ks] (a pair of Kings)
gorcea_vs collected $47.50 from pot
*** SUMMARY ***
Total pot $48 | Rake $0.50
Board [3s Kh 4c 2s 5c]
Seat 5: gorcea_vs (button) (small blind) showed [7d Ks] and won ($47.50) with a pair of Kings
Seat 6: grabaz (big blind) showed [Qd Qc] and lost with a pair of Queens


PokerStars Hand #147574634346:  Hold'em Limit ($3/$6 USD) - 2016/01/23 23:10:25 ET
Table 'Eurykleia III' 10-max Seat #5 is the button
Seat 5: gorcea_vs ($133.42 in chips)
Seat 6: grabaz ($290.52 in chips)
gorcea_vs: posts small blind $1
grabaz: posts big blind $3
*** HOLE CARDS ***
gorcea_vs: folds
Uncalled bet ($2) returned to grabaz
DirtyDouble2 joins the table at seat #4
grabaz collected $2 from pot
grabaz: doesn't show hand
*** SUMMARY ***
Total pot $2 | Rake $0
Seat 5: gorcea_vs (button) (small blind) folded before Flop
Seat 6: grabaz (big blind) collected ($2)


PokerStars Hand #147574629480:  Hold'em Limit ($3/$6 USD) - 2016/01/23 23:10:11 ET
Table 'Eurykleia III' 10-max Seat #6 is the button
Seat 5: gorcea_vs ($118.92 in chips)
Seat 6: grabaz ($305.52 in chips)
grabaz: posts small blind $1
gorcea_vs: posts big blind $3
*** HOLE CARDS ***
grabaz: raises $3 to $6
gorcea_vs: calls $3
*** FLOP *** [8s Kc 8d]
gorcea_vs: checks
grabaz: bets $3
gorcea_vs: calls $3
*** TURN *** [8s Kc 8d] [3s]
gorcea_vs: checks
grabaz: bets $6
gorcea_vs: raises $6 to $12
grabaz: folds
Uncalled bet ($6) returned to gorcea_vs
gorcea_vs collected $29.50 from pot
gorcea_vs: doesn't show hand
*** SUMMARY ***
Total pot $30 | Rake $0.50
Board [8s Kc 8d 3s]
Seat 5: gorcea_vs (big blind) collected ($29.50)
Seat 6: grabaz (button) (small blind) folded on the Turn


PokerStars Hand #147574623955:  Hold'em Limit ($3/$6 USD) - 2016/01/23 23:09:55 ET
Table 'Eurykleia III' 10-max Seat #5 is the button
Seat 5: gorcea_vs ($130.92 in chips)
Seat 6: grabaz ($294 in chips)
gorcea_vs: posts small blind $1
grabaz: posts big blind $3
*** HOLE CARDS ***
gorcea_vs: raises $3 to $6
grabaz: raises $3 to $9
gorcea_vs: calls $3
*** FLOP *** [2h 4h 8s]
grabaz: bets $3
gorcea_vs: calls $3
*** TURN *** [2h 4h 8s] [5s]
grabaz: bets $6
gorcea_vs: folds
Uncalled bet ($6) returned to grabaz
grabaz collected $23.52 from pot
grabaz: doesn't show hand
*** SUMMARY ***
Total pot $24 | Rake $0.48
Board [2h 4h 8s 5s]
Seat 5: gorcea_vs (button) (small blind) folded on the Turn
Seat 6: grabaz (big blind) collected ($23.52)


PokerStars Hand #147574617249:  Hold'em Limit ($3/$6 USD) - 2016/01/23 23:09:36 ET
Table 'Eurykleia III' 10-max Seat #6 is the button
Seat 5: gorcea_vs ($125.16 in chips)
Seat 6: grabaz ($300 in chips)
grabaz: posts small blind $1
gorcea_vs: posts big blind $3
*** HOLE CARDS ***
grabaz: raises $3 to $6
gorcea_vs: calls $3
*** FLOP *** [As 8h Qd]
gorcea_vs: checks
grabaz: checks
*** TURN *** [As 8h Qd] [Jh]
gorcea_vs: checks
grabaz: checks
*** RIVER *** [As 8h Qd Jh] [Kc]
gorcea_vs: bets $6
grabaz: folds
Uncalled bet ($6) returned to gorcea_vs
gorcea_vs collected $11.76 from pot
gorcea_vs: doesn't show hand
*** SUMMARY ***
Total pot $12 | Rake $0.24
Board [As 8h Qd Jh Kc]
Seat 5: gorcea_vs (big blind) collected ($11.76)
Seat 6: grabaz (button) (small blind) folded on the River


PokerStars Hand #147574659853:  Hold'em Limit ($3/$6 USD) - 2016/01/23 23:11:37 ET
Table 'Eurykleia III' 10-max Seat #4 is the button
Seat 4: DirtyDouble2 ($86.38 in chips)
Seat 5: gorcea_vs ($129.42 in chips)
DirtyDouble2: posts small blind $1
gorcea_vs: posts big blind $3
*** HOLE CARDS ***
DirtyDouble2: raises $3 to $6
gorcea_vs: calls $3
*** FLOP *** [2d 2s 7d]
gorcea_vs: checks
DirtyDouble2: bets $3
gorcea_vs: calls $3
*** TURN *** [2d 2s 7d] [8c]
gorcea_vs: checks
DirtyDouble2: bets $6
gorcea_vs: folds
Uncalled bet ($6) returned to DirtyDouble2
DirtyDouble2 collected $17.64 from pot
*** SUMMARY ***
Total pot $18 | Rake $0.36
Board [2d 2s 7d 8c]
Seat 4: DirtyDouble2 (button) (small blind) collected ($17.64)
Seat 5: gorcea_vs (big blind) folded on the Turn


PokerStars Hand #147574657042:  Hold'em Limit ($3/$6 USD) - 2016/01/23 23:11:29 ET
Table 'Eurykleia III' 10-max Seat #5 is the button
Seat 4: DirtyDouble2 ($89.38 in chips)
Seat 5: gorcea_vs ($126.42 in chips)
gorcea_vs: posts small blind $1
grabaz: is sitting out
DirtyDouble2: posts big blind $3
*** HOLE CARDS ***
grabaz leaves the table
gorcea_vs: raises $3 to $6
DirtyDouble2: folds
Uncalled bet ($3) returned to gorcea_vs
gorcea_vs collected $6 from pot
gorcea_vs: doesn't show hand
*** SUMMARY ***
Total pot $6 | Rake $0
Seat 4: DirtyDouble2 (big blind) folded before Flop
Seat 5: gorcea_vs (button) (small blind) collected ($6)


PokerStars Hand #147574682395:  Hold'em Limit ($3/$6 USD) - 2016/01/23 23:12:42 ET
Table 'Eurykleia III' 10-max Seat #4 is the button
Seat 4: DirtyDouble2 ($97.52 in chips)
Seat 5: gorcea_vs ($116.92 in chips)
DirtyDouble2: posts small blind $1
gorcea_vs: posts big blind $3
*** HOLE CARDS ***
DirtyDouble2: folds
Uncalled bet ($2) returned to gorcea_vs
gorcea_vs collected $2 from pot
gorcea_vs: doesn't show hand
*** SUMMARY ***
Total pot $2 | Rake $0
Seat 4: DirtyDouble2 (button) (small blind) folded before Flop
Seat 5: gorcea_vs (big blind) collected ($2)


PokerStars Hand #147574680063:  Hold'em Limit ($3/$6 USD) - 2016/01/23 23:12:35 ET
Table 'Eurykleia III' 10-max Seat #5 is the button
Seat 4: DirtyDouble2 ($100.52 in chips)
Seat 5: gorcea_vs ($113.92 in chips)
gorcea_vs: posts small blind $1
DirtyDouble2: posts big blind $3
*** HOLE CARDS ***
gorcea_vs: raises $3 to $6
DirtyDouble2: folds
Uncalled bet ($3) returned to gorcea_vs
gorcea_vs collected $6 from pot
gorcea_vs: doesn't show hand
*** SUMMARY ***
Total pot $6 | Rake $0
Seat 4: DirtyDouble2 (big blind) folded before Flop
Seat 5: gorcea_vs (button) (small blind) collected ($6)


PokerStars Hand #147574678407:  Hold'em Limit ($3/$6 USD) - 2016/01/23 23:12:30 ET
Table 'Eurykleia III' 10-max Seat #4 is the button
Seat 4: DirtyDouble2 ($101.52 in chips)
Seat 5: gorcea_vs ($112.92 in chips)
DirtyDouble2: posts small blind $1
gorcea_vs: posts big blind $3
*** HOLE CARDS ***
DirtyDouble2: folds
Uncalled bet ($2) returned to gorcea_vs
gorcea_vs collected $2 from pot
gorcea_vs: doesn't show hand
*** SUMMARY ***
Total pot $2 | Rake $0
Seat 4: DirtyDouble2 (button) (small blind) folded before Flop
Seat 5: gorcea_vs (big blind) collected ($2)


PokerStars Hand #147574664762:  Hold'em Limit ($3/$6 USD) - 2016/01/23 23:11:52 ET
Table 'Eurykleia III' 10-max Seat #5 is the button
Seat 4: DirtyDouble2 ($95.02 in chips)
Seat 5: gorcea_vs ($120.42 in chips)
gorcea_vs: posts small blind $1
DirtyDouble2: posts big blind $3
*** HOLE CARDS ***
gorcea_vs: folds
Uncalled bet ($2) returned to DirtyDouble2
DirtyDouble2 collected $2 from pot
*** SUMMARY ***
Total pot $2 | Rake $0
Seat 4: DirtyDouble2 (big blind) collected ($2)
Seat 5: gorcea_vs (button) (small blind) folded before Flop


PokerStars Hand #147574666608:  Hold'em Limit ($3/$6 USD) - 2016/01/23 23:11:57 ET
Table 'Eurykleia III' 10-max Seat #4 is the button
Seat 4: DirtyDouble2 ($96.02 in chips)
Seat 5: gorcea_vs ($119.42 in chips)
DirtyDouble2: posts small blind $1
gorcea_vs: posts big blind $3
*** HOLE CARDS ***
DirtyDouble2: raises $3 to $6
gorcea_vs: raises $3 to $9
DirtyDouble2: calls $3
*** FLOP *** [Qs 3c 9d]
gorcea_vs: bets $3
DirtyDouble2: calls $3
*** TURN *** [Qs 3c 9d] [Qd]
gorcea_vs: bets $6
DirtyDouble2: calls $6
*** RIVER *** [Qs 3c 9d Qd] [6c]
gorcea_vs: bets $6
DirtyDouble2: calls $6
*** SHOW DOWN ***
gorcea_vs: shows [Kc Jh] (a pair of Queens)
DirtyDouble2: shows [3d As] (two pair, Queens and Threes)
DirtyDouble2 collected $47.50 from pot
*** SUMMARY ***
Total pot $48 | Rake $0.50
Board [Qs 3c 9d Qd 6c]
Seat 4: DirtyDouble2 (button) (small blind) showed [3d As] and won ($47.50) with two pair, Queens and Threes
Seat 5: gorcea_vs (big blind) showed [Kc Jh] and lost with a pair of Queens


PokerStars Hand #147574671925:  Hold'em Limit ($3/$6 USD) - 2016/01/23 23:12:12 ET
Table 'Eurykleia III' 10-max Seat #5 is the button
Seat 4: DirtyDouble2 ($119.52 in chips)
Seat 5: gorcea_vs ($95.42 in chips)
gorcea_vs: posts small blind $1
DirtyDouble2: posts big blind $3
*** HOLE CARDS ***
gorcea_vs: raises $3 to $6
DirtyDouble2: calls $3
*** FLOP *** [9d 3h 7c]
DirtyDouble2: checks
gorcea_vs: bets $3
DirtyDouble2: raises $3 to $6
gorcea_vs: calls $3
*** TURN *** [9d 3h 7c] [Kh]
DirtyDouble2: bets $6
gorcea_vs: calls $6
*** RIVER *** [9d 3h 7c Kh] [4c]
DirtyDouble2: checks
gorcea_vs: checks
*** SHOW DOWN ***
DirtyDouble2: shows [3c Qs] (a pair of Threes)
gorcea_vs: shows [7h 5d] (a pair of Sevens)
gorcea_vs collected $35.50 from pot
*** SUMMARY ***
Total pot $36 | Rake $0.50
Board [9d 3h 7c Kh 4c]
Seat 4: DirtyDouble2 (big blind) showed [3c Qs] and lost with a pair of Threes
Seat 5: gorcea_vs (button) (small blind) showed [7h 5d] and won ($35.50) with a pair of Sevens


PokerStars Hand #147574683818:  Hold'em Limit ($3/$6 USD) - 2016/01/23 23:12:46 ET
Table 'Eurykleia III' 10-max Seat #5 is the button
Seat 4: DirtyDouble2 ($96.52 in chips)
Seat 5: gorcea_vs ($117.92 in chips)
gorcea_vs: posts small blind $1
DirtyDouble2: posts big blind $3
*** HOLE CARDS ***
gorcea_vs: raises $3 to $6
DirtyDouble2: raises $3 to $9
gorcea_vs: calls $3
*** FLOP *** [Th 7s Jc]
DirtyDouble2: bets $3
gorcea_vs: calls $3
*** TURN *** [Th 7s Jc] [3c]
DirtyDouble2: bets $6
gorcea_vs: calls $6
*** RIVER *** [Th 7s Jc 3c] [9s]
DirtyDouble2: bets $6
gorcea_vs: raises $6 to $12
DirtyDouble2: calls $6
*** SHOW DOWN ***
gorcea_vs: shows [Qc 2c] (high card Queen)
DirtyDouble2: shows [8s Ks] (a straight, Seven to Jack)
DirtyDouble2 collected $59.50 from pot
*** SUMMARY ***
Total pot $60 | Rake $0.50
Board [Th 7s Jc 3c 9s]
Seat 4: DirtyDouble2 (big blind) showed [8s Ks] and won ($59.50) with a straight, Seven to Jack
Seat 5: gorcea_vs (button) (small blind) showed [Qc 2c] and lost with high card Queen


PokerStars Hand #147574690746:  Hold'em Limit ($3/$6 USD) - 2016/01/23 23:13:05 ET
Table 'Eurykleia III' 10-max Seat #4 is the button
Seat 4: DirtyDouble2 ($126.02 in chips)
Seat 5: gorcea_vs ($87.92 in chips)
DirtyDouble2: posts small blind $1
gorcea_vs: posts big blind $3
*** HOLE CARDS ***
DirtyDouble2: raises $3 to $6
gorcea_vs: calls $3
*** FLOP *** [6h 8c 8s]
gorcea_vs: checks
DirtyDouble2: bets $3
gorcea_vs: calls $3
*** TURN *** [6h 8c 8s] [Ah]
gorcea_vs: checks
DirtyDouble2: bets $6
gorcea_vs: folds
Uncalled bet ($6) returned to DirtyDouble2
DirtyDouble2 collected $17.64 from pot
*** SUMMARY ***
Total pot $18 | Rake $0.36
Board [6h 8c 8s Ah]
Seat 4: DirtyDouble2 (button) (small blind) collected ($17.64)
Seat 5: gorcea_vs (big blind) folded on the Turn


PokerStars Hand #147574696490:  Hold'em Limit ($3/$6 USD) - 2016/01/23 23:13:22 ET
Table 'Eurykleia III' 10-max Seat #5 is the button
Seat 4: DirtyDouble2 ($134.66 in chips)
Seat 5: gorcea_vs ($78.92 in chips)
gorcea_vs: posts small blind $1
DirtyDouble2: posts big blind $3
*** HOLE CARDS ***
gorcea_vs: raises $3 to $6
DirtyDouble2: folds
Uncalled bet ($3) returned to gorcea_vs
gorcea_vs collected $6 from pot
gorcea_vs: doesn't show hand
*** SUMMARY ***
Total pot $6 | Rake $0
Seat 4: DirtyDouble2 (big blind) folded before Flop
Seat 5: gorcea_vs (button) (small blind) collected ($6)


PokerStars Hand #147574701892:  Hold'em Limit ($3/$6 USD) - 2016/01/23 23:13:37 ET
Table 'Eurykleia III' 10-max Seat #5 is the button
Seat 4: DirtyDouble2 ($137.42 in chips)
Seat 5: gorcea_vs ($75.92 in chips)
gorcea_vs: posts small blind $1
DirtyDouble2: posts big blind $3
*** HOLE CARDS ***
gorcea_vs: folds
Uncalled bet ($2) returned to DirtyDouble2
DirtyDouble2 collected $2 from pot
*** SUMMARY ***
Total pot $2 | Rake $0
Seat 4: DirtyDouble2 (big blind) collected ($2)
Seat 5: gorcea_vs (button) (small blind) folded before Flop


PokerStars Hand #147574698791:  Hold'em Limit ($3/$6 USD) - 2016/01/23 23:13:28 ET
Table 'Eurykleia III' 10-max Seat #4 is the button
Seat 4: DirtyDouble2 ($131.66 in chips)
Seat 5: gorcea_vs ($81.92 in chips)
DirtyDouble2: posts small blind $1
gorcea_vs: posts big blind $3
*** HOLE CARDS ***
DirtyDouble2: raises $3 to $6
gorcea_vs: calls $3
*** FLOP *** [Ac 3d 7c]
gorcea_vs: checks
DirtyDouble2: bets $3
gorcea_vs: folds
Uncalled bet ($3) returned to DirtyDouble2
DirtyDouble2 collected $11.76 from pot
*** SUMMARY ***
Total pot $12 | Rake $0.24
Board [Ac 3d 7c]
Seat 4: DirtyDouble2 (button) (small blind) collected ($11.76)
Seat 5: gorcea_vs (big blind) folded on the Flop


PokerStars Hand #147574703543:  Hold'em Limit ($3/$6 USD) - 2016/01/23 23:13:42 ET
Table 'Eurykleia III' 10-max Seat #4 is the button
Seat 4: DirtyDouble2 ($138.42 in chips)
Seat 5: gorcea_vs ($74.92 in chips)
DirtyDouble2: posts small blind $1
gorcea_vs: posts big blind $3
*** HOLE CARDS ***
DirtyDouble2: folds
Uncalled bet ($2) returned to gorcea_vs
gorcea_vs collected $2 from pot
gorcea_vs: doesn't show hand
*** SUMMARY ***
Total pot $2 | Rake $0
Seat 4: DirtyDouble2 (button) (small blind) folded before Flop
Seat 5: gorcea_vs (big blind) collected ($2)


PokerStars Hand #147574707665:  Hold'em Limit ($3/$6 USD) - 2016/01/23 23:13:54 ET
Table 'Eurykleia III' 10-max Seat #4 is the button
Seat 4: DirtyDouble2 ($134.42 in chips)
Seat 5: gorcea_vs ($78.92 in chips)
DirtyDouble2: posts small blind $1
gorcea_vs: posts big blind $3
*** HOLE CARDS ***
DirtyDouble2: folds
Uncalled bet ($2) returned to gorcea_vs
gorcea_vs collected $2 from pot
gorcea_vs: doesn't show hand
*** SUMMARY ***
Total pot $2 | Rake $0
Seat 4: DirtyDouble2 (button) (small blind) folded before Flop
Seat 5: gorcea_vs (big blind) collected ($2)


PokerStars Hand #147574705422:  Hold'em Limit ($3/$6 USD) - 2016/01/23 23:13:48 ET
Table 'Eurykleia III' 10-max Seat #5 is the button
Seat 4: DirtyDouble2 ($137.42 in chips)
Seat 5: gorcea_vs ($75.92 in chips)
gorcea_vs: posts small blind $1
DirtyDouble2: posts big blind $3
*** HOLE CARDS ***
gorcea_vs: raises $3 to $6
DirtyDouble2: folds
Uncalled bet ($3) returned to gorcea_vs
gorcea_vs collected $6 from pot
gorcea_vs: doesn't show hand
*** SUMMARY ***
Total pot $6 | Rake $0
Seat 4: DirtyDouble2 (big blind) folded before Flop
Seat 5: gorcea_vs (button) (small blind) collected ($6)


PokerStars Hand #147574709140:  Hold'em Limit ($3/$6 USD) - 2016/01/23 23:13:58 ET
Table 'Eurykleia III' 10-max Seat #5 is the button
Seat 4: DirtyDouble2 ($133.42 in chips)
Seat 5: gorcea_vs ($79.92 in chips)
gorcea_vs: posts small blind $1
DirtyDouble2: posts big blind $3
*** HOLE CARDS ***
gorcea_vs: raises $3 to $6
DirtyDouble2: folds
Uncalled bet ($3) returned to gorcea_vs
gorcea_vs collected $6 from pot
gorcea_vs: doesn't show hand
*** SUMMARY ***
Total pot $6 | Rake $0
Seat 4: DirtyDouble2 (big blind) folded before Flop
Seat 5: gorcea_vs (button) (small blind) collected ($6)


PokerStars Hand #147574710980:  Hold'em Limit ($3/$6 USD) - 2016/01/23 23:14:04 ET
Table 'Eurykleia III' 10-max Seat #4 is the button
Seat 4: DirtyDouble2 ($130.42 in chips)
Seat 5: gorcea_vs ($82.92 in chips)
DirtyDouble2: posts small blind $1
gorcea_vs: posts big blind $3
*** HOLE CARDS ***
DirtyDouble2: raises $3 to $6
gorcea_vs: raises $3 to $9
DirtyDouble2: calls $3
*** FLOP *** [6d 3s As]
gorcea_vs: bets $3
DirtyDouble2: calls $3
*** TURN *** [6d 3s As] [7s]
gorcea_vs: bets $6
DirtyDouble2: calls $6
*** RIVER *** [6d 3s As 7s] [9d]
gorcea_vs: bets $6
DirtyDouble2: calls $6
*** SHOW DOWN ***
gorcea_vs: shows [Th Ts] (a pair of Tens)
DirtyDouble2: mucks hand
gorcea_vs collected $47.50 from pot
*** SUMMARY ***
Total pot $48 | Rake $0.50
Board [6d 3s As 7s 9d]
Seat 4: DirtyDouble2 (button) (small blind) mucked
Seat 5: gorcea_vs (big blind) showed [Th Ts] and won ($47.50) with a pair of Tens


PokerStars Hand #147574716517:  Hold'em Limit ($3/$6 USD) - 2016/01/23 23:14:20 ET
Table 'Eurykleia III' 10-max Seat #5 is the button
Seat 4: DirtyDouble2 ($106.42 in chips)
Seat 5: gorcea_vs ($106.42 in chips)
gorcea_vs: posts small blind $1
DirtyDouble2: posts big blind $3
*** HOLE CARDS ***
gorcea_vs: raises $3 to $6
DirtyDouble2: folds
Uncalled bet ($3) returned to gorcea_vs
gorcea_vs collected $6 from pot
gorcea_vs: doesn't show hand
*** SUMMARY ***
Total pot $6 | Rake $0
Seat 4: DirtyDouble2 (big blind) folded before Flop
Seat 5: gorcea_vs (button) (small blind) collected ($6)


PokerStars Hand #147574721627:  Hold'em Limit ($3/$6 USD) - 2016/01/23 23:14:35 ET
Table 'Eurykleia III' 10-max Seat #5 is the button
Seat 4: DirtyDouble2 ($97.42 in chips)
Seat 5: gorcea_vs ($115.18 in chips)
gorcea_vs: posts small blind $1
DirtyDouble2: posts big blind $3
*** HOLE CARDS ***
gorcea_vs: raises $3 to $6
DirtyDouble2: raises $3 to $9
gorcea_vs: calls $3
*** FLOP *** [Js 9s 9h]
DirtyDouble2: bets $3
gorcea_vs: calls $3
*** TURN *** [Js 9s 9h] [2h]
DirtyDouble2: bets $6
gorcea_vs: raises $6 to $12
DirtyDouble2: raises $6 to $18
gorcea_vs: calls $6
*** RIVER *** [Js 9s 9h 2h] [7h]
DirtyDouble2: bets $6
gorcea_vs: raises $6 to $12
DirtyDouble2: calls $6
*** SHOW DOWN ***
gorcea_vs: shows [9d As] (three of a kind, Nines)
DirtyDouble2: mucks hand
gorcea_vs collected $83.50 from pot
*** SUMMARY ***
Total pot $84 | Rake $0.50
Board [Js 9s 9h 2h 7h]
Seat 4: DirtyDouble2 (big blind) mucked
Seat 5: gorcea_vs (button) (small blind) showed [9d As] and won ($83.50) with three of a kind, Nines


PokerStars Hand #147586739616:  Hold'em Limit ($3/$6 USD) - 2016/01/24 7:17:55 ET
Table 'Eurykleia III' 10-max Seat #7 is the button
Seat 7: boony444 ($315.36 in chips)
Seat 8: masterblstr8 ($151.52 in chips)
boony444: posts small blind $1
masterblstr8: posts big blind $3
*** HOLE CARDS ***
boony444: raises $3 to $6
masterblstr8: calls $3
*** FLOP *** [4h 2h Th]
masterblstr8: checks
boony444: bets $3
masterblstr8: folds
Uncalled bet ($3) returned to boony444
boony444 collected $11.76 from pot
boony444: doesn't show hand
*** SUMMARY ***
Total pot $12 | Rake $0.24
Board [4h 2h Th]
Seat 7: boony444 (button) (small blind) collected ($11.76)
Seat 8: masterblstr8 (big blind) folded on the Flop


PokerStars Hand #147586717434:  Hold'em Limit ($3/$6 USD) - 2016/01/24 7:17:21 ET
Table 'Eurykleia III' 10-max Seat #8 is the button
Seat 7: boony444 ($294.86 in chips)
Seat 8: masterblstr8 ($172.52 in chips)
masterblstr8: posts small blind $1
boony444: posts big blind $3
*** HOLE CARDS ***
masterblstr8: raises $3 to $6
boony444: calls $3
*** FLOP *** [3s 5c Kh]
gorcea_vs leaves the table
boony444: checks
VolkovDmitri leaves the table
masterblstr8: bets $3
boony444: calls $3
*** TURN *** [3s 5c Kh] [6c]
boony444: checks
masterblstr8: bets $6
boony444: raises $6 to $12
masterblstr8: calls $6
*** RIVER *** [3s 5c Kh 6c] [Td]
boony444: bets $6
masterblstr8: folds
Uncalled bet ($6) returned to boony444
boony444 collected $41.50 from pot
boony444: doesn't show hand
*** SUMMARY ***
Total pot $42 | Rake $0.50
Board [3s 5c Kh 6c Td]
Seat 7: boony444 (big blind) collected ($41.50)
Seat 8: masterblstr8 (button) (small blind) folded on the River


PokerStars Hand #147586745927:  Hold'em Limit ($3/$6 USD) - 2016/01/24 7:18:05 ET
Table 'Eurykleia III' 10-max Seat #8 is the button
Seat 7: boony444 ($321.12 in chips)
Seat 8: masterblstr8 ($145.52 in chips)
masterblstr8: posts small blind $1
boony444: posts big blind $3
*** HOLE CARDS ***
masterblstr8: raises $3 to $6
boony444: raises $3 to $9
masterblstr8: calls $3
*** FLOP *** [Ah Th Jd]
boony444: bets $3
masterblstr8: calls $3
*** TURN *** [Ah Th Jd] [As]
boony444: bets $6
masterblstr8: calls $6
*** RIVER *** [Ah Th Jd As] [Td]
boony444: bets $6
masterblstr8: calls $6
*** SHOW DOWN ***
boony444: shows [Ad 9d] (a full house, Aces full of Tens)
masterblstr8: mucks hand
boony444 collected $47.50 from pot
*** SUMMARY ***
Total pot $48 | Rake $0.50
Board [Ah Th Jd As Td]
Seat 7: boony444 (big blind) showed [Ad 9d] and won ($47.50) with a full house, Aces full of Tens
Seat 8: masterblstr8 (button) (small blind) mucked


