PokerStars Hand #151144021898:  Hold'em Limit ($3/$6 USD) - 2016/03/29 20:12:40 ET
Table 'Eurydome' 10-max Seat #8 is the button
Seat 2: __P0o_P0o__ ($119 in chips)
Seat 8: Pandakey ($121 in chips)
Pandakey: posts small blind $1
__P0o_P0o__: posts big blind $3
*** HOLE CARDS ***
Pandakey: raises $3 to $6
__P0o_P0o__: calls $3
*** FLOP *** [Ah 9s 5s]
__P0o_P0o__: checks
Pandakey: bets $3
__P0o_P0o__: raises $3 to $6
Pandakey: calls $3
*** TURN *** [Ah 9s 5s] [Ts]
__P0o_P0o__: bets $6
Pandakey: raises $6 to $12
__P0o_P0o__: calls $6
*** RIVER *** [Ah 9s 5s Ts] [Tc]
__P0o_P0o__: checks
Pandakey: bets $6
__P0o_P0o__: calls $6
*** SHOW DOWN ***
Pandakey: shows [Ad Kc] (two pair, Aces and Tens)
__P0o_P0o__: mucks hand
Pandakey collected $59.50 from pot
*** SUMMARY ***
Total pot $60 | Rake $0.50
Board [Ah 9s 5s Ts Tc]
Seat 2: __P0o_P0o__ (big blind) mucked
Seat 8: Pandakey (button) (small blind) showed [Ad Kc] and won ($59.50) with two pair, Aces and Tens


PokerStars Hand #151144034202:  Hold'em Limit ($3/$6 USD) - 2016/03/29 20:13:03 ET
Table 'Eurydome' 10-max Seat #2 is the button
Seat 2: __P0o_P0o__ ($89 in chips)
Seat 8: Pandakey ($150.50 in chips)
__P0o_P0o__: posts small blind $1
Pandakey: posts big blind $3
*** HOLE CARDS ***
__P0o_P0o__: raises $3 to $6
Pandakey: folds
Uncalled bet ($3) returned to __P0o_P0o__
__P0o_P0o__ collected $6 from pot
*** SUMMARY ***
Total pot $6 | Rake $0
Seat 2: __P0o_P0o__ (button) (small blind) collected ($6)
Seat 8: Pandakey (big blind) folded before Flop


PokerStars Hand #151144040093:  Hold'em Limit ($3/$6 USD) - 2016/03/29 20:13:14 ET
Table 'Eurydome' 10-max Seat #2 is the button
Seat 2: __P0o_P0o__ ($93 in chips)
Seat 8: Pandakey ($146.50 in chips)
__P0o_P0o__: posts small blind $1
Pandakey: posts big blind $3
*** HOLE CARDS ***
__P0o_P0o__: raises $3 to $6
Pandakey: calls $3
*** FLOP *** [8s 8d Qd]
Pandakey: checks
__P0o_P0o__: bets $3
Pandakey: folds
Uncalled bet ($3) returned to __P0o_P0o__
__P0o_P0o__ collected $11.76 from pot
*** SUMMARY ***
Total pot $12 | Rake $0.24
Board [8s 8d Qd]
Seat 2: __P0o_P0o__ (button) (small blind) collected ($11.76)
Seat 8: Pandakey (big blind) folded on the Flop


PokerStars Hand #151144037574:  Hold'em Limit ($3/$6 USD) - 2016/03/29 20:13:10 ET
Table 'Eurydome' 10-max Seat #8 is the button
Seat 2: __P0o_P0o__ ($92 in chips)
Seat 8: Pandakey ($147.50 in chips)
Pandakey: posts small blind $1
__P0o_P0o__: posts big blind $3
*** HOLE CARDS ***
Pandakey: folds
Uncalled bet ($2) returned to __P0o_P0o__
__P0o_P0o__ collected $2 from pot
*** SUMMARY ***
Total pot $2 | Rake $0
Seat 2: __P0o_P0o__ (big blind) collected ($2)
Seat 8: Pandakey (button) (small blind) folded before Flop


PokerStars Hand #151144044166:  Hold'em Limit ($3/$6 USD) - 2016/03/29 20:13:22 ET
Table 'Eurydome' 10-max Seat #8 is the button
Seat 2: __P0o_P0o__ ($98.76 in chips)
Seat 8: Pandakey ($140.50 in chips)
Pandakey: posts small blind $1
__P0o_P0o__: posts big blind $3
*** HOLE CARDS ***
Pandakey: folds
Uncalled bet ($2) returned to __P0o_P0o__
__P0o_P0o__ collected $2 from pot
*** SUMMARY ***
Total pot $2 | Rake $0
Seat 2: __P0o_P0o__ (big blind) collected ($2)
Seat 8: Pandakey (button) (small blind) folded before Flop


PokerStars Hand #151144046722:  Hold'em Limit ($3/$6 USD) - 2016/03/29 20:13:27 ET
Table 'Eurydome' 10-max Seat #2 is the button
Seat 2: __P0o_P0o__ ($99.76 in chips)
Seat 8: Pandakey ($139.50 in chips)
__P0o_P0o__: posts small blind $1
Pandakey: posts big blind $3
*** HOLE CARDS ***
__P0o_P0o__: raises $3 to $6
Pandakey: calls $3
*** FLOP *** [Jd 6h Qs]
Pandakey: checks
__P0o_P0o__: bets $3
Pandakey: raises $3 to $6
__P0o_P0o__: raises $3 to $9
Pandakey: calls $3
*** TURN *** [Jd 6h Qs] [6s]
Pandakey: checks
__P0o_P0o__: checks
*** RIVER *** [Jd 6h Qs 6s] [3s]
Pandakey: bets $6
__P0o_P0o__: folds
Uncalled bet ($6) returned to Pandakey
Pandakey collected $29.50 from pot
Pandakey: doesn't show hand
*** SUMMARY ***
Total pot $30 | Rake $0.50
Board [Jd 6h Qs 6s 3s]
Seat 2: __P0o_P0o__ (button) (small blind) folded on the River
Seat 8: Pandakey (big blind) collected ($29.50)


PokerStars Hand #151144054956:  Hold'em Limit ($3/$6 USD) - 2016/03/29 20:13:42 ET
Table 'Eurydome' 10-max Seat #8 is the button
Seat 2: __P0o_P0o__ ($84.76 in chips)
Seat 8: Pandakey ($154 in chips)
Pandakey: posts small blind $1
__P0o_P0o__: posts big blind $3
*** HOLE CARDS ***
Pandakey: raises $3 to $6
__P0o_P0o__: calls $3
*** FLOP *** [5c Qs 4h]
__P0o_P0o__: checks
Pandakey: bets $3
__P0o_P0o__: calls $3
*** TURN *** [5c Qs 4h] [5s]
__P0o_P0o__: checks
Pandakey: checks
*** RIVER *** [5c Qs 4h 5s] [9h]
__P0o_P0o__: checks
Pandakey: checks
*** SHOW DOWN ***
__P0o_P0o__: shows [5d Qh] (a full house, Fives full of Queens)
Pandakey: mucks hand
__P0o_P0o__ collected $17.64 from pot
*** SUMMARY ***
Total pot $18 | Rake $0.36
Board [5c Qs 4h 5s 9h]
Seat 2: __P0o_P0o__ (big blind) showed [5d Qh] and won ($17.64) with a full house, Fives full of Queens
Seat 8: Pandakey (button) (small blind) mucked


PokerStars Hand #151144061223:  Hold'em Limit ($3/$6 USD) - 2016/03/29 20:13:54 ET
Table 'Eurydome' 10-max Seat #2 is the button
Seat 2: __P0o_P0o__ ($93.40 in chips)
Seat 8: Pandakey ($145 in chips)
__P0o_P0o__: posts small blind $1
Pandakey: posts big blind $3
*** HOLE CARDS ***
__P0o_P0o__: raises $3 to $6
Pandakey: calls $3
*** FLOP *** [Th 7s Td]
Pandakey: checks
__P0o_P0o__: bets $3
chipsdigme86 joins the table at seat #5
Pandakey: folds
Uncalled bet ($3) returned to __P0o_P0o__
__P0o_P0o__ collected $11.76 from pot
*** SUMMARY ***
Total pot $12 | Rake $0.24
Board [Th 7s Td]
Seat 2: __P0o_P0o__ (button) (small blind) collected ($11.76)
Seat 8: Pandakey (big blind) folded on the Flop


PokerStars Hand #151144066051:  Hold'em Limit ($3/$6 USD) - 2016/03/29 20:14:03 ET
Table 'Eurydome' 10-max Seat #8 is the button
Seat 2: __P0o_P0o__ ($99.16 in chips)
Seat 8: Pandakey ($139 in chips)
Pandakey: posts small blind $1
__P0o_P0o__: posts big blind $3
*** HOLE CARDS ***
Pandakey: raises $3 to $6
__P0o_P0o__: raises $3 to $9
Pandakey: calls $3
*** FLOP *** [8c 5s Jd]
__P0o_P0o__: bets $3
Pandakey: calls $3
*** TURN *** [8c 5s Jd] [Kc]
__P0o_P0o__: bets $6
Pandakey: calls $6
*** RIVER *** [8c 5s Jd Kc] [7d]
__P0o_P0o__: bets $6
Pandakey: calls $6
*** SHOW DOWN ***
__P0o_P0o__: shows [Kd 8d] (two pair, Kings and Eights)
Pandakey: mucks hand
__P0o_P0o__ collected $47.50 from pot
*** SUMMARY ***
Total pot $48 | Rake $0.50
Board [8c 5s Jd Kc 7d]
Seat 2: __P0o_P0o__ (big blind) showed [Kd 8d] and won ($47.50) with two pair, Kings and Eights
Seat 8: Pandakey (button) (small blind) mucked


PokerStars Hand #151145195821:  Hold'em Limit ($3/$6 USD) - 2016/03/29 20:51:33 ET
Table 'Eurydome' 10-max Seat #5 is the button
Seat 3: win888day ($113.33 in chips)
Seat 5: Pandakey ($131.51 in chips)
Pandakey: posts small blind $1
MissEKAmouse: is sitting out
Zubasa07: is sitting out
win888day: posts big blind $3
*** HOLE CARDS ***
Pandakey: folds
Uncalled bet ($2) returned to win888day
Zubasa07 leaves the table
win888day collected $2 from pot
win888day: doesn't show hand
*** SUMMARY ***
Total pot $2 | Rake $0
Seat 3: win888day (big blind) collected ($2)
Seat 5: Pandakey (button) (small blind) folded before Flop


PokerStars Hand #151145198623:  Hold'em Limit ($3/$6 USD) - 2016/03/29 20:51:39 ET
Table 'Eurydome' 10-max Seat #3 is the button
Seat 3: win888day ($114.33 in chips)
Seat 5: Pandakey ($130.51 in chips)
win888day: posts small blind $1
Pandakey: posts big blind $3
*** HOLE CARDS ***
win888day: folds
Uncalled bet ($2) returned to Pandakey
Pandakey collected $2 from pot
Pandakey: doesn't show hand
*** SUMMARY ***
Total pot $2 | Rake $0
Seat 3: win888day (button) (small blind) folded before Flop
Seat 5: Pandakey (big blind) collected ($2)


