PokerStars Hand #175393477670:  Hold'em Limit ($3/$6 USD) - 2017/09/08 20:38:35 ET
Table 'Eurysaces II' 6-max Seat #5 is the button
Seat 5: karambakilla ($232.46 in chips)
Seat 6: knoppers9 ($156.87 in chips)
karambakilla: posts small blind $1
knoppers9: posts big blind $3
*** HOLE CARDS ***
karambakilla: raises $3 to $6
knoppers9: raises $3 to $9
karambakilla: calls $3
*** FLOP *** [Ts Td 9d]
knoppers9: bets $3
karambakilla: calls $3
*** TURN *** [Ts Td 9d] [7d]
knoppers9: bets $6
karambakilla: raises $6 to $12
knoppers9: calls $6
*** RIVER *** [Ts Td 9d 7d] [4h]
knoppers9: checks
karambakilla: bets $6
knoppers9: calls $6
*** SHOW DOWN ***
karambakilla: shows [9s 9c] (a full house, Nines full of Tens)
knoppers9: mucks hand
karambakilla collected $59.50 from pot
*** SUMMARY ***
Total pot $60 | Rake $0.50
Board [Ts Td 9d 7d 4h]
Seat 5: karambakilla (button) (small blind) showed [9s 9c] and won ($59.50) with a full house, Nines full of Tens
Seat 6: knoppers9 (big blind) mucked


PokerStars Hand #175393473862:  Hold'em Limit ($3/$6 USD) - 2017/09/08 20:38:27 ET
Table 'Eurysaces II' 6-max Seat #6 is the button
Seat 5: karambakilla ($235.46 in chips)
Seat 6: knoppers9 ($153.87 in chips)
knoppers9: posts small blind $1
karambakilla: posts big blind $3
*** HOLE CARDS ***
knoppers9: raises $3 to $6
karambakilla: folds
Uncalled bet ($3) returned to knoppers9
knoppers9 collected $6 from pot
knoppers9: doesn't show hand
*** SUMMARY ***
Total pot $6 | Rake $0
Seat 5: karambakilla (big blind) folded before Flop
Seat 6: knoppers9 (button) (small blind) collected ($6)


PokerStars Hand #175393506704:  Hold'em Limit ($3/$6 USD) - 2017/09/08 20:39:34 ET
Table 'Eurysaces II' 6-max Seat #5 is the button
Seat 5: karambakilla ($241.96 in chips)
Seat 6: knoppers9 ($146.37 in chips)
karambakilla: posts small blind $1
knoppers9: posts big blind $3
*** HOLE CARDS ***
karambakilla: raises $3 to $6
vitamin168 joins the table at seat #1
knoppers9: calls $3
*** FLOP *** [4s 7d 5c]
knoppers9: bets $3
karambakilla: calls $3
*** TURN *** [4s 7d 5c] [Ts]
knoppers9: bets $6
karambakilla: raises $6 to $12
knoppers9: raises $6 to $18
karambakilla: calls $6
*** RIVER *** [4s 7d 5c Ts] [Th]
knoppers9: bets $6
karambakilla: calls $6
*** SHOW DOWN ***
knoppers9: shows [8d 6d] (a straight, Four to Eight)
karambakilla: mucks hand
knoppers9 collected $65.50 from pot
*** SUMMARY ***
Total pot $66 | Rake $0.50
Board [4s 7d 5c Ts Th]
Seat 5: karambakilla (button) (small blind) mucked
Seat 6: knoppers9 (big blind) showed [8d 6d] and won ($65.50) with a straight, Four to Eight


PokerStars Hand #175393503466:  Hold'em Limit ($3/$6 USD) - 2017/09/08 20:39:28 ET
Table 'Eurysaces II' 6-max Seat #6 is the button
Seat 5: karambakilla ($244.96 in chips)
Seat 6: knoppers9 ($143.37 in chips)
knoppers9: posts small blind $1
karambakilla: posts big blind $3
*** HOLE CARDS ***
knoppers9: raises $3 to $6
karambakilla: folds
Uncalled bet ($3) returned to knoppers9
knoppers9 collected $6 from pot
knoppers9: doesn't show hand
*** SUMMARY ***
Total pot $6 | Rake $0
Seat 5: karambakilla (big blind) folded before Flop
Seat 6: knoppers9 (button) (small blind) collected ($6)


PokerStars Hand #175393493439:  Hold'em Limit ($3/$6 USD) - 2017/09/08 20:39:07 ET
Table 'Eurysaces II' 6-max Seat #5 is the button
Seat 5: karambakilla ($262.96 in chips)
Seat 6: knoppers9 ($125.87 in chips)
karambakilla: posts small blind $1
knoppers9: posts big blind $3
*** HOLE CARDS ***
karambakilla: raises $3 to $6
knoppers9: calls $3
*** FLOP *** [2h 5s 2c]
knoppers9: bets $3
karambakilla: raises $3 to $6
knoppers9: raises $3 to $9
karambakilla: raises $3 to $12
Betting is capped
knoppers9: calls $3
*** TURN *** [2h 5s 2c] [3h]
knoppers9: bets $6
karambakilla: folds
Uncalled bet ($6) returned to knoppers9
knoppers9 collected $35.50 from pot
knoppers9: doesn't show hand
*** SUMMARY ***
Total pot $36 | Rake $0.50
Board [2h 5s 2c 3h]
Seat 5: karambakilla (button) (small blind) folded on the Turn
Seat 6: knoppers9 (big blind) collected ($35.50)


PokerStars Hand #175393490448:  Hold'em Limit ($3/$6 USD) - 2017/09/08 20:39:01 ET
Table 'Eurysaces II' 6-max Seat #6 is the button
Seat 5: karambakilla ($261.96 in chips)
Seat 6: knoppers9 ($126.87 in chips)
knoppers9: posts small blind $1
karambakilla: posts big blind $3
*** HOLE CARDS ***
knoppers9: folds
Uncalled bet ($2) returned to karambakilla
karambakilla collected $2 from pot
karambakilla: doesn't show hand
*** SUMMARY ***
Total pot $2 | Rake $0
Seat 5: karambakilla (big blind) collected ($2)
Seat 6: knoppers9 (button) (small blind) folded before Flop


PokerStars Hand #175398206671:  Hold'em Limit ($3/$6 USD) - 2017/09/09 0:09:47 ET
Table 'Eurysaces II' 6-max Seat #1 is the button
Seat 1: banita51 ($174.03 in chips)
Seat 4: Chessnok ($157.76 in chips)
banita51: posts small blind $1
zimin10: is sitting out
Chessnok: posts big blind $3
*** HOLE CARDS ***
banita51: raises $3 to $6
Chessnok: folds
Uncalled bet ($3) returned to banita51
banita51 collected $6 from pot
*** SUMMARY ***
Total pot $6 | Rake $0
Seat 1: banita51 (button) (small blind) collected ($6)
Seat 4: Chessnok (big blind) folded before Flop


PokerStars Hand #175398209530:  Hold'em Limit ($3/$6 USD) - 2017/09/09 0:09:57 ET
Table 'Eurysaces II' 6-max Seat #4 is the button
Seat 1: banita51 ($177.03 in chips)
Seat 4: Chessnok ($154.76 in chips)
Chessnok: posts small blind $1
banita51: posts big blind $3
*** HOLE CARDS ***
Chessnok: raises $3 to $6
banita51: calls $3
*** FLOP *** [As Kd Qc]
banita51: bets $3
Chessnok: calls $3
*** TURN *** [As Kd Qc] [9h]
banita51: checks
Chessnok: checks
*** RIVER *** [As Kd Qc 9h] [Qd]
banita51: checks
Chessnok: checks
*** SHOW DOWN ***
banita51: shows [Jd 5c] (a pair of Queens)
Chessnok: mucks hand
banita51 collected $17.64 from pot
*** SUMMARY ***
Total pot $18 | Rake $0.36
Board [As Kd Qc 9h Qd]
Seat 1: banita51 (big blind) showed [Jd 5c] and won ($17.64) with a pair of Queens
Seat 4: Chessnok (button) (small blind) mucked


PokerStars Hand #175398219836:  Hold'em Limit ($3/$6 USD) - 2017/09/09 0:10:32 ET
Table 'Eurysaces II' 6-max Seat #1 is the button
Seat 1: banita51 ($185.67 in chips)
Seat 4: Chessnok ($145.76 in chips)
banita51: posts small blind $1
Chessnok: posts big blind $3
*** HOLE CARDS ***
banita51: raises $3 to $6
Chessnok: folds
Uncalled bet ($3) returned to banita51
banita51 collected $6 from pot
*** SUMMARY ***
Total pot $6 | Rake $0
Seat 1: banita51 (button) (small blind) collected ($6)
Seat 4: Chessnok (big blind) folded before Flop


PokerStars Hand #175398223791:  Hold'em Limit ($3/$6 USD) - 2017/09/09 0:10:46 ET
Table 'Eurysaces II' 6-max Seat #4 is the button
Seat 1: banita51 ($188.67 in chips)
Seat 4: Chessnok ($142.76 in chips)
Chessnok: posts small blind $1
banita51: posts big blind $3
*** HOLE CARDS ***
Chessnok: raises $3 to $6
banita51: calls $3
*** FLOP *** [8d 3h Kh]
banita51: checks
Chessnok: bets $3
banita51: calls $3
*** TURN *** [8d 3h Kh] [Ac]
banita51: checks
Chessnok: bets $6
banita51: folds
Uncalled bet ($6) returned to Chessnok
Chessnok collected $17.64 from pot
Chessnok: doesn't show hand
*** SUMMARY ***
Total pot $18 | Rake $0.36
Board [8d 3h Kh Ac]
Seat 1: banita51 (big blind) folded on the Turn
Seat 4: Chessnok (button) (small blind) collected ($17.64)


PokerStars Hand #175398242746:  Hold'em Limit ($3/$6 USD) - 2017/09/09 0:11:53 ET
Table 'Eurysaces II' 6-max Seat #4 is the button
Seat 1: banita51 ($194.17 in chips)
Seat 4: Chessnok ($136.40 in chips)
Chessnok: posts small blind $1
banita51: posts big blind $3
*** HOLE CARDS ***
Chessnok: raises $3 to $6
banita51: folds
Uncalled bet ($3) returned to Chessnok
Chessnok collected $6 from pot
Chessnok: doesn't show hand
*** SUMMARY ***
Total pot $6 | Rake $0
Seat 1: banita51 (big blind) folded before Flop
Seat 4: Chessnok (button) (small blind) collected ($6)


PokerStars Hand #175398260758:  Hold'em Limit ($3/$6 USD) - 2017/09/09 0:12:56 ET
Table 'Eurysaces II' 6-max Seat #4 is the button
Seat 1: banita51 ($199.81 in chips)
Seat 4: Chessnok ($130.40 in chips)
Chessnok: posts small blind $1
banita51: posts big blind $3
*** HOLE CARDS ***
Chessnok: raises $3 to $6
banita51: folds
Uncalled bet ($3) returned to Chessnok
Chessnok collected $6 from pot
Chessnok: doesn't show hand
*** SUMMARY ***
Total pot $6 | Rake $0
Seat 1: banita51 (big blind) folded before Flop
Seat 4: Chessnok (button) (small blind) collected ($6)


PokerStars Hand #175398245467:  Hold'em Limit ($3/$6 USD) - 2017/09/09 0:12:02 ET
Table 'Eurysaces II' 6-max Seat #1 is the button
Seat 1: banita51 ($191.17 in chips)
Seat 4: Chessnok ($139.40 in chips)
banita51: posts small blind $1
Chessnok: posts big blind $3
*** HOLE CARDS ***
banita51: raises $3 to $6
Chessnok: calls $3
*** FLOP *** [Ad 7d 6d]
Chessnok: bets $3
banita51: calls $3
*** TURN *** [Ad 7d 6d] [7c]
Chessnok: checks
banita51: checks
*** RIVER *** [Ad 7d 6d 7c] [3h]
Chessnok: checks
banita51: bets $6
Chessnok: folds
Uncalled bet ($6) returned to banita51
banita51 collected $17.64 from pot
*** SUMMARY ***
Total pot $18 | Rake $0.36
Board [Ad 7d 6d 7c 3h]
Seat 1: banita51 (button) (small blind) collected ($17.64)
Seat 4: Chessnok (big blind) folded on the River


PokerStars Hand #175398272445:  Hold'em Limit ($3/$6 USD) - 2017/09/09 0:13:37 ET
Table 'Eurysaces II' 6-max Seat #4 is the button
Seat 1: banita51 ($184.81 in chips)
Seat 4: Chessnok ($144.92 in chips)
Chessnok: posts small blind $1
banita51: posts big blind $3
*** HOLE CARDS ***
Chessnok: raises $3 to $6
banita51: calls $3
*** FLOP *** [3c 7h Td]
banita51: bets $3
Chessnok: calls $3
*** TURN *** [3c 7h Td] [5c]
banita51: bets $6
Chessnok: raises $6 to $12
banita51: calls $6
*** RIVER *** [3c 7h Td 5c] [9c]
banita51: checks
Chessnok: checks
*** SHOW DOWN ***
banita51: shows [3d Kd] (a pair of Threes)
Chessnok: shows [Ah 7c] (a pair of Sevens)
Chessnok collected $41.50 from pot
*** SUMMARY ***
Total pot $42 | Rake $0.50
Board [3c 7h Td 5c 9c]
Seat 1: banita51 (big blind) showed [3d Kd] and lost with a pair of Threes
Seat 4: Chessnok (button) (small blind) showed [Ah 7c] and won ($41.50) with a pair of Sevens


PokerStars Hand #175398263866:  Hold'em Limit ($3/$6 USD) - 2017/09/09 0:13:07 ET
Table 'Eurysaces II' 6-max Seat #1 is the button
Seat 1: banita51 ($196.81 in chips)
Seat 4: Chessnok ($133.40 in chips)
banita51: posts small blind $1
Chessnok: posts big blind $3
*** HOLE CARDS ***
banita51: raises $3 to $6
Chessnok: raises $3 to $9
banita51: calls $3
*** FLOP *** [9d 2s Kc]
Chessnok: bets $3
banita51: calls $3
*** TURN *** [9d 2s Kc] [9s]
Chessnok: bets $6
banita51: folds
Uncalled bet ($6) returned to Chessnok
Chessnok collected $23.52 from pot
Chessnok: doesn't show hand
*** SUMMARY ***
Total pot $24 | Rake $0.48
Board [9d 2s Kc 9s]
Seat 1: banita51 (button) (small blind) folded on the Turn
Seat 4: Chessnok (big blind) collected ($23.52)


PokerStars Hand #175398279794:  Hold'em Limit ($3/$6 USD) - 2017/09/09 0:14:03 ET
Table 'Eurysaces II' 6-max Seat #1 is the button
Seat 1: banita51 ($163.81 in chips)
Seat 4: Chessnok ($165.42 in chips)
banita51: posts small blind $1
Chessnok: posts big blind $3
*** HOLE CARDS ***
banita51: folds
Uncalled bet ($2) returned to Chessnok
Chessnok collected $2 from pot
Chessnok: doesn't show hand
*** SUMMARY ***
Total pot $2 | Rake $0
Seat 1: banita51 (button) (small blind) folded before Flop
Seat 4: Chessnok (big blind) collected ($2)


PokerStars Hand #175398289583:  Hold'em Limit ($3/$6 USD) - 2017/09/09 0:14:37 ET
Table 'Eurysaces II' 6-max Seat #1 is the button
Seat 1: banita51 ($186.31 in chips)
Seat 4: Chessnok ($142.42 in chips)
banita51: posts small blind $1
Chessnok: posts big blind $3
*** HOLE CARDS ***
banita51: folds
Uncalled bet ($2) returned to Chessnok
Chessnok collected $2 from pot
Chessnok: doesn't show hand
*** SUMMARY ***
Total pot $2 | Rake $0
Seat 1: banita51 (button) (small blind) folded before Flop
Seat 4: Chessnok (big blind) collected ($2)


PokerStars Hand #175398281360:  Hold'em Limit ($3/$6 USD) - 2017/09/09 0:14:08 ET
Table 'Eurysaces II' 6-max Seat #4 is the button
Seat 1: banita51 ($162.81 in chips)
Seat 4: Chessnok ($166.42 in chips)
Chessnok: posts small blind $1
banita51: posts big blind $3
*** HOLE CARDS ***
Chessnok: raises $3 to $6
banita51: raises $3 to $9
Chessnok: calls $3
*** FLOP *** [9c 3d 8s]
banita51: bets $3
Chessnok: calls $3
*** TURN *** [9c 3d 8s] [Kc]
banita51: bets $6
Chessnok: calls $6
*** RIVER *** [9c 3d 8s Kc] [2c]
banita51: bets $6
Chessnok: calls $6
*** SHOW DOWN ***
banita51: shows [2d 2h] (three of a kind, Deuces)
Chessnok: mucks hand
banita51 collected $47.50 from pot
*** SUMMARY ***
Total pot $48 | Rake $0.50
Board [9c 3d 8s Kc 2c]
Seat 1: banita51 (big blind) showed [2d 2h] and won ($47.50) with three of a kind, Deuces
Seat 4: Chessnok (button) (small blind) mucked


PokerStars Hand #175398291738:  Hold'em Limit ($3/$6 USD) - 2017/09/09 0:14:45 ET
Table 'Eurysaces II' 6-max Seat #4 is the button
Seat 1: banita51 ($185.31 in chips)
Seat 4: Chessnok ($143.42 in chips)
Chessnok: posts small blind $1
banita51: posts big blind $3
*** HOLE CARDS ***
Chessnok: raises $3 to $6
banita51: calls $3
*** FLOP *** [6h Js 4d]
banita51: checks
Chessnok: bets $3
banita51: calls $3
*** TURN *** [6h Js 4d] [7h]
banita51: checks
Chessnok: checks
*** RIVER *** [6h Js 4d 7h] [8c]
banita51: bets $6
Chessnok: folds
Uncalled bet ($6) returned to banita51
banita51 collected $17.64 from pot
*** SUMMARY ***
Total pot $18 | Rake $0.36
Board [6h Js 4d 7h 8c]
Seat 1: banita51 (big blind) collected ($17.64)
Seat 4: Chessnok (button) (small blind) folded on the River


PokerStars Hand #175398303178:  Hold'em Limit ($3/$6 USD) - 2017/09/09 0:15:25 ET
Table 'Eurysaces II' 6-max Seat #1 is the button
Seat 1: banita51 ($193.95 in chips)
Seat 4: Chessnok ($134.42 in chips)
banita51: posts small blind $1
Chessnok: posts big blind $3
*** HOLE CARDS ***
banita51: calls $2
Chessnok: raises $3 to $6
banita51: calls $3
*** FLOP *** [9h 2s 5d]
Chessnok: bets $3
banita51: calls $3
*** TURN *** [9h 2s 5d] [Ad]
Chessnok: bets $6
banita51: calls $6
*** RIVER *** [9h 2s 5d Ad] [7c]
Chessnok: bets $6
banita51: calls $6
*** SHOW DOWN ***
Chessnok: shows [Jd Jh] (a pair of Jacks)
banita51: mucks hand
Chessnok collected $41.50 from pot
*** SUMMARY ***
Total pot $42 | Rake $0.50
Board [9h 2s 5d Ad 7c]
Seat 1: banita51 (button) (small blind) mucked
Seat 4: Chessnok (big blind) showed [Jd Jh] and won ($41.50) with a pair of Jacks


PokerStars Hand #175398325499:  Hold'em Limit ($3/$6 USD) - 2017/09/09 0:16:44 ET
Table 'Eurysaces II' 6-max Seat #4 is the button
Seat 1: banita51 ($154.95 in chips)
Seat 4: Chessnok ($172.42 in chips)
Chessnok: posts small blind $1
banita51: posts big blind $3
*** HOLE CARDS ***
Chessnok: raises $3 to $6
banita51: raises $3 to $9
Chessnok: calls $3
*** FLOP *** [3c 7s Th]
banita51: bets $3
Chessnok: calls $3
*** TURN *** [3c 7s Th] [2c]
banita51: bets $6
Chessnok: calls $6
*** RIVER *** [3c 7s Th 2c] [Qd]
banita51: bets $6
Chessnok: calls $6
*** SHOW DOWN ***
banita51: shows [2h Qh] (two pair, Queens and Deuces)
Chessnok: mucks hand
banita51 collected $47.50 from pot
*** SUMMARY ***
Total pot $48 | Rake $0.50
Board [3c 7s Th 2c Qd]
Seat 1: banita51 (big blind) showed [2h Qh] and won ($47.50) with two pair, Queens and Deuces
Seat 4: Chessnok (button) (small blind) mucked


PokerStars Hand #175398323302:  Hold'em Limit ($3/$6 USD) - 2017/09/09 0:16:36 ET
Table 'Eurysaces II' 6-max Seat #1 is the button
Seat 1: banita51 ($151.95 in chips)
Seat 4: Chessnok ($175.42 in chips)
banita51: posts small blind $1
Chessnok: posts big blind $3
*** HOLE CARDS ***
banita51: raises $3 to $6
Chessnok: folds
Uncalled bet ($3) returned to banita51
banita51 collected $6 from pot
*** SUMMARY ***
Total pot $6 | Rake $0
Seat 1: banita51 (button) (small blind) collected ($6)
Seat 4: Chessnok (big blind) folded before Flop


PokerStars Hand #175398334532:  Hold'em Limit ($3/$6 USD) - 2017/09/09 0:17:16 ET
Table 'Eurysaces II' 6-max Seat #1 is the button
Seat 1: banita51 ($178.45 in chips)
Seat 4: Chessnok ($148.42 in chips)
banita51: posts small blind $1
Chessnok: posts big blind $3
*** HOLE CARDS ***
banita51: folds
Uncalled bet ($2) returned to Chessnok
Chessnok collected $2 from pot
Chessnok: doesn't show hand
*** SUMMARY ***
Total pot $2 | Rake $0
Seat 1: banita51 (button) (small blind) folded before Flop
Seat 4: Chessnok (big blind) collected ($2)


PokerStars Hand #175398337053:  Hold'em Limit ($3/$6 USD) - 2017/09/09 0:17:25 ET
Table 'Eurysaces II' 6-max Seat #4 is the button
Seat 1: banita51 ($177.45 in chips)
Seat 4: Chessnok ($149.42 in chips)
Chessnok: posts small blind $1
banita51: posts big blind $3
*** HOLE CARDS ***
Chessnok: raises $3 to $6
banita51: calls $3
*** FLOP *** [4c Ah Kh]
banita51: bets $3
Chessnok: folds
Uncalled bet ($3) returned to banita51
banita51 collected $11.76 from pot
*** SUMMARY ***
Total pot $12 | Rake $0.24
Board [4c Ah Kh]
Seat 1: banita51 (big blind) collected ($11.76)
Seat 4: Chessnok (button) (small blind) folded on the Flop


PokerStars Hand #175398341686:  Hold'em Limit ($3/$6 USD) - 2017/09/09 0:17:42 ET
Table 'Eurysaces II' 6-max Seat #1 is the button
Seat 1: banita51 ($183.21 in chips)
Seat 4: Chessnok ($143.42 in chips)
banita51: posts small blind $1
Chessnok: posts big blind $3
*** HOLE CARDS ***
banita51: folds
Uncalled bet ($2) returned to Chessnok
Chessnok collected $2 from pot
Chessnok: doesn't show hand
*** SUMMARY ***
Total pot $2 | Rake $0
Seat 1: banita51 (button) (small blind) folded before Flop
Seat 4: Chessnok (big blind) collected ($2)


PokerStars Hand #175398344518:  Hold'em Limit ($3/$6 USD) - 2017/09/09 0:17:52 ET
Table 'Eurysaces II' 6-max Seat #4 is the button
Seat 1: banita51 ($182.21 in chips)
Seat 4: Chessnok ($144.42 in chips)
Chessnok: posts small blind $1
banita51: posts big blind $3
*** HOLE CARDS ***
Chessnok: folds
Uncalled bet ($2) returned to banita51
banita51 collected $2 from pot
*** SUMMARY ***
Total pot $2 | Rake $0
Seat 1: banita51 (big blind) collected ($2)
Seat 4: Chessnok (button) (small blind) folded before Flop


PokerStars Hand #175398347988:  Hold'em Limit ($3/$6 USD) - 2017/09/09 0:18:04 ET
Table 'Eurysaces II' 6-max Seat #1 is the button
Seat 1: banita51 ($183.21 in chips)
Seat 4: Chessnok ($143.42 in chips)
banita51: posts small blind $1
Chessnok: posts big blind $3
*** HOLE CARDS ***
banita51: raises $3 to $6
Chessnok: calls $3
*** FLOP *** [5s 2c 8h]
Chessnok: checks
banita51: checks
*** TURN *** [5s 2c 8h] [4s]
Chessnok: bets $6
banita51: calls $6
*** RIVER *** [5s 2c 8h 4s] [5c]
Chessnok: bets $6
banita51: folds
Uncalled bet ($6) returned to Chessnok
Chessnok collected $23.52 from pot
Chessnok: doesn't show hand
*** SUMMARY ***
Total pot $24 | Rake $0.48
Board [5s 2c 8h 4s 5c]
Seat 1: banita51 (button) (small blind) folded on the River
Seat 4: Chessnok (big blind) collected ($23.52)


PokerStars Hand #175398356437:  Hold'em Limit ($3/$6 USD) - 2017/09/09 0:18:34 ET
Table 'Eurysaces II' 6-max Seat #4 is the button
Seat 1: banita51 ($171.21 in chips)
Seat 4: Chessnok ($154.94 in chips)
Chessnok: posts small blind $1
banita51: posts big blind $3
*** HOLE CARDS ***
Chessnok: raises $3 to $6
banita51: calls $3
*** FLOP *** [7h Qd 7d]
banita51: checks
Chessnok: bets $3
banita51: calls $3
*** TURN *** [7h Qd 7d] [8c]
banita51: checks
Chessnok: bets $6
banita51: calls $6
*** RIVER *** [7h Qd 7d 8c] [2h]
zimin10 leaves the table
banita51: checks
Chessnok: checks
*** SHOW DOWN ***
banita51: shows [Qh 5d] (two pair, Queens and Sevens)
Chessnok: mucks hand
banita51 collected $29.50 from pot
*** SUMMARY ***
Total pot $30 | Rake $0.50
Board [7h Qd 7d 8c 2h]
Seat 1: banita51 (big blind) showed [Qh 5d] and won ($29.50) with two pair, Queens and Sevens
Seat 4: Chessnok (button) (small blind) mucked


PokerStars Hand #175398367846:  Hold'em Limit ($3/$6 USD) - 2017/09/09 0:19:14 ET
Table 'Eurysaces II' 6-max Seat #1 is the button
Seat 1: banita51 ($185.71 in chips)
Seat 4: Chessnok ($139.94 in chips)
banita51: posts small blind $1
Chessnok: posts big blind $3
*** HOLE CARDS ***
banita51: raises $3 to $6
Chessnok: raises $3 to $9
banita51: calls $3
*** FLOP *** [Ac 9h 4c]
Chessnok: checks
banita51: bets $3
Chessnok: folds
Uncalled bet ($3) returned to banita51
banita51 collected $17.64 from pot
*** SUMMARY ***
Total pot $18 | Rake $0.36
Board [Ac 9h 4c]
Seat 1: banita51 (button) (small blind) collected ($17.64)
Seat 4: Chessnok (big blind) folded on the Flop


PokerStars Hand #175398399420:  Hold'em Limit ($3/$6 USD) - 2017/09/09 0:21:05 ET
Table 'Eurysaces II' 6-max Seat #1 is the button
Seat 1: banita51 ($190.85 in chips)
Seat 4: Chessnok ($133.20 in chips)
banita51: posts small blind $1
Chessnok: posts big blind $3
*** HOLE CARDS ***
banita51: folds
Uncalled bet ($2) returned to Chessnok
Chessnok collected $2 from pot
Chessnok: doesn't show hand
*** SUMMARY ***
Total pot $2 | Rake $0
Seat 1: banita51 (button) (small blind) folded before Flop
Seat 4: Chessnok (big blind) collected ($2)


PokerStars Hand #175398388861:  Hold'em Limit ($3/$6 USD) - 2017/09/09 0:20:28 ET
Table 'Eurysaces II' 6-max Seat #1 is the button
Seat 1: banita51 ($179.35 in chips)
Seat 4: Chessnok ($145.44 in chips)
banita51: posts small blind $1
Chessnok: posts big blind $3
*** HOLE CARDS ***
banita51: raises $3 to $6
Chessnok: raises $3 to $9
banita51: calls $3
*** FLOP *** [Qh Ac 8s]
Chessnok: bets $3
banita51: calls $3
*** TURN *** [Qh Ac 8s] [9c]
Chessnok: bets $6
banita51: calls $6
*** RIVER *** [Qh Ac 8s 9c] [5d]
Chessnok: checks
banita51: checks
*** SHOW DOWN ***
Chessnok: shows [6h 6c] (a pair of Sixes)
banita51: shows [8c Ks] (a pair of Eights)
banita51 collected $35.50 from pot
*** SUMMARY ***
Total pot $36 | Rake $0.50
Board [Qh Ac 8s 9c 5d]
Seat 1: banita51 (button) (small blind) showed [8c Ks] and won ($35.50) with a pair of Eights
Seat 4: Chessnok (big blind) showed [6h 6c] and lost with a pair of Sixes


PokerStars Hand #175398378535:  Hold'em Limit ($3/$6 USD) - 2017/09/09 0:19:52 ET
Table 'Eurysaces II' 6-max Seat #4 is the button
Seat 1: banita51 ($194.35 in chips)
Seat 4: Chessnok ($130.94 in chips)
Chessnok: posts small blind $1
banita51: posts big blind $3
*** HOLE CARDS ***
Chessnok: raises $3 to $6
banita51: calls $3
*** FLOP *** [Ah 2s Jc]
banita51: bets $3
Chessnok: calls $3
*** TURN *** [Ah 2s Jc] [Jh]
banita51: bets $6
Chessnok: calls $6
*** RIVER *** [Ah 2s Jc Jh] [Qh]
banita51: checks
Chessnok: checks
*** SHOW DOWN ***
banita51: shows [5s 5h] (two pair, Jacks and Fives)
Chessnok: shows [Th Qd] (two pair, Queens and Jacks)
Chessnok collected $29.50 from pot
*** SUMMARY ***
Total pot $30 | Rake $0.50
Board [Ah 2s Jc Jh Qh]
Seat 1: banita51 (big blind) showed [5s 5h] and lost with two pair, Jacks and Fives
Seat 4: Chessnok (button) (small blind) showed [Th Qd] and won ($29.50) with two pair, Queens and Jacks


PokerStars Hand #175398395058:  Hold'em Limit ($3/$6 USD) - 2017/09/09 0:20:50 ET
Table 'Eurysaces II' 6-max Seat #4 is the button
Seat 1: banita51 ($196.85 in chips)
Seat 4: Chessnok ($127.44 in chips)
Chessnok: posts small blind $1
banita51: posts big blind $3
*** HOLE CARDS ***
Chessnok: raises $3 to $6
banita51: calls $3
*** FLOP *** [4d 3s 4c]
banita51: checks
Chessnok: bets $3
banita51: folds
Uncalled bet ($3) returned to Chessnok
Chessnok collected $11.76 from pot
Chessnok: doesn't show hand
*** SUMMARY ***
Total pot $12 | Rake $0.24
Board [4d 3s 4c]
Seat 1: banita51 (big blind) folded on the Flop
Seat 4: Chessnok (button) (small blind) collected ($11.76)


PokerStars Hand #175398401484:  Hold'em Limit ($3/$6 USD) - 2017/09/09 0:21:13 ET
Table 'Eurysaces II' 6-max Seat #4 is the button
Seat 1: banita51 ($189.85 in chips)
Seat 4: Chessnok ($134.20 in chips)
Chessnok: posts small blind $1
banita51: posts big blind $3
*** HOLE CARDS ***
Chessnok: raises $3 to $6
banita51: calls $3
*** FLOP *** [Th 9s 8h]
banita51: checks
Chessnok: bets $3
banita51: raises $3 to $6
Chessnok: raises $3 to $9
banita51: calls $3
*** TURN *** [Th 9s 8h] [6s]
banita51: checks
Chessnok: checks
*** RIVER *** [Th 9s 8h 6s] [2s]
banita51: bets $6
Chessnok: calls $6
*** SHOW DOWN ***
banita51: shows [Kc 9d] (a pair of Nines)
Chessnok: mucks hand
banita51 collected $41.50 from pot
*** SUMMARY ***
Total pot $42 | Rake $0.50
Board [Th 9s 8h 6s 2s]
Seat 1: banita51 (big blind) showed [Kc 9d] and won ($41.50) with a pair of Nines
Seat 4: Chessnok (button) (small blind) mucked


PokerStars Hand #175398427714:  Hold'em Limit ($3/$6 USD) - 2017/09/09 0:22:47 ET
Table 'Eurysaces II' 6-max Seat #1 is the button
Seat 1: banita51 ($201.35 in chips)
Seat 4: Chessnok ($121.84 in chips)
banita51: posts small blind $1
Chessnok: posts big blind $3
*** HOLE CARDS ***
banita51: folds
Uncalled bet ($2) returned to Chessnok
Chessnok collected $2 from pot
Chessnok: doesn't show hand
*** SUMMARY ***
Total pot $2 | Rake $0
Seat 1: banita51 (button) (small blind) folded before Flop
Seat 4: Chessnok (big blind) collected ($2)


PokerStars Hand #175398411429:  Hold'em Limit ($3/$6 USD) - 2017/09/09 0:21:49 ET
Table 'Eurysaces II' 6-max Seat #1 is the button
Seat 1: banita51 ($210.35 in chips)
Seat 4: Chessnok ($113.20 in chips)
banita51: posts small blind $1
Chessnok: posts big blind $3
*** HOLE CARDS ***
banita51: raises $3 to $6
Chessnok: calls $3
*** FLOP *** [Jc 4h 2d]
Chessnok: checks
banita51: checks
*** TURN *** [Jc 4h 2d] [6c]
Chessnok: checks
banita51: checks
*** RIVER *** [Jc 4h 2d 6c] [Qd]
Chessnok: bets $6
banita51: folds
Uncalled bet ($6) returned to Chessnok
Chessnok collected $11.76 from pot
Chessnok: doesn't show hand
*** SUMMARY ***
Total pot $12 | Rake $0.24
Board [Jc 4h 2d 6c Qd]
Seat 1: banita51 (button) (small blind) folded on the River
Seat 4: Chessnok (big blind) collected ($11.76)


PokerStars Hand #175398429448:  Hold'em Limit ($3/$6 USD) - 2017/09/09 0:22:54 ET
Table 'Eurysaces II' 6-max Seat #4 is the button
Seat 1: banita51 ($200.35 in chips)
Seat 4: Chessnok ($122.84 in chips)
Chessnok: posts small blind $1
banita51: posts big blind $3
*** HOLE CARDS ***
Chessnok: folds
Uncalled bet ($2) returned to banita51
banita51 collected $2 from pot
*** SUMMARY ***
Total pot $2 | Rake $0
Seat 1: banita51 (big blind) collected ($2)
Seat 4: Chessnok (button) (small blind) folded before Flop


PokerStars Hand #175398420869:  Hold'em Limit ($3/$6 USD) - 2017/09/09 0:22:23 ET
Table 'Eurysaces II' 6-max Seat #4 is the button
Seat 1: banita51 ($204.35 in chips)
Seat 4: Chessnok ($118.96 in chips)
Chessnok: posts small blind $1
banita51: posts big blind $3
*** HOLE CARDS ***
Chessnok: calls $2
banita51: checks
*** FLOP *** [7c Kd 8s]
banita51: checks
Chessnok: bets $3
banita51: folds
Uncalled bet ($3) returned to Chessnok
Chessnok collected $5.88 from pot
Chessnok: doesn't show hand
*** SUMMARY ***
Total pot $6 | Rake $0.12
Board [7c Kd 8s]
Seat 1: banita51 (big blind) folded on the Flop
Seat 4: Chessnok (button) (small blind) collected ($5.88)


PokerStars Hand #175398438951:  Hold'em Limit ($3/$6 USD) - 2017/09/09 0:23:28 ET
Table 'Eurysaces II' 6-max Seat #4 is the button
Seat 1: banita51 ($189.35 in chips)
Seat 4: Chessnok ($133.36 in chips)
Chessnok: posts small blind $1
banita51: posts big blind $3
*** HOLE CARDS ***
Chessnok: raises $3 to $6
banita51: raises $3 to $9
Chessnok: calls $3
*** FLOP *** [3h 9h 3s]
banita51: bets $3
Chessnok: calls $3
*** TURN *** [3h 9h 3s] [5h]
banita51: bets $6
Chessnok: calls $6
*** RIVER *** [3h 9h 3s 5h] [7d]
banita51: bets $6
Chessnok: folds
Uncalled bet ($6) returned to banita51
banita51 collected $35.50 from pot
*** SUMMARY ***
Total pot $36 | Rake $0.50
Board [3h 9h 3s 5h 7d]
Seat 1: banita51 (big blind) collected ($35.50)
Seat 4: Chessnok (button) (small blind) folded on the River


PokerStars Hand #175398449532:  Hold'em Limit ($3/$6 USD) - 2017/09/09 0:24:06 ET
Table 'Eurysaces II' 6-max Seat #4 is the button
Seat 1: banita51 ($205.85 in chips)
Seat 4: Chessnok ($116.36 in chips)
Chessnok: posts small blind $1
banita51: posts big blind $3
*** HOLE CARDS ***
Chessnok: folds
Uncalled bet ($2) returned to banita51
banita51 collected $2 from pot
*** SUMMARY ***
Total pot $2 | Rake $0
Seat 1: banita51 (big blind) collected ($2)
Seat 4: Chessnok (button) (small blind) folded before Flop


PokerStars Hand #175398431987:  Hold'em Limit ($3/$6 USD) - 2017/09/09 0:23:03 ET
Table 'Eurysaces II' 6-max Seat #1 is the button
Seat 1: banita51 ($201.35 in chips)
Seat 4: Chessnok ($121.84 in chips)
banita51: posts small blind $1
Chessnok: posts big blind $3
*** HOLE CARDS ***
banita51: raises $3 to $6
Chessnok: raises $3 to $9
banita51: calls $3
*** FLOP *** [4c 3d Qs]
Chessnok: bets $3
banita51: calls $3
*** TURN *** [4c 3d Qs] [3s]
Chessnok: bets $6
banita51: folds
Uncalled bet ($6) returned to Chessnok
Chessnok collected $23.52 from pot
Chessnok: doesn't show hand
*** SUMMARY ***
Total pot $24 | Rake $0.48
Board [4c 3d Qs 3s]
Seat 1: banita51 (button) (small blind) folded on the Turn
Seat 4: Chessnok (big blind) collected ($23.52)


PokerStars Hand #175398447104:  Hold'em Limit ($3/$6 USD) - 2017/09/09 0:23:58 ET
Table 'Eurysaces II' 6-max Seat #1 is the button
Seat 1: banita51 ($206.85 in chips)
Seat 4: Chessnok ($115.36 in chips)
banita51: posts small blind $1
Chessnok: posts big blind $3
*** HOLE CARDS ***
banita51: folds
Uncalled bet ($2) returned to Chessnok
Chessnok collected $2 from pot
Chessnok: doesn't show hand
*** SUMMARY ***
Total pot $2 | Rake $0
Seat 1: banita51 (button) (small blind) folded before Flop
Seat 4: Chessnok (big blind) collected ($2)


PokerStars Hand #175398463112:  Hold'em Limit ($3/$6 USD) - 2017/09/09 0:24:55 ET
Table 'Eurysaces II' 6-max Seat #4 is the button
Seat 1: banita51 ($191.85 in chips)
Seat 4: Chessnok ($129.86 in chips)
Chessnok: posts small blind $1
banita51: posts big blind $3
*** HOLE CARDS ***
Chessnok: folds
Uncalled bet ($2) returned to banita51
banita51 collected $2 from pot
*** SUMMARY ***
Total pot $2 | Rake $0
Seat 1: banita51 (big blind) collected ($2)
Seat 4: Chessnok (button) (small blind) folded before Flop


PokerStars Hand #175398452936:  Hold'em Limit ($3/$6 USD) - 2017/09/09 0:24:18 ET
Table 'Eurysaces II' 6-max Seat #1 is the button
Seat 1: banita51 ($206.85 in chips)
Seat 4: Chessnok ($115.36 in chips)
banita51: posts small blind $1
Chessnok: posts big blind $3
*** HOLE CARDS ***
banita51: calls $2
Chessnok: raises $3 to $6
banita51: calls $3
*** FLOP *** [Kh 5c Jc]
Chessnok: bets $3
banita51: calls $3
*** TURN *** [Kh 5c Jc] [2d]
Chessnok: checks
banita51: checks
*** RIVER *** [Kh 5c Jc 2d] [8c]
Chessnok: bets $6
banita51: calls $6
*** SHOW DOWN ***
Chessnok: shows [6s 8s] (a pair of Eights)
banita51: mucks hand
Chessnok collected $29.50 from pot
*** SUMMARY ***
Total pot $30 | Rake $0.50
Board [Kh 5c Jc 2d 8c]
Seat 1: banita51 (button) (small blind) mucked
Seat 4: Chessnok (big blind) showed [6s 8s] and won ($29.50) with a pair of Eights


PokerStars Hand #175398464939:  Hold'em Limit ($3/$6 USD) - 2017/09/09 0:25:01 ET
Table 'Eurysaces II' 6-max Seat #1 is the button
Seat 1: banita51 ($192.85 in chips)
Seat 4: Chessnok ($128.86 in chips)
banita51: posts small blind $1
Chessnok: posts big blind $3
*** HOLE CARDS ***
banita51: raises $3 to $6
Chessnok: folds
Uncalled bet ($3) returned to banita51
banita51 collected $6 from pot
*** SUMMARY ***
Total pot $6 | Rake $0
Seat 1: banita51 (button) (small blind) collected ($6)
Seat 4: Chessnok (big blind) folded before Flop


PokerStars Hand #175398471481:  Hold'em Limit ($3/$6 USD) - 2017/09/09 0:25:25 ET
Table 'Eurysaces II' 6-max Seat #1 is the button
Seat 1: banita51 ($196.85 in chips)
Seat 4: Chessnok ($124.86 in chips)
banita51: posts small blind $1
Chessnok: posts big blind $3
*** HOLE CARDS ***
banita51: raises $3 to $6
Chessnok: raises $3 to $9
banita51: calls $3
*** FLOP *** [8d Jd 5s]
Chessnok: bets $3
banita51: calls $3
*** TURN *** [8d Jd 5s] [8h]
Chessnok: bets $6
banita51: folds
Uncalled bet ($6) returned to Chessnok
Chessnok collected $23.52 from pot
Chessnok: doesn't show hand
*** SUMMARY ***
Total pot $24 | Rake $0.48
Board [8d Jd 5s 8h]
Seat 1: banita51 (button) (small blind) folded on the Turn
Seat 4: Chessnok (big blind) collected ($23.52)


PokerStars Hand #175398468780:  Hold'em Limit ($3/$6 USD) - 2017/09/09 0:25:15 ET
Table 'Eurysaces II' 6-max Seat #4 is the button
Seat 1: banita51 ($195.85 in chips)
Seat 4: Chessnok ($125.86 in chips)
Chessnok: posts small blind $1
banita51: posts big blind $3
*** HOLE CARDS ***
Chessnok: folds
Uncalled bet ($2) returned to banita51
banita51 collected $2 from pot
*** SUMMARY ***
Total pot $2 | Rake $0
Seat 1: banita51 (big blind) collected ($2)
Seat 4: Chessnok (button) (small blind) folded before Flop


PokerStars Hand #175398480415:  Hold'em Limit ($3/$6 USD) - 2017/09/09 0:25:57 ET
Table 'Eurysaces II' 6-max Seat #4 is the button
Seat 1: banita51 ($184.85 in chips)
Seat 4: Chessnok ($136.38 in chips)
Chessnok: posts small blind $1
banita51: posts big blind $3
*** HOLE CARDS ***
Chessnok: raises $3 to $6
banita51: calls $3
*** FLOP *** [4h 5c 4d]
banita51: bets $3
Chessnok: calls $3
*** TURN *** [4h 5c 4d] [3h]
banita51: bets $6
Chessnok: calls $6
*** RIVER *** [4h 5c 4d 3h] [Ks]
banita51: checks
Chessnok: checks
*** SHOW DOWN ***
banita51: shows [8h 9s] (a pair of Fours)
Chessnok: shows [7s Qs] (a pair of Fours - King+Queen kicker)
Chessnok collected $29.50 from pot
*** SUMMARY ***
Total pot $30 | Rake $0.50
Board [4h 5c 4d 3h Ks]
Seat 1: banita51 (big blind) showed [8h 9s] and lost with a pair of Fours
Seat 4: Chessnok (button) (small blind) showed [7s Qs] and won ($29.50) with a pair of Fours


PokerStars Hand #175398487677:  Hold'em Limit ($3/$6 USD) - 2017/09/09 0:26:23 ET
Table 'Eurysaces II' 6-max Seat #1 is the button
Seat 1: banita51 ($169.85 in chips)
Seat 4: Chessnok ($150.88 in chips)
banita51: posts small blind $1
Chessnok: posts big blind $3
*** HOLE CARDS ***
banita51: raises $3 to $6
Chessnok: calls $3
*** FLOP *** [Jd Js 7h]
Chessnok: checks
banita51: bets $3
Chessnok: raises $3 to $6
banita51: calls $3
*** TURN *** [Jd Js 7h] [Qh]
Chessnok: bets $6
banita51: calls $6
*** RIVER *** [Jd Js 7h Qh] [8h]
Chessnok: bets $6
banita51: raises $6 to $12
Chessnok: calls $6
*** SHOW DOWN ***
banita51: shows [Th 9c] (a straight, Eight to Queen)
Chessnok: mucks hand
banita51 collected $59.50 from pot
*** SUMMARY ***
Total pot $60 | Rake $0.50
Board [Jd Js 7h Qh 8h]
Seat 1: banita51 (button) (small blind) showed [Th 9c] and won ($59.50) with a straight, Eight to Queen
Seat 4: Chessnok (big blind) mucked


PokerStars Hand #175398505831:  Hold'em Limit ($3/$6 USD) - 2017/09/09 0:27:29 ET
Table 'Eurysaces II' 6-max Seat #1 is the button
Seat 1: banita51 ($196.35 in chips)
Seat 4: Chessnok ($123.88 in chips)
banita51: posts small blind $1
Chessnok: posts big blind $3
*** HOLE CARDS ***
banita51: raises $3 to $6
Chessnok: calls $3
*** FLOP *** [Ts 5d 2s]
Chessnok: bets $3
banita51: calls $3
*** TURN *** [Ts 5d 2s] [5h]
Chessnok: bets $6
banita51: calls $6
*** RIVER *** [Ts 5d 2s 5h] [7h]
Chessnok: checks
banita51: checks
*** SHOW DOWN ***
Chessnok: shows [Kh 9h] (a pair of Fives)
banita51: shows [4h 4d] (two pair, Fives and Fours)
banita51 collected $29.50 from pot
*** SUMMARY ***
Total pot $30 | Rake $0.50
Board [Ts 5d 2s 5h 7h]
Seat 1: banita51 (button) (small blind) showed [4h 4d] and won ($29.50) with two pair, Fives and Fours
Seat 4: Chessnok (big blind) showed [Kh 9h] and lost with a pair of Fives


PokerStars Hand #175398501021:  Hold'em Limit ($3/$6 USD) - 2017/09/09 0:27:11 ET
Table 'Eurysaces II' 6-max Seat #4 is the button
Seat 1: banita51 ($199.35 in chips)
Seat 4: Chessnok ($120.88 in chips)
Chessnok: posts small blind $1
banita51: posts big blind $3
*** HOLE CARDS ***
Chessnok: raises $3 to $6
banita51: folds
Uncalled bet ($3) returned to Chessnok
Chessnok collected $6 from pot
Chessnok: doesn't show hand
*** SUMMARY ***
Total pot $6 | Rake $0
Seat 1: banita51 (big blind) folded before Flop
Seat 4: Chessnok (button) (small blind) collected ($6)


PokerStars Hand #175398515652:  Hold'em Limit ($3/$6 USD) - 2017/09/09 0:28:04 ET
Table 'Eurysaces II' 6-max Seat #4 is the button
Seat 1: banita51 ($210.85 in chips)
Seat 4: Chessnok ($108.88 in chips)
Chessnok: posts small blind $1
banita51: posts big blind $3
*** HOLE CARDS ***
Chessnok: raises $3 to $6
banita51: calls $3
*** FLOP *** [3s Ts 4d]
banita51: checks
Chessnok: bets $3
banita51: calls $3
*** TURN *** [3s Ts 4d] [2c]
banita51: checks
Chessnok: bets $6
banita51: calls $6
*** RIVER *** [3s Ts 4d 2c] [7c]
banita51: checks
Chessnok: bets $6
banita51: calls $6
*** SHOW DOWN ***
Chessnok: shows [Qh Jc] (high card Queen)
banita51: shows [Ah Jd] (high card Ace)
banita51 collected $41.50 from pot
*** SUMMARY ***
Total pot $42 | Rake $0.50
Board [3s Ts 4d 2c 7c]
Seat 1: banita51 (big blind) showed [Ah Jd] and won ($41.50) with high card Ace
Seat 4: Chessnok (button) (small blind) showed [Qh Jc] and lost with high card Queen


PokerStars Hand #175398525357:  Hold'em Limit ($3/$6 USD) - 2017/09/09 0:28:39 ET
Table 'Eurysaces II' 6-max Seat #1 is the button
Seat 1: banita51 ($231.35 in chips)
Seat 4: Chessnok ($87.88 in chips)
banita51: posts small blind $1
Chessnok: posts big blind $3
*** HOLE CARDS ***
banita51: raises $3 to $6
Chessnok: raises $3 to $9
banita51: calls $3
*** FLOP *** [Jc 9c 4s]
Chessnok: bets $3
banita51: calls $3
*** TURN *** [Jc 9c 4s] [Qd]
Chessnok: bets $6
banita51: folds
Uncalled bet ($6) returned to Chessnok
Chessnok collected $23.52 from pot
Chessnok: doesn't show hand
*** SUMMARY ***
Total pot $24 | Rake $0.48
Board [Jc 9c 4s Qd]
Seat 1: banita51 (button) (small blind) folded on the Turn
Seat 4: Chessnok (big blind) collected ($23.52)


PokerStars Hand #175398545022:  Hold'em Limit ($3/$6 USD) - 2017/09/09 0:29:50 ET
Table 'Eurysaces II' 6-max Seat #1 is the button
Seat 1: banita51 ($227.99 in chips)
Seat 4: Chessnok ($90.40 in chips)
banita51: posts small blind $1
Chessnok: posts big blind $3
*** HOLE CARDS ***
banita51: folds
Uncalled bet ($2) returned to Chessnok
Chessnok collected $2 from pot
Chessnok: doesn't show hand
*** SUMMARY ***
Total pot $2 | Rake $0
Seat 1: banita51 (button) (small blind) folded before Flop
Seat 4: Chessnok (big blind) collected ($2)


PokerStars Hand #175398535663:  Hold'em Limit ($3/$6 USD) - 2017/09/09 0:29:16 ET
Table 'Eurysaces II' 6-max Seat #4 is the button
Seat 1: banita51 ($219.35 in chips)
Seat 4: Chessnok ($99.40 in chips)
Chessnok: posts small blind $1
banita51: posts big blind $3
*** HOLE CARDS ***
Chessnok: raises $3 to $6
banita51: calls $3
*** FLOP *** [9h Qd Kd]
banita51: checks
Chessnok: bets $3
banita51: calls $3
*** TURN *** [9h Qd Kd] [As]
banita51: checks
Chessnok: checks
*** RIVER *** [9h Qd Kd As] [5c]
banita51: bets $6
Chessnok: folds
Uncalled bet ($6) returned to banita51
banita51 collected $17.64 from pot
*** SUMMARY ***
Total pot $18 | Rake $0.36
Board [9h Qd Kd As 5c]
Seat 1: banita51 (big blind) collected ($17.64)
Seat 4: Chessnok (button) (small blind) folded on the River


PokerStars Hand #175398547094:  Hold'em Limit ($3/$6 USD) - 2017/09/09 0:29:57 ET
Table 'Eurysaces II' 6-max Seat #4 is the button
Seat 1: banita51 ($226.99 in chips)
Seat 4: Chessnok ($91.40 in chips)
Chessnok: posts small blind $1
banita51: posts big blind $3
*** HOLE CARDS ***
Chessnok: raises $3 to $6
banita51: calls $3
*** FLOP *** [7s Qs Kc]
banita51: checks
Chessnok: bets $3
banita51: calls $3
*** TURN *** [7s Qs Kc] [Jh]
banita51: checks
Chessnok: checks
*** RIVER *** [7s Qs Kc Jh] [2s]
banita51: bets $6
Chessnok: calls $6
*** SHOW DOWN ***
banita51: shows [Kd 6d] (a pair of Kings)
Chessnok: mucks hand
banita51 collected $29.50 from pot
*** SUMMARY ***
Total pot $30 | Rake $0.50
Board [7s Qs Kc Jh 2s]
Seat 1: banita51 (big blind) showed [Kd 6d] and won ($29.50) with a pair of Kings
Seat 4: Chessnok (button) (small blind) mucked


PokerStars Hand #175398563057:  Hold'em Limit ($3/$6 USD) - 2017/09/09 0:30:54 ET
Table 'Eurysaces II' 6-max Seat #1 is the button
Seat 1: banita51 ($237.49 in chips)
Seat 4: Chessnok ($80.40 in chips)
banita51: posts small blind $1
Chessnok: posts big blind $3
*** HOLE CARDS ***
banita51: raises $3 to $6
Chessnok: raises $3 to $9
banita51: calls $3
*** FLOP *** [7h Qs Ac]
Chessnok: bets $3
banita51: calls $3
*** TURN *** [7h Qs Ac] [9s]
Chessnok: bets $6
banita51: folds
Uncalled bet ($6) returned to Chessnok
Chessnok collected $23.52 from pot
Chessnok: doesn't show hand
*** SUMMARY ***
Total pot $24 | Rake $0.48
Board [7h Qs Ac 9s]
Seat 1: banita51 (button) (small blind) folded on the Turn
Seat 4: Chessnok (big blind) collected ($23.52)


PokerStars Hand #175398557905:  Hold'em Limit ($3/$6 USD) - 2017/09/09 0:30:36 ET
Table 'Eurysaces II' 6-max Seat #4 is the button
Seat 1: banita51 ($240.49 in chips)
Seat 4: Chessnok ($77.40 in chips)
Chessnok: posts small blind $1
banita51: posts big blind $3
*** HOLE CARDS ***
Chessnok: raises $3 to $6
banita51: folds
Uncalled bet ($3) returned to Chessnok
Chessnok collected $6 from pot
Chessnok: doesn't show hand
*** SUMMARY ***
Total pot $6 | Rake $0
Seat 1: banita51 (big blind) folded before Flop
Seat 4: Chessnok (button) (small blind) collected ($6)


PokerStars Hand #175398554766:  Hold'em Limit ($3/$6 USD) - 2017/09/09 0:30:25 ET
Table 'Eurysaces II' 6-max Seat #1 is the button
Seat 1: banita51 ($241.49 in chips)
Seat 4: Chessnok ($76.40 in chips)
banita51: posts small blind $1
Chessnok: posts big blind $3
*** HOLE CARDS ***
banita51: folds
Uncalled bet ($2) returned to Chessnok
Chessnok collected $2 from pot
Chessnok: doesn't show hand
*** SUMMARY ***
Total pot $2 | Rake $0
Seat 1: banita51 (button) (small blind) folded before Flop
Seat 4: Chessnok (big blind) collected ($2)


PokerStars Hand #175398571038:  Hold'em Limit ($3/$6 USD) - 2017/09/09 0:31:23 ET
Table 'Eurysaces II' 6-max Seat #1 is the button
Seat 1: banita51 ($222.49 in chips)
Seat 4: Chessnok ($94.92 in chips)
banita51: posts small blind $1
Chessnok: posts big blind $3
*** HOLE CARDS ***
banita51: folds
Uncalled bet ($2) returned to Chessnok
Chessnok collected $2 from pot
Chessnok: doesn't show hand
*** SUMMARY ***
Total pot $2 | Rake $0
Seat 1: banita51 (button) (small blind) folded before Flop
Seat 4: Chessnok (big blind) collected ($2)


PokerStars Hand #175398568871:  Hold'em Limit ($3/$6 USD) - 2017/09/09 0:31:15 ET
Table 'Eurysaces II' 6-max Seat #4 is the button
Seat 1: banita51 ($225.49 in chips)
Seat 4: Chessnok ($91.92 in chips)
Chessnok: posts small blind $1
banita51: posts big blind $3
*** HOLE CARDS ***
Chessnok: raises $3 to $6
banita51: folds
Uncalled bet ($3) returned to Chessnok
Chessnok collected $6 from pot
Chessnok: doesn't show hand
*** SUMMARY ***
Total pot $6 | Rake $0
Seat 1: banita51 (big blind) folded before Flop
Seat 4: Chessnok (button) (small blind) collected ($6)


PokerStars Hand #175398573159:  Hold'em Limit ($3/$6 USD) - 2017/09/09 0:31:31 ET
Table 'Eurysaces II' 6-max Seat #4 is the button
Seat 1: banita51 ($221.49 in chips)
Seat 4: Chessnok ($95.92 in chips)
Chessnok: posts small blind $1
banita51: posts big blind $3
*** HOLE CARDS ***
Chessnok: folds
Uncalled bet ($2) returned to banita51
banita51 collected $2 from pot
*** SUMMARY ***
Total pot $2 | Rake $0
Seat 1: banita51 (big blind) collected ($2)
Seat 4: Chessnok (button) (small blind) folded before Flop


PokerStars Hand #175398575041:  Hold'em Limit ($3/$6 USD) - 2017/09/09 0:31:37 ET
Table 'Eurysaces II' 6-max Seat #1 is the button
Seat 1: banita51 ($222.49 in chips)
Seat 4: Chessnok ($94.92 in chips)
banita51: posts small blind $1
Chessnok: posts big blind $3
*** HOLE CARDS ***
banita51: raises $3 to $6
Chessnok: raises $3 to $9
banita51: calls $3
*** FLOP *** [4s 4c 6s]
Chessnok: bets $3
banita51: calls $3
*** TURN *** [4s 4c 6s] [5s]
Chessnok: bets $6
banita51: raises $6 to $12
Chessnok: calls $6
*** RIVER *** [4s 4c 6s 5s] [8d]
Chessnok: checks
banita51: bets $6
Chessnok: calls $6
*** SHOW DOWN ***
banita51: shows [5d 6d] (two pair, Sixes and Fives)
Chessnok: mucks hand
banita51 collected $59.50 from pot
*** SUMMARY ***
Total pot $60 | Rake $0.50
Board [4s 4c 6s 5s 8d]
Seat 1: banita51 (button) (small blind) showed [5d 6d] and won ($59.50) with two pair, Sixes and Fives
Seat 4: Chessnok (big blind) mucked


PokerStars Hand #175398586840:  Hold'em Limit ($3/$6 USD) - 2017/09/09 0:32:19 ET
Table 'Eurysaces II' 6-max Seat #4 is the button
Seat 1: banita51 ($251.99 in chips)
Seat 4: Chessnok ($64.92 in chips)
Chessnok: posts small blind $1
banita51: posts big blind $3
*** HOLE CARDS ***
Chessnok: raises $3 to $6
banita51: calls $3
*** FLOP *** [Jc 8d 8c]
banita51: checks
Chessnok: bets $3
banita51: calls $3
*** TURN *** [Jc 8d 8c] [Qc]
banita51: checks
Chessnok: checks
*** RIVER *** [Jc 8d 8c Qc] [Qd]
banita51: bets $6
Chessnok: folds
Uncalled bet ($6) returned to banita51
banita51 collected $17.64 from pot
*** SUMMARY ***
Total pot $18 | Rake $0.36
Board [Jc 8d 8c Qc Qd]
Seat 1: banita51 (big blind) collected ($17.64)
Seat 4: Chessnok (button) (small blind) folded on the River


PokerStars Hand #175398599914:  Hold'em Limit ($3/$6 USD) - 2017/09/09 0:33:07 ET
Table 'Eurysaces II' 6-max Seat #1 is the button
Seat 1: banita51 ($260.63 in chips)
Seat 4: Chessnok ($60 in chips)
banita51: posts small blind $1
Chessnok: posts big blind $3
*** HOLE CARDS ***
banita51: raises $3 to $6
Chessnok: calls $3
*** FLOP *** [3s Qc 3h]
Chessnok: checks
banita51: bets $3
Chessnok: calls $3
*** TURN *** [3s Qc 3h] [7c]
Chessnok: checks
banita51: checks
*** RIVER *** [3s Qc 3h 7c] [Qd]
Chessnok: bets $6
banita51: folds
Uncalled bet ($6) returned to Chessnok
Chessnok collected $17.64 from pot
Chessnok: doesn't show hand
*** SUMMARY ***
Total pot $18 | Rake $0.36
Board [3s Qc 3h 7c Qd]
Seat 1: banita51 (button) (small blind) folded on the River
Seat 4: Chessnok (big blind) collected ($17.64)


PokerStars Hand #175398607440:  Hold'em Limit ($3/$6 USD) - 2017/09/09 0:33:34 ET
Table 'Eurysaces II' 6-max Seat #4 is the button
Seat 1: banita51 ($251.63 in chips)
Seat 4: Chessnok ($68.64 in chips)
Chessnok: posts small blind $1
banita51: posts big blind $3
*** HOLE CARDS ***
Chessnok: raises $3 to $6
banita51: calls $3
*** FLOP *** [4c Kc 8h]
banita51: checks
Chessnok: bets $3
banita51: folds
Uncalled bet ($3) returned to Chessnok
Chessnok collected $11.76 from pot
Chessnok: doesn't show hand
*** SUMMARY ***
Total pot $12 | Rake $0.24
Board [4c Kc 8h]
Seat 1: banita51 (big blind) folded on the Flop
Seat 4: Chessnok (button) (small blind) collected ($11.76)


PokerStars Hand #175398625686:  Hold'em Limit ($3/$6 USD) - 2017/09/09 0:34:40 ET
Table 'Eurysaces II' 6-max Seat #4 is the button
Seat 1: banita51 ($260.13 in chips)
Seat 4: Chessnok ($60 in chips)
Chessnok: posts small blind $1
banita51: posts big blind $3
*** HOLE CARDS ***
Chessnok: raises $3 to $6
banita51: calls $3
*** FLOP *** [8c 5h Jc]
banita51: checks
Chessnok: bets $3
banita51: calls $3
*** TURN *** [8c 5h Jc] [Ad]
banita51: checks
Chessnok: checks
*** RIVER *** [8c 5h Jc Ad] [6h]
banita51: bets $6
Chessnok: calls $6
*** SHOW DOWN ***
banita51: shows [Ac 7c] (a pair of Aces)
Chessnok: mucks hand
banita51 collected $29.50 from pot
*** SUMMARY ***
Total pot $30 | Rake $0.50
Board [8c 5h Jc Ad 6h]
Seat 1: banita51 (big blind) showed [Ac 7c] and won ($29.50) with a pair of Aces
Seat 4: Chessnok (button) (small blind) mucked


PokerStars Hand #175398613432:  Hold'em Limit ($3/$6 USD) - 2017/09/09 0:33:56 ET
Table 'Eurysaces II' 6-max Seat #1 is the button
Seat 1: banita51 ($245.63 in chips)
Seat 4: Chessnok ($74.40 in chips)
banita51: posts small blind $1
Chessnok: posts big blind $3
*** HOLE CARDS ***
banita51: calls $2
Chessnok: raises $3 to $6
banita51: calls $3
*** FLOP *** [Qc Kd 5s]
Chessnok: bets $3
banita51: calls $3
*** TURN *** [Qc Kd 5s] [7s]
Chessnok: checks
banita51: bets $6
Chessnok: calls $6
*** RIVER *** [Qc Kd 5s 7s] [Jh]
Chessnok: checks
banita51: checks
*** SHOW DOWN ***
Chessnok: shows [8c Ac] (high card Ace)
banita51: shows [Ad 9h] (high card Ace - King+Queen+Jack+Nine kicker)
banita51 collected $29.50 from pot
*** SUMMARY ***
Total pot $30 | Rake $0.50
Board [Qc Kd 5s 7s Jh]
Seat 1: banita51 (button) (small blind) showed [Ad 9h] and won ($29.50) with high card Ace
Seat 4: Chessnok (big blind) showed [8c Ac] and lost with high card Ace


PokerStars Hand #175398636936:  Hold'em Limit ($3/$6 USD) - 2017/09/09 0:35:20 ET
Table 'Eurysaces II' 6-max Seat #1 is the button
Seat 1: banita51 ($274.63 in chips)
Seat 4: Chessnok ($60 in chips)
banita51: posts small blind $1
Chessnok: posts big blind $3
*** HOLE CARDS ***
banita51: folds
Uncalled bet ($2) returned to Chessnok
Chessnok collected $2 from pot
Chessnok: doesn't show hand
*** SUMMARY ***
Total pot $2 | Rake $0
Seat 1: banita51 (button) (small blind) folded before Flop
Seat 4: Chessnok (big blind) collected ($2)


PokerStars Hand #175398638972:  Hold'em Limit ($3/$6 USD) - 2017/09/09 0:35:27 ET
Table 'Eurysaces II' 6-max Seat #4 is the button
Seat 1: banita51 ($273.63 in chips)
Seat 4: Chessnok ($61 in chips)
Chessnok: posts small blind $1
banita51: posts big blind $3
*** HOLE CARDS ***
Chessnok: raises $3 to $6
banita51: calls $3
*** FLOP *** [3d 2c 7d]
banita51: checks
Chessnok: bets $3
banita51: calls $3
*** TURN *** [3d 2c 7d] [8h]
banita51: checks
Chessnok: checks
*** RIVER *** [3d 2c 7d 8h] [8d]
banita51: bets $6
Chessnok: folds
Uncalled bet ($6) returned to banita51
banita51 collected $17.64 from pot
*** SUMMARY ***
Total pot $18 | Rake $0.36
Board [3d 2c 7d 8h 8d]
Seat 1: banita51 (big blind) collected ($17.64)
Seat 4: Chessnok (button) (small blind) folded on the River


PokerStars Hand #175398644904:  Hold'em Limit ($3/$6 USD) - 2017/09/09 0:35:48 ET
Table 'Eurysaces II' 6-max Seat #1 is the button
Seat 1: banita51 ($282.27 in chips)
Seat 4: Chessnok ($60 in chips)
banita51: posts small blind $1
Chessnok: posts big blind $3
*** HOLE CARDS ***
banita51: folds
Uncalled bet ($2) returned to Chessnok
Chessnok collected $2 from pot
Chessnok: doesn't show hand
*** SUMMARY ***
Total pot $2 | Rake $0
Seat 1: banita51 (button) (small blind) folded before Flop
Seat 4: Chessnok (big blind) collected ($2)


PokerStars Hand #175398647618:  Hold'em Limit ($3/$6 USD) - 2017/09/09 0:35:58 ET
Table 'Eurysaces II' 6-max Seat #4 is the button
Seat 1: banita51 ($281.27 in chips)
Seat 4: Chessnok ($61 in chips)
Chessnok: posts small blind $1
banita51: posts big blind $3
*** HOLE CARDS ***
Chessnok: raises $3 to $6
banita51: calls $3
*** FLOP *** [4s 5c Ac]
banita51: checks
Chessnok: bets $3
banita51: raises $3 to $6
Chessnok: calls $3
*** TURN *** [4s 5c Ac] [9d]
banita51: bets $6
Chessnok: calls $6
*** RIVER *** [4s 5c Ac 9d] [8h]
banita51: checks
Chessnok: checks
*** SHOW DOWN ***
banita51: shows [Tc 2c] (high card Ace)
Chessnok: shows [Qs 3s] (high card Ace - Queen kicker)
Chessnok collected $35.50 from pot
*** SUMMARY ***
Total pot $36 | Rake $0.50
Board [4s 5c Ac 9d 8h]
Seat 1: banita51 (big blind) showed [Tc 2c] and lost with high card Ace
Seat 4: Chessnok (button) (small blind) showed [Qs 3s] and won ($35.50) with high card Ace


PokerStars Hand #175398658198:  Hold'em Limit ($3/$6 USD) - 2017/09/09 0:36:36 ET
Table 'Eurysaces II' 6-max Seat #1 is the button
Seat 1: banita51 ($263.27 in chips)
Seat 4: Chessnok ($78.50 in chips)
banita51: posts small blind $1
Chessnok: posts big blind $3
*** HOLE CARDS ***
banita51: folds
Uncalled bet ($2) returned to Chessnok
Chessnok collected $2 from pot
Chessnok: doesn't show hand
*** SUMMARY ***
Total pot $2 | Rake $0
Seat 1: banita51 (button) (small blind) folded before Flop
Seat 4: Chessnok (big blind) collected ($2)


PokerStars Hand #175398660836:  Hold'em Limit ($3/$6 USD) - 2017/09/09 0:36:45 ET
Table 'Eurysaces II' 6-max Seat #4 is the button
Seat 1: banita51 ($262.27 in chips)
Seat 4: Chessnok ($79.50 in chips)
Chessnok: posts small blind $1
banita51: posts big blind $3
*** HOLE CARDS ***
Chessnok: raises $3 to $6
banita51: calls $3
*** FLOP *** [Qd 6c 5s]
banita51: checks
Chessnok: bets $3
banita51: calls $3
*** TURN *** [Qd 6c 5s] [Qs]
banita51: checks
Chessnok: bets $6
banita51: calls $6
*** RIVER *** [Qd 6c 5s Qs] [3s]
banita51: checks
Chessnok: bets $6
banita51: calls $6
*** SHOW DOWN ***
Chessnok: shows [3c Qc] (a full house, Queens full of Threes)
banita51: mucks hand
Chessnok collected $41.50 from pot
*** SUMMARY ***
Total pot $42 | Rake $0.50
Board [Qd 6c 5s Qs 3s]
Seat 1: banita51 (big blind) mucked
Seat 4: Chessnok (button) (small blind) showed [3c Qc] and won ($41.50) with a full house, Queens full of Threes


PokerStars Hand #175398669039:  Hold'em Limit ($3/$6 USD) - 2017/09/09 0:37:15 ET
Table 'Eurysaces II' 6-max Seat #1 is the button
Seat 1: banita51 ($241.27 in chips)
Seat 4: Chessnok ($100 in chips)
banita51: posts small blind $1
Chessnok: posts big blind $3
*** HOLE CARDS ***
banita51: raises $3 to $6
Chessnok: raises $3 to $9
banita51: calls $3
*** FLOP *** [Jc 6d 5s]
Chessnok: bets $3
banita51: raises $3 to $6
Chessnok: calls $3
*** TURN *** [Jc 6d 5s] [9s]
Chessnok: checks
banita51: bets $6
Chessnok: calls $6
*** RIVER *** [Jc 6d 5s 9s] [3h]
Chessnok: checks
banita51: bets $6
TurnbullFTW joins the table at seat #6
Chessnok: calls $6
*** SHOW DOWN ***
banita51: shows [Js Qh] (a pair of Jacks)
Chessnok: mucks hand
banita51 collected $53.50 from pot
*** SUMMARY ***
Total pot $54 | Rake $0.50
Board [Jc 6d 5s 9s 3h]
Seat 1: banita51 (button) (small blind) showed [Js Qh] and won ($53.50) with a pair of Jacks
Seat 4: Chessnok (big blind) mucked


PokerStars Hand #175398750707:  Hold'em Limit ($3/$6 USD) - 2017/09/09 0:42:11 ET
Table 'Eurysaces II' 6-max Seat #1 is the button
Seat 1: banita51 ($255.61 in chips)
Seat 4: Chessnok ($116.46 in chips)
banita51: posts small blind $1
Chessnok: posts big blind $3
*** HOLE CARDS ***
TurnbullFTW leaves the table
banita51: raises $3 to $6
Chessnok: calls $3
*** FLOP *** [7h Qc 4s]
Chessnok: checks
banita51: checks
*** TURN *** [7h Qc 4s] [Qh]
Chessnok: bets $6
banita51: calls $6
*** RIVER *** [7h Qc 4s Qh] [8h]
Chessnok: bets $6
banita51: calls $6
*** SHOW DOWN ***
Chessnok: shows [7c 6d] (two pair, Queens and Sevens)
banita51: shows [Ac As] (two pair, Aces and Queens)
banita51 collected $35.50 from pot
*** SUMMARY ***
Total pot $36 | Rake $0.50
Board [7h Qc 4s Qh 8h]
Seat 1: banita51 (button) (small blind) showed [Ac As] and won ($35.50) with two pair, Aces and Queens
Seat 4: Chessnok (big blind) showed [7c 6d] and lost with two pair, Queens and Sevens


PokerStars Hand #175398759148:  Hold'em Limit ($3/$6 USD) - 2017/09/09 0:42:42 ET
Table 'Eurysaces II' 6-max Seat #4 is the button
Seat 1: banita51 ($273.11 in chips)
Seat 4: Chessnok ($98.46 in chips)
Chessnok: posts small blind $1
banita51: posts big blind $3
*** HOLE CARDS ***
Chessnok: raises $3 to $6
banita51: folds
Uncalled bet ($3) returned to Chessnok
Chessnok collected $6 from pot
Chessnok: doesn't show hand
*** SUMMARY ***
Total pot $6 | Rake $0
Seat 1: banita51 (big blind) folded before Flop
Seat 4: Chessnok (button) (small blind) collected ($6)


PokerStars Hand #175398761243:  Hold'em Limit ($3/$6 USD) - 2017/09/09 0:42:49 ET
Table 'Eurysaces II' 6-max Seat #1 is the button
Seat 1: banita51 ($270.11 in chips)
Seat 4: Chessnok ($101.46 in chips)
banita51: posts small blind $1
Chessnok: posts big blind $3
*** HOLE CARDS ***
banita51: raises $3 to $6
Chessnok: calls $3
*** FLOP *** [8d 9s 2h]
Chessnok: checks
banita51: bets $3
Chessnok: calls $3
*** TURN *** [8d 9s 2h] [Jh]
Chessnok: checks
banita51: bets $6
Chessnok: calls $6
*** RIVER *** [8d 9s 2h Jh] [Jc]
Chessnok: checks
banita51: bets $6
Chessnok: calls $6
*** SHOW DOWN ***
banita51: shows [As 9h] (two pair, Jacks and Nines)
Chessnok: mucks hand
banita51 collected $41.50 from pot
*** SUMMARY ***
Total pot $42 | Rake $0.50
Board [8d 9s 2h Jh Jc]
Seat 1: banita51 (button) (small blind) showed [As 9h] and won ($41.50) with two pair, Jacks and Nines
Seat 4: Chessnok (big blind) mucked


PokerStars Hand #175398779547:  Hold'em Limit ($3/$6 USD) - 2017/09/09 0:43:56 ET
Table 'Eurysaces II' 6-max Seat #4 is the button
Seat 1: banita51 ($296.25 in chips)
Seat 4: Chessnok ($74.46 in chips)
Chessnok: posts small blind $1
banita51: posts big blind $3
*** HOLE CARDS ***
Chessnok: raises $3 to $6
banita51: folds
Uncalled bet ($3) returned to Chessnok
Chessnok collected $6 from pot
Chessnok: doesn't show hand
*** SUMMARY ***
Total pot $6 | Rake $0
Seat 1: banita51 (big blind) folded before Flop
Seat 4: Chessnok (button) (small blind) collected ($6)


PokerStars Hand #175398769907:  Hold'em Limit ($3/$6 USD) - 2017/09/09 0:43:21 ET
Table 'Eurysaces II' 6-max Seat #4 is the button
Seat 1: banita51 ($290.61 in chips)
Seat 4: Chessnok ($80.46 in chips)
Chessnok: posts small blind $1
banita51: posts big blind $3
*** HOLE CARDS ***
Chessnok: raises $3 to $6
banita51: folds
Uncalled bet ($3) returned to Chessnok
Chessnok collected $6 from pot
Chessnok: doesn't show hand
*** SUMMARY ***
Total pot $6 | Rake $0
Seat 1: banita51 (big blind) folded before Flop
Seat 4: Chessnok (button) (small blind) collected ($6)


PokerStars Hand #175398772306:  Hold'em Limit ($3/$6 USD) - 2017/09/09 0:43:30 ET
Table 'Eurysaces II' 6-max Seat #1 is the button
Seat 1: banita51 ($287.61 in chips)
Seat 4: Chessnok ($83.46 in chips)
banita51: posts small blind $1
Chessnok: posts big blind $3
*** HOLE CARDS ***
banita51: raises $3 to $6
Chessnok: calls $3
*** FLOP *** [3c 3d Tc]
Chessnok: checks
banita51: bets $3
Chessnok: calls $3
*** TURN *** [3c 3d Tc] [Ah]
Chessnok: checks
banita51: bets $6
Chessnok: folds
Uncalled bet ($6) returned to banita51
banita51 collected $17.64 from pot
*** SUMMARY ***
Total pot $18 | Rake $0.36
Board [3c 3d Tc Ah]
Seat 1: banita51 (button) (small blind) collected ($17.64)
Seat 4: Chessnok (big blind) folded on the Turn


PokerStars Hand #175398782068:  Hold'em Limit ($3/$6 USD) - 2017/09/09 0:44:05 ET
Table 'Eurysaces II' 6-max Seat #1 is the button
Seat 1: banita51 ($293.25 in chips)
Seat 4: Chessnok ($77.46 in chips)
banita51: posts small blind $1
Chessnok: posts big blind $3
*** HOLE CARDS ***
banita51: raises $3 to $6
Chessnok: calls $3
*** FLOP *** [Jh 7d Qc]
Chessnok: checks
banita51: bets $3
Chessnok: folds
Uncalled bet ($3) returned to banita51
banita51 collected $11.76 from pot
*** SUMMARY ***
Total pot $12 | Rake $0.24
Board [Jh 7d Qc]
Seat 1: banita51 (button) (small blind) collected ($11.76)
Seat 4: Chessnok (big blind) folded on the Flop


PokerStars Hand #175398793899:  Hold'em Limit ($3/$6 USD) - 2017/09/09 0:44:48 ET
Table 'Eurysaces II' 6-max Seat #4 is the button
Seat 1: banita51 ($306.65 in chips)
Seat 4: Chessnok ($63.46 in chips)
Chessnok: posts small blind $1
banita51: posts big blind $3
*** HOLE CARDS ***
Chessnok: raises $3 to $6
banita51: raises $3 to $9
Chessnok: calls $3
*** FLOP *** [As Kd 3d]
banita51: checks
Chessnok: checks
*** TURN *** [As Kd 3d] [Qs]
banita51: bets $6
Chessnok: folds
Uncalled bet ($6) returned to banita51
banita51 collected $17.64 from pot
*** SUMMARY ***
Total pot $18 | Rake $0.36
Board [As Kd 3d Qs]
Seat 1: banita51 (big blind) collected ($17.64)
Seat 4: Chessnok (button) (small blind) folded on the Turn


PokerStars Hand #175398791847:  Hold'em Limit ($3/$6 USD) - 2017/09/09 0:44:41 ET
Table 'Eurysaces II' 6-max Seat #1 is the button
Seat 1: banita51 ($307.65 in chips)
Seat 4: Chessnok ($62.46 in chips)
banita51: posts small blind $1
Chessnok: posts big blind $3
*** HOLE CARDS ***
banita51: folds
Uncalled bet ($2) returned to Chessnok
Chessnok collected $2 from pot
Chessnok: doesn't show hand
*** SUMMARY ***
Total pot $2 | Rake $0
Seat 1: banita51 (button) (small blind) folded before Flop
Seat 4: Chessnok (big blind) collected ($2)


PokerStars Hand #175398798934:  Hold'em Limit ($3/$6 USD) - 2017/09/09 0:45:06 ET
Table 'Eurysaces II' 6-max Seat #1 is the button
Seat 1: banita51 ($315.29 in chips)
Seat 4: Chessnok ($60 in chips)
banita51: posts small blind $1
Chessnok: posts big blind $3
*** HOLE CARDS ***
banita51: folds
Uncalled bet ($2) returned to Chessnok
Chessnok collected $2 from pot
Chessnok: doesn't show hand
*** SUMMARY ***
Total pot $2 | Rake $0
Seat 1: banita51 (button) (small blind) folded before Flop
Seat 4: Chessnok (big blind) collected ($2)


PokerStars Hand #175398786194:  Hold'em Limit ($3/$6 USD) - 2017/09/09 0:44:20 ET
Table 'Eurysaces II' 6-max Seat #4 is the button
Seat 1: banita51 ($299.01 in chips)
Seat 4: Chessnok ($71.46 in chips)
Chessnok: posts small blind $1
banita51: posts big blind $3
*** HOLE CARDS ***
Chessnok: raises $3 to $6
banita51: calls $3
*** FLOP *** [4c 5d 6c]
banita51: bets $3
Chessnok: calls $3
*** TURN *** [4c 5d 6c] [3c]
banita51: bets $6
Chessnok: folds
Uncalled bet ($6) returned to banita51
banita51 collected $17.64 from pot
*** SUMMARY ***
Total pot $18 | Rake $0.36
Board [4c 5d 6c 3c]
Seat 1: banita51 (big blind) collected ($17.64)
Seat 4: Chessnok (button) (small blind) folded on the Turn


PokerStars Hand #175398816110:  Hold'em Limit ($3/$6 USD) - 2017/09/09 0:46:09 ET
Table 'Eurysaces II' 6-max Seat #1 is the button
Seat 1: banita51 ($304.29 in chips)
Seat 4: Chessnok ($70.76 in chips)
banita51: posts small blind $1
Chessnok: posts big blind $3
*** HOLE CARDS ***
banita51: folds
Uncalled bet ($2) returned to Chessnok
Chessnok collected $2 from pot
Chessnok: doesn't show hand
*** SUMMARY ***
Total pot $2 | Rake $0
Seat 1: banita51 (button) (small blind) folded before Flop
Seat 4: Chessnok (big blind) collected ($2)


PokerStars Hand #175398802049:  Hold'em Limit ($3/$6 USD) - 2017/09/09 0:45:17 ET
Table 'Eurysaces II' 6-max Seat #4 is the button
Seat 1: banita51 ($314.29 in chips)
Seat 4: Chessnok ($61 in chips)
Chessnok: posts small blind $1
banita51: posts big blind $3
*** HOLE CARDS ***
Chessnok: raises $3 to $6
banita51: calls $3
*** FLOP *** [3h 7h 6c]
banita51: checks
Chessnok: checks
*** TURN *** [3h 7h 6c] [7d]
banita51: checks
Chessnok: checks
*** RIVER *** [3h 7h 6c 7d] [6s]
banita51: checks
Chessnok: checks
*** SHOW DOWN ***
banita51: shows [9h Js] (two pair, Sevens and Sixes)
Chessnok: shows [Ks 2d] (two pair, Sevens and Sixes - King kicker)
Chessnok collected $11.76 from pot
*** SUMMARY ***
Total pot $12 | Rake $0.24
Board [3h 7h 6c 7d 6s]
Seat 1: banita51 (big blind) showed [9h Js] and lost with two pair, Sevens and Sixes
Seat 4: Chessnok (button) (small blind) showed [Ks 2d] and won ($11.76) with two pair, Sevens and Sixes


PokerStars Hand #175398810373:  Hold'em Limit ($3/$6 USD) - 2017/09/09 0:45:48 ET
Table 'Eurysaces II' 6-max Seat #1 is the button
Seat 1: banita51 ($308.29 in chips)
Seat 4: Chessnok ($66.76 in chips)
banita51: posts small blind $1
Chessnok: posts big blind $3
*** HOLE CARDS ***
banita51: folds
Uncalled bet ($2) returned to Chessnok
Chessnok collected $2 from pot
Chessnok: doesn't show hand
*** SUMMARY ***
Total pot $2 | Rake $0
Seat 1: banita51 (button) (small blind) folded before Flop
Seat 4: Chessnok (big blind) collected ($2)


PokerStars Hand #175398812837:  Hold'em Limit ($3/$6 USD) - 2017/09/09 0:45:57 ET
Table 'Eurysaces II' 6-max Seat #4 is the button
Seat 1: banita51 ($307.29 in chips)
Seat 4: Chessnok ($67.76 in chips)
Chessnok: posts small blind $1
banita51: posts big blind $3
*** HOLE CARDS ***
Chessnok: raises $3 to $6
banita51: folds
Uncalled bet ($3) returned to Chessnok
Chessnok collected $6 from pot
Chessnok: doesn't show hand
*** SUMMARY ***
Total pot $6 | Rake $0
Seat 1: banita51 (big blind) folded before Flop
Seat 4: Chessnok (button) (small blind) collected ($6)


PokerStars Hand #175398830223:  Hold'em Limit ($3/$6 USD) - 2017/09/09 0:47:01 ET
Table 'Eurysaces II' 6-max Seat #1 is the button
Seat 1: banita51 ($275.29 in chips)
Seat 4: Chessnok ($99.26 in chips)
banita51: posts small blind $1
Chessnok: posts big blind $3
*** HOLE CARDS ***
banita51: raises $3 to $6
Chessnok: folds
Uncalled bet ($3) returned to banita51
banita51 collected $6 from pot
*** SUMMARY ***
Total pot $6 | Rake $0
Seat 1: banita51 (button) (small blind) collected ($6)
Seat 4: Chessnok (big blind) folded before Flop


PokerStars Hand #175398817812:  Hold'em Limit ($3/$6 USD) - 2017/09/09 0:46:15 ET
Table 'Eurysaces II' 6-max Seat #4 is the button
Seat 1: banita51 ($303.29 in chips)
Seat 4: Chessnok ($71.76 in chips)
Chessnok: posts small blind $1
banita51: posts big blind $3
*** HOLE CARDS ***
Chessnok: raises $3 to $6
banita51: calls $3
*** FLOP *** [6d Th 7c]
banita51: checks
Chessnok: checks
*** TURN *** [6d Th 7c] [Qs]
banita51: bets $6
Chessnok: raises $6 to $12
banita51: calls $6
*** RIVER *** [6d Th 7c Qs] [4s]
banita51: checks
Chessnok: bets $6
banita51: calls $6
*** SHOW DOWN ***
Chessnok: shows [Qh 4d] (two pair, Queens and Fours)
banita51: mucks hand
Chessnok collected $47.50 from pot
*** SUMMARY ***
Total pot $48 | Rake $0.50
Board [6d Th 7c Qs 4s]
Seat 1: banita51 (big blind) mucked
Seat 4: Chessnok (button) (small blind) showed [Qh 4d] and won ($47.50) with two pair, Queens and Fours


PokerStars Hand #175398825757:  Hold'em Limit ($3/$6 USD) - 2017/09/09 0:46:44 ET
Table 'Eurysaces II' 6-max Seat #1 is the button
Seat 1: banita51 ($279.29 in chips)
Seat 4: Chessnok ($95.26 in chips)
banita51: posts small blind $1
Chessnok: posts big blind $3
*** HOLE CARDS ***
banita51: folds
Uncalled bet ($2) returned to Chessnok
Chessnok collected $2 from pot
Chessnok: doesn't show hand
*** SUMMARY ***
Total pot $2 | Rake $0
Seat 1: banita51 (button) (small blind) folded before Flop
Seat 4: Chessnok (big blind) collected ($2)


PokerStars Hand #175398828169:  Hold'em Limit ($3/$6 USD) - 2017/09/09 0:46:53 ET
Table 'Eurysaces II' 6-max Seat #4 is the button
Seat 1: banita51 ($278.29 in chips)
Seat 4: Chessnok ($96.26 in chips)
Chessnok: posts small blind $1
banita51: posts big blind $3
*** HOLE CARDS ***
Chessnok: raises $3 to $6
banita51: folds
Uncalled bet ($3) returned to Chessnok
Chessnok collected $6 from pot
Chessnok: doesn't show hand
*** SUMMARY ***
Total pot $6 | Rake $0
Seat 1: banita51 (big blind) folded before Flop
Seat 4: Chessnok (button) (small blind) collected ($6)


PokerStars Hand #175398832737:  Hold'em Limit ($3/$6 USD) - 2017/09/09 0:47:10 ET
Table 'Eurysaces II' 6-max Seat #4 is the button
Seat 1: banita51 ($278.29 in chips)
Seat 4: Chessnok ($96.26 in chips)
Chessnok: posts small blind $1
banita51: posts big blind $3
*** HOLE CARDS ***
Chessnok: raises $3 to $6
banita51: calls $3
*** FLOP *** [Qd 8h 9h]
banita51: bets $3
Chessnok: calls $3
*** TURN *** [Qd 8h 9h] [9c]
banita51: bets $6
Chessnok: calls $6
*** RIVER *** [Qd 8h 9h 9c] [9s]
banita51: checks
Chessnok: bets $6
banita51: folds
Uncalled bet ($6) returned to Chessnok
Chessnok collected $29.50 from pot
Chessnok: doesn't show hand
*** SUMMARY ***
Total pot $30 | Rake $0.50
Board [Qd 8h 9h 9c 9s]
Seat 1: banita51 (big blind) folded on the River
Seat 4: Chessnok (button) (small blind) collected ($29.50)


PokerStars Hand #175398840605:  Hold'em Limit ($3/$6 USD) - 2017/09/09 0:47:39 ET
Table 'Eurysaces II' 6-max Seat #1 is the button
Seat 1: banita51 ($263.29 in chips)
Seat 4: Chessnok ($110.76 in chips)
banita51: posts small blind $1
Chessnok: posts big blind $3
*** HOLE CARDS ***
banita51: calls $2
Chessnok: checks
*** FLOP *** [Js As 2s]
Chessnok: checks
banita51: bets $3
Chessnok: folds
Uncalled bet ($3) returned to banita51
banita51 collected $5.88 from pot
*** SUMMARY ***
Total pot $6 | Rake $0.12
Board [Js As 2s]
Seat 1: banita51 (button) (small blind) collected ($5.88)
Seat 4: Chessnok (big blind) folded on the Flop


PokerStars Hand #175398851952:  Hold'em Limit ($3/$6 USD) - 2017/09/09 0:48:21 ET
Table 'Eurysaces II' 6-max Seat #1 is the button
Seat 1: banita51 ($257.17 in chips)
Seat 4: Chessnok ($116.40 in chips)
banita51: posts small blind $1
Chessnok: posts big blind $3
*** HOLE CARDS ***
banita51: raises $3 to $6
Chessnok: raises $3 to $9
banita51: calls $3
*** FLOP *** [9h Qc 2s]
Chessnok: bets $3
banita51: raises $3 to $6
Chessnok: calls $3
*** TURN *** [9h Qc 2s] [6s]
Chessnok: checks
banita51: bets $6
Chessnok: calls $6
*** RIVER *** [9h Qc 2s 6s] [2h]
Chessnok: checks
banita51: bets $6
Chessnok: calls $6
*** SHOW DOWN ***
banita51: shows [8d As] (a pair of Deuces)
Chessnok: mucks hand
banita51 collected $53.50 from pot
*** SUMMARY ***
Total pot $54 | Rake $0.50
Board [9h Qc 2s 6s 2h]
Seat 1: banita51 (button) (small blind) showed [8d As] and won ($53.50) with a pair of Deuces
Seat 4: Chessnok (big blind) mucked


PokerStars Hand #175398846802:  Hold'em Limit ($3/$6 USD) - 2017/09/09 0:48:02 ET
Table 'Eurysaces II' 6-max Seat #4 is the button
Seat 1: banita51 ($266.17 in chips)
Seat 4: Chessnok ($107.76 in chips)
Chessnok: posts small blind $1
banita51: posts big blind $3
*** HOLE CARDS ***
Chessnok: raises $3 to $6
banita51: calls $3
*** FLOP *** [Qs As 4s]
banita51: bets $3
Chessnok: raises $3 to $6
banita51: folds
Uncalled bet ($3) returned to Chessnok
Chessnok collected $17.64 from pot
Chessnok: doesn't show hand
*** SUMMARY ***
Total pot $18 | Rake $0.36
Board [Qs As 4s]
Seat 1: banita51 (big blind) folded on the Flop
Seat 4: Chessnok (button) (small blind) collected ($17.64)


PokerStars Hand #175398859250:  Hold'em Limit ($3/$6 USD) - 2017/09/09 0:48:47 ET
Table 'Eurysaces II' 6-max Seat #4 is the button
Seat 1: banita51 ($283.67 in chips)
Seat 4: Chessnok ($89.40 in chips)
Chessnok: posts small blind $1
banita51: posts big blind $3
*** HOLE CARDS ***
Chessnok: raises $3 to $6
banita51: raises $3 to $9
Chessnok: calls $3
*** FLOP *** [6c 8h 7s]
banita51: bets $3
Chessnok: calls $3
*** TURN *** [6c 8h 7s] [4s]
banita51: bets $6
Chessnok: raises $6 to $12
banita51: calls $6
*** RIVER *** [6c 8h 7s 4s] [Ad]
banita51: checks
Chessnok: bets $6
banita51: folds
Uncalled bet ($6) returned to Chessnok
Chessnok collected $47.50 from pot
Chessnok: doesn't show hand
*** SUMMARY ***
Total pot $48 | Rake $0.50
Board [6c 8h 7s 4s Ad]
Seat 1: banita51 (big blind) folded on the River
Seat 4: Chessnok (button) (small blind) collected ($47.50)


PokerStars Hand #175398872248:  Hold'em Limit ($3/$6 USD) - 2017/09/09 0:49:17 ET
Table 'Eurysaces II' 6-max Seat #1 is the button
Seat 1: banita51 ($259.67 in chips)
Seat 4: Chessnok ($112.90 in chips)
banita51: posts small blind $1
Chessnok: posts big blind $3
*** HOLE CARDS ***
banita51: calls $2
Chessnok: raises $3 to $6
banita51: calls $3
*** FLOP *** [Jd 3d Qc]
Chessnok: bets $3
banita51: calls $3
*** TURN *** [Jd 3d Qc] [8s]
Chessnok: bets $6
banita51: folds
Uncalled bet ($6) returned to Chessnok
Chessnok collected $17.64 from pot
Chessnok: doesn't show hand
*** SUMMARY ***
Total pot $18 | Rake $0.36
Board [Jd 3d Qc 8s]
Seat 1: banita51 (button) (small blind) folded on the Turn
Seat 4: Chessnok (big blind) collected ($17.64)


PokerStars Hand #175398878084:  Hold'em Limit ($3/$6 USD) - 2017/09/09 0:49:38 ET
Table 'Eurysaces II' 6-max Seat #4 is the button
Seat 1: banita51 ($250.67 in chips)
Seat 4: Chessnok ($121.54 in chips)
Chessnok: posts small blind $1
banita51: posts big blind $3
*** HOLE CARDS ***
Chessnok: raises $3 to $6
banita51: calls $3
*** FLOP *** [4c Qc 8s]
banita51: bets $3
Chessnok: calls $3
*** TURN *** [4c Qc 8s] [4h]
banita51: bets $6
Chessnok: calls $6
*** RIVER *** [4c Qc 8s 4h] [6s]
banita51: bets $6
Chessnok: folds
Uncalled bet ($6) returned to banita51
banita51 collected $29.50 from pot
*** SUMMARY ***
Total pot $30 | Rake $0.50
Board [4c Qc 8s 4h 6s]
Seat 1: banita51 (big blind) collected ($29.50)
Seat 4: Chessnok (button) (small blind) folded on the River


PokerStars Hand #175398894365:  Hold'em Limit ($3/$6 USD) - 2017/09/09 0:50:37 ET
Table 'Eurysaces II' 6-max Seat #4 is the button
Seat 1: banita51 ($247.17 in chips)
Seat 4: Chessnok ($124.04 in chips)
Chessnok: posts small blind $1
banita51: posts big blind $3
*** HOLE CARDS ***
Chessnok: raises $3 to $6
banita51: raises $3 to $9
Chessnok: calls $3
*** FLOP *** [5h Ad Kc]
banita51: bets $3
Chessnok: calls $3
*** TURN *** [5h Ad Kc] [8s]
banita51: bets $6
Chessnok: raises $6 to $12
banita51: calls $6
*** RIVER *** [5h Ad Kc 8s] [9c]
banita51: checks
Chessnok: bets $6
banita51: calls $6
*** SHOW DOWN ***
Chessnok: shows [6c 7c] (a straight, Five to Nine)
banita51: mucks hand
Chessnok collected $59.50 from pot
*** SUMMARY ***
Total pot $60 | Rake $0.50
Board [5h Ad Kc 8s 9c]
Seat 1: banita51 (big blind) mucked
Seat 4: Chessnok (button) (small blind) showed [6c 7c] and won ($59.50) with a straight, Five to Nine


PokerStars Hand #175398884322:  Hold'em Limit ($3/$6 USD) - 2017/09/09 0:50:01 ET
Table 'Eurysaces II' 6-max Seat #1 is the button
Seat 1: banita51 ($265.17 in chips)
Seat 4: Chessnok ($106.54 in chips)
banita51: posts small blind $1
Chessnok: posts big blind $3
*** HOLE CARDS ***
banita51: raises $3 to $6
Chessnok: calls $3
*** FLOP *** [9d 8h 9h]
Chessnok: checks
banita51: bets $3
Chessnok: raises $3 to $6
banita51: calls $3
*** TURN *** [9d 8h 9h] [4c]
Chessnok: bets $6
banita51: calls $6
*** RIVER *** [9d 8h 9h 4c] [Qd]
Chessnok: bets $6
banita51: folds
Uncalled bet ($6) returned to Chessnok
Chessnok collected $35.50 from pot
Chessnok: doesn't show hand
*** SUMMARY ***
Total pot $36 | Rake $0.50
Board [9d 8h 9h 4c Qd]
Seat 1: banita51 (button) (small blind) folded on the River
Seat 4: Chessnok (big blind) collected ($35.50)


PokerStars Hand #175398911042:  Hold'em Limit ($3/$6 USD) - 2017/09/09 0:51:39 ET
Table 'Eurysaces II' 6-max Seat #4 is the button
Seat 1: banita51 ($237.67 in chips)
Seat 4: Chessnok ($132.54 in chips)
Chessnok: posts small blind $1
banita51: posts big blind $3
*** HOLE CARDS ***
Chessnok: folds
Uncalled bet ($2) returned to banita51
banita51 collected $2 from pot
*** SUMMARY ***
Total pot $2 | Rake $0
Seat 1: banita51 (big blind) collected ($2)
Seat 4: Chessnok (button) (small blind) folded before Flop


PokerStars Hand #175398902670:  Hold'em Limit ($3/$6 USD) - 2017/09/09 0:51:08 ET
Table 'Eurysaces II' 6-max Seat #1 is the button
Seat 1: banita51 ($217.17 in chips)
Seat 4: Chessnok ($153.54 in chips)
banita51: posts small blind $1
Chessnok: posts big blind $3
*** HOLE CARDS ***
banita51: calls $2
Chessnok: checks
*** FLOP *** [2h Ad 5c]
Chessnok: checks
banita51: bets $3
Chessnok: raises $3 to $6
banita51: calls $3
*** TURN *** [2h Ad 5c] [Qd]
Chessnok: checks
banita51: bets $6
Chessnok: calls $6
*** RIVER *** [2h Ad 5c Qd] [8h]
Chessnok: checks
banita51: bets $6
Chessnok: calls $6
*** SHOW DOWN ***
banita51: shows [5s Qc] (two pair, Queens and Fives)
Chessnok: mucks hand
banita51 collected $41.50 from pot
*** SUMMARY ***
Total pot $42 | Rake $0.50
Board [2h Ad 5c Qd 8h]
Seat 1: banita51 (button) (small blind) showed [5s Qc] and won ($41.50) with two pair, Queens and Fives
Seat 4: Chessnok (big blind) mucked


PokerStars Hand #175398914502:  Hold'em Limit ($3/$6 USD) - 2017/09/09 0:51:51 ET
Table 'Eurysaces II' 6-max Seat #4 is the button
Seat 1: banita51 ($237.67 in chips)
Seat 4: Chessnok ($132.54 in chips)
Chessnok: posts small blind $1
banita51: posts big blind $3
*** HOLE CARDS ***
Chessnok: folds
Uncalled bet ($2) returned to banita51
banita51 collected $2 from pot
*** SUMMARY ***
Total pot $2 | Rake $0
Seat 1: banita51 (big blind) collected ($2)
Seat 4: Chessnok (button) (small blind) folded before Flop


PokerStars Hand #175398912715:  Hold'em Limit ($3/$6 USD) - 2017/09/09 0:51:45 ET
Table 'Eurysaces II' 6-max Seat #1 is the button
Seat 1: banita51 ($238.67 in chips)
Seat 4: Chessnok ($131.54 in chips)
banita51: posts small blind $1
Chessnok: posts big blind $3
*** HOLE CARDS ***
banita51: folds
Uncalled bet ($2) returned to Chessnok
Chessnok collected $2 from pot
Chessnok: doesn't show hand
*** SUMMARY ***
Total pot $2 | Rake $0
Seat 1: banita51 (button) (small blind) folded before Flop
Seat 4: Chessnok (big blind) collected ($2)


PokerStars Hand #175398916673:  Hold'em Limit ($3/$6 USD) - 2017/09/09 0:51:59 ET
Table 'Eurysaces II' 6-max Seat #1 is the button
Seat 1: banita51 ($238.67 in chips)
Seat 4: Chessnok ($131.54 in chips)
banita51: posts small blind $1
Chessnok: posts big blind $3
*** HOLE CARDS ***
banita51: folds
Uncalled bet ($2) returned to Chessnok
Chessnok collected $2 from pot
Chessnok: doesn't show hand
*** SUMMARY ***
Total pot $2 | Rake $0
Seat 1: banita51 (button) (small blind) folded before Flop
Seat 4: Chessnok (big blind) collected ($2)


PokerStars Hand #175398925060:  Hold'em Limit ($3/$6 USD) - 2017/09/09 0:52:30 ET
Table 'Eurysaces II' 6-max Seat #1 is the button
Seat 1: banita51 ($216.67 in chips)
Seat 4: Chessnok ($153.04 in chips)
banita51: posts small blind $1
Chessnok: posts big blind $3
*** HOLE CARDS ***
banita51: raises $3 to $6
Chessnok: calls $3
*** FLOP *** [8d Jc 6h]
Chessnok: checks
banita51: bets $3
Chessnok: folds
Uncalled bet ($3) returned to banita51
banita51 collected $11.76 from pot
*** SUMMARY ***
Total pot $12 | Rake $0.24
Board [8d Jc 6h]
Seat 1: banita51 (button) (small blind) collected ($11.76)
Seat 4: Chessnok (big blind) folded on the Flop


PokerStars Hand #175398918996:  Hold'em Limit ($3/$6 USD) - 2017/09/09 0:52:08 ET
Table 'Eurysaces II' 6-max Seat #4 is the button
Seat 1: banita51 ($237.67 in chips)
Seat 4: Chessnok ($132.54 in chips)
Chessnok: posts small blind $1
banita51: posts big blind $3
*** HOLE CARDS ***
Chessnok: raises $3 to $6
banita51: calls $3
*** FLOP *** [Ac 5h Jc]
banita51: bets $3
Chessnok: calls $3
*** TURN *** [Ac 5h Jc] [Qs]
banita51: bets $6
Chessnok: calls $6
*** RIVER *** [Ac 5h Jc Qs] [2c]
banita51: bets $6
Chessnok: calls $6
*** SHOW DOWN ***
banita51: shows [Qh Ts] (a pair of Queens)
Chessnok: shows [7d As] (a pair of Aces)
Chessnok collected $41.50 from pot
*** SUMMARY ***
Total pot $42 | Rake $0.50
Board [Ac 5h Jc Qs 2c]
Seat 1: banita51 (big blind) showed [Qh Ts] and lost with a pair of Queens
Seat 4: Chessnok (button) (small blind) showed [7d As] and won ($41.50) with a pair of Aces


PokerStars Hand #175398935730:  Hold'em Limit ($3/$6 USD) - 2017/09/09 0:53:10 ET
Table 'Eurysaces II' 6-max Seat #1 is the button
Seat 1: banita51 ($236.93 in chips)
Seat 4: Chessnok ($132.04 in chips)
banita51: posts small blind $1
Chessnok: posts big blind $3
*** HOLE CARDS ***
banita51: folds
Uncalled bet ($2) returned to Chessnok
Chessnok collected $2 from pot
Chessnok: doesn't show hand
*** SUMMARY ***
Total pot $2 | Rake $0
Seat 1: banita51 (button) (small blind) folded before Flop
Seat 4: Chessnok (big blind) collected ($2)


PokerStars Hand #175398928267:  Hold'em Limit ($3/$6 USD) - 2017/09/09 0:52:42 ET
Table 'Eurysaces II' 6-max Seat #4 is the button
Seat 1: banita51 ($222.43 in chips)
Seat 4: Chessnok ($147.04 in chips)
Chessnok: posts small blind $1
banita51: posts big blind $3
*** HOLE CARDS ***
Chessnok: raises $3 to $6
banita51: calls $3
*** FLOP *** [Js Ts Kd]
banita51: checks
Chessnok: bets $3
banita51: calls $3
*** TURN *** [Js Ts Kd] [Kh]
banita51: checks
Chessnok: bets $6
banita51: calls $6
*** RIVER *** [Js Ts Kd Kh] [9h]
banita51: checks
Chessnok: checks
*** SHOW DOWN ***
banita51: shows [7s 9s] (two pair, Kings and Nines)
Chessnok: mucks hand
banita51 collected $29.50 from pot
*** SUMMARY ***
Total pot $30 | Rake $0.50
Board [Js Ts Kd Kh 9h]
Seat 1: banita51 (big blind) showed [7s 9s] and won ($29.50) with two pair, Kings and Nines
Seat 4: Chessnok (button) (small blind) mucked


PokerStars Hand #175398937290:  Hold'em Limit ($3/$6 USD) - 2017/09/09 0:53:16 ET
Table 'Eurysaces II' 6-max Seat #4 is the button
Seat 1: banita51 ($235.93 in chips)
Seat 4: Chessnok ($133.04 in chips)
Chessnok: posts small blind $1
banita51: posts big blind $3
*** HOLE CARDS ***
Chessnok: raises $3 to $6
banita51: calls $3
*** FLOP *** [3s 2h 8c]
banita51: checks
Chessnok: bets $3
banita51: calls $3
*** TURN *** [3s 2h 8c] [7d]
banita51: bets $6
Chessnok: raises $6 to $12
banita51: calls $6
*** RIVER *** [3s 2h 8c 7d] [9s]
banita51: checks
Chessnok: bets $6
banita51: calls $6
*** SHOW DOWN ***
Chessnok: shows [8s 8d] (three of a kind, Eights)
banita51: mucks hand
Chessnok collected $53.50 from pot
*** SUMMARY ***
Total pot $54 | Rake $0.50
Board [3s 2h 8c 7d 9s]
Seat 1: banita51 (big blind) mucked
Seat 4: Chessnok (button) (small blind) showed [8s 8d] and won ($53.50) with three of a kind, Eights


PokerStars Hand #175398956373:  Hold'em Limit ($3/$6 USD) - 2017/09/09 0:54:26 ET
Table 'Eurysaces II' 6-max Seat #4 is the button
Seat 1: banita51 ($214.69 in chips)
Seat 4: Chessnok ($153.54 in chips)
Chessnok: posts small blind $1
banita51: posts big blind $3
*** HOLE CARDS ***
Chessnok: raises $3 to $6
banita51: calls $3
*** FLOP *** [Qd Tc Js]
banita51: checks
Chessnok: bets $3
banita51: folds
Uncalled bet ($3) returned to Chessnok
Chessnok collected $11.76 from pot
Chessnok: doesn't show hand
*** SUMMARY ***
Total pot $12 | Rake $0.24
Board [Qd Tc Js]
Seat 1: banita51 (big blind) folded on the Flop
Seat 4: Chessnok (button) (small blind) collected ($11.76)


PokerStars Hand #175398961138:  Hold'em Limit ($3/$6 USD) - 2017/09/09 0:54:44 ET
Table 'Eurysaces II' 6-max Seat #1 is the button
Seat 1: banita51 ($208.69 in chips)
Seat 4: Chessnok ($159.30 in chips)
banita51: posts small blind $1
Chessnok: posts big blind $3
*** HOLE CARDS ***
banita51: raises $3 to $6
Chessnok: folds
Uncalled bet ($3) returned to banita51
banita51 collected $6 from pot
*** SUMMARY ***
Total pot $6 | Rake $0
Seat 1: banita51 (button) (small blind) collected ($6)
Seat 4: Chessnok (big blind) folded before Flop


PokerStars Hand #175398964544:  Hold'em Limit ($3/$6 USD) - 2017/09/09 0:54:57 ET
Table 'Eurysaces II' 6-max Seat #4 is the button
Seat 1: banita51 ($211.69 in chips)
Seat 4: Chessnok ($156.30 in chips)
Chessnok: posts small blind $1
banita51: posts big blind $3
*** HOLE CARDS ***
Chessnok: raises $3 to $6
banita51: raises $3 to $9
Chessnok: calls $3
*** FLOP *** [Jc Kd Qd]
banita51: bets $3
Chessnok: folds
Uncalled bet ($3) returned to banita51
banita51 collected $17.64 from pot
*** SUMMARY ***
Total pot $18 | Rake $0.36
Board [Jc Kd Qd]
Seat 1: banita51 (big blind) collected ($17.64)
Seat 4: Chessnok (button) (small blind) folded on the Flop


PokerStars Hand #175398948132:  Hold'em Limit ($3/$6 USD) - 2017/09/09 0:53:55 ET
Table 'Eurysaces II' 6-max Seat #1 is the button
Seat 1: banita51 ($208.93 in chips)
Seat 4: Chessnok ($159.54 in chips)
banita51: posts small blind $1
Chessnok: posts big blind $3
*** HOLE CARDS ***
banita51: raises $3 to $6
Chessnok: calls $3
*** FLOP *** [2d Jh Qc]
Chessnok: checks
banita51: checks
*** TURN *** [2d Jh Qc] [Kh]
Chessnok: checks
banita51: bets $6
Chessnok: folds
Uncalled bet ($6) returned to banita51
banita51 collected $11.76 from pot
*** SUMMARY ***
Total pot $12 | Rake $0.24
Board [2d Jh Qc Kh]
Seat 1: banita51 (button) (small blind) collected ($11.76)
Seat 4: Chessnok (big blind) folded on the Turn


PokerStars Hand #175398972273:  Hold'em Limit ($3/$6 USD) - 2017/09/09 0:55:28 ET
Table 'Eurysaces II' 6-max Seat #1 is the button
Seat 1: banita51 ($224.33 in chips)
Seat 4: Chessnok ($143.30 in chips)
banita51: posts small blind $1
Chessnok: posts big blind $3
*** HOLE CARDS ***
banita51: raises $3 to $6
Chessnok: raises $3 to $9
banita51: calls $3
*** FLOP *** [7c 4d 3d]
Chessnok: bets $3
banita51: raises $3 to $6
Chessnok: calls $3
*** TURN *** [7c 4d 3d] [7h]
Chessnok: checks
banita51: bets $6
Chessnok: calls $6
*** RIVER *** [7c 4d 3d 7h] [2d]
Chessnok: checks
banita51: checks
*** SHOW DOWN ***
Chessnok: shows [2h Ac] (two pair, Sevens and Deuces)
banita51: mucks hand
Chessnok collected $41.50 from pot
*** SUMMARY ***
Total pot $42 | Rake $0.50
Board [7c 4d 3d 7h 2d]
Seat 1: banita51 (button) (small blind) mucked
Seat 4: Chessnok (big blind) showed [2h Ac] and won ($41.50) with two pair, Sevens and Deuces


PokerStars Hand #175398970994:  Hold'em Limit ($3/$6 USD) - 2017/09/09 0:55:23 ET
Table 'Eurysaces II' 6-max Seat #4 is the button
Seat 1: banita51 ($223.33 in chips)
Seat 4: Chessnok ($144.30 in chips)
Chessnok: posts small blind $1
banita51: posts big blind $3
*** HOLE CARDS ***
Chessnok: folds
Uncalled bet ($2) returned to banita51
banita51 collected $2 from pot
*** SUMMARY ***
Total pot $2 | Rake $0
Seat 1: banita51 (big blind) collected ($2)
Seat 4: Chessnok (button) (small blind) folded before Flop


PokerStars Hand #175398968194:  Hold'em Limit ($3/$6 USD) - 2017/09/09 0:55:11 ET
Table 'Eurysaces II' 6-max Seat #1 is the button
Seat 1: banita51 ($220.33 in chips)
Seat 4: Chessnok ($147.30 in chips)
banita51: posts small blind $1
Chessnok: posts big blind $3
*** HOLE CARDS ***
banita51: raises $3 to $6
Chessnok: folds
Uncalled bet ($3) returned to banita51
banita51 collected $6 from pot
*** SUMMARY ***
Total pot $6 | Rake $0
Seat 1: banita51 (button) (small blind) collected ($6)
Seat 4: Chessnok (big blind) folded before Flop


PokerStars Hand #175398993568:  Hold'em Limit ($3/$6 USD) - 2017/09/09 0:56:55 ET
Table 'Eurysaces II' 6-max Seat #1 is the button
Seat 1: banita51 ($231.47 in chips)
Seat 4: Chessnok ($134.80 in chips)
banita51: posts small blind $1
Chessnok: posts big blind $3
*** HOLE CARDS ***
banita51: folds
Uncalled bet ($2) returned to Chessnok
Chessnok collected $2 from pot
Chessnok: doesn't show hand
*** SUMMARY ***
Total pot $2 | Rake $0
Seat 1: banita51 (button) (small blind) folded before Flop
Seat 4: Chessnok (big blind) collected ($2)


PokerStars Hand #175398987944:  Hold'em Limit ($3/$6 USD) - 2017/09/09 0:56:32 ET
Table 'Eurysaces II' 6-max Seat #4 is the button
Seat 1: banita51 ($210.97 in chips)
Seat 4: Chessnok ($155.80 in chips)
Chessnok: posts small blind $1
banita51: posts big blind $3
*** HOLE CARDS ***
Chessnok: raises $3 to $6
banita51: calls $3
*** FLOP *** [Th Kd Td]
banita51: bets $3
Chessnok: calls $3
*** TURN *** [Th Kd Td] [Qd]
banita51: bets $6
Chessnok: calls $6
*** RIVER *** [Th Kd Td Qd] [2h]
banita51: bets $6
Chessnok: calls $6
*** SHOW DOWN ***
banita51: shows [9h Jc] (a straight, Nine to King)
Chessnok: mucks hand
banita51 collected $41.50 from pot
*** SUMMARY ***
Total pot $42 | Rake $0.50
Board [Th Kd Td Qd 2h]
Seat 1: banita51 (big blind) showed [9h Jc] and won ($41.50) with a straight, Nine to King
Seat 4: Chessnok (button) (small blind) mucked


PokerStars Hand #175398985972:  Hold'em Limit ($3/$6 USD) - 2017/09/09 0:56:24 ET
Table 'Eurysaces II' 6-max Seat #1 is the button
Seat 1: banita51 ($211.97 in chips)
Seat 4: Chessnok ($154.80 in chips)
banita51: posts small blind $1
Chessnok: posts big blind $3
*** HOLE CARDS ***
banita51: folds
Uncalled bet ($2) returned to Chessnok
Chessnok collected $2 from pot
Chessnok: doesn't show hand
*** SUMMARY ***
Total pot $2 | Rake $0
Seat 1: banita51 (button) (small blind) folded before Flop
Seat 4: Chessnok (big blind) collected ($2)


PokerStars Hand #175398979943:  Hold'em Limit ($3/$6 USD) - 2017/09/09 0:56:00 ET
Table 'Eurysaces II' 6-max Seat #4 is the button
Seat 1: banita51 ($203.33 in chips)
Seat 4: Chessnok ($163.80 in chips)
Chessnok: posts small blind $1
banita51: posts big blind $3
*** HOLE CARDS ***
Chessnok: raises $3 to $6
banita51: calls $3
*** FLOP *** [Jd Ks 5s]
banita51: checks
Chessnok: bets $3
banita51: calls $3
*** TURN *** [Jd Ks 5s] [5h]
banita51: checks
Chessnok: checks
*** RIVER *** [Jd Ks 5s 5h] [7d]
banita51: bets $6
Chessnok: folds
Uncalled bet ($6) returned to banita51
banita51 collected $17.64 from pot
*** SUMMARY ***
Total pot $18 | Rake $0.36
Board [Jd Ks 5s 5h 7d]
Seat 1: banita51 (big blind) collected ($17.64)
Seat 4: Chessnok (button) (small blind) folded on the River


PokerStars Hand #175399002822:  Hold'em Limit ($3/$6 USD) - 2017/09/09 0:57:33 ET
Table 'Eurysaces II' 6-max Seat #1 is the button
Seat 1: banita51 ($239.11 in chips)
Seat 4: Chessnok ($126.80 in chips)
banita51: posts small blind $1
Chessnok: posts big blind $3
*** HOLE CARDS ***
banita51: folds
Uncalled bet ($2) returned to Chessnok
Chessnok collected $2 from pot
Chessnok: doesn't show hand
*** SUMMARY ***
Total pot $2 | Rake $0
Seat 1: banita51 (button) (small blind) folded before Flop
Seat 4: Chessnok (big blind) collected ($2)


PokerStars Hand #175399008107:  Hold'em Limit ($3/$6 USD) - 2017/09/09 0:57:54 ET
Table 'Eurysaces II' 6-max Seat #4 is the button
Seat 1: banita51 ($234.11 in chips)
Seat 4: Chessnok ($131.80 in chips)
Chessnok: posts small blind $1
banita51: posts big blind $3
*** HOLE CARDS ***
Chessnok: raises $3 to $6
banita51: calls $3
*** FLOP *** [9d 5h Qh]
banita51: checks
Chessnok: bets $3
banita51: folds
Uncalled bet ($3) returned to Chessnok
Chessnok collected $11.76 from pot
Chessnok: doesn't show hand
*** SUMMARY ***
Total pot $12 | Rake $0.24
Board [9d 5h Qh]
Seat 1: banita51 (big blind) folded on the Flop
Seat 4: Chessnok (button) (small blind) collected ($11.76)


PokerStars Hand #175399006673:  Hold'em Limit ($3/$6 USD) - 2017/09/09 0:57:48 ET
Table 'Eurysaces II' 6-max Seat #1 is the button
Seat 1: banita51 ($235.11 in chips)
Seat 4: Chessnok ($130.80 in chips)
banita51: posts small blind $1
Chessnok: posts big blind $3
*** HOLE CARDS ***
banita51: folds
Uncalled bet ($2) returned to Chessnok
Chessnok collected $2 from pot
Chessnok: doesn't show hand
*** SUMMARY ***
Total pot $2 | Rake $0
Seat 1: banita51 (button) (small blind) folded before Flop
Seat 4: Chessnok (big blind) collected ($2)


PokerStars Hand #175399004725:  Hold'em Limit ($3/$6 USD) - 2017/09/09 0:57:40 ET
Table 'Eurysaces II' 6-max Seat #4 is the button
Seat 1: banita51 ($238.11 in chips)
Seat 4: Chessnok ($127.80 in chips)
Chessnok: posts small blind $1
banita51: posts big blind $3
*** HOLE CARDS ***
Chessnok: raises $3 to $6
banita51: folds
Uncalled bet ($3) returned to Chessnok
Chessnok collected $6 from pot
Chessnok: doesn't show hand
*** SUMMARY ***
Total pot $6 | Rake $0
Seat 1: banita51 (big blind) folded before Flop
Seat 4: Chessnok (button) (small blind) collected ($6)


PokerStars Hand #175398995188:  Hold'em Limit ($3/$6 USD) - 2017/09/09 0:57:02 ET
Table 'Eurysaces II' 6-max Seat #4 is the button
Seat 1: banita51 ($230.47 in chips)
Seat 4: Chessnok ($135.80 in chips)
Chessnok: posts small blind $1
banita51: posts big blind $3
*** HOLE CARDS ***
Chessnok: raises $3 to $6
banita51: calls $3
*** FLOP *** [3c Jc Ts]
banita51: checks
Chessnok: bets $3
banita51: calls $3
*** TURN *** [3c Jc Ts] [7d]
banita51: checks
Chessnok: checks
*** RIVER *** [3c Jc Ts 7d] [Jh]
banita51: bets $6
Chessnok: folds
Uncalled bet ($6) returned to banita51
banita51 collected $17.64 from pot
*** SUMMARY ***
Total pot $18 | Rake $0.36
Board [3c Jc Ts 7d Jh]
Seat 1: banita51 (big blind) collected ($17.64)
Seat 4: Chessnok (button) (small blind) folded on the River


PokerStars Hand #175399018782:  Hold'em Limit ($3/$6 USD) - 2017/09/09 0:58:38 ET
Table 'Eurysaces II' 6-max Seat #1 is the button
Seat 1: banita51 ($239.75 in chips)
Seat 4: Chessnok ($125.56 in chips)
banita51: posts small blind $1
Chessnok: posts big blind $3
*** HOLE CARDS ***
banita51: raises $3 to $6
Chessnok: calls $3
*** FLOP *** [Kh 2s 9d]
Chessnok: checks
banita51: bets $3
Chessnok: calls $3
*** TURN *** [Kh 2s 9d] [3s]
Chessnok: checks
banita51: checks
*** RIVER *** [Kh 2s 9d 3s] [7c]
Chessnok: checks
banita51: checks
*** SHOW DOWN ***
Chessnok: shows [6s Qc] (high card King)
banita51: shows [Ah Ts] (high card Ace)
banita51 collected $17.64 from pot
*** SUMMARY ***
Total pot $18 | Rake $0.36
Board [Kh 2s 9d 3s 7c]
Seat 1: banita51 (button) (small blind) showed [Ah Ts] and won ($17.64) with high card Ace
Seat 4: Chessnok (big blind) showed [6s Qc] and lost with high card King


PokerStars Hand #175399014184:  Hold'em Limit ($3/$6 USD) - 2017/09/09 0:58:19 ET
Table 'Eurysaces II' 6-max Seat #4 is the button
Seat 1: banita51 ($231.11 in chips)
Seat 4: Chessnok ($134.56 in chips)
Chessnok: posts small blind $1
banita51: posts big blind $3
*** HOLE CARDS ***
Chessnok: raises $3 to $6
banita51: calls $3
*** FLOP *** [6d Ac 4s]
banita51: bets $3
Chessnok: calls $3
*** TURN *** [6d Ac 4s] [Ks]
banita51: bets $6
Chessnok: folds
Uncalled bet ($6) returned to banita51
banita51 collected $17.64 from pot
*** SUMMARY ***
Total pot $18 | Rake $0.36
Board [6d Ac 4s Ks]
Seat 1: banita51 (big blind) collected ($17.64)
Seat 4: Chessnok (button) (small blind) folded on the Turn


PokerStars Hand #175399011761:  Hold'em Limit ($3/$6 USD) - 2017/09/09 0:58:09 ET
Table 'Eurysaces II' 6-max Seat #1 is the button
Seat 1: banita51 ($228.11 in chips)
Seat 4: Chessnok ($137.56 in chips)
banita51: posts small blind $1
Chessnok: posts big blind $3
*** HOLE CARDS ***
banita51: raises $3 to $6
Chessnok: folds
Uncalled bet ($3) returned to banita51
banita51 collected $6 from pot
*** SUMMARY ***
Total pot $6 | Rake $0
Seat 1: banita51 (button) (small blind) collected ($6)
Seat 4: Chessnok (big blind) folded before Flop


PokerStars Hand #175399030303:  Hold'em Limit ($3/$6 USD) - 2017/09/09 0:59:24 ET
Table 'Eurysaces II' 6-max Seat #1 is the button
Seat 1: banita51 ($259.91 in chips)
Seat 4: Chessnok ($104.56 in chips)
banita51: posts small blind $1
Chessnok: posts big blind $3
*** HOLE CARDS ***
banita51: folds
Uncalled bet ($2) returned to Chessnok
Chessnok collected $2 from pot
Chessnok: doesn't show hand
*** SUMMARY ***
Total pot $2 | Rake $0
Seat 1: banita51 (button) (small blind) folded before Flop
Seat 4: Chessnok (big blind) collected ($2)


PokerStars Hand #175399024625:  Hold'em Limit ($3/$6 USD) - 2017/09/09 0:59:02 ET
Table 'Eurysaces II' 6-max Seat #4 is the button
Seat 1: banita51 ($248.39 in chips)
Seat 4: Chessnok ($116.56 in chips)
Chessnok: posts small blind $1
banita51: posts big blind $3
*** HOLE CARDS ***
Chessnok: raises $3 to $6
banita51: raises $3 to $9
Chessnok: calls $3
*** FLOP *** [3c 9s Jd]
banita51: bets $3
Chessnok: calls $3
*** TURN *** [3c 9s Jd] [3h]
banita51: bets $6
Chessnok: folds
Uncalled bet ($6) returned to banita51
banita51 collected $23.52 from pot
*** SUMMARY ***
Total pot $24 | Rake $0.48
Board [3c 9s Jd 3h]
Seat 1: banita51 (big blind) collected ($23.52)
Seat 4: Chessnok (button) (small blind) folded on the Turn


PokerStars Hand #175399032237:  Hold'em Limit ($3/$6 USD) - 2017/09/09 0:59:33 ET
Table 'Eurysaces II' 6-max Seat #4 is the button
Seat 1: banita51 ($258.91 in chips)
Seat 4: Chessnok ($105.56 in chips)
Chessnok: posts small blind $1
banita51: posts big blind $3
*** HOLE CARDS ***
Chessnok: raises $3 to $6
banita51: calls $3
*** FLOP *** [9d 6s 7h]
banita51: checks
Chessnok: bets $3
banita51: calls $3
*** TURN *** [9d 6s 7h] [7s]
banita51: checks
Chessnok: bets $6
banita51: raises $6 to $12
Chessnok: calls $6
*** RIVER *** [9d 6s 7h 7s] [Ah]
banita51: bets $6
Chessnok: folds
Uncalled bet ($6) returned to banita51
banita51 collected $41.50 from pot
*** SUMMARY ***
Total pot $42 | Rake $0.50
Board [9d 6s 7h 7s Ah]
Seat 1: banita51 (big blind) collected ($41.50)
Seat 4: Chessnok (button) (small blind) folded on the River


PokerStars Hand #175399044696:  Hold'em Limit ($3/$6 USD) - 2017/09/09 1:00:23 ET
Table 'Eurysaces II' 6-max Seat #1 is the button
Seat 1: banita51 ($279.41 in chips)
Seat 4: Chessnok ($84.56 in chips)
banita51: posts small blind $1
Chessnok: posts big blind $3
*** HOLE CARDS ***
banita51: folds
Uncalled bet ($2) returned to Chessnok
Chessnok collected $2 from pot
Chessnok: doesn't show hand
*** SUMMARY ***
Total pot $2 | Rake $0
Seat 1: banita51 (button) (small blind) folded before Flop
Seat 4: Chessnok (big blind) collected ($2)


PokerStars Hand #175399050729:  Hold'em Limit ($3/$6 USD) - 2017/09/09 1:00:47 ET
Table 'Eurysaces II' 6-max Seat #4 is the button
Seat 1: banita51 ($278.41 in chips)
Seat 4: Chessnok ($85.56 in chips)
Chessnok: posts small blind $1
banita51: posts big blind $3
*** HOLE CARDS ***
Chessnok: raises $3 to $6
banita51: calls $3
*** FLOP *** [4c 9s Ac]
banita51: checks
Chessnok: bets $3
banita51: folds
Uncalled bet ($3) returned to Chessnok
Chessnok collected $11.76 from pot
Chessnok: doesn't show hand
*** SUMMARY ***
Total pot $12 | Rake $0.24
Board [4c 9s Ac]
Seat 1: banita51 (big blind) folded on the Flop
Seat 4: Chessnok (button) (small blind) collected ($11.76)


PokerStars Hand #175399064585:  Hold'em Limit ($3/$6 USD) - 2017/09/09 1:01:40 ET
Table 'Eurysaces II' 6-max Seat #4 is the button
Seat 1: banita51 ($271.41 in chips)
Seat 4: Chessnok ($92.32 in chips)
Chessnok: posts small blind $1
banita51: posts big blind $3
*** HOLE CARDS ***
Chessnok: raises $3 to $6
banita51: calls $3
*** FLOP *** [8h Kd 9s]
banita51: bets $3
Chessnok: raises $3 to $6
banita51: calls $3
*** TURN *** [8h Kd 9s] [Qs]
banita51: checks
Chessnok: bets $6
banita51: calls $6
*** RIVER *** [8h Kd 9s Qs] [7s]
banita51: checks
Chessnok: bets $6
banita51: folds
Uncalled bet ($6) returned to Chessnok
Chessnok collected $35.50 from pot
Chessnok: doesn't show hand
*** SUMMARY ***
Total pot $36 | Rake $0.50
Board [8h Kd 9s Qs 7s]
Seat 1: banita51 (big blind) folded on the River
Seat 4: Chessnok (button) (small blind) collected ($35.50)


PokerStars Hand #175399058989:  Hold'em Limit ($3/$6 USD) - 2017/09/09 1:01:18 ET
Table 'Eurysaces II' 6-max Seat #1 is the button
Seat 1: banita51 ($272.41 in chips)
Seat 4: Chessnok ($91.32 in chips)
banita51: posts small blind $1
Chessnok: posts big blind $3
*** HOLE CARDS ***
banita51: folds
Uncalled bet ($2) returned to Chessnok
Chessnok collected $2 from pot
Chessnok: doesn't show hand
*** SUMMARY ***
Total pot $2 | Rake $0
Seat 1: banita51 (button) (small blind) folded before Flop
Seat 4: Chessnok (big blind) collected ($2)


