PokerStars Hand #152501432706:  Hold'em Limit ($3/$6 USD) - 2016/04/26 21:51:22 ET
Table 'Eurydike II' 6-max Seat #3 is the button
Seat 3: manostsao ($96 in chips)
Seat 4: BuzovaPro ($72 in chips)
manostsao: posts small blind $1
BuzovaPro: posts big blind $3
*** HOLE CARDS ***
manostsao: calls $2
belik555 joins the table at seat #5
BuzovaPro: checks
*** FLOP *** [As Qs 4d]
BuzovaPro: checks
manostsao: bets $3
BuzovaPro: folds
Uncalled bet ($3) returned to manostsao
manostsao collected $5.88 from pot
manostsao: doesn't show hand
*** SUMMARY ***
Total pot $6 | Rake $0.12
Board [As Qs 4d]
Seat 3: manostsao (button) (small blind) collected ($5.88)
Seat 4: BuzovaPro (big blind) folded on the Flop


PokerStars Hand #152502401659:  Hold'em Limit ($3/$6 USD) - 2016/04/26 22:37:51 ET
Table 'Eurydike II' 6-max Seat #1 is the button
Seat 1: fsreibnitz ($58.07 in chips)
Seat 6: MissEKAmouse ($162.87 in chips)
fsreibnitz: posts small blind $1
MissEKAmouse: posts big blind $3
*** HOLE CARDS ***
fsreibnitz: folds
Uncalled bet ($2) returned to MissEKAmouse
MissEKAmouse collected $2 from pot
MissEKAmouse: doesn't show hand
*** SUMMARY ***
Total pot $2 | Rake $0
Seat 1: fsreibnitz (button) (small blind) folded before Flop
Seat 6: MissEKAmouse (big blind) collected ($2)


PokerStars Hand #152502403579:  Hold'em Limit ($3/$6 USD) - 2016/04/26 22:37:57 ET
Table 'Eurydike II' 6-max Seat #6 is the button
Seat 1: fsreibnitz ($57.07 in chips)
Seat 6: MissEKAmouse ($163.87 in chips)
graxa66 leaves the table
MissEKAmouse: posts small blind $1
fsreibnitz: posts big blind $3
*** HOLE CARDS ***
MissEKAmouse: raises $3 to $6
fsreibnitz: raises $3 to $9
MissEKAmouse: calls $3
*** FLOP *** [Qd 5h 9c]
fsreibnitz: bets $3
MissEKAmouse: calls $3
*** TURN *** [Qd 5h 9c] [4h]
fsreibnitz: bets $6
MissEKAmouse: raises $6 to $12
fsreibnitz: calls $6
*** RIVER *** [Qd 5h 9c 4h] [Ac]
fsreibnitz: bets $6
MissEKAmouse: calls $6
*** SHOW DOWN ***
fsreibnitz: shows [Ks Kh] (a pair of Kings)
MissEKAmouse: shows [5s 4s] (two pair, Fives and Fours)
MissEKAmouse collected $59.50 from pot
*** SUMMARY ***
Total pot $60 | Rake $0.50
Board [Qd 5h 9c 4h Ac]
Seat 1: fsreibnitz (big blind) showed [Ks Kh] and lost with a pair of Kings
Seat 6: MissEKAmouse (button) (small blind) showed [5s 4s] and won ($59.50) with two pair, Fives and Fours


PokerStars Hand #152502415072:  Hold'em Limit ($3/$6 USD) - 2016/04/26 22:38:32 ET
Table 'Eurydike II' 6-max Seat #6 is the button
Seat 1: fsreibnitz ($30.07 in chips)
Seat 6: MissEKAmouse ($190.37 in chips)
MissEKAmouse: posts small blind $1
fsreibnitz: posts big blind $3
*** HOLE CARDS ***
MissEKAmouse: raises $3 to $6
fsreibnitz: raises $3 to $9
MissEKAmouse: calls $3
*** FLOP *** [8s Ts Tc]
fsreibnitz: bets $3
MissEKAmouse: raises $3 to $6
fsreibnitz: raises $3 to $9
MissEKAmouse: calls $3
*** TURN *** [8s Ts Tc] [3d]
fsreibnitz: bets $6
MissEKAmouse: raises $6 to $12
fsreibnitz: raises $0.07 to $12.07 and is all-in
MissEKAmouse: calls $0.07
*** RIVER *** [8s Ts Tc 3d] [2s]
*** SHOW DOWN ***
fsreibnitz: shows [Kd 8d] (two pair, Tens and Eights)
MissEKAmouse: shows [Td Qc] (three of a kind, Tens)
MissEKAmouse collected $59.64 from pot
*** SUMMARY ***
Total pot $60.14 | Rake $0.50
Board [8s Ts Tc 3d 2s]
Seat 1: fsreibnitz (big blind) showed [Kd 8d] and lost with two pair, Tens and Eights
Seat 6: MissEKAmouse (button) (small blind) showed [Td Qc] and won ($59.64) with three of a kind, Tens


PokerStars Hand #152502412062:  Hold'em Limit ($3/$6 USD) - 2016/04/26 22:38:23 ET
Table 'Eurydike II' 6-max Seat #1 is the button
Seat 1: fsreibnitz ($27.07 in chips)
Seat 6: MissEKAmouse ($193.37 in chips)
fsreibnitz: posts small blind $1
MissEKAmouse: posts big blind $3
*** HOLE CARDS ***
fsreibnitz: raises $3 to $6
MissEKAmouse: folds
Uncalled bet ($3) returned to fsreibnitz
fsreibnitz collected $6 from pot
*** SUMMARY ***
Total pot $6 | Rake $0
Seat 1: fsreibnitz (button) (small blind) collected ($6)
Seat 6: MissEKAmouse (big blind) folded before Flop


