PokerStars Hand #164990340968:  Hold'em Limit ($3/$6 USD) - 2017/01/22 11:21:07 ET
Table 'Eurydome II' 6-max Seat #4 is the button
Seat 3: Krazy90 ($120 in chips)
Seat 4: AzureCaper ($72 in chips)
AzureCaper: posts small blind $1
kolaz03: is sitting out
Krazy90: posts big blind $3
*** HOLE CARDS ***
Nathan D.H. joins the table at seat #6
kolaz03 leaves the table
AzureCaper: raises $3 to $6
Krazy90: calls $3
*** FLOP *** [Kc 5c Ad]
kolaz03 joins the table at seat #1
Krazy90: checks
AzureCaper: bets $3
Krazy90: folds
Uncalled bet ($3) returned to AzureCaper
AzureCaper collected $11.76 from pot
AzureCaper: doesn't show hand
*** SUMMARY ***
Total pot $12 | Rake $0.24
Board [Kc 5c Ad]
Seat 3: Krazy90 (big blind) folded on the Flop
Seat 4: AzureCaper (button) (small blind) collected ($11.76)


PokerStars Hand #164993906843:  Hold'em Limit ($3/$6 USD) - 2017/01/22 12:24:59 ET
Table 'Eurydome II' 6-max Seat #5 is the button
Seat 5: yves_yve ($140.28 in chips)
Seat 6: Krazy90 ($120 in chips)
yves_yve: posts small blind $1
Krazy90: posts big blind $3
*** HOLE CARDS ***
yves_yve: calls $2
Krazy90: checks
*** FLOP *** [5s Ac 7s]
Krazy90: checks
yves_yve: bets $3
Krazy90: raises $3 to $6
yves_yve: calls $3
*** TURN *** [5s Ac 7s] [Jc]
Krazy90: bets $6
yves_yve: calls $6
*** RIVER *** [5s Ac 7s Jc] [6c]
Krazy90: bets $6
yves_yve: raises $6 to $12
Krazy90: calls $6
*** SHOW DOWN ***
yves_yve: shows [7c 3c] (a flush, Ace high)
Krazy90: mucks hand
yves_yve collected $53.50 from pot
*** SUMMARY ***
Total pot $54 | Rake $0.50
Board [5s Ac 7s Jc 6c]
Seat 5: yves_yve (button) (small blind) showed [7c 3c] and won ($53.50) with a flush, Ace high
Seat 6: Krazy90 (big blind) mucked


PokerStars Hand #164993953403:  Hold'em Limit ($3/$6 USD) - 2017/01/22 12:25:47 ET
Table 'Eurydome II' 6-max Seat #6 is the button
Seat 5: yves_yve ($166.78 in chips)
Seat 6: Krazy90 ($120 in chips)
Krazy90: posts small blind $1
yves_yve: posts big blind $3
*** HOLE CARDS ***
Krazy90: raises $3 to $6
yves_yve: calls $3
*** FLOP *** [Kh 3c 9c]
yves_yve: checks
Krazy90: bets $3
yves_yve: folds
Uncalled bet ($3) returned to Krazy90
Krazy90 collected $11.76 from pot
Krazy90: doesn't show hand
*** SUMMARY ***
Total pot $12 | Rake $0.24
Board [Kh 3c 9c]
Seat 5: yves_yve (big blind) folded on the Flop
Seat 6: Krazy90 (button) (small blind) collected ($11.76)


PokerStars Hand #164993984977:  Hold'em Limit ($3/$6 USD) - 2017/01/22 12:26:20 ET
Table 'Eurydome II' 6-max Seat #5 is the button
Seat 5: yves_yve ($160.78 in chips)
Seat 6: Krazy90 ($125.76 in chips)
yves_yve: posts small blind $1
Krazy90: posts big blind $3
*** HOLE CARDS ***
yves_yve: calls $2
Krazy90: checks
*** FLOP *** [Ts 6h 2s]
Krazy90: checks
yves_yve: checks
*** TURN *** [Ts 6h 2s] [Jh]
Krazy90: checks
yves_yve: checks
*** RIVER *** [Ts 6h 2s Jh] [4d]
Krazy90: checks
yves_yve: bets $6
Krazy90: folds
Uncalled bet ($6) returned to yves_yve
yves_yve collected $5.88 from pot
yves_yve: doesn't show hand
*** SUMMARY ***
Total pot $6 | Rake $0.12
Board [Ts 6h 2s Jh 4d]
Seat 5: yves_yve (button) (small blind) collected ($5.88)
Seat 6: Krazy90 (big blind) folded on the River


PokerStars Hand #164996421347:  Hold'em Limit ($3/$6 USD) - 2017/01/22 13:07:35 ET
Table 'Eurydome II' 6-max Seat #6 is the button
Seat 3: ImReady..RU? ($68.65 in chips)
Seat 6: LuckyScal ($154.47 in chips)
LuckyScal: posts small blind $1
Great_Kang: is sitting out
ImReady..RU?: posts big blind $3
*** HOLE CARDS ***
LuckyScal: folds
Uncalled bet ($2) returned to ImReady..RU?
ImReady..RU? collected $2 from pot
ImReady..RU?: doesn't show hand
*** SUMMARY ***
Total pot $2 | Rake $0
Seat 3: ImReady..RU? (big blind) collected ($2)
Seat 6: LuckyScal (button) (small blind) folded before Flop


