PokerStars Hand #146963159096:  Hold'em Limit ($3/$6 USD) - 2016/01/13 7:57:05 ET
Table 'Eurypylos III' 2-max Seat #1 is the button
Seat 1: aremom4e ($124.02 in chips)
Seat 2: -koen-2011 ($124.76 in chips)
aremom4e: posts small blind $1
-koen-2011: posts big blind $3
*** HOLE CARDS ***
aremom4e: folds
Uncalled bet ($2) returned to -koen-2011
-koen-2011 collected $2 from pot
-koen-2011: doesn't show hand
*** SUMMARY ***
Total pot $2 | Rake $0
Seat 1: aremom4e (button) (small blind) folded before Flop
Seat 2: -koen-2011 (big blind) collected ($2)


PokerStars Hand #146963156456:  Hold'em Limit ($3/$6 USD) - 2016/01/13 7:57:00 ET
Table 'Eurypylos III' 2-max Seat #2 is the button
Seat 1: aremom4e ($123.02 in chips)
Seat 2: -koen-2011 ($125.76 in chips)
-koen-2011: posts small blind $1
aremom4e: posts big blind $3
*** HOLE CARDS ***
-koen-2011: folds
Uncalled bet ($2) returned to aremom4e
aremom4e collected $2 from pot
aremom4e: doesn't show hand
*** SUMMARY ***
Total pot $2 | Rake $0
Seat 1: aremom4e (big blind) collected ($2)
Seat 2: -koen-2011 (button) (small blind) folded before Flop


PokerStars Hand #146963151314:  Hold'em Limit ($3/$6 USD) - 2016/01/13 7:56:51 ET
Table 'Eurypylos III' 2-max Seat #1 is the button
Seat 1: aremom4e ($129.02 in chips)
Seat 2: -koen-2011 ($120 in chips)
aremom4e: posts small blind $1
-koen-2011: posts big blind $3
*** HOLE CARDS ***
aremom4e: calls $2
-koen-2011: raises $3 to $6
aremom4e: calls $3
*** FLOP *** [Ah 9d 9c]
-koen-2011: bets $3
aremom4e: folds
Uncalled bet ($3) returned to -koen-2011
-koen-2011 collected $11.76 from pot
*** SUMMARY ***
Total pot $12 | Rake $0.24
Board [Ah 9d 9c]
Seat 1: aremom4e (button) (small blind) folded on the Flop
Seat 2: -koen-2011 (big blind) collected ($11.76)


PokerStars Hand #146963195088:  Hold'em Limit ($3/$6 USD) - 2016/01/13 7:58:06 ET
Table 'Eurypylos III' 2-max Seat #2 is the button
Seat 1: aremom4e ($108.02 in chips)
Seat 2: -koen-2011 ($140.16 in chips)
-koen-2011: posts small blind $1
aremom4e: posts big blind $3
*** HOLE CARDS ***
-koen-2011: folds
Uncalled bet ($2) returned to aremom4e
aremom4e collected $2 from pot
aremom4e: doesn't show hand
*** SUMMARY ***
Total pot $2 | Rake $0
Seat 1: aremom4e (big blind) collected ($2)
Seat 2: -koen-2011 (button) (small blind) folded before Flop


PokerStars Hand #146963179924:  Hold'em Limit ($3/$6 USD) - 2016/01/13 7:57:45 ET
Table 'Eurypylos III' 2-max Seat #1 is the button
Seat 1: aremom4e ($117.02 in chips)
Seat 2: -koen-2011 ($131.52 in chips)
aremom4e: posts small blind $1
-koen-2011: posts big blind $3
*** HOLE CARDS ***
aremom4e: raises $3 to $6
-koen-2011: calls $3
*** FLOP *** [Qd Js 8h]
-koen-2011: checks
aremom4e: bets $3
-koen-2011: calls $3
*** TURN *** [Qd Js 8h] [Kh]
-koen-2011: checks
aremom4e: checks
*** RIVER *** [Qd Js 8h Kh] [5d]
-koen-2011: bets $6
aremom4e: folds
Uncalled bet ($6) returned to -koen-2011
-koen-2011 collected $17.64 from pot
-koen-2011: doesn't show hand
*** SUMMARY ***
Total pot $18 | Rake $0.36
Board [Qd Js 8h Kh 5d]
Seat 1: aremom4e (button) (small blind) folded on the River
Seat 2: -koen-2011 (big blind) collected ($17.64)


PokerStars Hand #146963177148:  Hold'em Limit ($3/$6 USD) - 2016/01/13 7:57:40 ET
Table 'Eurypylos III' 2-max Seat #2 is the button
Seat 1: aremom4e ($116.02 in chips)
Seat 2: -koen-2011 ($132.52 in chips)
-koen-2011: posts small blind $1
aremom4e: posts big blind $3
*** HOLE CARDS ***
-koen-2011: folds
Uncalled bet ($2) returned to aremom4e
aremom4e collected $2 from pot
*** SUMMARY ***
Total pot $2 | Rake $0
Seat 1: aremom4e (big blind) collected ($2)
Seat 2: -koen-2011 (button) (small blind) folded before Flop


PokerStars Hand #146963174479:  Hold'em Limit ($3/$6 USD) - 2016/01/13 7:57:35 ET
Table 'Eurypylos III' 2-max Seat #1 is the button
Seat 1: aremom4e ($117.02 in chips)
Seat 2: -koen-2011 ($131.52 in chips)
aremom4e: posts small blind $1
-koen-2011: posts big blind $3
*** HOLE CARDS ***
aremom4e: folds
Uncalled bet ($2) returned to -koen-2011
-koen-2011 collected $2 from pot
-koen-2011: doesn't show hand
*** SUMMARY ***
Total pot $2 | Rake $0
Seat 1: aremom4e (button) (small blind) folded before Flop
Seat 2: -koen-2011 (big blind) collected ($2)


PokerStars Hand #146963167018:  Hold'em Limit ($3/$6 USD) - 2016/01/13 7:57:20 ET
Table 'Eurypylos III' 2-max Seat #2 is the button
Seat 1: aremom4e ($123.02 in chips)
Seat 2: -koen-2011 ($125.76 in chips)
-koen-2011: posts small blind $1
aremom4e: posts big blind $3
*** HOLE CARDS ***
-koen-2011: raises $3 to $6
aremom4e: calls $3
*** FLOP *** [4c Qs 6d]
aremom4e: checks
-koen-2011: bets $3
aremom4e: folds
Uncalled bet ($3) returned to -koen-2011
-koen-2011 collected $11.76 from pot
-koen-2011: doesn't show hand
*** SUMMARY ***
Total pot $12 | Rake $0.24
Board [4c Qs 6d]
Seat 1: aremom4e (big blind) folded on the Flop
Seat 2: -koen-2011 (button) (small blind) collected ($11.76)


PokerStars Hand #146963164654:  Hold'em Limit ($3/$6 USD) - 2016/01/13 7:57:16 ET
Table 'Eurypylos III' 2-max Seat #1 is the button
Seat 1: aremom4e ($124.02 in chips)
Seat 2: -koen-2011 ($124.76 in chips)
aremom4e: posts small blind $1
-koen-2011: posts big blind $3
*** HOLE CARDS ***
aremom4e: folds
Uncalled bet ($2) returned to -koen-2011
-koen-2011 collected $2 from pot
-koen-2011: doesn't show hand
*** SUMMARY ***
Total pot $2 | Rake $0
Seat 1: aremom4e (button) (small blind) folded before Flop
Seat 2: -koen-2011 (big blind) collected ($2)


PokerStars Hand #146963161697:  Hold'em Limit ($3/$6 USD) - 2016/01/13 7:57:10 ET
Table 'Eurypylos III' 2-max Seat #2 is the button
Seat 1: aremom4e ($123.02 in chips)
Seat 2: -koen-2011 ($125.76 in chips)
-koen-2011: posts small blind $1
aremom4e: posts big blind $3
*** HOLE CARDS ***
-koen-2011: folds
Uncalled bet ($2) returned to aremom4e
aremom4e collected $2 from pot
aremom4e: doesn't show hand
*** SUMMARY ***
Total pot $2 | Rake $0
Seat 1: aremom4e (big blind) collected ($2)
Seat 2: -koen-2011 (button) (small blind) folded before Flop


PokerStars Hand #146963232376:  Hold'em Limit ($3/$6 USD) - 2016/01/13 7:59:00 ET
Table 'Eurypylos III' 2-max Seat #1 is the button
Seat 1: aremom4e ($98.52 in chips)
Seat 2: -koen-2011 ($148.66 in chips)
aremom4e: posts small blind $1
-koen-2011: posts big blind $3
*** HOLE CARDS ***
aremom4e: folds
Uncalled bet ($2) returned to -koen-2011
-koen-2011 collected $2 from pot
-koen-2011: doesn't show hand
*** SUMMARY ***
Total pot $2 | Rake $0
Seat 1: aremom4e (button) (small blind) folded before Flop
Seat 2: -koen-2011 (big blind) collected ($2)


PokerStars Hand #146963222489:  Hold'em Limit ($3/$6 USD) - 2016/01/13 7:58:43 ET
Table 'Eurypylos III' 2-max Seat #2 is the button
Seat 1: aremom4e ($84.02 in chips)
Seat 2: -koen-2011 ($163.66 in chips)
-koen-2011: posts small blind $1
aremom4e: posts big blind $3
*** HOLE CARDS ***
-koen-2011: raises $3 to $6
aremom4e: calls $3
*** FLOP *** [4h 2d 2s]
aremom4e: checks
-koen-2011: bets $3
aremom4e: calls $3
*** TURN *** [4h 2d 2s] [Qd]
aremom4e: checks
-koen-2011: bets $6
aremom4e: calls $6
*** RIVER *** [4h 2d 2s Qd] [8h]
aremom4e: checks
-koen-2011: checks
*** SHOW DOWN ***
aremom4e: shows [Jc 4d] (two pair, Fours and Deuces)
-koen-2011: mucks hand
aremom4e collected $29.50 from pot
*** SUMMARY ***
Total pot $30 | Rake $0.50
Board [4h 2d 2s Qd 8h]
Seat 1: aremom4e (big blind) showed [Jc 4d] and won ($29.50) with two pair, Fours and Deuces
Seat 2: -koen-2011 (button) (small blind) mucked


PokerStars Hand #146963218691:  Hold'em Limit ($3/$6 USD) - 2016/01/13 7:58:37 ET
Table 'Eurypylos III' 2-max Seat #1 is the button
Seat 1: aremom4e ($85.02 in chips)
Seat 2: -koen-2011 ($162.66 in chips)
aremom4e: posts small blind $1
-koen-2011: posts big blind $3
*** HOLE CARDS ***
aremom4e: folds
Uncalled bet ($2) returned to -koen-2011
-koen-2011 collected $2 from pot
-koen-2011: doesn't show hand
*** SUMMARY ***
Total pot $2 | Rake $0
Seat 1: aremom4e (button) (small blind) folded before Flop
Seat 2: -koen-2011 (big blind) collected ($2)


PokerStars Hand #146963206004:  Hold'em Limit ($3/$6 USD) - 2016/01/13 7:58:19 ET
Table 'Eurypylos III' 2-max Seat #2 is the button
Seat 1: aremom4e ($112.02 in chips)
Seat 2: -koen-2011 ($136.16 in chips)
-koen-2011: posts small blind $1
aremom4e: posts big blind $3
*** HOLE CARDS ***
-koen-2011: raises $3 to $6
aremom4e: calls $3
*** FLOP *** [6d 4d 4s]
aremom4e: checks
-koen-2011: bets $3
aremom4e: calls $3
*** TURN *** [6d 4d 4s] [2d]
aremom4e: checks
-koen-2011: bets $6
aremom4e: raises $6 to $12
-koen-2011: calls $6
*** RIVER *** [6d 4d 4s 2d] [Qd]
aremom4e: bets $6
-koen-2011: calls $6
*** SHOW DOWN ***
aremom4e: shows [4c 3d] (a flush, Queen high)
-koen-2011: shows [7d Qs] (a flush, Queen high - Seven higher)
-koen-2011 collected $53.50 from pot
*** SUMMARY ***
Total pot $54 | Rake $0.50
Board [6d 4d 4s 2d Qd]
Seat 1: aremom4e (big blind) showed [4c 3d] and lost with a flush, Queen high
Seat 2: -koen-2011 (button) (small blind) showed [7d Qs] and won ($53.50) with a flush, Queen high


PokerStars Hand #146963197756:  Hold'em Limit ($3/$6 USD) - 2016/01/13 7:58:11 ET
Table 'Eurypylos III' 2-max Seat #1 is the button
Seat 1: aremom4e ($109.02 in chips)
Seat 2: -koen-2011 ($139.16 in chips)
aremom4e: posts small blind $1
-koen-2011: posts big blind $3
*** HOLE CARDS ***
aremom4e: raises $3 to $6
-koen-2011: folds
Uncalled bet ($3) returned to aremom4e
aremom4e collected $6 from pot
aremom4e: doesn't show hand
*** SUMMARY ***
Total pot $6 | Rake $0
Seat 1: aremom4e (button) (small blind) collected ($6)
Seat 2: -koen-2011 (big blind) folded before Flop


PokerStars Hand #146963268279:  Hold'em Limit ($3/$6 USD) - 2016/01/13 8:00:06 ET
Table 'Eurypylos III' 2-max Seat #1 is the button
Seat 1: aremom4e ($89.02 in chips)
Seat 2: -koen-2011 ($156.58 in chips)
aremom4e: posts small blind $1
-koen-2011: posts big blind $3
*** HOLE CARDS ***
aremom4e: folds
Uncalled bet ($2) returned to -koen-2011
-koen-2011 collected $2 from pot
-koen-2011: doesn't show hand
*** SUMMARY ***
Total pot $2 | Rake $0
Seat 1: aremom4e (button) (small blind) folded before Flop
Seat 2: -koen-2011 (big blind) collected ($2)


PokerStars Hand #146963265500:  Hold'em Limit ($3/$6 USD) - 2016/01/13 8:00:01 ET
Table 'Eurypylos III' 2-max Seat #2 is the button
Seat 1: aremom4e ($88.02 in chips)
Seat 2: -koen-2011 ($157.58 in chips)
-koen-2011: posts small blind $1
aremom4e: posts big blind $3
*** HOLE CARDS ***
-koen-2011: folds
Uncalled bet ($2) returned to aremom4e
aremom4e collected $2 from pot
aremom4e: doesn't show hand
*** SUMMARY ***
Total pot $2 | Rake $0
Seat 1: aremom4e (big blind) collected ($2)
Seat 2: -koen-2011 (button) (small blind) folded before Flop


PokerStars Hand #146963255750:  Hold'em Limit ($3/$6 USD) - 2016/01/13 7:59:43 ET
Table 'Eurypylos III' 2-max Seat #1 is the button
Seat 1: aremom4e ($70.52 in chips)
Seat 2: -koen-2011 ($175.58 in chips)
aremom4e: posts small blind $1
-koen-2011: posts big blind $3
*** HOLE CARDS ***
aremom4e: raises $3 to $6
-koen-2011: calls $3
*** FLOP *** [2h Kh Tc]
-koen-2011: checks
aremom4e: bets $3
-koen-2011: raises $3 to $6
aremom4e: calls $3
*** TURN *** [2h Kh Tc] [Jc]
-koen-2011: bets $6
aremom4e: calls $6
*** RIVER *** [2h Kh Tc Jc] [9h]
-koen-2011: checks
aremom4e: checks
*** SHOW DOWN ***
-koen-2011: shows [Kd 5c] (a pair of Kings)
aremom4e: shows [Kc Ks] (three of a kind, Kings)
aremom4e collected $35.50 from pot
*** SUMMARY ***
Total pot $36 | Rake $0.50
Board [2h Kh Tc Jc 9h]
Seat 1: aremom4e (button) (small blind) showed [Kc Ks] and won ($35.50) with three of a kind, Kings
Seat 2: -koen-2011 (big blind) showed [Kd 5c] and lost with a pair of Kings


PokerStars Hand #146963250890:  Hold'em Limit ($3/$6 USD) - 2016/01/13 7:59:34 ET
Table 'Eurypylos III' 2-max Seat #2 is the button
Seat 1: aremom4e ($76.52 in chips)
Seat 2: -koen-2011 ($169.82 in chips)
-koen-2011: posts small blind $1
aremom4e: posts big blind $3
*** HOLE CARDS ***
-koen-2011: raises $3 to $6
aremom4e: calls $3
*** FLOP *** [2s Jh Kc]
aremom4e: checks
-koen-2011: bets $3
aremom4e: folds
Uncalled bet ($3) returned to -koen-2011
-koen-2011 collected $11.76 from pot
-koen-2011: doesn't show hand
*** SUMMARY ***
Total pot $12 | Rake $0.24
Board [2s Jh Kc]
Seat 1: aremom4e (big blind) folded on the Flop
Seat 2: -koen-2011 (button) (small blind) collected ($11.76)


PokerStars Hand #146963244795:  Hold'em Limit ($3/$6 USD) - 2016/01/13 7:59:23 ET
Table 'Eurypylos III' 2-max Seat #1 is the button
Seat 1: aremom4e ($85.52 in chips)
Seat 2: -koen-2011 ($161.18 in chips)
aremom4e: posts small blind $1
-koen-2011: posts big blind $3
*** HOLE CARDS ***
aremom4e: raises $3 to $6
-koen-2011: raises $3 to $9
aremom4e: calls $3
*** FLOP *** [Ad 6h 4c]
-koen-2011: bets $3
aremom4e: folds
Uncalled bet ($3) returned to -koen-2011
-koen-2011 collected $17.64 from pot
-koen-2011: doesn't show hand
*** SUMMARY ***
Total pot $18 | Rake $0.36
Board [Ad 6h 4c]
Seat 1: aremom4e (button) (small blind) folded on the Flop
Seat 2: -koen-2011 (big blind) collected ($17.64)


PokerStars Hand #146963234899:  Hold'em Limit ($3/$6 USD) - 2016/01/13 7:59:05 ET
Table 'Eurypylos III' 2-max Seat #2 is the button
Seat 1: aremom4e ($97.52 in chips)
Seat 2: -koen-2011 ($149.66 in chips)
-koen-2011: posts small blind $1
aremom4e: posts big blind $3
*** HOLE CARDS ***
-koen-2011: raises $3 to $6
aremom4e: raises $3 to $9
-koen-2011: calls $3
*** FLOP *** [Js 3s 7c]
aremom4e: bets $3
-koen-2011: calls $3
*** TURN *** [Js 3s 7c] [4c]
aremom4e: checks
-koen-2011: bets $6
aremom4e: folds
Uncalled bet ($6) returned to -koen-2011
-koen-2011 collected $23.52 from pot
-koen-2011: doesn't show hand
*** SUMMARY ***
Total pot $24 | Rake $0.48
Board [Js 3s 7c 4c]
Seat 1: aremom4e (big blind) folded on the Turn
Seat 2: -koen-2011 (button) (small blind) collected ($23.52)


PokerStars Hand #146963296590:  Hold'em Limit ($3/$6 USD) - 2016/01/13 8:00:56 ET
Table 'Eurypylos III' 2-max Seat #1 is the button
Seat 1: aremom4e ($84.54 in chips)
Seat 2: -koen-2011 ($160.08 in chips)
aremom4e: posts small blind $1
-koen-2011: posts big blind $3
*** HOLE CARDS ***
aremom4e: raises $3 to $6
-koen-2011: raises $3 to $9
aremom4e: calls $3
*** FLOP *** [8d Qd Kc]
-koen-2011: bets $3
aremom4e: calls $3
*** TURN *** [8d Qd Kc] [7h]
-koen-2011: bets $6
aremom4e: calls $6
*** RIVER *** [8d Qd Kc 7h] [8s]
-koen-2011: checks
aremom4e: checks
*** SHOW DOWN ***
-koen-2011: shows [4s 4h] (two pair, Eights and Fours)
aremom4e: mucks hand
-koen-2011 collected $35.50 from pot
*** SUMMARY ***
Total pot $36 | Rake $0.50
Board [8d Qd Kc 7h 8s]
Seat 1: aremom4e (button) (small blind) mucked
Seat 2: -koen-2011 (big blind) showed [4s 4h] and won ($35.50) with two pair, Eights and Fours


PokerStars Hand #146963293694:  Hold'em Limit ($3/$6 USD) - 2016/01/13 8:00:51 ET
Table 'Eurypylos III' 2-max Seat #2 is the button
Seat 1: aremom4e ($83.54 in chips)
Seat 2: -koen-2011 ($161.08 in chips)
-koen-2011: posts small blind $1
aremom4e: posts big blind $3
*** HOLE CARDS ***
-koen-2011: folds
Uncalled bet ($2) returned to aremom4e
aremom4e collected $2 from pot
aremom4e: doesn't show hand
*** SUMMARY ***
Total pot $2 | Rake $0
Seat 1: aremom4e (big blind) collected ($2)
Seat 2: -koen-2011 (button) (small blind) folded before Flop


PokerStars Hand #146963286205:  Hold'em Limit ($3/$6 USD) - 2016/01/13 8:00:38 ET
Table 'Eurypylos III' 2-max Seat #1 is the button
Seat 1: aremom4e ($72.02 in chips)
Seat 2: -koen-2011 ($173.08 in chips)
aremom4e: posts small blind $1
-koen-2011: posts big blind $3
*** HOLE CARDS ***
aremom4e: raises $3 to $6
-koen-2011: raises $3 to $9
aremom4e: calls $3
*** FLOP *** [3s Ac 4d]
-koen-2011: bets $3
aremom4e: calls $3
*** TURN *** [3s Ac 4d] [Qc]
-koen-2011: checks
aremom4e: bets $6
-koen-2011: folds
Uncalled bet ($6) returned to aremom4e
aremom4e collected $23.52 from pot
aremom4e: doesn't show hand
*** SUMMARY ***
Total pot $24 | Rake $0.48
Board [3s Ac 4d Qc]
Seat 1: aremom4e (button) (small blind) collected ($23.52)
Seat 2: -koen-2011 (big blind) folded on the Turn


PokerStars Hand #146963283462:  Hold'em Limit ($3/$6 USD) - 2016/01/13 8:00:33 ET
Table 'Eurypylos III' 2-max Seat #2 is the button
Seat 1: aremom4e ($71.02 in chips)
Seat 2: -koen-2011 ($174.08 in chips)
-koen-2011: posts small blind $1
aremom4e: posts big blind $3
*** HOLE CARDS ***
-koen-2011: folds
Uncalled bet ($2) returned to aremom4e
aremom4e collected $2 from pot
aremom4e: doesn't show hand
*** SUMMARY ***
Total pot $2 | Rake $0
Seat 1: aremom4e (big blind) collected ($2)
Seat 2: -koen-2011 (button) (small blind) folded before Flop


PokerStars Hand #146963273983:  Hold'em Limit ($3/$6 USD) - 2016/01/13 8:00:16 ET
Table 'Eurypylos III' 2-max Seat #1 is the button
Seat 1: aremom4e ($89.02 in chips)
Seat 2: -koen-2011 ($156.58 in chips)
aremom4e: posts small blind $1
-koen-2011: posts big blind $3
*** HOLE CARDS ***
aremom4e: raises $3 to $6
-koen-2011: raises $3 to $9
aremom4e: calls $3
*** FLOP *** [7d Qd 3s]
-koen-2011: bets $3
aremom4e: calls $3
*** TURN *** [7d Qd 3s] [3h]
-koen-2011: bets $6
aremom4e: calls $6
*** RIVER *** [7d Qd 3s 3h] [Qs]
-koen-2011: bets $6
aremom4e: folds
Uncalled bet ($6) returned to -koen-2011
-koen-2011 collected $35.50 from pot
-koen-2011: doesn't show hand
*** SUMMARY ***
Total pot $36 | Rake $0.50
Board [7d Qd 3s 3h Qs]
Seat 1: aremom4e (button) (small blind) folded on the River
Seat 2: -koen-2011 (big blind) collected ($35.50)


PokerStars Hand #146963270746:  Hold'em Limit ($3/$6 USD) - 2016/01/13 8:00:11 ET
Table 'Eurypylos III' 2-max Seat #2 is the button
Seat 1: aremom4e ($88.02 in chips)
Seat 2: -koen-2011 ($157.58 in chips)
-koen-2011: posts small blind $1
aremom4e: posts big blind $3
*** HOLE CARDS ***
-koen-2011: folds
Uncalled bet ($2) returned to aremom4e
aremom4e collected $2 from pot
aremom4e: doesn't show hand
*** SUMMARY ***
Total pot $2 | Rake $0
Seat 1: aremom4e (big blind) collected ($2)
Seat 2: -koen-2011 (button) (small blind) folded before Flop


PokerStars Hand #146963331504:  Hold'em Limit ($3/$6 USD) - 2016/01/13 8:01:56 ET
Table 'Eurypylos III' 2-max Seat #1 is the button
Seat 1: aremom4e ($24.54 in chips)
Seat 2: -koen-2011 ($218.72 in chips)
aremom4e: posts small blind $1
-koen-2011: posts big blind $3
*** HOLE CARDS ***
aremom4e: raises $3 to $6
-koen-2011: folds
Uncalled bet ($3) returned to aremom4e
aremom4e collected $6 from pot
aremom4e: doesn't show hand
*** SUMMARY ***
Total pot $6 | Rake $0
Seat 1: aremom4e (button) (small blind) collected ($6)
Seat 2: -koen-2011 (big blind) folded before Flop


PokerStars Hand #146963328450:  Hold'em Limit ($3/$6 USD) - 2016/01/13 8:01:50 ET
Table 'Eurypylos III' 2-max Seat #2 is the button
Seat 1: aremom4e ($23.54 in chips)
Seat 2: -koen-2011 ($219.72 in chips)
-koen-2011: posts small blind $1
aremom4e: posts big blind $3
*** HOLE CARDS ***
-koen-2011: folds
Uncalled bet ($2) returned to aremom4e
aremom4e collected $2 from pot
aremom4e: doesn't show hand
*** SUMMARY ***
Total pot $2 | Rake $0
Seat 1: aremom4e (big blind) collected ($2)
Seat 2: -koen-2011 (button) (small blind) folded before Flop


PokerStars Hand #146963325574:  Hold'em Limit ($3/$6 USD) - 2016/01/13 8:01:46 ET
Table 'Eurypylos III' 2-max Seat #1 is the button
Seat 1: aremom4e ($24.54 in chips)
Seat 2: -koen-2011 ($218.72 in chips)
aremom4e: posts small blind $1
-koen-2011: posts big blind $3
*** HOLE CARDS ***
aremom4e: folds
Uncalled bet ($2) returned to -koen-2011
-koen-2011 collected $2 from pot
-koen-2011: doesn't show hand
*** SUMMARY ***
Total pot $2 | Rake $0
Seat 1: aremom4e (button) (small blind) folded before Flop
Seat 2: -koen-2011 (big blind) collected ($2)


PokerStars Hand #146963322370:  Hold'em Limit ($3/$6 USD) - 2016/01/13 8:01:40 ET
Table 'Eurypylos III' 2-max Seat #2 is the button
Seat 1: aremom4e ($27.54 in chips)
Seat 2: -koen-2011 ($215.72 in chips)
-koen-2011: posts small blind $1
aremom4e: posts big blind $3
*** HOLE CARDS ***
-koen-2011: raises $3 to $6
aremom4e: folds
Uncalled bet ($3) returned to -koen-2011
-koen-2011 collected $6 from pot
-koen-2011: doesn't show hand
*** SUMMARY ***
Total pot $6 | Rake $0
Seat 1: aremom4e (big blind) folded before Flop
Seat 2: -koen-2011 (button) (small blind) collected ($6)


PokerStars Hand #146963315736:  Hold'em Limit ($3/$6 USD) - 2016/01/13 8:01:29 ET
Table 'Eurypylos III' 2-max Seat #1 is the button
Seat 1: aremom4e ($36.54 in chips)
Seat 2: -koen-2011 ($207.08 in chips)
aremom4e: posts small blind $1
-koen-2011: posts big blind $3
*** HOLE CARDS ***
aremom4e: raises $3 to $6
-koen-2011: calls $3
*** FLOP *** [4s Ad Jc]
-koen-2011: checks
aremom4e: bets $3
-koen-2011: raises $3 to $6
aremom4e: folds
Uncalled bet ($3) returned to -koen-2011
-koen-2011 collected $17.64 from pot
-koen-2011: doesn't show hand
*** SUMMARY ***
Total pot $18 | Rake $0.36
Board [4s Ad Jc]
Seat 1: aremom4e (button) (small blind) folded on the Flop
Seat 2: -koen-2011 (big blind) collected ($17.64)


PokerStars Hand #146963304432:  Hold'em Limit ($3/$6 USD) - 2016/01/13 8:01:10 ET
Table 'Eurypylos III' 2-max Seat #2 is the button
Seat 1: aremom4e ($66.54 in chips)
Seat 2: -koen-2011 ($177.58 in chips)
-koen-2011: posts small blind $1
aremom4e: posts big blind $3
*** HOLE CARDS ***
-koen-2011: raises $3 to $6
aremom4e: raises $3 to $9
-koen-2011: calls $3
*** FLOP *** [3s Jd 8h]
aremom4e: bets $3
-koen-2011: calls $3
*** TURN *** [3s Jd 8h] [Th]
aremom4e: bets $6
-koen-2011: raises $6 to $12
aremom4e: calls $6
*** RIVER *** [3s Jd 8h Th] [Qd]
aremom4e: checks
-koen-2011: bets $6
aremom4e: calls $6
*** SHOW DOWN ***
-koen-2011: shows [Qs 9d] (a straight, Eight to Queen)
aremom4e: mucks hand
-koen-2011 collected $59.50 from pot
*** SUMMARY ***
Total pot $60 | Rake $0.50
Board [3s Jd 8h Th Qd]
Seat 1: aremom4e (big blind) mucked
Seat 2: -koen-2011 (button) (small blind) showed [Qs 9d] and won ($59.50) with a straight, Eight to Queen


PokerStars Hand #146963367328:  Hold'em Limit ($3/$6 USD) - 2016/01/13 8:02:54 ET
Table 'Eurypylos III' 2-max Seat #1 is the button
Seat 1: aremom4e ($34.94 in chips)
Seat 2: -koen-2011 ($207.72 in chips)
aremom4e: posts small blind $1
-koen-2011: posts big blind $3
*** HOLE CARDS ***
aremom4e: raises $3 to $6
-koen-2011: raises $3 to $9
aremom4e: calls $3
*** FLOP *** [9h Jd 8s]
-koen-2011: bets $3
aremom4e: calls $3
*** TURN *** [9h Jd 8s] [8h]
-koen-2011: bets $6
aremom4e: raises $6 to $12
-koen-2011: folds
Uncalled bet ($6) returned to aremom4e
aremom4e collected $35.50 from pot
aremom4e: doesn't show hand
*** SUMMARY ***
Total pot $36 | Rake $0.50
Board [9h Jd 8s 8h]
Seat 1: aremom4e (button) (small blind) collected ($35.50)
Seat 2: -koen-2011 (big blind) folded on the Turn


PokerStars Hand #146963364087:  Hold'em Limit ($3/$6 USD) - 2016/01/13 8:02:48 ET
Table 'Eurypylos III' 2-max Seat #2 is the button
Seat 1: aremom4e ($33.94 in chips)
Seat 2: -koen-2011 ($208.72 in chips)
-koen-2011: posts small blind $1
aremom4e: posts big blind $3
*** HOLE CARDS ***
-koen-2011: folds
Uncalled bet ($2) returned to aremom4e
aremom4e collected $2 from pot
aremom4e: doesn't show hand
*** SUMMARY ***
Total pot $2 | Rake $0
Seat 1: aremom4e (big blind) collected ($2)
Seat 2: -koen-2011 (button) (small blind) folded before Flop


PokerStars Hand #146963357393:  Hold'em Limit ($3/$6 USD) - 2016/01/13 8:02:37 ET
Table 'Eurypylos III' 2-max Seat #1 is the button
Seat 1: aremom4e ($28.18 in chips)
Seat 2: -koen-2011 ($214.72 in chips)
aremom4e: posts small blind $1
-koen-2011: posts big blind $3
*** HOLE CARDS ***
aremom4e: raises $3 to $6
-koen-2011: calls $3
*** FLOP *** [Ad 7c Qh]
-koen-2011: checks
aremom4e: bets $3
-koen-2011: folds
Uncalled bet ($3) returned to aremom4e
aremom4e collected $11.76 from pot
aremom4e: doesn't show hand
*** SUMMARY ***
Total pot $12 | Rake $0.24
Board [Ad 7c Qh]
Seat 1: aremom4e (button) (small blind) collected ($11.76)
Seat 2: -koen-2011 (big blind) folded on the Flop


PokerStars Hand #146963353785:  Hold'em Limit ($3/$6 USD) - 2016/01/13 8:02:31 ET
Table 'Eurypylos III' 2-max Seat #2 is the button
Seat 1: aremom4e ($31.18 in chips)
Seat 2: -koen-2011 ($211.72 in chips)
-koen-2011: posts small blind $1
aremom4e: posts big blind $3
*** HOLE CARDS ***
-koen-2011: raises $3 to $6
aremom4e: folds
Uncalled bet ($3) returned to -koen-2011
-koen-2011 collected $6 from pot
-koen-2011: doesn't show hand
*** SUMMARY ***
Total pot $6 | Rake $0
Seat 1: aremom4e (big blind) folded before Flop
Seat 2: -koen-2011 (button) (small blind) collected ($6)


PokerStars Hand #146963350619:  Hold'em Limit ($3/$6 USD) - 2016/01/13 8:02:27 ET
Table 'Eurypylos III' 2-max Seat #1 is the button
Seat 1: aremom4e ($32.18 in chips)
Seat 2: -koen-2011 ($210.72 in chips)
aremom4e: posts small blind $1
-koen-2011: posts big blind $3
*** HOLE CARDS ***
aremom4e: folds
Uncalled bet ($2) returned to -koen-2011
-koen-2011 collected $2 from pot
-koen-2011: doesn't show hand
*** SUMMARY ***
Total pot $2 | Rake $0
Seat 1: aremom4e (button) (small blind) folded before Flop
Seat 2: -koen-2011 (big blind) collected ($2)


PokerStars Hand #146963347306:  Hold'em Limit ($3/$6 USD) - 2016/01/13 8:02:21 ET
Table 'Eurypylos III' 2-max Seat #2 is the button
Seat 1: aremom4e ($35.18 in chips)
Seat 2: -koen-2011 ($207.72 in chips)
-koen-2011: posts small blind $1
aremom4e: posts big blind $3
*** HOLE CARDS ***
-koen-2011: raises $3 to $6
aremom4e: folds
Uncalled bet ($3) returned to -koen-2011
-koen-2011 collected $6 from pot
-koen-2011: doesn't show hand
*** SUMMARY ***
Total pot $6 | Rake $0
Seat 1: aremom4e (big blind) folded before Flop
Seat 2: -koen-2011 (button) (small blind) collected ($6)


PokerStars Hand #146963344315:  Hold'em Limit ($3/$6 USD) - 2016/01/13 8:02:16 ET
Table 'Eurypylos III' 2-max Seat #1 is the button
Seat 1: aremom4e ($36.18 in chips)
Seat 2: -koen-2011 ($206.72 in chips)
aremom4e: posts small blind $1
-koen-2011: posts big blind $3
*** HOLE CARDS ***
aremom4e: folds
Uncalled bet ($2) returned to -koen-2011
-koen-2011 collected $2 from pot
-koen-2011: doesn't show hand
*** SUMMARY ***
Total pot $2 | Rake $0
Seat 1: aremom4e (button) (small blind) folded before Flop
Seat 2: -koen-2011 (big blind) collected ($2)


PokerStars Hand #146963335621:  Hold'em Limit ($3/$6 USD) - 2016/01/13 8:02:02 ET
Table 'Eurypylos III' 2-max Seat #2 is the button
Seat 1: aremom4e ($27.54 in chips)
Seat 2: -koen-2011 ($215.72 in chips)
-koen-2011: posts small blind $1
aremom4e: posts big blind $3
*** HOLE CARDS ***
-koen-2011: raises $3 to $6
aremom4e: calls $3
*** FLOP *** [7h 6h 6d]
aremom4e: checks
-koen-2011: bets $3
aremom4e: calls $3
*** TURN *** [7h 6h 6d] [3c]
aremom4e: checks
-koen-2011: checks
*** RIVER *** [7h 6h 6d 3c] [Td]
aremom4e: bets $6
-koen-2011: folds
Uncalled bet ($6) returned to aremom4e
aremom4e collected $17.64 from pot
aremom4e: doesn't show hand
*** SUMMARY ***
Total pot $18 | Rake $0.36
Board [7h 6h 6d 3c Td]
Seat 1: aremom4e (big blind) collected ($17.64)
Seat 2: -koen-2011 (button) (small blind) folded on the River


PokerStars Hand #146963409048:  Hold'em Limit ($3/$6 USD) - 2016/01/13 8:04:01 ET
Table 'Eurypylos III' 2-max Seat #1 is the button
Seat 1: aremom4e ($42.94 in chips)
Seat 2: -koen-2011 ($197.74 in chips)
aremom4e: posts small blind $1
-koen-2011: posts big blind $3
*** HOLE CARDS ***
aremom4e: raises $3 to $6
-koen-2011: folds
Uncalled bet ($3) returned to aremom4e
aremom4e collected $6 from pot
aremom4e: doesn't show hand
*** SUMMARY ***
Total pot $6 | Rake $0
Seat 1: aremom4e (button) (small blind) collected ($6)
Seat 2: -koen-2011 (big blind) folded before Flop


PokerStars Hand #146963403804:  Hold'em Limit ($3/$6 USD) - 2016/01/13 8:03:53 ET
Table 'Eurypylos III' 2-max Seat #2 is the button
Seat 1: aremom4e ($48.94 in chips)
Seat 2: -koen-2011 ($191.98 in chips)
-koen-2011: posts small blind $1
aremom4e: posts big blind $3
*** HOLE CARDS ***
-koen-2011: raises $3 to $6
aremom4e: calls $3
*** FLOP *** [Tc 4h Js]
aremom4e: checks
-koen-2011: bets $3
aremom4e: folds
Uncalled bet ($3) returned to -koen-2011
-koen-2011 collected $11.76 from pot
-koen-2011: doesn't show hand
*** SUMMARY ***
Total pot $12 | Rake $0.24
Board [Tc 4h Js]
Seat 1: aremom4e (big blind) folded on the Flop
Seat 2: -koen-2011 (button) (small blind) collected ($11.76)


PokerStars Hand #146963394009:  Hold'em Limit ($3/$6 USD) - 2016/01/13 8:03:37 ET
Table 'Eurypylos III' 2-max Seat #1 is the button
Seat 1: aremom4e ($66.94 in chips)
Seat 2: -koen-2011 ($174.48 in chips)
aremom4e: posts small blind $1
-koen-2011: posts big blind $3
*** HOLE CARDS ***
aremom4e: raises $3 to $6
-koen-2011: raises $3 to $9
aremom4e: calls $3
*** FLOP *** [6h 4d Qc]
-koen-2011: bets $3
aremom4e: calls $3
*** TURN *** [6h 4d Qc] [Js]
-koen-2011: checks
aremom4e: bets $6
-koen-2011: calls $6
*** RIVER *** [6h 4d Qc Js] [2h]
-koen-2011: checks
aremom4e: checks
*** SHOW DOWN ***
-koen-2011: shows [9h 9s] (a pair of Nines)
aremom4e: mucks hand
-koen-2011 collected $35.50 from pot
*** SUMMARY ***
Total pot $36 | Rake $0.50
Board [6h 4d Qc Js 2h]
Seat 1: aremom4e (button) (small blind) mucked
Seat 2: -koen-2011 (big blind) showed [9h 9s] and won ($35.50) with a pair of Nines


PokerStars Hand #146963388588:  Hold'em Limit ($3/$6 USD) - 2016/01/13 8:03:28 ET
Table 'Eurypylos III' 2-max Seat #2 is the button
Seat 1: aremom4e ($72.94 in chips)
Seat 2: -koen-2011 ($168.72 in chips)
-koen-2011: posts small blind $1
aremom4e: posts big blind $3
*** HOLE CARDS ***
-koen-2011: raises $3 to $6
aremom4e: calls $3
*** FLOP *** [9s 8h Kh]
aremom4e: checks
-koen-2011: bets $3
aremom4e: folds
Uncalled bet ($3) returned to -koen-2011
-koen-2011 collected $11.76 from pot
-koen-2011: doesn't show hand
*** SUMMARY ***
Total pot $12 | Rake $0.24
Board [9s 8h Kh]
Seat 1: aremom4e (big blind) folded on the Flop
Seat 2: -koen-2011 (button) (small blind) collected ($11.76)


PokerStars Hand #146963384929:  Hold'em Limit ($3/$6 USD) - 2016/01/13 8:03:22 ET
Table 'Eurypylos III' 2-max Seat #1 is the button
Seat 1: aremom4e ($69.94 in chips)
Seat 2: -koen-2011 ($171.72 in chips)
aremom4e: posts small blind $1
-koen-2011: posts big blind $3
*** HOLE CARDS ***
aremom4e: raises $3 to $6
-koen-2011: folds
Uncalled bet ($3) returned to aremom4e
aremom4e collected $6 from pot
aremom4e: doesn't show hand
*** SUMMARY ***
Total pot $6 | Rake $0
Seat 1: aremom4e (button) (small blind) collected ($6)
Seat 2: -koen-2011 (big blind) folded before Flop


PokerStars Hand #146963374815:  Hold'em Limit ($3/$6 USD) - 2016/01/13 8:03:06 ET
Table 'Eurypylos III' 2-max Seat #2 is the button
Seat 1: aremom4e ($52.44 in chips)
Seat 2: -koen-2011 ($189.72 in chips)
-koen-2011: posts small blind $1
aremom4e: posts big blind $3
*** HOLE CARDS ***
-koen-2011: raises $3 to $6
aremom4e: calls $3
*** FLOP *** [9d 7c 3d]
aremom4e: checks
-koen-2011: bets $3
aremom4e: raises $3 to $6
-koen-2011: calls $3
*** TURN *** [9d 7c 3d] [2s]
aremom4e: bets $6
-koen-2011: calls $6
*** RIVER *** [9d 7c 3d 2s] [8d]
aremom4e: checks
-koen-2011: checks
*** SHOW DOWN ***
aremom4e: shows [5d 7h] (a pair of Sevens)
-koen-2011: mucks hand
aremom4e collected $35.50 from pot
*** SUMMARY ***
Total pot $36 | Rake $0.50
Board [9d 7c 3d 2s 8d]
Seat 1: aremom4e (big blind) showed [5d 7h] and won ($35.50) with a pair of Sevens
Seat 2: -koen-2011 (button) (small blind) mucked


PokerStars Hand #146963436095:  Hold'em Limit ($3/$6 USD) - 2016/01/13 8:04:45 ET
Table 'Eurypylos III' 2-max Seat #1 is the button
Seat 1: aremom4e ($45.44 in chips)
Seat 2: -koen-2011 ($194.14 in chips)
aremom4e: posts small blind $1
-koen-2011: posts big blind $3
*** HOLE CARDS ***
aremom4e: raises $3 to $6
-koen-2011: raises $3 to $9
aremom4e: calls $3
*** FLOP *** [Ad Qh Kh]
-koen-2011: bets $3
aremom4e: calls $3
*** TURN *** [Ad Qh Kh] [3h]
-koen-2011: bets $6
aremom4e: folds
Uncalled bet ($6) returned to -koen-2011
-koen-2011 collected $23.52 from pot
-koen-2011: doesn't show hand
*** SUMMARY ***
Total pot $24 | Rake $0.48
Board [Ad Qh Kh 3h]
Seat 1: aremom4e (button) (small blind) folded on the Turn
Seat 2: -koen-2011 (big blind) collected ($23.52)


PokerStars Hand #146963427986:  Hold'em Limit ($3/$6 USD) - 2016/01/13 8:04:32 ET
Table 'Eurypylos III' 2-max Seat #2 is the button
Seat 1: aremom4e ($54.44 in chips)
Seat 2: -koen-2011 ($185.50 in chips)
-koen-2011: posts small blind $1
aremom4e: posts big blind $3
*** HOLE CARDS ***
-koen-2011: raises $3 to $6
aremom4e: calls $3
*** FLOP *** [3c 3s Jh]
aremom4e: checks
-koen-2011: bets $3
aremom4e: calls $3
*** TURN *** [3c 3s Jh] [7c]
aremom4e: checks
-koen-2011: bets $6
aremom4e: folds
Uncalled bet ($6) returned to -koen-2011
-koen-2011 collected $17.64 from pot
-koen-2011: doesn't show hand
*** SUMMARY ***
Total pot $18 | Rake $0.36
Board [3c 3s Jh 7c]
Seat 1: aremom4e (big blind) folded on the Turn
Seat 2: -koen-2011 (button) (small blind) collected ($17.64)


PokerStars Hand #146963417642:  Hold'em Limit ($3/$6 USD) - 2016/01/13 8:04:15 ET
Table 'Eurypylos III' 2-max Seat #1 is the button
Seat 1: aremom4e ($39.94 in chips)
Seat 2: -koen-2011 ($200.50 in chips)
aremom4e: posts small blind $1
-koen-2011: posts big blind $3
*** HOLE CARDS ***
aremom4e: raises $3 to $6
-koen-2011: calls $3
*** FLOP *** [Kd As 3d]
-koen-2011: checks
aremom4e: bets $3
-koen-2011: calls $3
*** TURN *** [Kd As 3d] [Qh]
-koen-2011: checks
aremom4e: checks
*** RIVER *** [Kd As 3d Qh] [4c]
-koen-2011: checks
aremom4e: bets $6
-koen-2011: calls $6
*** SHOW DOWN ***
aremom4e: shows [4h Ad] (two pair, Aces and Fours)
-koen-2011: mucks hand
aremom4e collected $29.50 from pot
*** SUMMARY ***
Total pot $30 | Rake $0.50
Board [Kd As 3d Qh 4c]
Seat 1: aremom4e (button) (small blind) showed [4h Ad] and won ($29.50) with two pair, Aces and Fours
Seat 2: -koen-2011 (big blind) mucked


PokerStars Hand #146963412564:  Hold'em Limit ($3/$6 USD) - 2016/01/13 8:04:07 ET
Table 'Eurypylos III' 2-max Seat #2 is the button
Seat 1: aremom4e ($45.94 in chips)
Seat 2: -koen-2011 ($194.74 in chips)
-koen-2011: posts small blind $1
aremom4e: posts big blind $3
*** HOLE CARDS ***
-koen-2011: raises $3 to $6
aremom4e: calls $3
*** FLOP *** [5h Qh 5s]
aremom4e: checks
-koen-2011: bets $3
aremom4e: folds
Uncalled bet ($3) returned to -koen-2011
-koen-2011 collected $11.76 from pot
-koen-2011: doesn't show hand
*** SUMMARY ***
Total pot $12 | Rake $0.24
Board [5h Qh 5s]
Seat 1: aremom4e (big blind) folded on the Flop
Seat 2: -koen-2011 (button) (small blind) collected ($11.76)


PokerStars Hand #146963478664:  Hold'em Limit ($3/$6 USD) - 2016/01/13 8:05:53 ET
Table 'Eurypylos III' 2-max Seat #1 is the button
Seat 1: aremom4e ($24.94 in chips)
Seat 2: -koen-2011 ($212.56 in chips)
aremom4e: posts small blind $1
-koen-2011: posts big blind $3
*** HOLE CARDS ***
aremom4e: raises $3 to $6
-koen-2011: folds
Uncalled bet ($3) returned to aremom4e
aremom4e collected $6 from pot
aremom4e: doesn't show hand
*** SUMMARY ***
Total pot $6 | Rake $0
Seat 1: aremom4e (button) (small blind) collected ($6)
Seat 2: -koen-2011 (big blind) folded before Flop


PokerStars Hand #146963475513:  Hold'em Limit ($3/$6 USD) - 2016/01/13 8:05:48 ET
Table 'Eurypylos III' 2-max Seat #2 is the button
Seat 1: aremom4e ($23.94 in chips)
Seat 2: -koen-2011 ($213.56 in chips)
-koen-2011: posts small blind $1
aremom4e: posts big blind $3
*** HOLE CARDS ***
-koen-2011: folds
Uncalled bet ($2) returned to aremom4e
aremom4e collected $2 from pot
aremom4e: doesn't show hand
*** SUMMARY ***
Total pot $2 | Rake $0
Seat 1: aremom4e (big blind) collected ($2)
Seat 2: -koen-2011 (button) (small blind) folded before Flop


PokerStars Hand #146963469392:  Hold'em Limit ($3/$6 USD) - 2016/01/13 8:05:38 ET
Table 'Eurypylos III' 2-max Seat #1 is the button
Seat 1: aremom4e ($32.94 in chips)
Seat 2: -koen-2011 ($204.92 in chips)
aremom4e: posts small blind $1
-koen-2011: posts big blind $3
*** HOLE CARDS ***
aremom4e: raises $3 to $6
-koen-2011: raises $3 to $9
aremom4e: calls $3
*** FLOP *** [Jd 3c Jc]
-koen-2011: bets $3
aremom4e: folds
Uncalled bet ($3) returned to -koen-2011
-koen-2011 collected $17.64 from pot
-koen-2011: doesn't show hand
*** SUMMARY ***
Total pot $18 | Rake $0.36
Board [Jd 3c Jc]
Seat 1: aremom4e (button) (small blind) folded on the Flop
Seat 2: -koen-2011 (big blind) collected ($17.64)


PokerStars Hand #146963463806:  Hold'em Limit ($3/$6 USD) - 2016/01/13 8:05:29 ET
Table 'Eurypylos III' 2-max Seat #2 is the button
Seat 1: aremom4e ($38.94 in chips)
Seat 2: -koen-2011 ($199.16 in chips)
-koen-2011: posts small blind $1
aremom4e: posts big blind $3
*** HOLE CARDS ***
-koen-2011: raises $3 to $6
aremom4e: calls $3
*** FLOP *** [8c 7d 6s]
aremom4e: checks
-koen-2011: bets $3
aremom4e: folds
Uncalled bet ($3) returned to -koen-2011
-koen-2011 collected $11.76 from pot
-koen-2011: doesn't show hand
*** SUMMARY ***
Total pot $12 | Rake $0.24
Board [8c 7d 6s]
Seat 1: aremom4e (big blind) folded on the Flop
Seat 2: -koen-2011 (button) (small blind) collected ($11.76)


PokerStars Hand #146963454796:  Hold'em Limit ($3/$6 USD) - 2016/01/13 8:05:14 ET
Table 'Eurypylos III' 2-max Seat #1 is the button
Seat 1: aremom4e ($56.94 in chips)
Seat 2: -koen-2011 ($181.66 in chips)
aremom4e: posts small blind $1
-koen-2011: posts big blind $3
*** HOLE CARDS ***
aremom4e: raises $3 to $6
-koen-2011: raises $3 to $9
aremom4e: calls $3
*** FLOP *** [Kh 2c Tc]
-koen-2011: bets $3
aremom4e: calls $3
*** TURN *** [Kh 2c Tc] [5h]
-koen-2011: bets $6
aremom4e: calls $6
*** RIVER *** [Kh 2c Tc 5h] [7h]
-koen-2011: checks
aremom4e: checks
*** SHOW DOWN ***
-koen-2011: shows [3d As] (high card Ace)
aremom4e: mucks hand
-koen-2011 collected $35.50 from pot
*** SUMMARY ***
Total pot $36 | Rake $0.50
Board [Kh 2c Tc 5h 7h]
Seat 1: aremom4e (button) (small blind) mucked
Seat 2: -koen-2011 (big blind) showed [3d As] and won ($35.50) with high card Ace


PokerStars Hand #146963443438:  Hold'em Limit ($3/$6 USD) - 2016/01/13 8:04:56 ET
Table 'Eurypylos III' 2-max Seat #2 is the button
Seat 1: aremom4e ($33.44 in chips)
Seat 2: -koen-2011 ($205.66 in chips)
-koen-2011: posts small blind $1
aremom4e: posts big blind $3
*** HOLE CARDS ***
-koen-2011: raises $3 to $6
aremom4e: raises $3 to $9
-koen-2011: calls $3
*** FLOP *** [Qh Jc Ac]
aremom4e: bets $3
-koen-2011: calls $3
*** TURN *** [Qh Jc Ac] [Jh]
aremom4e: bets $6
-koen-2011: raises $6 to $12
aremom4e: calls $6
*** RIVER *** [Qh Jc Ac Jh] [Th]
aremom4e: checks
-koen-2011: checks
*** SHOW DOWN ***
aremom4e: shows [Ks Js] (a straight, Ten to Ace)
-koen-2011: mucks hand
aremom4e collected $47.50 from pot
*** SUMMARY ***
Total pot $48 | Rake $0.50
Board [Qh Jc Ac Jh Th]
Seat 1: aremom4e (big blind) showed [Ks Js] and won ($47.50) with a straight, Ten to Ace
Seat 2: -koen-2011 (button) (small blind) mucked


PokerStars Hand #146963515581:  Hold'em Limit ($3/$6 USD) - 2016/01/13 8:06:52 ET
Table 'Eurypylos III' 2-max Seat #1 is the button
Seat 1: aremom4e ($42.38 in chips)
Seat 2: -koen-2011 ($194.26 in chips)
aremom4e: posts small blind $1
-koen-2011: posts big blind $3
*** HOLE CARDS ***
aremom4e: raises $3 to $6
-koen-2011: raises $3 to $9
aremom4e: calls $3
*** FLOP *** [3c 3h 7s]
-koen-2011: bets $3
aremom4e: calls $3
*** TURN *** [3c 3h 7s] [6d]
-koen-2011: bets $6
aremom4e: raises $6 to $12
-koen-2011: calls $6
*** RIVER *** [3c 3h 7s 6d] [8c]
-koen-2011: checks
aremom4e: bets $6
-koen-2011: folds
Uncalled bet ($6) returned to aremom4e
aremom4e collected $47.50 from pot
aremom4e: doesn't show hand
*** SUMMARY ***
Total pot $48 | Rake $0.50
Board [3c 3h 7s 6d 8c]
Seat 1: aremom4e (button) (small blind) collected ($47.50)
Seat 2: -koen-2011 (big blind) folded on the River


PokerStars Hand #146963512537:  Hold'em Limit ($3/$6 USD) - 2016/01/13 8:06:47 ET
Table 'Eurypylos III' 2-max Seat #2 is the button
Seat 1: aremom4e ($41.38 in chips)
Seat 2: -koen-2011 ($195.26 in chips)
-koen-2011: posts small blind $1
aremom4e: posts big blind $3
*** HOLE CARDS ***
-koen-2011: folds
Uncalled bet ($2) returned to aremom4e
aremom4e collected $2 from pot
aremom4e: doesn't show hand
*** SUMMARY ***
Total pot $2 | Rake $0
Seat 1: aremom4e (big blind) collected ($2)
Seat 2: -koen-2011 (button) (small blind) folded before Flop


PokerStars Hand #146963508588:  Hold'em Limit ($3/$6 USD) - 2016/01/13 8:06:41 ET
Table 'Eurypylos III' 2-max Seat #1 is the button
Seat 1: aremom4e ($38.38 in chips)
Seat 2: -koen-2011 ($198.26 in chips)
aremom4e: posts small blind $1
-koen-2011: posts big blind $3
*** HOLE CARDS ***
aremom4e: raises $3 to $6
-koen-2011: folds
Uncalled bet ($3) returned to aremom4e
aremom4e collected $6 from pot
aremom4e: doesn't show hand
*** SUMMARY ***
Total pot $6 | Rake $0
Seat 1: aremom4e (button) (small blind) collected ($6)
Seat 2: -koen-2011 (big blind) folded before Flop


PokerStars Hand #146963483250:  Hold'em Limit ($3/$6 USD) - 2016/01/13 8:06:00 ET
Table 'Eurypylos III' 2-max Seat #2 is the button
Seat 1: aremom4e ($27.94 in chips)
Seat 2: -koen-2011 ($209.56 in chips)
-koen-2011: posts small blind $1
aremom4e: posts big blind $3
*** HOLE CARDS ***
-koen-2011: raises $3 to $6
aremom4e: calls $3
*** FLOP *** [8d 6d Th]
aremom4e: checks
-koen-2011: bets $3
aremom4e: calls $3
*** TURN *** [8d 6d Th] [2s]
aremom4e: checks
-koen-2011: checks
*** RIVER *** [8d 6d Th 2s] [Ah]
aremom4e: checks
-koen-2011: checks
*** SHOW DOWN ***
aremom4e: shows [Kd 4s] (high card Ace)
-koen-2011: shows [Kh 7h] (high card Ace - King+Ten+Eight+Seven kicker)
-koen-2011 collected $17.64 from pot
*** SUMMARY ***
Total pot $18 | Rake $0.36
Board [8d 6d Th 2s Ah]
Seat 1: aremom4e (big blind) showed [Kd 4s] and lost with high card Ace
Seat 2: -koen-2011 (button) (small blind) showed [Kh 7h] and won ($17.64) with high card Ace


PokerStars Hand #146963505501:  Hold'em Limit ($3/$6 USD) - 2016/01/13 8:06:36 ET
Table 'Eurypylos III' 2-max Seat #2 is the button
Seat 1: aremom4e ($37.38 in chips)
Seat 2: -koen-2011 ($199.26 in chips)
-koen-2011: posts small blind $1
aremom4e: posts big blind $3
*** HOLE CARDS ***
-koen-2011: folds
Uncalled bet ($2) returned to aremom4e
aremom4e collected $2 from pot
aremom4e: doesn't show hand
*** SUMMARY ***
Total pot $2 | Rake $0
Seat 1: aremom4e (big blind) collected ($2)
Seat 2: -koen-2011 (button) (small blind) folded before Flop


PokerStars Hand #146963492311:  Hold'em Limit ($3/$6 USD) - 2016/01/13 8:06:15 ET
Table 'Eurypylos III' 2-max Seat #1 is the button
Seat 1: aremom4e ($18.94 in chips)
Seat 2: -koen-2011 ($218.20 in chips)
aremom4e: posts small blind $1
-koen-2011: posts big blind $3
*** HOLE CARDS ***
aremom4e: raises $3 to $6
-koen-2011: calls $3
*** FLOP *** [2h 9s 8d]
-koen-2011: checks
aremom4e: checks
*** TURN *** [2h 9s 8d] [5d]
-koen-2011: bets $6
aremom4e: calls $6
*** RIVER *** [2h 9s 8d 5d] [6h]
-koen-2011: bets $6
aremom4e: raises $0.94 to $6.94 and is all-in
-koen-2011: calls $0.94
*** SHOW DOWN ***
aremom4e: shows [7d Ad] (a straight, Five to Nine)
-koen-2011: shows [Kd 2d] (a pair of Deuces)
aremom4e collected $37.38 from pot
*** SUMMARY ***
Total pot $37.88 | Rake $0.50
Board [2h 9s 8d 5d 6h]
Seat 1: aremom4e (button) (small blind) showed [7d Ad] and won ($37.38) with a straight, Five to Nine
Seat 2: -koen-2011 (big blind) showed [Kd 2d] and lost with a pair of Deuces


PokerStars Hand #146963552272:  Hold'em Limit ($3/$6 USD) - 2016/01/13 8:07:51 ET
Table 'Eurypylos III' 2-max Seat #1 is the button
Seat 1: aremom4e ($50.52 in chips)
Seat 2: -koen-2011 ($184.52 in chips)
aremom4e: posts small blind $1
-koen-2011: posts big blind $3
*** HOLE CARDS ***
aremom4e: raises $3 to $6
-koen-2011: folds
Uncalled bet ($3) returned to aremom4e
aremom4e collected $6 from pot
aremom4e: doesn't show hand
*** SUMMARY ***
Total pot $6 | Rake $0
Seat 1: aremom4e (button) (small blind) collected ($6)
Seat 2: -koen-2011 (big blind) folded before Flop


PokerStars Hand #146963527981:  Hold'em Limit ($3/$6 USD) - 2016/01/13 8:07:12 ET
Table 'Eurypylos III' 2-max Seat #2 is the button
Seat 1: aremom4e ($65.88 in chips)
Seat 2: -koen-2011 ($170.26 in chips)
-koen-2011: posts small blind $1
aremom4e: posts big blind $3
*** HOLE CARDS ***
-koen-2011: raises $3 to $6
aremom4e: raises $3 to $9
-koen-2011: calls $3
*** FLOP *** [3s Ks 5c]
aremom4e: bets $3
-koen-2011: folds
Uncalled bet ($3) returned to aremom4e
aremom4e collected $17.64 from pot
aremom4e: doesn't show hand
*** SUMMARY ***
Total pot $18 | Rake $0.36
Board [3s Ks 5c]
Seat 1: aremom4e (big blind) collected ($17.64)
Seat 2: -koen-2011 (button) (small blind) folded on the Flop


PokerStars Hand #146963534847:  Hold'em Limit ($3/$6 USD) - 2016/01/13 8:07:23 ET
Table 'Eurypylos III' 2-max Seat #1 is the button
Seat 1: aremom4e ($74.52 in chips)
Seat 2: -koen-2011 ($161.26 in chips)
aremom4e: posts small blind $1
-koen-2011: posts big blind $3
*** HOLE CARDS ***
aremom4e: raises $3 to $6
-koen-2011: calls $3
*** FLOP *** [8c 2h 6d]
-koen-2011: checks
aremom4e: bets $3
-koen-2011: raises $3 to $6
aremom4e: calls $3
*** TURN *** [8c 2h 6d] [Ac]
-koen-2011: checks
aremom4e: bets $6
-koen-2011: raises $6 to $12
aremom4e: folds
Uncalled bet ($6) returned to -koen-2011
-koen-2011 collected $35.50 from pot
-koen-2011: doesn't show hand
*** SUMMARY ***
Total pot $36 | Rake $0.50
Board [8c 2h 6d Ac]
Seat 1: aremom4e (button) (small blind) folded on the Turn
Seat 2: -koen-2011 (big blind) collected ($35.50)


PokerStars Hand #146963545477:  Hold'em Limit ($3/$6 USD) - 2016/01/13 8:07:40 ET
Table 'Eurypylos III' 2-max Seat #2 is the button
Seat 1: aremom4e ($56.52 in chips)
Seat 2: -koen-2011 ($178.76 in chips)
-koen-2011: posts small blind $1
aremom4e: posts big blind $3
*** HOLE CARDS ***
-koen-2011: raises $3 to $6
aremom4e: calls $3
*** FLOP *** [7s 5h 6c]
aremom4e: checks
-koen-2011: bets $3
aremom4e: folds
Uncalled bet ($3) returned to -koen-2011
-koen-2011 collected $11.76 from pot
-koen-2011: doesn't show hand
*** SUMMARY ***
Total pot $12 | Rake $0.24
Board [7s 5h 6c]
Seat 1: aremom4e (big blind) folded on the Flop
Seat 2: -koen-2011 (button) (small blind) collected ($11.76)


PokerStars Hand #146963555844:  Hold'em Limit ($3/$6 USD) - 2016/01/13 8:07:57 ET
Table 'Eurypylos III' 2-max Seat #2 is the button
Seat 1: aremom4e ($53.52 in chips)
Seat 2: -koen-2011 ($181.52 in chips)
-koen-2011: posts small blind $1
aremom4e: posts big blind $3
*** HOLE CARDS ***
-koen-2011: raises $3 to $6
aremom4e: raises $3 to $9
-koen-2011: calls $3
*** FLOP *** [6c 5h Kh]
aremom4e: bets $3
-koen-2011: calls $3
*** TURN *** [6c 5h Kh] [4c]
aremom4e: bets $6
-koen-2011: calls $6
*** RIVER *** [6c 5h Kh 4c] [Kc]
aremom4e: checks
-koen-2011: bets $6
aremom4e: raises $6 to $12
-koen-2011: calls $6
*** SHOW DOWN ***
aremom4e: shows [Ks 5s] (a full house, Kings full of Fives)
-koen-2011: mucks hand
aremom4e collected $59.50 from pot
*** SUMMARY ***
Total pot $60 | Rake $0.50
Board [6c 5h Kh 4c Kc]
Seat 1: aremom4e (big blind) showed [Ks 5s] and won ($59.50) with a full house, Kings full of Fives
Seat 2: -koen-2011 (button) (small blind) mucked


PokerStars Hand #146963573439:  Hold'em Limit ($3/$6 USD) - 2016/01/13 8:08:25 ET
Table 'Eurypylos III' 2-max Seat #2 is the button
Seat 1: aremom4e ($86.02 in chips)
Seat 2: -koen-2011 ($148.52 in chips)
-koen-2011: posts small blind $1
aremom4e: posts big blind $3
*** HOLE CARDS ***
-koen-2011: folds
Uncalled bet ($2) returned to aremom4e
aremom4e collected $2 from pot
aremom4e: doesn't show hand
*** SUMMARY ***
Total pot $2 | Rake $0
Seat 1: aremom4e (big blind) collected ($2)
Seat 2: -koen-2011 (button) (small blind) folded before Flop


PokerStars Hand #146963569540:  Hold'em Limit ($3/$6 USD) - 2016/01/13 8:08:19 ET
Table 'Eurypylos III' 2-max Seat #1 is the button
Seat 1: aremom4e ($83.02 in chips)
Seat 2: -koen-2011 ($151.52 in chips)
aremom4e: posts small blind $1
-koen-2011: posts big blind $3
*** HOLE CARDS ***
aremom4e: raises $3 to $6
-koen-2011: folds
Uncalled bet ($3) returned to aremom4e
aremom4e collected $6 from pot
aremom4e: doesn't show hand
*** SUMMARY ***
Total pot $6 | Rake $0
Seat 1: aremom4e (button) (small blind) collected ($6)
Seat 2: -koen-2011 (big blind) folded before Flop


PokerStars Hand #146963576589:  Hold'em Limit ($3/$6 USD) - 2016/01/13 8:08:30 ET
Table 'Eurypylos III' 2-max Seat #1 is the button
Seat 1: aremom4e ($87.02 in chips)
Seat 2: -koen-2011 ($147.52 in chips)
aremom4e: posts small blind $1
-koen-2011: posts big blind $3
*** HOLE CARDS ***
aremom4e: raises $3 to $6
-koen-2011: folds
Uncalled bet ($3) returned to aremom4e
aremom4e collected $6 from pot
aremom4e: doesn't show hand
*** SUMMARY ***
Total pot $6 | Rake $0
Seat 1: aremom4e (button) (small blind) collected ($6)
Seat 2: -koen-2011 (big blind) folded before Flop


PokerStars Hand #146963580064:  Hold'em Limit ($3/$6 USD) - 2016/01/13 8:08:36 ET
Table 'Eurypylos III' 2-max Seat #2 is the button
Seat 1: aremom4e ($90.02 in chips)
Seat 2: -koen-2011 ($144.52 in chips)
-koen-2011: posts small blind $1
aremom4e: posts big blind $3
*** HOLE CARDS ***
-koen-2011: raises $3 to $6
aremom4e: calls $3
*** FLOP *** [6s 9c 4c]
aremom4e: checks
-koen-2011: bets $3
aremom4e: calls $3
*** TURN *** [6s 9c 4c] [8c]
aremom4e: checks
-koen-2011: checks
*** RIVER *** [6s 9c 4c 8c] [Ts]
aremom4e: bets $6
-koen-2011: raises $6 to $12
aremom4e: folds
Uncalled bet ($6) returned to -koen-2011
-koen-2011 collected $29.50 from pot
-koen-2011: doesn't show hand
*** SUMMARY ***
Total pot $30 | Rake $0.50
Board [6s 9c 4c 8c Ts]
Seat 1: aremom4e (big blind) folded on the River
Seat 2: -koen-2011 (button) (small blind) collected ($29.50)


PokerStars Hand #146963591847:  Hold'em Limit ($3/$6 USD) - 2016/01/13 8:08:55 ET
Table 'Eurypylos III' 2-max Seat #2 is the button
Seat 1: aremom4e ($74.02 in chips)
Seat 2: -koen-2011 ($160.02 in chips)
-koen-2011: posts small blind $1
aremom4e: posts big blind $3
*** HOLE CARDS ***
-koen-2011: raises $3 to $6
aremom4e: folds
Uncalled bet ($3) returned to -koen-2011
-koen-2011 collected $6 from pot
-koen-2011: doesn't show hand
*** SUMMARY ***
Total pot $6 | Rake $0
Seat 1: aremom4e (big blind) folded before Flop
Seat 2: -koen-2011 (button) (small blind) collected ($6)


PokerStars Hand #146963588968:  Hold'em Limit ($3/$6 USD) - 2016/01/13 8:08:50 ET
Table 'Eurypylos III' 2-max Seat #1 is the button
Seat 1: aremom4e ($75.02 in chips)
Seat 2: -koen-2011 ($159.02 in chips)
aremom4e: posts small blind $1
-koen-2011: posts big blind $3
*** HOLE CARDS ***
aremom4e: folds
Uncalled bet ($2) returned to -koen-2011
-koen-2011 collected $2 from pot
-koen-2011: doesn't show hand
*** SUMMARY ***
Total pot $2 | Rake $0
Seat 1: aremom4e (button) (small blind) folded before Flop
Seat 2: -koen-2011 (big blind) collected ($2)


PokerStars Hand #146963595120:  Hold'em Limit ($3/$6 USD) - 2016/01/13 8:09:00 ET
Table 'Eurypylos III' 2-max Seat #1 is the button
Seat 1: aremom4e ($71.02 in chips)
Seat 2: -koen-2011 ($163.02 in chips)
aremom4e: posts small blind $1
-koen-2011: posts big blind $3
*** HOLE CARDS ***
aremom4e: raises $3 to $6
-koen-2011: raises $3 to $9
aremom4e: calls $3
*** FLOP *** [9s 6c 2s]
-koen-2011: bets $3
aremom4e: calls $3
*** TURN *** [9s 6c 2s] [Kh]
-koen-2011: bets $6
aremom4e: calls $6
*** RIVER *** [9s 6c 2s Kh] [Ad]
-koen-2011: bets $6
aremom4e: folds
Uncalled bet ($6) returned to -koen-2011
-koen-2011 collected $35.50 from pot
-koen-2011: doesn't show hand
*** SUMMARY ***
Total pot $36 | Rake $0.50
Board [9s 6c 2s Kh Ad]
Seat 1: aremom4e (button) (small blind) folded on the River
Seat 2: -koen-2011 (big blind) collected ($35.50)


PokerStars Hand #146963606759:  Hold'em Limit ($3/$6 USD) - 2016/01/13 8:09:19 ET
Table 'Eurypylos III' 2-max Seat #1 is the button
Seat 1: aremom4e ($54.02 in chips)
Seat 2: -koen-2011 ($179.52 in chips)
aremom4e: posts small blind $1
-koen-2011: posts big blind $3
*** HOLE CARDS ***
aremom4e: folds
Uncalled bet ($2) returned to -koen-2011
-koen-2011 collected $2 from pot
-koen-2011: doesn't show hand
*** SUMMARY ***
Total pot $2 | Rake $0
Seat 1: aremom4e (button) (small blind) folded before Flop
Seat 2: -koen-2011 (big blind) collected ($2)


PokerStars Hand #146963603612:  Hold'em Limit ($3/$6 USD) - 2016/01/13 8:09:14 ET
Table 'Eurypylos III' 2-max Seat #2 is the button
Seat 1: aremom4e ($53.02 in chips)
Seat 2: -koen-2011 ($180.52 in chips)
-koen-2011: posts small blind $1
aremom4e: posts big blind $3
*** HOLE CARDS ***
-koen-2011: folds
Uncalled bet ($2) returned to aremom4e
aremom4e collected $2 from pot
aremom4e: doesn't show hand
*** SUMMARY ***
Total pot $2 | Rake $0
Seat 1: aremom4e (big blind) collected ($2)
Seat 2: -koen-2011 (button) (small blind) folded before Flop


PokerStars Hand #146963610000:  Hold'em Limit ($3/$6 USD) - 2016/01/13 8:09:24 ET
Table 'Eurypylos III' 2-max Seat #2 is the button
Seat 1: aremom4e ($53.02 in chips)
Seat 2: -koen-2011 ($180.52 in chips)
-koen-2011: posts small blind $1
aremom4e: posts big blind $3
*** HOLE CARDS ***
-koen-2011: raises $3 to $6
aremom4e: folds
Uncalled bet ($3) returned to -koen-2011
-koen-2011 collected $6 from pot
-koen-2011: doesn't show hand
*** SUMMARY ***
Total pot $6 | Rake $0
Seat 1: aremom4e (big blind) folded before Flop
Seat 2: -koen-2011 (button) (small blind) collected ($6)


PokerStars Hand #146963613552:  Hold'em Limit ($3/$6 USD) - 2016/01/13 8:09:29 ET
Table 'Eurypylos III' 2-max Seat #1 is the button
Seat 1: aremom4e ($50.02 in chips)
Seat 2: -koen-2011 ($183.52 in chips)
aremom4e: posts small blind $1
-koen-2011: posts big blind $3
*** HOLE CARDS ***
aremom4e: raises $3 to $6
-koen-2011: raises $3 to $9
aremom4e: calls $3
*** FLOP *** [5c Ah Kh]
-koen-2011: bets $3
aremom4e: folds
Uncalled bet ($3) returned to -koen-2011
-koen-2011 collected $17.64 from pot
-koen-2011: doesn't show hand
*** SUMMARY ***
Total pot $18 | Rake $0.36
Board [5c Ah Kh]
Seat 1: aremom4e (button) (small blind) folded on the Flop
Seat 2: -koen-2011 (big blind) collected ($17.64)


PokerStars Hand #146963618784:  Hold'em Limit ($3/$6 USD) - 2016/01/13 8:09:38 ET
Table 'Eurypylos III' 2-max Seat #2 is the button
Seat 1: aremom4e ($41.02 in chips)
Seat 2: -koen-2011 ($192.16 in chips)
-koen-2011: posts small blind $1
aremom4e: posts big blind $3
*** HOLE CARDS ***
-koen-2011: raises $3 to $6
aremom4e: calls $3
*** FLOP *** [2c 8s Jd]
aremom4e: checks
-koen-2011: bets $3
aremom4e: calls $3
*** TURN *** [2c 8s Jd] [Qd]
aremom4e: checks
-koen-2011: checks
*** RIVER *** [2c 8s Jd Qd] [3c]
aremom4e: checks
-koen-2011: checks
*** SHOW DOWN ***
aremom4e: shows [9c Kd] (high card King)
-koen-2011: shows [3s Ac] (a pair of Threes)
-koen-2011 collected $17.64 from pot
*** SUMMARY ***
Total pot $18 | Rake $0.36
Board [2c 8s Jd Qd 3c]
Seat 1: aremom4e (big blind) showed [9c Kd] and lost with high card King
Seat 2: -koen-2011 (button) (small blind) showed [3s Ac] and won ($17.64) with a pair of Threes


PokerStars Hand #146963627352:  Hold'em Limit ($3/$6 USD) - 2016/01/13 8:09:52 ET
Table 'Eurypylos III' 2-max Seat #1 is the button
Seat 1: aremom4e ($32.02 in chips)
Seat 2: -koen-2011 ($200.80 in chips)
aremom4e: posts small blind $1
-koen-2011: posts big blind $3
*** HOLE CARDS ***
aremom4e: folds
Uncalled bet ($2) returned to -koen-2011
-koen-2011 collected $2 from pot
-koen-2011: doesn't show hand
*** SUMMARY ***
Total pot $2 | Rake $0
Seat 1: aremom4e (button) (small blind) folded before Flop
Seat 2: -koen-2011 (big blind) collected ($2)


PokerStars Hand #146963630696:  Hold'em Limit ($3/$6 USD) - 2016/01/13 8:09:57 ET
Table 'Eurypylos III' 2-max Seat #2 is the button
Seat 1: aremom4e ($31.02 in chips)
Seat 2: -koen-2011 ($201.80 in chips)
-koen-2011: posts small blind $1
aremom4e: posts big blind $3
*** HOLE CARDS ***
-koen-2011: raises $3 to $6
aremom4e: raises $3 to $9
-koen-2011: calls $3
*** FLOP *** [9s 6d 3d]
aremom4e: bets $3
-koen-2011: raises $3 to $6
aremom4e: calls $3
*** TURN *** [9s 6d 3d] [Ks]
aremom4e: checks
-koen-2011: bets $6
aremom4e: calls $6
*** RIVER *** [9s 6d 3d Ks] [Ts]
aremom4e: checks
-koen-2011: bets $6
aremom4e: calls $6
*** SHOW DOWN ***
-koen-2011: shows [Jd Qd] (a straight, Nine to King)
aremom4e: mucks hand
-koen-2011 collected $53.50 from pot
*** SUMMARY ***
Total pot $54 | Rake $0.50
Board [9s 6d 3d Ks Ts]
Seat 1: aremom4e (big blind) mucked
Seat 2: -koen-2011 (button) (small blind) showed [Jd Qd] and won ($53.50) with a straight, Nine to King


PokerStars Hand #146963643270:  Hold'em Limit ($3/$6 USD) - 2016/01/13 8:10:17 ET
Table 'Eurypylos III' 2-max Seat #1 is the button
Seat 1: aremom4e ($4.02 in chips)
Seat 2: -koen-2011 ($228.30 in chips)
aremom4e: posts small blind $1
-koen-2011: posts big blind $3
*** HOLE CARDS ***
aremom4e: raises $1.02 to $4.02 and is all-in
-koen-2011: calls $1.02
*** FLOP *** [Ks As Kc]
*** TURN *** [Ks As Kc] [5h]
*** RIVER *** [Ks As Kc 5h] [Ac]
*** SHOW DOWN ***
-koen-2011: shows [4h Td] (two pair, Aces and Kings)
aremom4e: shows [7c 3c] (two pair, Aces and Kings - lower kicker)
-koen-2011 collected $7.88 from pot
*** SUMMARY ***
Total pot $8.04 | Rake $0.16
Board [Ks As Kc 5h Ac]
Seat 1: aremom4e (button) (small blind) showed [7c 3c] and lost with two pair, Aces and Kings
Seat 2: -koen-2011 (big blind) showed [4h Td] and won ($7.88) with two pair, Aces and Kings


PokerStars Hand #146963660530:  Hold'em Limit ($3/$6 USD) - 2016/01/13 8:10:45 ET
Table 'Eurypylos III' 2-max Seat #2 is the button
Seat 1: aremom4e ($81.41 in chips)
Seat 2: -koen-2011 ($232.16 in chips)
-koen-2011: posts small blind $1
aremom4e: posts big blind $3
*** HOLE CARDS ***
-koen-2011: raises $3 to $6
aremom4e: folds
Uncalled bet ($3) returned to -koen-2011
-koen-2011 collected $6 from pot
-koen-2011: doesn't show hand
*** SUMMARY ***
Total pot $6 | Rake $0
Seat 1: aremom4e (big blind) folded before Flop
Seat 2: -koen-2011 (button) (small blind) collected ($6)


PokerStars Hand #146963665473:  Hold'em Limit ($3/$6 USD) - 2016/01/13 8:10:53 ET
Table 'Eurypylos III' 2-max Seat #1 is the button
Seat 1: aremom4e ($78.41 in chips)
Seat 2: -koen-2011 ($235.16 in chips)
aremom4e: posts small blind $1
-koen-2011: posts big blind $3
*** HOLE CARDS ***
aremom4e: folds
Uncalled bet ($2) returned to -koen-2011
-koen-2011 collected $2 from pot
-koen-2011: doesn't show hand
*** SUMMARY ***
Total pot $2 | Rake $0
Seat 1: aremom4e (button) (small blind) folded before Flop
Seat 2: -koen-2011 (big blind) collected ($2)


PokerStars Hand #146963669401:  Hold'em Limit ($3/$6 USD) - 2016/01/13 8:10:59 ET
Table 'Eurypylos III' 2-max Seat #2 is the button
Seat 1: aremom4e ($77.41 in chips)
Seat 2: -koen-2011 ($236.16 in chips)
-koen-2011: posts small blind $1
aremom4e: posts big blind $3
*** HOLE CARDS ***
-koen-2011: folds
Uncalled bet ($2) returned to aremom4e
aremom4e collected $2 from pot
aremom4e: doesn't show hand
*** SUMMARY ***
Total pot $2 | Rake $0
Seat 1: aremom4e (big blind) collected ($2)
Seat 2: -koen-2011 (button) (small blind) folded before Flop


PokerStars Hand #146963672506:  Hold'em Limit ($3/$6 USD) - 2016/01/13 8:11:04 ET
Table 'Eurypylos III' 2-max Seat #1 is the button
Seat 1: aremom4e ($78.41 in chips)
Seat 2: -koen-2011 ($235.16 in chips)
aremom4e: posts small blind $1
-koen-2011: posts big blind $3
*** HOLE CARDS ***
aremom4e: raises $3 to $6
-koen-2011: calls $3
*** FLOP *** [5d Qs 6d]
-koen-2011: checks
aremom4e: bets $3
-koen-2011: raises $3 to $6
aremom4e: calls $3
*** TURN *** [5d Qs 6d] [4d]
-koen-2011: bets $6
aremom4e: calls $6
*** RIVER *** [5d Qs 6d 4d] [Ad]
-koen-2011: bets $6
aremom4e: folds
Uncalled bet ($6) returned to -koen-2011
-koen-2011 collected $35.50 from pot
-koen-2011: doesn't show hand
*** SUMMARY ***
Total pot $36 | Rake $0.50
Board [5d Qs 6d 4d Ad]
Seat 1: aremom4e (button) (small blind) folded on the River
Seat 2: -koen-2011 (big blind) collected ($35.50)


PokerStars Hand #146963684655:  Hold'em Limit ($3/$6 USD) - 2016/01/13 8:11:24 ET
Table 'Eurypylos III' 2-max Seat #2 is the button
Seat 1: aremom4e ($60.41 in chips)
Seat 2: -koen-2011 ($252.66 in chips)
-koen-2011: posts small blind $1
aremom4e: posts big blind $3
*** HOLE CARDS ***
-koen-2011: raises $3 to $6
aremom4e: raises $3 to $9
-koen-2011: calls $3
*** FLOP *** [7h As 3d]
aremom4e: bets $3
-koen-2011: folds
Uncalled bet ($3) returned to aremom4e
aremom4e collected $17.64 from pot
aremom4e: doesn't show hand
*** SUMMARY ***
Total pot $18 | Rake $0.36
Board [7h As 3d]
Seat 1: aremom4e (big blind) collected ($17.64)
Seat 2: -koen-2011 (button) (small blind) folded on the Flop


PokerStars Hand #146963691549:  Hold'em Limit ($3/$6 USD) - 2016/01/13 8:11:35 ET
Table 'Eurypylos III' 2-max Seat #1 is the button
Seat 1: aremom4e ($69.05 in chips)
Seat 2: -koen-2011 ($243.66 in chips)
aremom4e: posts small blind $1
-koen-2011: posts big blind $3
*** HOLE CARDS ***
aremom4e: raises $3 to $6
-koen-2011: raises $3 to $9
aremom4e: calls $3
*** FLOP *** [Th 9h 2s]
-koen-2011: bets $3
aremom4e: calls $3
*** TURN *** [Th 9h 2s] [As]
-koen-2011: bets $6
aremom4e: calls $6
*** RIVER *** [Th 9h 2s As] [5c]
-koen-2011: bets $6
aremom4e: folds
Uncalled bet ($6) returned to -koen-2011
-koen-2011 collected $35.50 from pot
-koen-2011: doesn't show hand
*** SUMMARY ***
Total pot $36 | Rake $0.50
Board [Th 9h 2s As 5c]
Seat 1: aremom4e (button) (small blind) folded on the River
Seat 2: -koen-2011 (big blind) collected ($35.50)


PokerStars Hand #146963700539:  Hold'em Limit ($3/$6 USD) - 2016/01/13 8:11:49 ET
Table 'Eurypylos III' 2-max Seat #2 is the button
Seat 1: aremom4e ($51.05 in chips)
Seat 2: -koen-2011 ($261.16 in chips)
-koen-2011: posts small blind $1
aremom4e: posts big blind $3
*** HOLE CARDS ***
-koen-2011: raises $3 to $6
aremom4e: raises $3 to $9
-koen-2011: calls $3
*** FLOP *** [Qd Qh 6d]
aremom4e: bets $3
-koen-2011: calls $3
*** TURN *** [Qd Qh 6d] [4c]
aremom4e: bets $6
-koen-2011: calls $6
*** RIVER *** [Qd Qh 6d 4c] [2c]
aremom4e: checks
-koen-2011: bets $6
aremom4e: folds
Uncalled bet ($6) returned to -koen-2011
-koen-2011 collected $35.50 from pot
-koen-2011: doesn't show hand
*** SUMMARY ***
Total pot $36 | Rake $0.50
Board [Qd Qh 6d 4c 2c]
Seat 1: aremom4e (big blind) folded on the River
Seat 2: -koen-2011 (button) (small blind) collected ($35.50)


PokerStars Hand #146963718695:  Hold'em Limit ($3/$6 USD) - 2016/01/13 8:12:18 ET
Table 'Eurypylos III' 2-max Seat #2 is the button
Seat 1: aremom4e ($24.05 in chips)
Seat 2: -koen-2011 ($287.30 in chips)
-koen-2011: posts small blind $1
aremom4e: posts big blind $3
*** HOLE CARDS ***
-koen-2011: folds
Uncalled bet ($2) returned to aremom4e
aremom4e collected $2 from pot
aremom4e: doesn't show hand
*** SUMMARY ***
Total pot $2 | Rake $0
Seat 1: aremom4e (big blind) collected ($2)
Seat 2: -koen-2011 (button) (small blind) folded before Flop


PokerStars Hand #146963712702:  Hold'em Limit ($3/$6 USD) - 2016/01/13 8:12:09 ET
Table 'Eurypylos III' 2-max Seat #1 is the button
Seat 1: aremom4e ($33.05 in chips)
Seat 2: -koen-2011 ($278.66 in chips)
aremom4e: posts small blind $1
-koen-2011: posts big blind $3
*** HOLE CARDS ***
aremom4e: raises $3 to $6
-koen-2011: raises $3 to $9
aremom4e: calls $3
*** FLOP *** [Jh 7d Ts]
-koen-2011: bets $3
aremom4e: folds
Uncalled bet ($3) returned to -koen-2011
-koen-2011 collected $17.64 from pot
-koen-2011: doesn't show hand
*** SUMMARY ***
Total pot $18 | Rake $0.36
Board [Jh 7d Ts]
Seat 1: aremom4e (button) (small blind) folded on the Flop
Seat 2: -koen-2011 (big blind) collected ($17.64)


PokerStars Hand #146963724889:  Hold'em Limit ($3/$6 USD) - 2016/01/13 8:12:28 ET
Table 'Eurypylos III' 2-max Seat #2 is the button
Seat 1: aremom4e ($24.05 in chips)
Seat 2: -koen-2011 ($287.30 in chips)
-koen-2011: posts small blind $1
aremom4e: posts big blind $3
*** HOLE CARDS ***
-koen-2011: folds
Uncalled bet ($2) returned to aremom4e
aremom4e collected $2 from pot
aremom4e: doesn't show hand
*** SUMMARY ***
Total pot $2 | Rake $0
Seat 1: aremom4e (big blind) collected ($2)
Seat 2: -koen-2011 (button) (small blind) folded before Flop


PokerStars Hand #146963721725:  Hold'em Limit ($3/$6 USD) - 2016/01/13 8:12:23 ET
Table 'Eurypylos III' 2-max Seat #1 is the button
Seat 1: aremom4e ($25.05 in chips)
Seat 2: -koen-2011 ($286.30 in chips)
aremom4e: posts small blind $1
-koen-2011: posts big blind $3
*** HOLE CARDS ***
aremom4e: folds
Uncalled bet ($2) returned to -koen-2011
-koen-2011 collected $2 from pot
-koen-2011: doesn't show hand
*** SUMMARY ***
Total pot $2 | Rake $0
Seat 1: aremom4e (button) (small blind) folded before Flop
Seat 2: -koen-2011 (big blind) collected ($2)


PokerStars Hand #146963731074:  Hold'em Limit ($3/$6 USD) - 2016/01/13 8:12:38 ET
Table 'Eurypylos III' 2-max Seat #2 is the button
Seat 1: aremom4e ($24.05 in chips)
Seat 2: -koen-2011 ($287.30 in chips)
-koen-2011: posts small blind $1
aremom4e: posts big blind $3
*** HOLE CARDS ***
-koen-2011: folds
Uncalled bet ($2) returned to aremom4e
aremom4e collected $2 from pot
aremom4e: doesn't show hand
*** SUMMARY ***
Total pot $2 | Rake $0
Seat 1: aremom4e (big blind) collected ($2)
Seat 2: -koen-2011 (button) (small blind) folded before Flop


PokerStars Hand #146963727919:  Hold'em Limit ($3/$6 USD) - 2016/01/13 8:12:33 ET
Table 'Eurypylos III' 2-max Seat #1 is the button
Seat 1: aremom4e ($25.05 in chips)
Seat 2: -koen-2011 ($286.30 in chips)
aremom4e: posts small blind $1
-koen-2011: posts big blind $3
*** HOLE CARDS ***
aremom4e: folds
Uncalled bet ($2) returned to -koen-2011
-koen-2011 collected $2 from pot
-koen-2011: doesn't show hand
*** SUMMARY ***
Total pot $2 | Rake $0
Seat 1: aremom4e (button) (small blind) folded before Flop
Seat 2: -koen-2011 (big blind) collected ($2)


PokerStars Hand #146963741356:  Hold'em Limit ($3/$6 USD) - 2016/01/13 8:12:55 ET
Table 'Eurypylos III' 2-max Seat #2 is the button
Seat 1: aremom4e ($30.81 in chips)
Seat 2: -koen-2011 ($280.30 in chips)
-koen-2011: posts small blind $1
aremom4e: posts big blind $3
*** HOLE CARDS ***
-koen-2011: raises $3 to $6
aremom4e: folds
Uncalled bet ($3) returned to -koen-2011
-koen-2011 collected $6 from pot
-koen-2011: doesn't show hand
*** SUMMARY ***
Total pot $6 | Rake $0
Seat 1: aremom4e (big blind) folded before Flop
Seat 2: -koen-2011 (button) (small blind) collected ($6)


PokerStars Hand #146963734448:  Hold'em Limit ($3/$6 USD) - 2016/01/13 8:12:44 ET
Table 'Eurypylos III' 2-max Seat #1 is the button
Seat 1: aremom4e ($25.05 in chips)
Seat 2: -koen-2011 ($286.30 in chips)
aremom4e: posts small blind $1
-koen-2011: posts big blind $3
*** HOLE CARDS ***
aremom4e: raises $3 to $6
-koen-2011: calls $3
*** FLOP *** [8s As 3d]
-koen-2011: checks
aremom4e: bets $3
-koen-2011: folds
Uncalled bet ($3) returned to aremom4e
aremom4e collected $11.76 from pot
aremom4e: doesn't show hand
*** SUMMARY ***
Total pot $12 | Rake $0.24
Board [8s As 3d]
Seat 1: aremom4e (button) (small blind) collected ($11.76)
Seat 2: -koen-2011 (big blind) folded on the Flop


PokerStars Hand #146963747819:  Hold'em Limit ($3/$6 USD) - 2016/01/13 8:13:05 ET
Table 'Eurypylos III' 2-max Seat #2 is the button
Seat 1: aremom4e ($26.81 in chips)
Seat 2: -koen-2011 ($284.30 in chips)
-koen-2011: posts small blind $1
aremom4e: posts big blind $3
*** HOLE CARDS ***
-koen-2011: folds
Uncalled bet ($2) returned to aremom4e
aremom4e collected $2 from pot
aremom4e: doesn't show hand
*** SUMMARY ***
Total pot $2 | Rake $0
Seat 1: aremom4e (big blind) collected ($2)
Seat 2: -koen-2011 (button) (small blind) folded before Flop


PokerStars Hand #146963744646:  Hold'em Limit ($3/$6 USD) - 2016/01/13 8:13:00 ET
Table 'Eurypylos III' 2-max Seat #1 is the button
Seat 1: aremom4e ($27.81 in chips)
Seat 2: -koen-2011 ($283.30 in chips)
aremom4e: posts small blind $1
-koen-2011: posts big blind $3
*** HOLE CARDS ***
aremom4e: folds
Uncalled bet ($2) returned to -koen-2011
-koen-2011 collected $2 from pot
-koen-2011: doesn't show hand
*** SUMMARY ***
Total pot $2 | Rake $0
Seat 1: aremom4e (button) (small blind) folded before Flop
Seat 2: -koen-2011 (big blind) collected ($2)


PokerStars Hand #146963751254:  Hold'em Limit ($3/$6 USD) - 2016/01/13 8:13:11 ET
Table 'Eurypylos III' 2-max Seat #1 is the button
Seat 1: aremom4e ($27.81 in chips)
Seat 2: -koen-2011 ($283.30 in chips)
aremom4e: posts small blind $1
-koen-2011: posts big blind $3
*** HOLE CARDS ***
aremom4e: raises $3 to $6
-koen-2011: calls $3
*** FLOP *** [9d Ad 5d]
-koen-2011: checks
aremom4e: checks
*** TURN *** [9d Ad 5d] [Ks]
-koen-2011: bets $6
aremom4e: folds
Uncalled bet ($6) returned to -koen-2011
-koen-2011 collected $11.76 from pot
-koen-2011: doesn't show hand
*** SUMMARY ***
Total pot $12 | Rake $0.24
Board [9d Ad 5d Ks]
Seat 1: aremom4e (button) (small blind) folded on the Turn
Seat 2: -koen-2011 (big blind) collected ($11.76)


PokerStars Hand #146963759158:  Hold'em Limit ($3/$6 USD) - 2016/01/13 8:13:23 ET
Table 'Eurypylos III' 2-max Seat #2 is the button
Seat 1: aremom4e ($21.81 in chips)
Seat 2: -koen-2011 ($289.06 in chips)
-koen-2011: posts small blind $1
aremom4e: posts big blind $3
*** HOLE CARDS ***
-koen-2011: raises $3 to $6
aremom4e: calls $3
*** FLOP *** [8d 5h Kd]
aremom4e: checks
-koen-2011: bets $3
aremom4e: raises $3 to $6
-koen-2011: folds
Uncalled bet ($3) returned to aremom4e
aremom4e collected $17.64 from pot
aremom4e: doesn't show hand
*** SUMMARY ***
Total pot $18 | Rake $0.36
Board [8d 5h Kd]
Seat 1: aremom4e (big blind) collected ($17.64)
Seat 2: -koen-2011 (button) (small blind) folded on the Flop


PokerStars Hand #146963765617:  Hold'em Limit ($3/$6 USD) - 2016/01/13 8:13:33 ET
Table 'Eurypylos III' 2-max Seat #1 is the button
Seat 1: aremom4e ($30.45 in chips)
Seat 2: -koen-2011 ($280.06 in chips)
aremom4e: posts small blind $1
-koen-2011: posts big blind $3
*** HOLE CARDS ***
aremom4e: raises $3 to $6
-koen-2011: folds
Uncalled bet ($3) returned to aremom4e
aremom4e collected $6 from pot
aremom4e: doesn't show hand
*** SUMMARY ***
Total pot $6 | Rake $0
Seat 1: aremom4e (button) (small blind) collected ($6)
Seat 2: -koen-2011 (big blind) folded before Flop


PokerStars Hand #146963770073:  Hold'em Limit ($3/$6 USD) - 2016/01/13 8:13:40 ET
Table 'Eurypylos III' 2-max Seat #2 is the button
Seat 1: aremom4e ($33.45 in chips)
Seat 2: -koen-2011 ($277.06 in chips)
-koen-2011: posts small blind $1
aremom4e: posts big blind $3
*** HOLE CARDS ***
-koen-2011: raises $3 to $6
aremom4e: raises $3 to $9
-koen-2011: calls $3
*** FLOP *** [As Js Jh]
aremom4e: bets $3
-koen-2011: calls $3
*** TURN *** [As Js Jh] [6h]
aremom4e: checks
-koen-2011: bets $6
aremom4e: raises $6 to $12
-koen-2011: calls $6
*** RIVER *** [As Js Jh 6h] [7c]
aremom4e: bets $6
-koen-2011: folds
Uncalled bet ($6) returned to aremom4e
aremom4e collected $47.50 from pot
aremom4e: doesn't show hand
*** SUMMARY ***
Total pot $48 | Rake $0.50
Board [As Js Jh 6h 7c]
Seat 1: aremom4e (big blind) collected ($47.50)
Seat 2: -koen-2011 (button) (small blind) folded on the River


PokerStars Hand #146963782423:  Hold'em Limit ($3/$6 USD) - 2016/01/13 8:14:00 ET
Table 'Eurypylos III' 2-max Seat #1 is the button
Seat 1: aremom4e ($56.95 in chips)
Seat 2: -koen-2011 ($253.06 in chips)
aremom4e: posts small blind $1
-koen-2011: posts big blind $3
*** HOLE CARDS ***
aremom4e: raises $3 to $6
-koen-2011: calls $3
*** FLOP *** [4d 7h 5d]
-koen-2011: checks
aremom4e: bets $3
-koen-2011: folds
Uncalled bet ($3) returned to aremom4e
aremom4e collected $11.76 from pot
aremom4e: doesn't show hand
*** SUMMARY ***
Total pot $12 | Rake $0.24
Board [4d 7h 5d]
Seat 1: aremom4e (button) (small blind) collected ($11.76)
Seat 2: -koen-2011 (big blind) folded on the Flop


PokerStars Hand #146963788581:  Hold'em Limit ($3/$6 USD) - 2016/01/13 8:14:10 ET
Table 'Eurypylos III' 2-max Seat #2 is the button
Seat 1: aremom4e ($62.71 in chips)
Seat 2: -koen-2011 ($247.06 in chips)
-koen-2011: posts small blind $1
aremom4e: posts big blind $3
*** HOLE CARDS ***
-koen-2011: raises $3 to $6
aremom4e: folds
Uncalled bet ($3) returned to -koen-2011
-koen-2011 collected $6 from pot
-koen-2011: doesn't show hand
*** SUMMARY ***
Total pot $6 | Rake $0
Seat 1: aremom4e (big blind) folded before Flop
Seat 2: -koen-2011 (button) (small blind) collected ($6)


PokerStars Hand #146963791903:  Hold'em Limit ($3/$6 USD) - 2016/01/13 8:14:15 ET
Table 'Eurypylos III' 2-max Seat #1 is the button
Seat 1: aremom4e ($59.71 in chips)
Seat 2: -koen-2011 ($250.06 in chips)
aremom4e: posts small blind $1
-koen-2011: posts big blind $3
*** HOLE CARDS ***
aremom4e: raises $3 to $6
-koen-2011: raises $3 to $9
aremom4e: calls $3
*** FLOP *** [2h 9c 4h]
-koen-2011: bets $3
aremom4e: calls $3
*** TURN *** [2h 9c 4h] [Ah]
-koen-2011: bets $6
aremom4e: raises $6 to $12
-koen-2011: calls $6
*** RIVER *** [2h 9c 4h Ah] [2c]
-koen-2011: checks
aremom4e: checks
*** SHOW DOWN ***
-koen-2011: shows [7c 5h] (a pair of Deuces)
aremom4e: shows [Jh 6h] (a flush, Ace high)
aremom4e collected $47.50 from pot
*** SUMMARY ***
Total pot $48 | Rake $0.50
Board [2h 9c 4h Ah 2c]
Seat 1: aremom4e (button) (small blind) showed [Jh 6h] and won ($47.50) with a flush, Ace high
Seat 2: -koen-2011 (big blind) showed [7c 5h] and lost with a pair of Deuces


PokerStars Hand #146963802777:  Hold'em Limit ($3/$6 USD) - 2016/01/13 8:14:32 ET
Table 'Eurypylos III' 2-max Seat #2 is the button
Seat 1: aremom4e ($83.21 in chips)
Seat 2: -koen-2011 ($226.06 in chips)
-koen-2011: posts small blind $1
aremom4e: posts big blind $3
*** HOLE CARDS ***
-koen-2011: raises $3 to $6
aremom4e: calls $3
*** FLOP *** [6c 6s 9c]
aremom4e: checks
-koen-2011: bets $3
aremom4e: raises $3 to $6
-koen-2011: calls $3
*** TURN *** [6c 6s 9c] [2d]
aremom4e: bets $6
-koen-2011: raises $6 to $12
aremom4e: calls $6
*** RIVER *** [6c 6s 9c 2d] [5d]
aremom4e: checks
-koen-2011: checks
*** SHOW DOWN ***
aremom4e: shows [9s 5s] (two pair, Nines and Sixes)
-koen-2011: mucks hand
aremom4e collected $47.50 from pot
*** SUMMARY ***
Total pot $48 | Rake $0.50
Board [6c 6s 9c 2d 5d]
Seat 1: aremom4e (big blind) showed [9s 5s] and won ($47.50) with two pair, Nines and Sixes
Seat 2: -koen-2011 (button) (small blind) mucked


PokerStars Hand #146963812673:  Hold'em Limit ($3/$6 USD) - 2016/01/13 8:14:48 ET
Table 'Eurypylos III' 2-max Seat #1 is the button
Seat 1: aremom4e ($106.71 in chips)
Seat 2: -koen-2011 ($202.06 in chips)
aremom4e: posts small blind $1
-koen-2011: posts big blind $3
*** HOLE CARDS ***
aremom4e: raises $3 to $6
-koen-2011: raises $3 to $9
aremom4e: calls $3
*** FLOP *** [8c 4d Kd]
-koen-2011: bets $3
aremom4e: folds
Uncalled bet ($3) returned to -koen-2011
-koen-2011 collected $17.64 from pot
-koen-2011: doesn't show hand
*** SUMMARY ***
Total pot $18 | Rake $0.36
Board [8c 4d Kd]
Seat 1: aremom4e (button) (small blind) folded on the Flop
Seat 2: -koen-2011 (big blind) collected ($17.64)


PokerStars Hand #146963818525:  Hold'em Limit ($3/$6 USD) - 2016/01/13 8:14:57 ET
Table 'Eurypylos III' 2-max Seat #2 is the button
Seat 1: aremom4e ($97.71 in chips)
Seat 2: -koen-2011 ($210.70 in chips)
-koen-2011: posts small blind $1
aremom4e: posts big blind $3
*** HOLE CARDS ***
-koen-2011: raises $3 to $6
aremom4e: raises $3 to $9
-koen-2011: calls $3
*** FLOP *** [2h As 8h]
aremom4e: bets $3
-koen-2011: calls $3
*** TURN *** [2h As 8h] [4c]
aremom4e: bets $6
-koen-2011: calls $6
*** RIVER *** [2h As 8h 4c] [6c]
aremom4e: checks
-koen-2011: checks
*** SHOW DOWN ***
aremom4e: shows [Ac Tc] (a pair of Aces)
-koen-2011: mucks hand
aremom4e collected $35.50 from pot
*** SUMMARY ***
Total pot $36 | Rake $0.50
Board [2h As 8h 4c 6c]
Seat 1: aremom4e (big blind) showed [Ac Tc] and won ($35.50) with a pair of Aces
Seat 2: -koen-2011 (button) (small blind) mucked


PokerStars Hand #146963829823:  Hold'em Limit ($3/$6 USD) - 2016/01/13 8:15:15 ET
Table 'Eurypylos III' 2-max Seat #1 is the button
Seat 1: aremom4e ($115.21 in chips)
Seat 2: -koen-2011 ($192.70 in chips)
aremom4e: posts small blind $1
-koen-2011: posts big blind $3
*** HOLE CARDS ***
aremom4e: raises $3 to $6
-koen-2011: raises $3 to $9
aremom4e: calls $3
*** FLOP *** [Th 5s 8s]
-koen-2011: bets $3
aremom4e: calls $3
*** TURN *** [Th 5s 8s] [2s]
-koen-2011: bets $6
aremom4e: raises $6 to $12
-koen-2011: calls $6
*** RIVER *** [Th 5s 8s 2s] [9d]
-koen-2011: checks
aremom4e: bets $6
-koen-2011: folds
Uncalled bet ($6) returned to aremom4e
aremom4e collected $47.50 from pot
aremom4e: doesn't show hand
*** SUMMARY ***
Total pot $48 | Rake $0.50
Board [Th 5s 8s 2s 9d]
Seat 1: aremom4e (button) (small blind) collected ($47.50)
Seat 2: -koen-2011 (big blind) folded on the River


PokerStars Hand #146963851503:  Hold'em Limit ($3/$6 USD) - 2016/01/13 8:15:50 ET
Table 'Eurypylos III' 2-max Seat #1 is the button
Seat 1: aremom4e ($156.21 in chips)
Seat 2: -koen-2011 ($150.70 in chips)
aremom4e: posts small blind $1
-koen-2011: posts big blind $3
*** HOLE CARDS ***
aremom4e: folds
Uncalled bet ($2) returned to -koen-2011
-koen-2011 collected $2 from pot
-koen-2011: doesn't show hand
*** SUMMARY ***
Total pot $2 | Rake $0
Seat 1: aremom4e (button) (small blind) folded before Flop
Seat 2: -koen-2011 (big blind) collected ($2)


PokerStars Hand #146963840869:  Hold'em Limit ($3/$6 USD) - 2016/01/13 8:15:33 ET
Table 'Eurypylos III' 2-max Seat #2 is the button
Seat 1: aremom4e ($138.71 in chips)
Seat 2: -koen-2011 ($168.70 in chips)
-koen-2011: posts small blind $1
aremom4e: posts big blind $3
*** HOLE CARDS ***
-koen-2011: raises $3 to $6
aremom4e: calls $3
*** FLOP *** [Qh 9c Jd]
aremom4e: checks
-koen-2011: bets $3
aremom4e: raises $3 to $6
-koen-2011: calls $3
*** TURN *** [Qh 9c Jd] [8h]
aremom4e: bets $6
-koen-2011: calls $6
*** RIVER *** [Qh 9c Jd 8h] [4d]
aremom4e: checks
-koen-2011: checks
*** SHOW DOWN ***
aremom4e: shows [6s Qd] (a pair of Queens)
-koen-2011: mucks hand
aremom4e collected $35.50 from pot
*** SUMMARY ***
Total pot $36 | Rake $0.50
Board [Qh 9c Jd 8h 4d]
Seat 1: aremom4e (big blind) showed [6s Qd] and won ($35.50) with a pair of Queens
Seat 2: -koen-2011 (button) (small blind) mucked


PokerStars Hand #146963854545:  Hold'em Limit ($3/$6 USD) - 2016/01/13 8:15:55 ET
Table 'Eurypylos III' 2-max Seat #2 is the button
Seat 1: aremom4e ($155.21 in chips)
Seat 2: -koen-2011 ($151.70 in chips)
-koen-2011: posts small blind $1
aremom4e: posts big blind $3
*** HOLE CARDS ***
-koen-2011: raises $3 to $6
aremom4e: folds
Uncalled bet ($3) returned to -koen-2011
-koen-2011 collected $6 from pot
-koen-2011: doesn't show hand
*** SUMMARY ***
Total pot $6 | Rake $0
Seat 1: aremom4e (big blind) folded before Flop
Seat 2: -koen-2011 (button) (small blind) collected ($6)


PokerStars Hand #146963857596:  Hold'em Limit ($3/$6 USD) - 2016/01/13 8:16:00 ET
Table 'Eurypylos III' 2-max Seat #1 is the button
Seat 1: aremom4e ($152.21 in chips)
Seat 2: -koen-2011 ($154.70 in chips)
aremom4e: posts small blind $1
-koen-2011: posts big blind $3
*** HOLE CARDS ***
aremom4e: calls $2
-koen-2011: raises $3 to $6
aremom4e: calls $3
*** FLOP *** [8s 8d Ad]
-koen-2011: bets $3
aremom4e: folds
Uncalled bet ($3) returned to -koen-2011
-koen-2011 collected $11.76 from pot
-koen-2011: doesn't show hand
*** SUMMARY ***
Total pot $12 | Rake $0.24
Board [8s 8d Ad]
Seat 1: aremom4e (button) (small blind) folded on the Flop
Seat 2: -koen-2011 (big blind) collected ($11.76)


PokerStars Hand #146963867610:  Hold'em Limit ($3/$6 USD) - 2016/01/13 8:16:15 ET
Table 'Eurypylos III' 2-max Seat #1 is the button
Seat 1: aremom4e ($147.21 in chips)
Seat 2: -koen-2011 ($159.46 in chips)
aremom4e: posts small blind $1
-koen-2011: posts big blind $3
*** HOLE CARDS ***
aremom4e: raises $3 to $6
-koen-2011: folds
Uncalled bet ($3) returned to aremom4e
aremom4e collected $6 from pot
aremom4e: doesn't show hand
*** SUMMARY ***
Total pot $6 | Rake $0
Seat 1: aremom4e (button) (small blind) collected ($6)
Seat 2: -koen-2011 (big blind) folded before Flop


PokerStars Hand #146963864397:  Hold'em Limit ($3/$6 USD) - 2016/01/13 8:16:10 ET
Table 'Eurypylos III' 2-max Seat #2 is the button
Seat 1: aremom4e ($146.21 in chips)
Seat 2: -koen-2011 ($160.46 in chips)
-koen-2011: posts small blind $1
aremom4e: posts big blind $3
*** HOLE CARDS ***
-koen-2011: folds
Uncalled bet ($2) returned to aremom4e
aremom4e collected $2 from pot
aremom4e: doesn't show hand
*** SUMMARY ***
Total pot $2 | Rake $0
Seat 1: aremom4e (big blind) collected ($2)
Seat 2: -koen-2011 (button) (small blind) folded before Flop


PokerStars Hand #146963874484:  Hold'em Limit ($3/$6 USD) - 2016/01/13 8:16:26 ET
Table 'Eurypylos III' 2-max Seat #1 is the button
Seat 1: aremom4e ($147.21 in chips)
Seat 2: -koen-2011 ($159.46 in chips)
aremom4e: posts small blind $1
-koen-2011: posts big blind $3
*** HOLE CARDS ***
aremom4e: folds
Uncalled bet ($2) returned to -koen-2011
-koen-2011 collected $2 from pot
-koen-2011: doesn't show hand
*** SUMMARY ***
Total pot $2 | Rake $0
Seat 1: aremom4e (button) (small blind) folded before Flop
Seat 2: -koen-2011 (big blind) collected ($2)


PokerStars Hand #146963871320:  Hold'em Limit ($3/$6 USD) - 2016/01/13 8:16:21 ET
Table 'Eurypylos III' 2-max Seat #2 is the button
Seat 1: aremom4e ($150.21 in chips)
Seat 2: -koen-2011 ($156.46 in chips)
-koen-2011: posts small blind $1
aremom4e: posts big blind $3
*** HOLE CARDS ***
-koen-2011: raises $3 to $6
aremom4e: folds
Uncalled bet ($3) returned to -koen-2011
-koen-2011 collected $6 from pot
-koen-2011: doesn't show hand
*** SUMMARY ***
Total pot $6 | Rake $0
Seat 1: aremom4e (big blind) folded before Flop
Seat 2: -koen-2011 (button) (small blind) collected ($6)


PokerStars Hand #146963877649:  Hold'em Limit ($3/$6 USD) - 2016/01/13 8:16:32 ET
Table 'Eurypylos III' 2-max Seat #2 is the button
Seat 1: aremom4e ($146.21 in chips)
Seat 2: -koen-2011 ($160.46 in chips)
-koen-2011: posts small blind $1
aremom4e: posts big blind $3
*** HOLE CARDS ***
-koen-2011: raises $3 to $6
aremom4e: calls $3
*** FLOP *** [Td Ah 9c]
aremom4e: checks
-koen-2011: bets $3
aremom4e: raises $3 to $6
-koen-2011: folds
Uncalled bet ($3) returned to aremom4e
aremom4e collected $17.64 from pot
aremom4e: doesn't show hand
*** SUMMARY ***
Total pot $18 | Rake $0.36
Board [Td Ah 9c]
Seat 1: aremom4e (big blind) collected ($17.64)
Seat 2: -koen-2011 (button) (small blind) folded on the Flop


PokerStars Hand #146963884446:  Hold'em Limit ($3/$6 USD) - 2016/01/13 8:16:42 ET
Table 'Eurypylos III' 2-max Seat #1 is the button
Seat 1: aremom4e ($154.85 in chips)
Seat 2: -koen-2011 ($151.46 in chips)
aremom4e: posts small blind $1
-koen-2011: posts big blind $3
*** HOLE CARDS ***
aremom4e: folds
Uncalled bet ($2) returned to -koen-2011
-koen-2011 collected $2 from pot
-koen-2011: doesn't show hand
*** SUMMARY ***
Total pot $2 | Rake $0
Seat 1: aremom4e (button) (small blind) folded before Flop
Seat 2: -koen-2011 (big blind) collected ($2)


PokerStars Hand #146963899040:  Hold'em Limit ($3/$6 USD) - 2016/01/13 8:17:06 ET
Table 'Eurypylos III' 2-max Seat #1 is the button
Seat 1: aremom4e ($180.35 in chips)
Seat 2: -koen-2011 ($125.46 in chips)
aremom4e: posts small blind $1
-koen-2011: posts big blind $3
*** HOLE CARDS ***
aremom4e: folds
Uncalled bet ($2) returned to -koen-2011
-koen-2011 collected $2 from pot
-koen-2011: doesn't show hand
*** SUMMARY ***
Total pot $2 | Rake $0
Seat 1: aremom4e (button) (small blind) folded before Flop
Seat 2: -koen-2011 (big blind) collected ($2)


PokerStars Hand #146963887462:  Hold'em Limit ($3/$6 USD) - 2016/01/13 8:16:47 ET
Table 'Eurypylos III' 2-max Seat #2 is the button
Seat 1: aremom4e ($153.85 in chips)
Seat 2: -koen-2011 ($152.46 in chips)
-koen-2011: posts small blind $1
aremom4e: posts big blind $3
*** HOLE CARDS ***
-koen-2011: raises $3 to $6
aremom4e: raises $3 to $9
-koen-2011: raises $3 to $12
Betting is capped
aremom4e: calls $3
*** FLOP *** [7s Th 8c]
aremom4e: checks
-koen-2011: bets $3
aremom4e: calls $3
*** TURN *** [7s Th 8c] [Ks]
aremom4e: checks
-koen-2011: bets $6
aremom4e: calls $6
*** RIVER *** [7s Th 8c Ks] [Qs]
aremom4e: checks
-koen-2011: bets $6
aremom4e: calls $6
*** SHOW DOWN ***
-koen-2011: shows [Qh Js] (a pair of Queens)
aremom4e: shows [Qc Ah] (a pair of Queens - Ace kicker)
aremom4e collected $53.50 from pot
*** SUMMARY ***
Total pot $54 | Rake $0.50
Board [7s Th 8c Ks Qs]
Seat 1: aremom4e (big blind) showed [Qc Ah] and won ($53.50) with a pair of Queens
Seat 2: -koen-2011 (button) (small blind) showed [Qh Js] and lost with a pair of Queens


PokerStars Hand #146963902544:  Hold'em Limit ($3/$6 USD) - 2016/01/13 8:17:11 ET
Table 'Eurypylos III' 2-max Seat #2 is the button
Seat 1: aremom4e ($179.35 in chips)
Seat 2: -koen-2011 ($126.46 in chips)
-koen-2011: posts small blind $1
aremom4e: posts big blind $3
*** HOLE CARDS ***
-koen-2011: raises $3 to $6
aremom4e: raises $3 to $9
-koen-2011: raises $3 to $12
Betting is capped
aremom4e: calls $3
*** FLOP *** [Ad Qs 9s]
aremom4e: checks
-koen-2011: bets $3
aremom4e: calls $3
*** TURN *** [Ad Qs 9s] [9h]
aremom4e: checks
-koen-2011: checks
*** RIVER *** [Ad Qs 9s 9h] [6s]
aremom4e: bets $6
-koen-2011: folds
Uncalled bet ($6) returned to aremom4e
aremom4e collected $29.50 from pot
aremom4e: doesn't show hand
*** SUMMARY ***
Total pot $30 | Rake $0.50
Board [Ad Qs 9s 9h 6s]
Seat 1: aremom4e (big blind) collected ($29.50)
Seat 2: -koen-2011 (button) (small blind) folded on the River


PokerStars Hand #146964026250:  Hold'em Limit ($3/$6 USD) - 2016/01/13 8:20:27 ET
Table 'Eurypylos III' 2-max Seat #2 is the button
Seat 1: aremom4e ($169.85 in chips)
Seat 2: -koen-2011 ($143.50 in chips)
-koen-2011: posts small blind $1
aremom4e: posts big blind $3
*** HOLE CARDS ***
-koen-2011: raises $3 to $6
aremom4e: calls $3
*** FLOP *** [7d 4h Ah]
aremom4e: checks
-koen-2011: bets $3
aremom4e: folds
Uncalled bet ($3) returned to -koen-2011
-koen-2011 collected $11.76 from pot
-koen-2011: doesn't show hand
*** SUMMARY ***
Total pot $12 | Rake $0.24
Board [7d 4h Ah]
Seat 1: aremom4e (big blind) folded on the Flop
Seat 2: -koen-2011 (button) (small blind) collected ($11.76)


PokerStars Hand #146964012180:  Hold'em Limit ($3/$6 USD) - 2016/01/13 8:20:05 ET
Table 'Eurypylos III' 2-max Seat #1 is the button
Seat 1: aremom4e ($193.85 in chips)
Seat 2: -koen-2011 ($120 in chips)
aremom4e: posts small blind $1
-koen-2011: posts big blind $3
*** HOLE CARDS ***
aremom4e: raises $3 to $6
-koen-2011: raises $3 to $9
aremom4e: calls $3
*** FLOP *** [4s Th 2d]
-koen-2011: bets $3
aremom4e: calls $3
*** TURN *** [4s Th 2d] [Td]
-koen-2011: bets $6
aremom4e: raises $6 to $12
-koen-2011: calls $6
*** RIVER *** [4s Th 2d Td] [2h]
-koen-2011: checks
aremom4e: checks
*** SHOW DOWN ***
-koen-2011: shows [Kc Kh] (two pair, Kings and Tens)
aremom4e: mucks hand
-koen-2011 collected $47.50 from pot
*** SUMMARY ***
Total pot $48 | Rake $0.50
Board [4s Th 2d Td 2h]
Seat 1: aremom4e (button) (small blind) mucked
Seat 2: -koen-2011 (big blind) showed [Kc Kh] and won ($47.50) with two pair, Kings and Tens


PokerStars Hand #146964035052:  Hold'em Limit ($3/$6 USD) - 2016/01/13 8:20:40 ET
Table 'Eurypylos III' 2-max Seat #2 is the button
Seat 1: aremom4e ($162.85 in chips)
Seat 2: -koen-2011 ($150.26 in chips)
-koen-2011: posts small blind $1
aremom4e: posts big blind $3
*** HOLE CARDS ***
-koen-2011: folds
Uncalled bet ($2) returned to aremom4e
aremom4e collected $2 from pot
aremom4e: doesn't show hand
*** SUMMARY ***
Total pot $2 | Rake $0
Seat 1: aremom4e (big blind) collected ($2)
Seat 2: -koen-2011 (button) (small blind) folded before Flop


PokerStars Hand #146964032240:  Hold'em Limit ($3/$6 USD) - 2016/01/13 8:20:36 ET
Table 'Eurypylos III' 2-max Seat #1 is the button
Seat 1: aremom4e ($163.85 in chips)
Seat 2: -koen-2011 ($149.26 in chips)
aremom4e: posts small blind $1
-koen-2011: posts big blind $3
*** HOLE CARDS ***
aremom4e: folds
Uncalled bet ($2) returned to -koen-2011
-koen-2011 collected $2 from pot
-koen-2011: doesn't show hand
*** SUMMARY ***
Total pot $2 | Rake $0
Seat 1: aremom4e (button) (small blind) folded before Flop
Seat 2: -koen-2011 (big blind) collected ($2)


PokerStars Hand #146964038189:  Hold'em Limit ($3/$6 USD) - 2016/01/13 8:20:45 ET
Table 'Eurypylos III' 2-max Seat #1 is the button
Seat 1: aremom4e ($163.85 in chips)
Seat 2: -koen-2011 ($149.26 in chips)
aremom4e: posts small blind $1
-koen-2011: posts big blind $3
*** HOLE CARDS ***
aremom4e: raises $3 to $6
-koen-2011: folds
Uncalled bet ($3) returned to aremom4e
aremom4e collected $6 from pot
aremom4e: doesn't show hand
*** SUMMARY ***
Total pot $6 | Rake $0
Seat 1: aremom4e (button) (small blind) collected ($6)
Seat 2: -koen-2011 (big blind) folded before Flop


PokerStars Hand #146964041771:  Hold'em Limit ($3/$6 USD) - 2016/01/13 8:20:51 ET
Table 'Eurypylos III' 2-max Seat #2 is the button
Seat 1: aremom4e ($166.85 in chips)
Seat 2: -koen-2011 ($146.26 in chips)
-koen-2011: posts small blind $1
aremom4e: posts big blind $3
*** HOLE CARDS ***
-koen-2011: raises $3 to $6
aremom4e: calls $3
*** FLOP *** [4c Ks 9c]
aremom4e: checks
-koen-2011: bets $3
aremom4e: folds
Uncalled bet ($3) returned to -koen-2011
-koen-2011 collected $11.76 from pot
-koen-2011: doesn't show hand
*** SUMMARY ***
Total pot $12 | Rake $0.24
Board [4c Ks 9c]
Seat 1: aremom4e (big blind) folded on the Flop
Seat 2: -koen-2011 (button) (small blind) collected ($11.76)


PokerStars Hand #146964049094:  Hold'em Limit ($3/$6 USD) - 2016/01/13 8:21:03 ET
Table 'Eurypylos III' 2-max Seat #1 is the button
Seat 1: aremom4e ($160.85 in chips)
Seat 2: -koen-2011 ($152.02 in chips)
aremom4e: posts small blind $1
-koen-2011: posts big blind $3
*** HOLE CARDS ***
aremom4e: raises $3 to $6
-koen-2011: calls $3
*** FLOP *** [Qh 2c Qc]
-koen-2011: checks
aremom4e: bets $3
-koen-2011: calls $3
*** TURN *** [Qh 2c Qc] [4c]
-koen-2011: checks
aremom4e: checks
*** RIVER *** [Qh 2c Qc 4c] [2d]
-koen-2011: bets $6
aremom4e: calls $6
*** SHOW DOWN ***
-koen-2011: shows [7d 8c] (two pair, Queens and Deuces)
aremom4e: shows [Ah Ac] (two pair, Aces and Queens)
aremom4e collected $29.50 from pot
*** SUMMARY ***
Total pot $30 | Rake $0.50
Board [Qh 2c Qc 4c 2d]
Seat 1: aremom4e (button) (small blind) showed [Ah Ac] and won ($29.50) with two pair, Aces and Queens
Seat 2: -koen-2011 (big blind) showed [7d 8c] and lost with two pair, Queens and Deuces


PokerStars Hand #146964060495:  Hold'em Limit ($3/$6 USD) - 2016/01/13 8:21:21 ET
Table 'Eurypylos III' 2-max Seat #2 is the button
Seat 1: aremom4e ($175.35 in chips)
Seat 2: -koen-2011 ($137.02 in chips)
-koen-2011: posts small blind $1
aremom4e: posts big blind $3
*** HOLE CARDS ***
-koen-2011: raises $3 to $6
aremom4e: raises $3 to $9
-koen-2011: raises $3 to $12
Betting is capped
aremom4e: calls $3
*** FLOP *** [Jd 8d 9d]
aremom4e: checks
-koen-2011: bets $3
aremom4e: raises $3 to $6
-koen-2011: raises $3 to $9
aremom4e: calls $3
*** TURN *** [Jd 8d 9d] [8s]
aremom4e: checks
-koen-2011: bets $6
aremom4e: calls $6
*** RIVER *** [Jd 8d 9d 8s] [2c]
aremom4e: checks
-koen-2011: checks
*** SHOW DOWN ***
aremom4e: shows [Th Tc] (two pair, Tens and Eights)
-koen-2011: mucks hand
aremom4e collected $53.50 from pot
*** SUMMARY ***
Total pot $54 | Rake $0.50
Board [Jd 8d 9d 8s 2c]
Seat 1: aremom4e (big blind) showed [Th Tc] and won ($53.50) with two pair, Tens and Eights
Seat 2: -koen-2011 (button) (small blind) mucked


PokerStars Hand #146964093280:  Hold'em Limit ($3/$6 USD) - 2016/01/13 8:22:12 ET
Table 'Eurypylos III' 2-max Seat #1 is the button
Seat 1: aremom4e ($219.35 in chips)
Seat 2: -koen-2011 ($125.76 in chips)
aremom4e: posts small blind $1
-koen-2011: posts big blind $3
*** HOLE CARDS ***
aremom4e: folds
Uncalled bet ($2) returned to -koen-2011
-koen-2011 collected $2 from pot
-koen-2011: doesn't show hand
*** SUMMARY ***
Total pot $2 | Rake $0
Seat 1: aremom4e (button) (small blind) folded before Flop
Seat 2: -koen-2011 (big blind) collected ($2)


PokerStars Hand #146964087204:  Hold'em Limit ($3/$6 USD) - 2016/01/13 8:22:03 ET
Table 'Eurypylos III' 2-max Seat #2 is the button
Seat 1: aremom4e ($225.35 in chips)
Seat 2: -koen-2011 ($120 in chips)
-koen-2011: posts small blind $1
aremom4e: posts big blind $3
*** HOLE CARDS ***
-koen-2011: raises $3 to $6
aremom4e: calls $3
*** FLOP *** [Jc 7d 9d]
aremom4e: checks
-koen-2011: bets $3
aremom4e: folds
Uncalled bet ($3) returned to -koen-2011
-koen-2011 collected $11.76 from pot
-koen-2011: doesn't show hand
*** SUMMARY ***
Total pot $12 | Rake $0.24
Board [Jc 7d 9d]
Seat 1: aremom4e (big blind) folded on the Flop
Seat 2: -koen-2011 (button) (small blind) collected ($11.76)


PokerStars Hand #146964075036:  Hold'em Limit ($3/$6 USD) - 2016/01/13 8:21:43 ET
Table 'Eurypylos III' 2-max Seat #1 is the button
Seat 1: aremom4e ($201.85 in chips)
Seat 2: -koen-2011 ($120 in chips)
aremom4e: posts small blind $1
-koen-2011: posts big blind $3
*** HOLE CARDS ***
aremom4e: raises $3 to $6
-koen-2011: calls $3
*** FLOP *** [8s 5c 7s]
-koen-2011: checks
aremom4e: bets $3
-koen-2011: raises $3 to $6
aremom4e: calls $3
*** TURN *** [8s 5c 7s] [7c]
-koen-2011: bets $6
aremom4e: calls $6
*** RIVER *** [8s 5c 7s 7c] [6c]
-koen-2011: bets $6
aremom4e: raises $6 to $12
-koen-2011: folds
Uncalled bet ($6) returned to aremom4e
aremom4e collected $47.50 from pot
aremom4e: doesn't show hand
*** SUMMARY ***
Total pot $48 | Rake $0.50
Board [8s 5c 7s 7c 6c]
Seat 1: aremom4e (button) (small blind) collected ($47.50)
Seat 2: -koen-2011 (big blind) folded on the River


PokerStars Hand #146964096405:  Hold'em Limit ($3/$6 USD) - 2016/01/13 8:22:17 ET
Table 'Eurypylos III' 2-max Seat #2 is the button
Seat 1: aremom4e ($218.35 in chips)
Seat 2: -koen-2011 ($126.76 in chips)
-koen-2011: posts small blind $1
aremom4e: posts big blind $3
*** HOLE CARDS ***
-koen-2011: raises $3 to $6
aremom4e: calls $3
*** FLOP *** [2c 8s 5s]
aremom4e: checks
-koen-2011: bets $3
aremom4e: calls $3
*** TURN *** [2c 8s 5s] [4s]
aremom4e: checks
-koen-2011: checks
*** RIVER *** [2c 8s 5s 4s] [Td]
aremom4e: bets $6
-koen-2011: folds
Uncalled bet ($6) returned to aremom4e
aremom4e collected $17.64 from pot
aremom4e: doesn't show hand
*** SUMMARY ***
Total pot $18 | Rake $0.36
Board [2c 8s 5s 4s Td]
Seat 1: aremom4e (big blind) collected ($17.64)
Seat 2: -koen-2011 (button) (small blind) folded on the River


PokerStars Hand #146964116615:  Hold'em Limit ($3/$6 USD) - 2016/01/13 8:22:49 ET
Table 'Eurypylos III' 2-max Seat #2 is the button
Seat 1: aremom4e ($256.49 in chips)
Seat 2: -koen-2011 ($120 in chips)
-koen-2011: posts small blind $1
aremom4e: posts big blind $3
*** HOLE CARDS ***
-koen-2011: raises $3 to $6
aremom4e: calls $3
*** FLOP *** [8s Kd Ks]
aremom4e: checks
-koen-2011: bets $3
aremom4e: folds
Uncalled bet ($3) returned to -koen-2011
-koen-2011 collected $11.76 from pot
-koen-2011: doesn't show hand
*** SUMMARY ***
Total pot $12 | Rake $0.24
Board [8s Kd Ks]
Seat 1: aremom4e (big blind) folded on the Flop
Seat 2: -koen-2011 (button) (small blind) collected ($11.76)


PokerStars Hand #146964105228:  Hold'em Limit ($3/$6 USD) - 2016/01/13 8:22:31 ET
Table 'Eurypylos III' 2-max Seat #1 is the button
Seat 1: aremom4e ($226.99 in chips)
Seat 2: -koen-2011 ($120 in chips)
aremom4e: posts small blind $1
-koen-2011: posts big blind $3
*** HOLE CARDS ***
aremom4e: raises $3 to $6
-koen-2011: raises $3 to $9
aremom4e: calls $3
*** FLOP *** [4c 7s 3c]
-koen-2011: bets $3
aremom4e: calls $3
*** TURN *** [4c 7s 3c] [Td]
-koen-2011: bets $6
aremom4e: raises $6 to $12
-koen-2011: calls $6
*** RIVER *** [4c 7s 3c Td] [6s]
-koen-2011: checks
aremom4e: bets $6
-koen-2011: calls $6
*** SHOW DOWN ***
aremom4e: shows [Ts 5c] (a straight, Three to Seven)
-koen-2011: mucks hand
aremom4e collected $59.50 from pot
*** SUMMARY ***
Total pot $60 | Rake $0.50
Board [4c 7s 3c Td 6s]
Seat 1: aremom4e (button) (small blind) showed [Ts 5c] and won ($59.50) with a straight, Three to Seven
Seat 2: -koen-2011 (big blind) mucked


PokerStars Hand #146964154184:  Hold'em Limit ($3/$6 USD) - 2016/01/13 8:23:47 ET
Table 'Eurypylos III' 2-max Seat #1 is the button
Seat 1: aremom4e ($205.49 in chips)
Seat 2: -koen-2011 ($169.28 in chips)
aremom4e: posts small blind $1
-koen-2011: posts big blind $3
*** HOLE CARDS ***
aremom4e: raises $3 to $6
-koen-2011: calls $3
*** FLOP *** [7h Kh 9s]
-koen-2011: checks
aremom4e: checks
*** TURN *** [7h Kh 9s] [Qd]
-koen-2011: checks
aremom4e: checks
*** RIVER *** [7h Kh 9s Qd] [Js]
-koen-2011: checks
aremom4e: checks
*** SHOW DOWN ***
-koen-2011: shows [Ks 5h] (a pair of Kings)
aremom4e: mucks hand
-koen-2011 collected $11.76 from pot
*** SUMMARY ***
Total pot $12 | Rake $0.24
Board [7h Kh 9s Qd Js]
Seat 1: aremom4e (button) (small blind) mucked
Seat 2: -koen-2011 (big blind) showed [Ks 5h] and won ($11.76) with a pair of Kings


PokerStars Hand #146964144457:  Hold'em Limit ($3/$6 USD) - 2016/01/13 8:23:32 ET
Table 'Eurypylos III' 2-max Seat #2 is the button
Seat 1: aremom4e ($226.49 in chips)
Seat 2: -koen-2011 ($148.78 in chips)
-koen-2011: posts small blind $1
aremom4e: posts big blind $3
*** HOLE CARDS ***
-koen-2011: raises $3 to $6
aremom4e: calls $3
*** FLOP *** [7h 6h 9s]
aremom4e: checks
-koen-2011: bets $3
aremom4e: calls $3
*** TURN *** [7h 6h 9s] [5s]
aremom4e: checks
-koen-2011: checks
*** RIVER *** [7h 6h 9s 5s] [4h]
aremom4e: bets $6
-koen-2011: raises $6 to $12
aremom4e: calls $6
*** SHOW DOWN ***
-koen-2011: shows [6s 8c] (a straight, Five to Nine)
aremom4e: mucks hand
-koen-2011 collected $41.50 from pot
*** SUMMARY ***
Total pot $42 | Rake $0.50
Board [7h 6h 9s 5s 4h]
Seat 1: aremom4e (big blind) mucked
Seat 2: -koen-2011 (button) (small blind) showed [6s 8c] and won ($41.50) with a straight, Five to Nine


PokerStars Hand #146964140844:  Hold'em Limit ($3/$6 USD) - 2016/01/13 8:23:26 ET
Table 'Eurypylos III' 2-max Seat #1 is the button
Seat 1: aremom4e ($223.49 in chips)
Seat 2: -koen-2011 ($151.78 in chips)
aremom4e: posts small blind $1
-koen-2011: posts big blind $3
*** HOLE CARDS ***
aremom4e: raises $3 to $6
-koen-2011: folds
Uncalled bet ($3) returned to aremom4e
aremom4e collected $6 from pot
aremom4e: doesn't show hand
*** SUMMARY ***
Total pot $6 | Rake $0
Seat 1: aremom4e (button) (small blind) collected ($6)
Seat 2: -koen-2011 (big blind) folded before Flop


PokerStars Hand #146964130075:  Hold'em Limit ($3/$6 USD) - 2016/01/13 8:23:09 ET
Table 'Eurypylos III' 2-max Seat #2 is the button
Seat 1: aremom4e ($238.49 in chips)
Seat 2: -koen-2011 ($137.28 in chips)
-koen-2011: posts small blind $1
aremom4e: posts big blind $3
*** HOLE CARDS ***
-koen-2011: raises $3 to $6
aremom4e: calls $3
*** FLOP *** [2h 8d Ts]
aremom4e: checks
-koen-2011: bets $3
aremom4e: calls $3
*** TURN *** [2h 8d Ts] [Jh]
aremom4e: checks
-koen-2011: bets $6
aremom4e: calls $6
*** RIVER *** [2h 8d Ts Jh] [8s]
aremom4e: checks
-koen-2011: bets $6
aremom4e: folds
Uncalled bet ($6) returned to -koen-2011
-koen-2011 collected $29.50 from pot
-koen-2011: doesn't show hand
*** SUMMARY ***
Total pot $30 | Rake $0.50
Board [2h 8d Ts Jh 8s]
Seat 1: aremom4e (big blind) folded on the River
Seat 2: -koen-2011 (button) (small blind) collected ($29.50)


PokerStars Hand #146964122875:  Hold'em Limit ($3/$6 USD) - 2016/01/13 8:22:58 ET
Table 'Eurypylos III' 2-max Seat #1 is the button
Seat 1: aremom4e ($250.49 in chips)
Seat 2: -koen-2011 ($125.76 in chips)
aremom4e: posts small blind $1
-koen-2011: posts big blind $3
*** HOLE CARDS ***
aremom4e: raises $3 to $6
-koen-2011: raises $3 to $9
aremom4e: calls $3
*** FLOP *** [5s 7d 8d]
-koen-2011: bets $3
aremom4e: calls $3
*** TURN *** [5s 7d 8d] [5c]
-koen-2011: bets $6
aremom4e: folds
Uncalled bet ($6) returned to -koen-2011
-koen-2011 collected $23.52 from pot
-koen-2011: doesn't show hand
*** SUMMARY ***
Total pot $24 | Rake $0.48
Board [5s 7d 8d 5c]
Seat 1: aremom4e (button) (small blind) folded on the Turn
Seat 2: -koen-2011 (big blind) collected ($23.52)


PokerStars Hand #146964164127:  Hold'em Limit ($3/$6 USD) - 2016/01/13 8:24:02 ET
Table 'Eurypylos III' 2-max Seat #2 is the button
Seat 1: aremom4e ($199.49 in chips)
Seat 2: -koen-2011 ($175.04 in chips)
-koen-2011: posts small blind $1
aremom4e: posts big blind $3
*** HOLE CARDS ***
-koen-2011: folds
Uncalled bet ($2) returned to aremom4e
aremom4e collected $2 from pot
aremom4e: doesn't show hand
*** SUMMARY ***
Total pot $2 | Rake $0
Seat 1: aremom4e (big blind) collected ($2)
Seat 2: -koen-2011 (button) (small blind) folded before Flop


PokerStars Hand #146964201147:  Hold'em Limit ($3/$6 USD) - 2016/01/13 8:25:00 ET
Table 'Eurypylos III' 2-max Seat #1 is the button
Seat 1: aremom4e ($185.24 in chips)
Seat 2: -koen-2011 ($188.31 in chips)
aremom4e: posts small blind $1
-koen-2011: posts big blind $3
*** HOLE CARDS ***
aremom4e: folds
Uncalled bet ($2) returned to -koen-2011
-koen-2011 collected $2 from pot
-koen-2011: doesn't show hand
*** SUMMARY ***
Total pot $2 | Rake $0
Seat 1: aremom4e (button) (small blind) folded before Flop
Seat 2: -koen-2011 (big blind) collected ($2)


PokerStars Hand #146964198018:  Hold'em Limit ($3/$6 USD) - 2016/01/13 8:24:55 ET
Table 'Eurypylos III' 2-max Seat #2 is the button
Seat 1: aremom4e ($188.24 in chips)
Seat 2: -koen-2011 ($185.31 in chips)
-koen-2011: posts small blind $1
aremom4e: posts big blind $3
*** HOLE CARDS ***
-koen-2011: raises $3 to $6
aremom4e: folds
Uncalled bet ($3) returned to -koen-2011
-koen-2011 collected $6 from pot
-koen-2011: doesn't show hand
*** SUMMARY ***
Total pot $6 | Rake $0
Seat 1: aremom4e (big blind) folded before Flop
Seat 2: -koen-2011 (button) (small blind) collected ($6)


PokerStars Hand #146964195102:  Hold'em Limit ($3/$6 USD) - 2016/01/13 8:24:50 ET
Table 'Eurypylos III' 2-max Seat #1 is the button
Seat 1: aremom4e ($189.24 in chips)
Seat 2: -koen-2011 ($184.31 in chips)
aremom4e: posts small blind $1
-koen-2011: posts big blind $3
*** HOLE CARDS ***
aremom4e: folds
Uncalled bet ($2) returned to -koen-2011
-koen-2011 collected $2 from pot
-koen-2011: doesn't show hand
*** SUMMARY ***
Total pot $2 | Rake $0
Seat 1: aremom4e (button) (small blind) folded before Flop
Seat 2: -koen-2011 (big blind) collected ($2)


PokerStars Hand #146964191913:  Hold'em Limit ($3/$6 USD) - 2016/01/13 8:24:45 ET
Table 'Eurypylos III' 2-max Seat #2 is the button
Seat 1: aremom4e ($188.24 in chips)
Seat 2: -koen-2011 ($185.31 in chips)
-koen-2011: posts small blind $1
aremom4e: posts big blind $3
*** HOLE CARDS ***
-koen-2011: folds
Uncalled bet ($2) returned to aremom4e
aremom4e collected $2 from pot
aremom4e: doesn't show hand
*** SUMMARY ***
Total pot $2 | Rake $0
Seat 1: aremom4e (big blind) collected ($2)
Seat 2: -koen-2011 (button) (small blind) folded before Flop


PokerStars Hand #146964182777:  Hold'em Limit ($3/$6 USD) - 2016/01/13 8:24:31 ET
Table 'Eurypylos III' 2-max Seat #1 is the button
Seat 1: aremom4e ($194.24 in chips)
Seat 2: -koen-2011 ($179.55 in chips)
aremom4e: posts small blind $1
-koen-2011: posts big blind $3
*** HOLE CARDS ***
aremom4e: raises $3 to $6
-koen-2011: calls $3
*** FLOP *** [Kc 9h Kh]
-koen-2011: checks
aremom4e: checks
*** TURN *** [Kc 9h Kh] [9s]
-koen-2011: checks
aremom4e: checks
*** RIVER *** [Kc 9h Kh 9s] [3s]
-koen-2011: checks
aremom4e: checks
*** SHOW DOWN ***
-koen-2011: shows [Qc Ah] (two pair, Kings and Nines)
aremom4e: mucks hand
-koen-2011 collected $11.76 from pot
*** SUMMARY ***
Total pot $12 | Rake $0.24
Board [Kc 9h Kh 9s 3s]
Seat 1: aremom4e (button) (small blind) mucked
Seat 2: -koen-2011 (big blind) showed [Qc Ah] and won ($11.76) with two pair, Kings and Nines


PokerStars Hand #146964177028:  Hold'em Limit ($3/$6 USD) - 2016/01/13 8:24:22 ET
Table 'Eurypylos III' 2-max Seat #2 is the button
Seat 1: aremom4e ($200.24 in chips)
Seat 2: -koen-2011 ($173.79 in chips)
-koen-2011: posts small blind $1
aremom4e: posts big blind $3
*** HOLE CARDS ***
-koen-2011: raises $3 to $6
aremom4e: calls $3
*** FLOP *** [9c Jh As]
aremom4e: checks
-koen-2011: bets $3
aremom4e: folds
Uncalled bet ($3) returned to -koen-2011
-koen-2011 collected $11.76 from pot
-koen-2011: doesn't show hand
*** SUMMARY ***
Total pot $12 | Rake $0.24
Board [9c Jh As]
Seat 1: aremom4e (big blind) folded on the Flop
Seat 2: -koen-2011 (button) (small blind) collected ($11.76)


PokerStars Hand #146964167439:  Hold'em Limit ($3/$6 USD) - 2016/01/13 8:24:07 ET
Table 'Eurypylos III' 2-max Seat #1 is the button
Seat 1: aremom4e ($200.49 in chips)
Seat 2: -koen-2011 ($174.04 in chips)
aremom4e: posts small blind $1
-koen-2011: posts big blind $3
*** HOLE CARDS ***
aremom4e: raises $3 to $6
-koen-2011: calls $3
*** FLOP *** [3s 9c 9d]
-koen-2011: checks
aremom4e: bets $3
-koen-2011: raises $3 to $6
aremom4e: calls $3
*** TURN *** [3s 9c 9d] [2s]
-koen-2011: bets $6
aremom4e: calls $6
*** RIVER *** [3s 9c 9d 2s] [8h]
-koen-2011: bets $6
aremom4e: calls $6
*** SHOW DOWN ***
-koen-2011: shows [7d Ac] (a pair of Nines)
aremom4e: shows [Ad 7s] (a pair of Nines)
-koen-2011 collected $23.75 from pot
aremom4e collected $23.75 from pot
*** SUMMARY ***
Total pot $48 | Rake $0.50
Board [3s 9c 9d 2s 8h]
Seat 1: aremom4e (button) (small blind) showed [Ad 7s] and won ($23.75) with a pair of Nines
Seat 2: -koen-2011 (big blind) showed [7d Ac] and won ($23.75) with a pair of Nines


PokerStars Hand #146964236385:  Hold'em Limit ($3/$6 USD) - 2016/01/13 8:25:54 ET
Table 'Eurypylos III' 2-max Seat #2 is the button
Seat 1: aremom4e ($173.24 in chips)
Seat 2: -koen-2011 ($199.71 in chips)
-koen-2011: posts small blind $1
aremom4e: posts big blind $3
*** HOLE CARDS ***
-koen-2011: folds
Uncalled bet ($2) returned to aremom4e
aremom4e collected $2 from pot
aremom4e: doesn't show hand
*** SUMMARY ***
Total pot $2 | Rake $0
Seat 1: aremom4e (big blind) collected ($2)
Seat 2: -koen-2011 (button) (small blind) folded before Flop


PokerStars Hand #146964224795:  Hold'em Limit ($3/$6 USD) - 2016/01/13 8:25:36 ET
Table 'Eurypylos III' 2-max Seat #1 is the button
Seat 1: aremom4e ($182.24 in chips)
Seat 2: -koen-2011 ($191.07 in chips)
aremom4e: posts small blind $1
-koen-2011: posts big blind $3
*** HOLE CARDS ***
aremom4e: raises $3 to $6
-koen-2011: calls $3
*** FLOP *** [2s 5s 9c]
-koen-2011: checks
aremom4e: bets $3
-koen-2011: calls $3
*** TURN *** [2s 5s 9c] [3s]
-koen-2011: checks
aremom4e: checks
*** RIVER *** [2s 5s 9c 3s] [Qs]
-koen-2011: bets $6
aremom4e: folds
Uncalled bet ($6) returned to -koen-2011
-koen-2011 collected $17.64 from pot
-koen-2011: doesn't show hand
*** SUMMARY ***
Total pot $18 | Rake $0.36
Board [2s 5s 9c 3s Qs]
Seat 1: aremom4e (button) (small blind) folded on the River
Seat 2: -koen-2011 (big blind) collected ($17.64)


PokerStars Hand #146964218901:  Hold'em Limit ($3/$6 USD) - 2016/01/13 8:25:27 ET
Table 'Eurypylos III' 2-max Seat #2 is the button
Seat 1: aremom4e ($188.24 in chips)
Seat 2: -koen-2011 ($185.31 in chips)
-koen-2011: posts small blind $1
aremom4e: posts big blind $3
*** HOLE CARDS ***
-koen-2011: raises $3 to $6
aremom4e: calls $3
*** FLOP *** [Ac As Kh]
aremom4e: checks
-koen-2011: bets $3
aremom4e: folds
Uncalled bet ($3) returned to -koen-2011
-koen-2011 collected $11.76 from pot
-koen-2011: doesn't show hand
*** SUMMARY ***
Total pot $12 | Rake $0.24
Board [Ac As Kh]
Seat 1: aremom4e (big blind) folded on the Flop
Seat 2: -koen-2011 (button) (small blind) collected ($11.76)


PokerStars Hand #146964215262:  Hold'em Limit ($3/$6 USD) - 2016/01/13 8:25:22 ET
Table 'Eurypylos III' 2-max Seat #1 is the button
Seat 1: aremom4e ($185.24 in chips)
Seat 2: -koen-2011 ($188.31 in chips)
aremom4e: posts small blind $1
-koen-2011: posts big blind $3
*** HOLE CARDS ***
aremom4e: raises $3 to $6
-koen-2011: folds
Uncalled bet ($3) returned to aremom4e
aremom4e collected $6 from pot
aremom4e: doesn't show hand
*** SUMMARY ***
Total pot $6 | Rake $0
Seat 1: aremom4e (button) (small blind) collected ($6)
Seat 2: -koen-2011 (big blind) folded before Flop


PokerStars Hand #146964212130:  Hold'em Limit ($3/$6 USD) - 2016/01/13 8:25:17 ET
Table 'Eurypylos III' 2-max Seat #2 is the button
Seat 1: aremom4e ($184.24 in chips)
Seat 2: -koen-2011 ($189.31 in chips)
-koen-2011: posts small blind $1
aremom4e: posts big blind $3
*** HOLE CARDS ***
-koen-2011: folds
Uncalled bet ($2) returned to aremom4e
aremom4e collected $2 from pot
aremom4e: doesn't show hand
*** SUMMARY ***
Total pot $2 | Rake $0
Seat 1: aremom4e (big blind) collected ($2)
Seat 2: -koen-2011 (button) (small blind) folded before Flop


PokerStars Hand #146964208247:  Hold'em Limit ($3/$6 USD) - 2016/01/13 8:25:11 ET
Table 'Eurypylos III' 2-max Seat #1 is the button
Seat 1: aremom4e ($181.24 in chips)
Seat 2: -koen-2011 ($192.31 in chips)
aremom4e: posts small blind $1
-koen-2011: posts big blind $3
*** HOLE CARDS ***
aremom4e: raises $3 to $6
-koen-2011: folds
Uncalled bet ($3) returned to aremom4e
aremom4e collected $6 from pot
aremom4e: doesn't show hand
*** SUMMARY ***
Total pot $6 | Rake $0
Seat 1: aremom4e (button) (small blind) collected ($6)
Seat 2: -koen-2011 (big blind) folded before Flop


PokerStars Hand #146964204375:  Hold'em Limit ($3/$6 USD) - 2016/01/13 8:25:05 ET
Table 'Eurypylos III' 2-max Seat #2 is the button
Seat 1: aremom4e ($184.24 in chips)
Seat 2: -koen-2011 ($189.31 in chips)
-koen-2011: posts small blind $1
aremom4e: posts big blind $3
*** HOLE CARDS ***
-koen-2011: raises $3 to $6
aremom4e: folds
Uncalled bet ($3) returned to -koen-2011
-koen-2011 collected $6 from pot
-koen-2011: doesn't show hand
*** SUMMARY ***
Total pot $6 | Rake $0
Seat 1: aremom4e (big blind) folded before Flop
Seat 2: -koen-2011 (button) (small blind) collected ($6)


PokerStars Hand #146964270763:  Hold'em Limit ($3/$6 USD) - 2016/01/13 8:26:48 ET
Table 'Eurypylos III' 2-max Seat #2 is the button
Seat 1: aremom4e ($132.24 in chips)
Seat 2: -koen-2011 ($239.97 in chips)
-koen-2011: posts small blind $1
aremom4e: posts big blind $3
*** HOLE CARDS ***
-koen-2011: raises $3 to $6
aremom4e: raises $3 to $9
-koen-2011: calls $3
*** FLOP *** [Qd Tc Ad]
aremom4e: checks
-koen-2011: checks
*** TURN *** [Qd Tc Ad] [Ah]
aremom4e: bets $6
-koen-2011: folds
Uncalled bet ($6) returned to aremom4e
aremom4e collected $17.64 from pot
aremom4e: doesn't show hand
*** SUMMARY ***
Total pot $18 | Rake $0.36
Board [Qd Tc Ad Ah]
Seat 1: aremom4e (big blind) collected ($17.64)
Seat 2: -koen-2011 (button) (small blind) folded on the Turn


PokerStars Hand #146964264960:  Hold'em Limit ($3/$6 USD) - 2016/01/13 8:26:39 ET
Table 'Eurypylos III' 2-max Seat #1 is the button
Seat 1: aremom4e ($129.24 in chips)
Seat 2: -koen-2011 ($242.97 in chips)
aremom4e: posts small blind $1
-koen-2011: posts big blind $3
*** HOLE CARDS ***
aremom4e: raises $3 to $6
-koen-2011: folds
Uncalled bet ($3) returned to aremom4e
aremom4e collected $6 from pot
aremom4e: doesn't show hand
*** SUMMARY ***
Total pot $6 | Rake $0
Seat 1: aremom4e (button) (small blind) collected ($6)
Seat 2: -koen-2011 (big blind) folded before Flop


PokerStars Hand #146964249535:  Hold'em Limit ($3/$6 USD) - 2016/01/13 8:26:15 ET
Table 'Eurypylos III' 2-max Seat #2 is the button
Seat 1: aremom4e ($168.24 in chips)
Seat 2: -koen-2011 ($204.47 in chips)
-koen-2011: posts small blind $1
aremom4e: posts big blind $3
*** HOLE CARDS ***
-koen-2011: raises $3 to $6
aremom4e: raises $3 to $9
-koen-2011: raises $3 to $12
Betting is capped
aremom4e: calls $3
*** FLOP *** [5d Jc 5c]
aremom4e: checks
-koen-2011: bets $3
aremom4e: calls $3
*** TURN *** [5d Jc 5c] [Td]
aremom4e: checks
-koen-2011: bets $6
aremom4e: raises $6 to $12
-koen-2011: raises $6 to $18
aremom4e: calls $6
*** RIVER *** [5d Jc 5c Td] [8d]
aremom4e: checks
-koen-2011: bets $6
aremom4e: calls $6
*** SHOW DOWN ***
-koen-2011: shows [5h 5s] (four of a kind, Fives)
aremom4e: mucks hand
-koen-2011 collected $77.50 from pot
*** SUMMARY ***
Total pot $78 | Rake $0.50
Board [5d Jc 5c Td 8d]
Seat 1: aremom4e (big blind) mucked
Seat 2: -koen-2011 (button) (small blind) showed [5h 5s] and won ($77.50) with four of a kind, Fives


PokerStars Hand #146964240829:  Hold'em Limit ($3/$6 USD) - 2016/01/13 8:26:01 ET
Table 'Eurypylos III' 2-max Seat #1 is the button
Seat 1: aremom4e ($174.24 in chips)
Seat 2: -koen-2011 ($198.71 in chips)
aremom4e: posts small blind $1
-koen-2011: posts big blind $3
*** HOLE CARDS ***
aremom4e: raises $3 to $6
-koen-2011: calls $3
*** FLOP *** [2c Ad 8c]
-koen-2011: checks
aremom4e: checks
*** TURN *** [2c Ad 8c] [Jc]
-koen-2011: checks
aremom4e: checks
*** RIVER *** [2c Ad 8c Jc] [Kh]
-koen-2011: bets $6
aremom4e: folds
Uncalled bet ($6) returned to -koen-2011
-koen-2011 collected $11.76 from pot
-koen-2011: doesn't show hand
*** SUMMARY ***
Total pot $12 | Rake $0.24
Board [2c Ad 8c Jc Kh]
Seat 1: aremom4e (button) (small blind) folded on the River
Seat 2: -koen-2011 (big blind) collected ($11.76)


PokerStars Hand #146964316457:  Hold'em Limit ($3/$6 USD) - 2016/01/13 8:27:58 ET
Table 'Eurypylos III' 2-max Seat #2 is the button
Seat 1: aremom4e ($77.88 in chips)
Seat 2: -koen-2011 ($292.47 in chips)
-koen-2011: posts small blind $1
aremom4e: posts big blind $3
*** HOLE CARDS ***
-koen-2011: folds
Uncalled bet ($2) returned to aremom4e
aremom4e collected $2 from pot
aremom4e: doesn't show hand
*** SUMMARY ***
Total pot $2 | Rake $0
Seat 1: aremom4e (big blind) collected ($2)
Seat 2: -koen-2011 (button) (small blind) folded before Flop


PokerStars Hand #146964306273:  Hold'em Limit ($3/$6 USD) - 2016/01/13 8:27:42 ET
Table 'Eurypylos III' 2-max Seat #1 is the button
Seat 1: aremom4e ($95.88 in chips)
Seat 2: -koen-2011 ($274.97 in chips)
aremom4e: posts small blind $1
-koen-2011: posts big blind $3
*** HOLE CARDS ***
aremom4e: raises $3 to $6
-koen-2011: calls $3
*** FLOP *** [2c 4s Tc]
-koen-2011: checks
aremom4e: bets $3
-koen-2011: raises $3 to $6
aremom4e: calls $3
*** TURN *** [2c 4s Tc] [Jh]
-koen-2011: bets $6
aremom4e: calls $6
*** RIVER *** [2c 4s Tc Jh] [4c]
-koen-2011: bets $6
aremom4e: folds
Uncalled bet ($6) returned to -koen-2011
-koen-2011 collected $35.50 from pot
-koen-2011: doesn't show hand
*** SUMMARY ***
Total pot $36 | Rake $0.50
Board [2c 4s Tc Jh 4c]
Seat 1: aremom4e (button) (small blind) folded on the River
Seat 2: -koen-2011 (big blind) collected ($35.50)


PokerStars Hand #146964294355:  Hold'em Limit ($3/$6 USD) - 2016/01/13 8:27:24 ET
Table 'Eurypylos III' 2-max Seat #2 is the button
Seat 1: aremom4e ($116.88 in chips)
Seat 2: -koen-2011 ($254.47 in chips)
-koen-2011: posts small blind $1
aremom4e: posts big blind $3
*** HOLE CARDS ***
-koen-2011: raises $3 to $6
aremom4e: raises $3 to $9
-koen-2011: calls $3
*** FLOP *** [4h 2d 7c]
aremom4e: bets $3
-koen-2011: raises $3 to $6
aremom4e: calls $3
*** TURN *** [4h 2d 7c] [8c]
aremom4e: checks
-koen-2011: bets $6
aremom4e: calls $6
*** RIVER *** [4h 2d 7c 8c] [2s]
aremom4e: checks
-koen-2011: bets $6
aremom4e: folds
Uncalled bet ($6) returned to -koen-2011
-koen-2011 collected $41.50 from pot
-koen-2011: doesn't show hand
*** SUMMARY ***
Total pot $42 | Rake $0.50
Board [4h 2d 7c 8c 2s]
Seat 1: aremom4e (big blind) folded on the River
Seat 2: -koen-2011 (button) (small blind) collected ($41.50)


PokerStars Hand #146964281651:  Hold'em Limit ($3/$6 USD) - 2016/01/13 8:27:04 ET
Table 'Eurypylos III' 2-max Seat #1 is the button
Seat 1: aremom4e ($140.88 in chips)
Seat 2: -koen-2011 ($230.97 in chips)
aremom4e: posts small blind $1
-koen-2011: posts big blind $3
*** HOLE CARDS ***
aremom4e: raises $3 to $6
-koen-2011: calls $3
*** FLOP *** [6d 6c 7c]
-koen-2011: checks
aremom4e: bets $3
-koen-2011: raises $3 to $6
aremom4e: calls $3
*** TURN *** [6d 6c 7c] [9d]
-koen-2011: bets $6
aremom4e: calls $6
*** RIVER *** [6d 6c 7c 9d] [8c]
-koen-2011: bets $6
aremom4e: calls $6
*** SHOW DOWN ***
-koen-2011: shows [5c Ac] (a flush, Ace high)
aremom4e: mucks hand
-koen-2011 collected $47.50 from pot
*** SUMMARY ***
Total pot $48 | Rake $0.50
Board [6d 6c 7c 9d 8c]
Seat 1: aremom4e (button) (small blind) mucked
Seat 2: -koen-2011 (big blind) showed [5c Ac] and won ($47.50) with a flush, Ace high


PokerStars Hand #146964349278:  Hold'em Limit ($3/$6 USD) - 2016/01/13 8:28:49 ET
Table 'Eurypylos III' 2-max Seat #1 is the button
Seat 1: aremom4e ($52.88 in chips)
Seat 2: -koen-2011 ($316.73 in chips)
aremom4e: posts small blind $1
-koen-2011: posts big blind $3
*** HOLE CARDS ***
aremom4e: folds
Uncalled bet ($2) returned to -koen-2011
-koen-2011 collected $2 from pot
-koen-2011: doesn't show hand
*** SUMMARY ***
Total pot $2 | Rake $0
Seat 1: aremom4e (button) (small blind) folded before Flop
Seat 2: -koen-2011 (big blind) collected ($2)


PokerStars Hand #146964345249:  Hold'em Limit ($3/$6 USD) - 2016/01/13 8:28:43 ET
Table 'Eurypylos III' 2-max Seat #2 is the button
Seat 1: aremom4e ($51.88 in chips)
Seat 2: -koen-2011 ($317.73 in chips)
-koen-2011: posts small blind $1
aremom4e: posts big blind $3
*** HOLE CARDS ***
-koen-2011: folds
Uncalled bet ($2) returned to aremom4e
aremom4e collected $2 from pot
aremom4e: doesn't show hand
*** SUMMARY ***
Total pot $2 | Rake $0
Seat 1: aremom4e (big blind) collected ($2)
Seat 2: -koen-2011 (button) (small blind) folded before Flop


PokerStars Hand #146964329720:  Hold'em Limit ($3/$6 USD) - 2016/01/13 8:28:19 ET
Table 'Eurypylos III' 2-max Seat #1 is the button
Seat 1: aremom4e ($75.88 in chips)
Seat 2: -koen-2011 ($294.23 in chips)
aremom4e: posts small blind $1
-koen-2011: posts big blind $3
*** HOLE CARDS ***
aremom4e: raises $3 to $6
-koen-2011: calls $3
*** FLOP *** [5d 3s 9h]
-koen-2011: checks
aremom4e: bets $3
-koen-2011: raises $3 to $6
aremom4e: calls $3
*** TURN *** [5d 3s 9h] [4d]
-koen-2011: bets $6
aremom4e: calls $6
*** RIVER *** [5d 3s 9h 4d] [7h]
-koen-2011: bets $6
aremom4e: calls $6
*** SHOW DOWN ***
-koen-2011: shows [Qc 9d] (a pair of Nines)
aremom4e: mucks hand
-koen-2011 collected $47.50 from pot
*** SUMMARY ***
Total pot $48 | Rake $0.50
Board [5d 3s 9h 4d 7h]
Seat 1: aremom4e (button) (small blind) mucked
Seat 2: -koen-2011 (big blind) showed [Qc 9d] and won ($47.50) with a pair of Nines


PokerStars Hand #146964323306:  Hold'em Limit ($3/$6 USD) - 2016/01/13 8:28:09 ET
Table 'Eurypylos III' 2-max Seat #2 is the button
Seat 1: aremom4e ($81.88 in chips)
Seat 2: -koen-2011 ($288.47 in chips)
-koen-2011: posts small blind $1
aremom4e: posts big blind $3
*** HOLE CARDS ***
-koen-2011: raises $3 to $6
aremom4e: calls $3
*** FLOP *** [Tc Jh 5c]
aremom4e: checks
-koen-2011: bets $3
aremom4e: folds
Uncalled bet ($3) returned to -koen-2011
-koen-2011 collected $11.76 from pot
-koen-2011: doesn't show hand
*** SUMMARY ***
Total pot $12 | Rake $0.24
Board [Tc Jh 5c]
Seat 1: aremom4e (big blind) folded on the Flop
Seat 2: -koen-2011 (button) (small blind) collected ($11.76)


PokerStars Hand #146964319699:  Hold'em Limit ($3/$6 USD) - 2016/01/13 8:28:03 ET
Table 'Eurypylos III' 2-max Seat #1 is the button
Seat 1: aremom4e ($78.88 in chips)
Seat 2: -koen-2011 ($291.47 in chips)
aremom4e: posts small blind $1
-koen-2011: posts big blind $3
*** HOLE CARDS ***
aremom4e: raises $3 to $6
-koen-2011: folds
Uncalled bet ($3) returned to aremom4e
aremom4e collected $6 from pot
aremom4e: doesn't show hand
*** SUMMARY ***
Total pot $6 | Rake $0
Seat 1: aremom4e (button) (small blind) collected ($6)
Seat 2: -koen-2011 (big blind) folded before Flop


PokerStars Hand #146964389641:  Hold'em Limit ($3/$6 USD) - 2016/01/13 8:29:53 ET
Table 'Eurypylos III' 2-max Seat #1 is the button
Seat 1: aremom4e ($16.88 in chips)
Seat 2: -koen-2011 ($351.39 in chips)
aremom4e: posts small blind $1
-koen-2011: posts big blind $3
*** HOLE CARDS ***
aremom4e: folds
Uncalled bet ($2) returned to -koen-2011
-koen-2011 collected $2 from pot
-koen-2011: doesn't show hand
*** SUMMARY ***
Total pot $2 | Rake $0
Seat 1: aremom4e (button) (small blind) folded before Flop
Seat 2: -koen-2011 (big blind) collected ($2)


PokerStars Hand #146964386488:  Hold'em Limit ($3/$6 USD) - 2016/01/13 8:29:48 ET
Table 'Eurypylos III' 2-max Seat #2 is the button
Seat 1: aremom4e ($15.88 in chips)
Seat 2: -koen-2011 ($352.39 in chips)
-koen-2011: posts small blind $1
aremom4e: posts big blind $3
*** HOLE CARDS ***
-koen-2011: folds
Uncalled bet ($2) returned to aremom4e
aremom4e collected $2 from pot
aremom4e: doesn't show hand
*** SUMMARY ***
Total pot $2 | Rake $0
Seat 1: aremom4e (big blind) collected ($2)
Seat 2: -koen-2011 (button) (small blind) folded before Flop


PokerStars Hand #146964382808:  Hold'em Limit ($3/$6 USD) - 2016/01/13 8:29:42 ET
Table 'Eurypylos III' 2-max Seat #1 is the button
Seat 1: aremom4e ($12.88 in chips)
Seat 2: -koen-2011 ($355.39 in chips)
aremom4e: posts small blind $1
-koen-2011: posts big blind $3
*** HOLE CARDS ***
aremom4e: raises $3 to $6
-koen-2011: folds
Uncalled bet ($3) returned to aremom4e
aremom4e collected $6 from pot
aremom4e: doesn't show hand
*** SUMMARY ***
Total pot $6 | Rake $0
Seat 1: aremom4e (button) (small blind) collected ($6)
Seat 2: -koen-2011 (big blind) folded before Flop


PokerStars Hand #146964375262:  Hold'em Limit ($3/$6 USD) - 2016/01/13 8:29:30 ET
Table 'Eurypylos III' 2-max Seat #2 is the button
Seat 1: aremom4e ($24.88 in chips)
Seat 2: -koen-2011 ($343.87 in chips)
-koen-2011: posts small blind $1
aremom4e: posts big blind $3
*** HOLE CARDS ***
-koen-2011: raises $3 to $6
aremom4e: raises $3 to $9
-koen-2011: raises $3 to $12
Betting is capped
aremom4e: calls $3
*** FLOP *** [Ad 3h 3s]
aremom4e: checks
-koen-2011: bets $3
aremom4e: folds
Uncalled bet ($3) returned to -koen-2011
-koen-2011 collected $23.52 from pot
-koen-2011: doesn't show hand
*** SUMMARY ***
Total pot $24 | Rake $0.48
Board [Ad 3h 3s]
Seat 1: aremom4e (big blind) folded on the Flop
Seat 2: -koen-2011 (button) (small blind) collected ($23.52)


PokerStars Hand #146964372329:  Hold'em Limit ($3/$6 USD) - 2016/01/13 8:29:25 ET
Table 'Eurypylos III' 2-max Seat #1 is the button
Seat 1: aremom4e ($25.88 in chips)
Seat 2: -koen-2011 ($342.87 in chips)
aremom4e: posts small blind $1
-koen-2011: posts big blind $3
*** HOLE CARDS ***
aremom4e: folds
Uncalled bet ($2) returned to -koen-2011
-koen-2011 collected $2 from pot
-koen-2011: doesn't show hand
*** SUMMARY ***
Total pot $2 | Rake $0
Seat 1: aremom4e (button) (small blind) folded before Flop
Seat 2: -koen-2011 (big blind) collected ($2)


PokerStars Hand #146964368847:  Hold'em Limit ($3/$6 USD) - 2016/01/13 8:29:20 ET
Table 'Eurypylos III' 2-max Seat #2 is the button
Seat 1: aremom4e ($24.88 in chips)
Seat 2: -koen-2011 ($343.87 in chips)
-koen-2011: posts small blind $1
aremom4e: posts big blind $3
*** HOLE CARDS ***
-koen-2011: folds
Uncalled bet ($2) returned to aremom4e
aremom4e collected $2 from pot
aremom4e: doesn't show hand
*** SUMMARY ***
Total pot $2 | Rake $0
Seat 1: aremom4e (big blind) collected ($2)
Seat 2: -koen-2011 (button) (small blind) folded before Flop


PokerStars Hand #146964361961:  Hold'em Limit ($3/$6 USD) - 2016/01/13 8:29:09 ET
Table 'Eurypylos III' 2-max Seat #1 is the button
Seat 1: aremom4e ($33.88 in chips)
Seat 2: -koen-2011 ($335.23 in chips)
aremom4e: posts small blind $1
-koen-2011: posts big blind $3
*** HOLE CARDS ***
aremom4e: raises $3 to $6
-koen-2011: calls $3
*** FLOP *** [Kd Qc 8h]
-koen-2011: checks
aremom4e: bets $3
-koen-2011: raises $3 to $6
aremom4e: folds
Uncalled bet ($3) returned to -koen-2011
-koen-2011 collected $17.64 from pot
-koen-2011: doesn't show hand
*** SUMMARY ***
Total pot $18 | Rake $0.36
Board [Kd Qc 8h]
Seat 1: aremom4e (button) (small blind) folded on the Flop
Seat 2: -koen-2011 (big blind) collected ($17.64)


PokerStars Hand #146964352171:  Hold'em Limit ($3/$6 USD) - 2016/01/13 8:28:54 ET
Table 'Eurypylos III' 2-max Seat #2 is the button
Seat 1: aremom4e ($51.88 in chips)
Seat 2: -koen-2011 ($317.73 in chips)
-koen-2011: posts small blind $1
aremom4e: posts big blind $3
*** HOLE CARDS ***
-koen-2011: raises $3 to $6
aremom4e: calls $3
*** FLOP *** [Qh Qd Td]
aremom4e: checks
-koen-2011: checks
*** TURN *** [Qh Qd Td] [Jh]
aremom4e: bets $6
-koen-2011: raises $6 to $12
aremom4e: calls $6
*** RIVER *** [Qh Qd Td Jh] [2h]
aremom4e: checks
-koen-2011: bets $6
aremom4e: folds
Uncalled bet ($6) returned to -koen-2011
-koen-2011 collected $35.50 from pot
-koen-2011: doesn't show hand
*** SUMMARY ***
Total pot $36 | Rake $0.50
Board [Qh Qd Td Jh 2h]
Seat 1: aremom4e (big blind) folded on the River
Seat 2: -koen-2011 (button) (small blind) collected ($35.50)


PokerStars Hand #146964392822:  Hold'em Limit ($3/$6 USD) - 2016/01/13 8:29:57 ET
Table 'Eurypylos III' 2-max Seat #2 is the button
Seat 1: aremom4e ($15.88 in chips)
Seat 2: -koen-2011 ($352.39 in chips)
-koen-2011: posts small blind $1
aremom4e: posts big blind $3
*** HOLE CARDS ***
-koen-2011: raises $3 to $6
aremom4e: raises $3 to $9
-koen-2011: raises $3 to $12
Betting is capped
aremom4e: calls $3
*** FLOP *** [As 3c 9s]
aremom4e: checks
-koen-2011: bets $3
aremom4e: calls $3
*** TURN *** [As 3c 9s] [Js]
aremom4e: checks
-koen-2011: bets $6
aremom4e: calls $0.88 and is all-in
Uncalled bet ($5.12) returned to -koen-2011
*** RIVER *** [As 3c 9s Js] [Ts]
*** SHOW DOWN ***
aremom4e: shows [Th Kc] (a pair of Tens)
-koen-2011: shows [6d Ah] (a pair of Aces)
-koen-2011 collected $31.26 from pot
*** SUMMARY ***
Total pot $31.76 | Rake $0.50
Board [As 3c 9s Js Ts]
Seat 1: aremom4e (big blind) showed [Th Kc] and lost with a pair of Tens
Seat 2: -koen-2011 (button) (small blind) showed [6d Ah] and won ($31.26) with a pair of Aces


