PokerStars Hand #154466020415:  Hold'em Limit ($3/$6 USD) - 2016/06/08 12:59:12 ET
Table 'Eurynome' 6-max Seat #3 is the button
Seat 3: Hats007 ($120 in chips)
Seat 4: Agrotait ($72 in chips)
Hats007: posts small blind $1
Agrotait: posts big blind $3
*** HOLE CARDS ***
Hats007: calls $2
Agrotait: checks
*** FLOP *** [Ah Kh Qs]
Agrotait: checks
Hats007: bets $3
grabaz joins the table at seat #5
Agrotait: calls $3
*** TURN *** [Ah Kh Qs] [9c]
Agrotait: checks
Hats007: bets $6
tomte999 joins the table at seat #6
Agrotait: folds
Uncalled bet ($6) returned to Hats007
Hats007 collected $11.76 from pot
Hats007: doesn't show hand
*** SUMMARY ***
Total pot $12 | Rake $0.24
Board [Ah Kh Qs 9c]
Seat 3: Hats007 (button) (small blind) collected ($11.76)
Seat 4: Agrotait (big blind) folded on the Turn


PokerStars Hand #154468275242:  Hold'em Limit ($3/$6 USD) - 2016/06/08 13:48:38 ET
Table 'Eurynome' 6-max Seat #4 is the button
Seat 3: Hats007 ($203.46 in chips)
Seat 4: Wurst2000 ($92.70 in chips)
Wurst2000: posts small blind $1
Hats007: posts big blind $3
*** HOLE CARDS ***
Wurst2000: raises $3 to $6
Hats007: raises $3 to $9
Wurst2000: raises $3 to $12
Betting is capped
Hats007: calls $3
*** FLOP *** [4d 7d 5s]
RJF1943 joins the table at seat #5
Hats007: bets $3
Wurst2000: calls $3
*** TURN *** [4d 7d 5s] [9d]
Hats007: bets $6
Wurst2000: folds
Uncalled bet ($6) returned to Hats007
Hats007 collected $29.50 from pot
Hats007: doesn't show hand
*** SUMMARY ***
Total pot $30 | Rake $0.50
Board [4d 7d 5s 9d]
Seat 3: Hats007 (big blind) collected ($29.50)
Seat 4: Wurst2000 (button) (small blind) folded on the Turn


PokerStars Hand #154468257019:  Hold'em Limit ($3/$6 USD) - 2016/06/08 13:48:15 ET
Table 'Eurynome' 6-max Seat #3 is the button
Seat 3: Hats007 ($189.94 in chips)
Seat 4: Wurst2000 ($106.70 in chips)
Hats007: posts small blind $1
Wurst2000: posts big blind $3
*** HOLE CARDS ***
Hats007: folds
Uncalled bet ($2) returned to Wurst2000
Wurst2000 collected $2 from pot
Wurst2000: doesn't show hand
*** SUMMARY ***
Total pot $2 | Rake $0
Seat 3: Hats007 (button) (small blind) folded before Flop
Seat 4: Wurst2000 (big blind) collected ($2)


PokerStars Hand #154468244292:  Hold'em Limit ($3/$6 USD) - 2016/06/08 13:47:58 ET
Table 'Eurynome' 6-max Seat #4 is the button
Seat 3: Hats007 ($207.94 in chips)
Seat 4: Wurst2000 ($89.20 in chips)
Wurst2000: posts small blind $1
grabaz: is sitting out
Hats007: posts big blind $3
*** HOLE CARDS ***
Wurst2000: raises $3 to $6
Hats007: raises $3 to $9
grabaz leaves the table
Wurst2000: calls $3
*** FLOP *** [Qc 2s 8d]
Hats007: bets $3
Wurst2000: calls $3
*** TURN *** [Qc 2s 8d] [Qh]
Hats007: bets $6
Wurst2000: calls $6
*** RIVER *** [Qc 2s 8d Qh] [4s]
Hats007: checks
Wurst2000: checks
*** SHOW DOWN ***
Hats007: shows [5d As] (a pair of Queens)
Wurst2000: shows [6s Ac] (a pair of Queens - Ace+Eight+Six kicker)
Wurst2000 collected $35.50 from pot
*** SUMMARY ***
Total pot $36 | Rake $0.50
Board [Qc 2s 8d Qh 4s]
Seat 3: Hats007 (big blind) showed [5d As] and lost with a pair of Queens
Seat 4: Wurst2000 (button) (small blind) showed [6s Ac] and won ($35.50) with a pair of Queens


PokerStars Hand #154468270874:  Hold'em Limit ($3/$6 USD) - 2016/06/08 13:48:32 ET
Table 'Eurynome' 6-max Seat #3 is the button
Seat 3: Hats007 ($200.46 in chips)
Seat 4: Wurst2000 ($95.70 in chips)
Hats007: posts small blind $1
Wurst2000: posts big blind $3
*** HOLE CARDS ***
Hats007: raises $3 to $6
Wurst2000: folds
Uncalled bet ($3) returned to Hats007
Hats007 collected $6 from pot
Hats007: doesn't show hand
*** SUMMARY ***
Total pot $6 | Rake $0
Seat 3: Hats007 (button) (small blind) collected ($6)
Seat 4: Wurst2000 (big blind) folded before Flop


PokerStars Hand #154468260517:  Hold'em Limit ($3/$6 USD) - 2016/06/08 13:48:19 ET
Table 'Eurynome' 6-max Seat #4 is the button
Seat 3: Hats007 ($188.94 in chips)
Seat 4: Wurst2000 ($107.70 in chips)
Wurst2000: posts small blind $1
Hats007: posts big blind $3
*** HOLE CARDS ***
Wurst2000: raises $3 to $6
Hats007: raises $3 to $9
Wurst2000: calls $3
*** FLOP *** [3c 6c 4c]
Hats007: bets $3
Wurst2000: calls $3
*** TURN *** [3c 6c 4c] [6d]
Hats007: bets $6
Wurst2000: folds
Uncalled bet ($6) returned to Hats007
Hats007 collected $23.52 from pot
Hats007: doesn't show hand
*** SUMMARY ***
Total pot $24 | Rake $0.48
Board [3c 6c 4c 6d]
Seat 3: Hats007 (big blind) collected ($23.52)
Seat 4: Wurst2000 (button) (small blind) folded on the Turn


PokerStars Hand #154468289041:  Hold'em Limit ($3/$6 USD) - 2016/06/08 13:48:56 ET
Table 'Eurynome' 6-max Seat #3 is the button
Seat 3: Hats007 ($217.96 in chips)
Seat 4: Wurst2000 ($77.70 in chips)
Hats007: posts small blind $1
Wurst2000: posts big blind $3
*** HOLE CARDS ***
Hats007: calls $2
Wurst2000: raises $3 to $6
Hats007: calls $3
*** FLOP *** [As 2c Qh]
Wurst2000: bets $3
Hats007: folds
Uncalled bet ($3) returned to Wurst2000
GRAILKO joins the table at seat #6
Wurst2000 collected $11.76 from pot
Wurst2000: doesn't show hand
*** SUMMARY ***
Total pot $12 | Rake $0.24
Board [As 2c Qh]
Seat 3: Hats007 (button) (small blind) folded on the Flop
Seat 4: Wurst2000 (big blind) collected ($11.76)


PokerStars Hand #154469625412:  Hold'em Limit ($3/$6 USD) - 2016/06/08 14:17:57 ET
Table 'Eurynome' 6-max Seat #2 is the button
Seat 2: 0°-MIDWINTER ($90.71 in chips)
Seat 6: Chessnok ($60 in chips)
0°-MIDWINTER: posts small blind $1
Chessnok: posts big blind $3
*** HOLE CARDS ***
0°-MIDWINTER: folds
Uncalled bet ($2) returned to Chessnok
Chessnok collected $2 from pot
Chessnok: doesn't show hand
*** SUMMARY ***
Total pot $2 | Rake $0
Seat 2: 0°-MIDWINTER (button) (small blind) folded before Flop
Seat 6: Chessnok (big blind) collected ($2)


PokerStars Hand #154469621172:  Hold'em Limit ($3/$6 USD) - 2016/06/08 14:17:52 ET
Table 'Eurynome' 6-max Seat #6 is the button
Seat 2: 0°-MIDWINTER ($89.71 in chips)
Seat 6: Chessnok ($61 in chips)
Chessnok: posts small blind $1
grabaz: is sitting out
0°-MIDWINTER: posts big blind $3
*** HOLE CARDS ***
RockKillerTY leaves the table
Chessnok: folds
Uncalled bet ($2) returned to 0°-MIDWINTER
0°-MIDWINTER collected $2 from pot
0°-MIDWINTER: doesn't show hand
*** SUMMARY ***
Total pot $2 | Rake $0
Seat 2: 0°-MIDWINTER (big blind) collected ($2)
Seat 6: Chessnok (button) (small blind) folded before Flop


PokerStars Hand #154469637573:  Hold'em Limit ($3/$6 USD) - 2016/06/08 14:18:12 ET
Table 'Eurynome' 6-max Seat #2 is the button
Seat 2: 0°-MIDWINTER ($86.71 in chips)
Seat 6: Chessnok ($64 in chips)
0°-MIDWINTER: posts small blind $1
Chessnok: posts big blind $3
*** HOLE CARDS ***
0°-MIDWINTER: folds
Uncalled bet ($2) returned to Chessnok
Chessnok collected $2 from pot
Chessnok: doesn't show hand
*** SUMMARY ***
Total pot $2 | Rake $0
Seat 2: 0°-MIDWINTER (button) (small blind) folded before Flop
Seat 6: Chessnok (big blind) collected ($2)


PokerStars Hand #154469629131:  Hold'em Limit ($3/$6 USD) - 2016/06/08 14:18:02 ET
Table 'Eurynome' 6-max Seat #6 is the button
Seat 2: 0°-MIDWINTER ($89.71 in chips)
Seat 6: Chessnok ($61 in chips)
Chessnok: posts small blind $1
0°-MIDWINTER: posts big blind $3
*** HOLE CARDS ***
Chessnok: raises $3 to $6
grabaz leaves the table
0°-MIDWINTER: folds
Uncalled bet ($3) returned to Chessnok
Chessnok collected $6 from pot
Chessnok: doesn't show hand
*** SUMMARY ***
Total pot $6 | Rake $0
Seat 2: 0°-MIDWINTER (big blind) folded before Flop
Seat 6: Chessnok (button) (small blind) collected ($6)


PokerStars Hand #154469641767:  Hold'em Limit ($3/$6 USD) - 2016/06/08 14:18:17 ET
Table 'Eurynome' 6-max Seat #6 is the button
Seat 2: 0°-MIDWINTER ($85.71 in chips)
Seat 6: Chessnok ($65 in chips)
Chessnok: posts small blind $1
0°-MIDWINTER: posts big blind $3
*** HOLE CARDS ***
Chessnok: raises $3 to $6
TbIP-TbIP 88 joins the table at seat #3
0°-MIDWINTER: folds
Uncalled bet ($3) returned to Chessnok
Chessnok collected $6 from pot
Chessnok: doesn't show hand
*** SUMMARY ***
Total pot $6 | Rake $0
Seat 2: 0°-MIDWINTER (big blind) folded before Flop
Seat 6: Chessnok (button) (small blind) collected ($6)


PokerStars Hand #154469786976:  Hold'em Limit ($3/$6 USD) - 2016/06/08 14:21:16 ET
Table 'Eurynome' 6-max Seat #6 is the button
Seat 2: 0°-MIDWINTER ($128.11 in chips)
Seat 6: Chessnok ($60 in chips)
Chessnok: posts small blind $1
0°-MIDWINTER: posts big blind $3
*** HOLE CARDS ***
Chessnok: folds
Uncalled bet ($2) returned to 0°-MIDWINTER
0°-MIDWINTER collected $2 from pot
0°-MIDWINTER: doesn't show hand
*** SUMMARY ***
Total pot $2 | Rake $0
Seat 2: 0°-MIDWINTER (big blind) collected ($2)
Seat 6: Chessnok (button) (small blind) folded before Flop


PokerStars Hand #154469773231:  Hold'em Limit ($3/$6 USD) - 2016/06/08 14:20:59 ET
Table 'Eurynome' 6-max Seat #2 is the button
Seat 2: 0°-MIDWINTER ($110.61 in chips)
Seat 6: Chessnok ($76.53 in chips)
0°-MIDWINTER: posts small blind $1
TbIP-TbIP 88: is sitting out
Chessnok: posts big blind $3
*** HOLE CARDS ***
0°-MIDWINTER: raises $3 to $6
Chessnok: raises $3 to $9
0°-MIDWINTER: calls $3
*** FLOP *** [3d Qh Jc]
Chessnok: bets $3
TbIP-TbIP 88 leaves the table
0°-MIDWINTER: calls $3
*** TURN *** [3d Qh Jc] [Js]
Chessnok: checks
0°-MIDWINTER: checks
*** RIVER *** [3d Qh Jc Js] [2d]
Chessnok: bets $6
0°-MIDWINTER: calls $6
*** SHOW DOWN ***
Chessnok: shows [Tc As] (a pair of Jacks)
0°-MIDWINTER: shows [3h Kd] (two pair, Jacks and Threes)
0°-MIDWINTER collected $35.50 from pot
*** SUMMARY ***
Total pot $36 | Rake $0.50
Board [3d Qh Jc Js 2d]
Seat 2: 0°-MIDWINTER (button) (small blind) showed [3h Kd] and won ($35.50) with two pair, Jacks and Threes
Seat 6: Chessnok (big blind) showed [Tc As] and lost with a pair of Jacks


