PokerStars Hand #159056600494:  Hold'em Limit ($3/$6 USD) - 2016/09/24 23:47:56 ET
Table 'Euryalos' 6-max Seat #1 is the button
Seat 1: Velbor107 ($300 in chips)
Seat 2: hairy1961 ($50 in chips)
Velbor107: posts small blind $1
hairy1961: posts big blind $3
*** HOLE CARDS ***
Velbor107: raises $3 to $6
hairy1961: raises $3 to $9
Velbor107: calls $3
*** FLOP *** [8s 6h 3h]
hairy1961: bets $3
Velbor107: calls $3
*** TURN *** [8s 6h 3h] [Ks]
hairy1961: bets $6
Velbor107: calls $6
*** RIVER *** [8s 6h 3h Ks] [2s]
hairy1961: bets $6
Velbor107: calls $6
*** SHOW DOWN ***
hairy1961: shows [Qc Kd] (a pair of Kings)
Velbor107: mucks hand
hairy1961 collected $47.50 from pot
*** SUMMARY ***
Total pot $48 | Rake $0.50
Board [8s 6h 3h Ks 2s]
Seat 1: Velbor107 (button) (small blind) mucked
Seat 2: hairy1961 (big blind) showed [Qc Kd] and won ($47.50) with a pair of Kings


PokerStars Hand #159056616197:  Hold'em Limit ($3/$6 USD) - 2016/09/24 23:48:56 ET
Table 'Euryalos' 6-max Seat #2 is the button
Seat 1: Velbor107 ($276 in chips)
Seat 2: hairy1961 ($73.50 in chips)
hairy1961: posts small blind $1
Velbor107: posts big blind $3
*** HOLE CARDS ***
hairy1961: folds
Uncalled bet ($2) returned to Velbor107
Velbor107 collected $2 from pot
*** SUMMARY ***
Total pot $2 | Rake $0
Seat 1: Velbor107 (big blind) collected ($2)
Seat 2: hairy1961 (button) (small blind) folded before Flop


PokerStars Hand #159056617830:  Hold'em Limit ($3/$6 USD) - 2016/09/24 23:49:02 ET
Table 'Euryalos' 6-max Seat #1 is the button
Seat 1: Velbor107 ($277 in chips)
Seat 2: hairy1961 ($72.50 in chips)
Velbor107: posts small blind $1
hairy1961: posts big blind $3
*** HOLE CARDS ***
Velbor107: raises $3 to $6
hairy1961: calls $3
*** FLOP *** [5c Qc Kh]
hairy1961: checks
Velbor107: bets $3
hairy1961: calls $3
*** TURN *** [5c Qc Kh] [3h]
hairy1961: checks
Velbor107: checks
*** RIVER *** [5c Qc Kh 3h] [Ac]
hairy1961: checks
Velbor107: checks
*** SHOW DOWN ***
hairy1961: shows [As Jc] (a pair of Aces)
Velbor107: mucks hand
hairy1961 collected $17.64 from pot
*** SUMMARY ***
Total pot $18 | Rake $0.36
Board [5c Qc Kh 3h Ac]
Seat 1: Velbor107 (button) (small blind) mucked
Seat 2: hairy1961 (big blind) showed [As Jc] and won ($17.64) with a pair of Aces


PokerStars Hand #159056626332:  Hold'em Limit ($3/$6 USD) - 2016/09/24 23:49:33 ET
Table 'Euryalos' 6-max Seat #2 is the button
Seat 1: Velbor107 ($268 in chips)
Seat 2: hairy1961 ($81.14 in chips)
hairy1961: posts small blind $1
Velbor107: posts big blind $3
*** HOLE CARDS ***
hairy1961: raises $3 to $6
Velbor107: calls $3
*** FLOP *** [Qd 8c 9c]
Velbor107: checks
hairy1961: bets $3
Velbor107: calls $3
*** TURN *** [Qd 8c 9c] [5s]
Velbor107: checks
hairy1961: bets $6
Velbor107: calls $6
*** RIVER *** [Qd 8c 9c 5s] [4s]
Velbor107: checks
hairy1961: bets $6
Velbor107: calls $6
*** SHOW DOWN ***
hairy1961: shows [7h 7s] (a pair of Sevens)
Velbor107: shows [3d 8d] (a pair of Eights)
Velbor107 collected $41.50 from pot
*** SUMMARY ***
Total pot $42 | Rake $0.50
Board [Qd 8c 9c 5s 4s]
Seat 1: Velbor107 (big blind) showed [3d 8d] and won ($41.50) with a pair of Eights
Seat 2: hairy1961 (button) (small blind) showed [7h 7s] and lost with a pair of Sevens


PokerStars Hand #159056641223:  Hold'em Limit ($3/$6 USD) - 2016/09/24 23:50:30 ET
Table 'Euryalos' 6-max Seat #2 is the button
Seat 1: Velbor107 ($261.50 in chips)
Seat 2: hairy1961 ($86.64 in chips)
hairy1961: posts small blind $1
Velbor107: posts big blind $3
*** HOLE CARDS ***
hairy1961: folds
Uncalled bet ($2) returned to Velbor107
Velbor107 collected $2 from pot
*** SUMMARY ***
Total pot $2 | Rake $0
Seat 1: Velbor107 (big blind) collected ($2)
Seat 2: hairy1961 (button) (small blind) folded before Flop


PokerStars Hand #159056634311:  Hold'em Limit ($3/$6 USD) - 2016/09/24 23:50:03 ET
Table 'Euryalos' 6-max Seat #1 is the button
Seat 1: Velbor107 ($288.50 in chips)
Seat 2: hairy1961 ($60.14 in chips)
Velbor107: posts small blind $1
hairy1961: posts big blind $3
*** HOLE CARDS ***
Velbor107: raises $3 to $6
hairy1961: calls $3
*** FLOP *** [2c 8h 4c]
hairy1961: bets $3
Velbor107: calls $3
*** TURN *** [2c 8h 4c] [Ac]
hairy1961: bets $6
Velbor107: raises $6 to $12
hairy1961: calls $6
*** RIVER *** [2c 8h 4c Ac] [Tc]
hairy1961: checks
Velbor107: bets $6
hairy1961: calls $6
*** SHOW DOWN ***
Velbor107: shows [9s Qh] (high card Ace)
hairy1961: shows [4s 6s] (a pair of Fours)
hairy1961 collected $53.50 from pot
*** SUMMARY ***
Total pot $54 | Rake $0.50
Board [2c 8h 4c Ac Tc]
Seat 1: Velbor107 (button) (small blind) showed [9s Qh] and lost with high card Ace
Seat 2: hairy1961 (big blind) showed [4s 6s] and won ($53.50) with a pair of Fours


PokerStars Hand #159056642748:  Hold'em Limit ($3/$6 USD) - 2016/09/24 23:50:35 ET
Table 'Euryalos' 6-max Seat #1 is the button
Seat 1: Velbor107 ($262.50 in chips)
Seat 2: hairy1961 ($85.64 in chips)
Velbor107: posts small blind $1
hairy1961: posts big blind $3
*** HOLE CARDS ***
Velbor107: folds
Uncalled bet ($2) returned to hairy1961
hairy1961 collected $2 from pot
*** SUMMARY ***
Total pot $2 | Rake $0
Seat 1: Velbor107 (button) (small blind) folded before Flop
Seat 2: hairy1961 (big blind) collected ($2)


PokerStars Hand #159056646063:  Hold'em Limit ($3/$6 USD) - 2016/09/24 23:50:48 ET
Table 'Euryalos' 6-max Seat #1 is the button
Seat 1: Velbor107 ($262.50 in chips)
Seat 2: hairy1961 ($85.64 in chips)
Velbor107: posts small blind $1
hairy1961: posts big blind $3
*** HOLE CARDS ***
Velbor107: raises $3 to $6
hairy1961: folds
Uncalled bet ($3) returned to Velbor107
Velbor107 collected $6 from pot
*** SUMMARY ***
Total pot $6 | Rake $0
Seat 1: Velbor107 (button) (small blind) collected ($6)
Seat 2: hairy1961 (big blind) folded before Flop


PokerStars Hand #159056644408:  Hold'em Limit ($3/$6 USD) - 2016/09/24 23:50:42 ET
Table 'Euryalos' 6-max Seat #2 is the button
Seat 1: Velbor107 ($261.50 in chips)
Seat 2: hairy1961 ($86.64 in chips)
hairy1961: posts small blind $1
Velbor107: posts big blind $3
*** HOLE CARDS ***
hairy1961: folds
Uncalled bet ($2) returned to Velbor107
Velbor107 collected $2 from pot
*** SUMMARY ***
Total pot $2 | Rake $0
Seat 1: Velbor107 (big blind) collected ($2)
Seat 2: hairy1961 (button) (small blind) folded before Flop


PokerStars Hand #159056655888:  Hold'em Limit ($3/$6 USD) - 2016/09/24 23:51:26 ET
Table 'Euryalos' 6-max Seat #1 is the button
Seat 1: Velbor107 ($275.26 in chips)
Seat 2: hairy1961 ($72.64 in chips)
Velbor107: posts small blind $1
hairy1961: posts big blind $3
*** HOLE CARDS ***
Velbor107: raises $3 to $6
hairy1961: calls $3
*** FLOP *** [4s 8d Jd]
hairy1961: checks
Velbor107: bets $3
hairy1961: raises $3 to $6
Velbor107: calls $3
*** TURN *** [4s 8d Jd] [Ad]
hairy1961: checks
Velbor107: bets $6
hairy1961: calls $6
*** RIVER *** [4s 8d Jd Ad] [Kc]
hairy1961: checks
Velbor107: bets $6
hairy1961: raises $6 to $12
Velbor107: calls $6
*** SHOW DOWN ***
hairy1961: shows [Kh 4h] (two pair, Kings and Fours)
Velbor107: shows [Ah 8h] (two pair, Aces and Eights)
Velbor107 collected $59.50 from pot
*** SUMMARY ***
Total pot $60 | Rake $0.50
Board [4s 8d Jd Ad Kc]
Seat 1: Velbor107 (button) (small blind) showed [Ah 8h] and won ($59.50) with two pair, Aces and Eights
Seat 2: hairy1961 (big blind) showed [Kh 4h] and lost with two pair, Kings and Fours


PokerStars Hand #159056654278:  Hold'em Limit ($3/$6 USD) - 2016/09/24 23:51:20 ET
Table 'Euryalos' 6-max Seat #2 is the button
Seat 1: Velbor107 ($274.26 in chips)
Seat 2: hairy1961 ($73.64 in chips)
hairy1961: posts small blind $1
funny1986 joins the table at seat #3
Velbor107: posts big blind $3
*** HOLE CARDS ***
hairy1961: folds
Uncalled bet ($2) returned to Velbor107
Velbor107 collected $2 from pot
*** SUMMARY ***
Total pot $2 | Rake $0
Seat 1: Velbor107 (big blind) collected ($2)
Seat 2: hairy1961 (button) (small blind) folded before Flop


PokerStars Hand #159056652828:  Hold'em Limit ($3/$6 USD) - 2016/09/24 23:51:14 ET
Table 'Euryalos' 6-max Seat #1 is the button
Seat 1: Velbor107 ($271.26 in chips)
Seat 2: hairy1961 ($76.64 in chips)
Velbor107: posts small blind $1
hairy1961: posts big blind $3
*** HOLE CARDS ***
Velbor107: raises $3 to $6
hairy1961: folds
Uncalled bet ($3) returned to Velbor107
Velbor107 collected $6 from pot
*** SUMMARY ***
Total pot $6 | Rake $0
Seat 1: Velbor107 (button) (small blind) collected ($6)
Seat 2: hairy1961 (big blind) folded before Flop


PokerStars Hand #159056647922:  Hold'em Limit ($3/$6 USD) - 2016/09/24 23:50:55 ET
Table 'Euryalos' 6-max Seat #2 is the button
Seat 1: Velbor107 ($265.50 in chips)
Seat 2: hairy1961 ($82.64 in chips)
hairy1961: posts small blind $1
Velbor107: posts big blind $3
*** HOLE CARDS ***
hairy1961: raises $3 to $6
Velbor107: calls $3
*** FLOP *** [4c 6c 5c]
Velbor107: checks
hairy1961: checks
*** TURN *** [4c 6c 5c] [5h]
Velbor107: checks
hairy1961: checks
*** RIVER *** [4c 6c 5c 5h] [5d]
Velbor107: checks
hairy1961: checks
*** SHOW DOWN ***
Velbor107: shows [8s Ks] (three of a kind, Fives)
hairy1961: mucks hand
Velbor107 collected $11.76 from pot
*** SUMMARY ***
Total pot $12 | Rake $0.24
Board [4c 6c 5c 5h 5d]
Seat 1: Velbor107 (big blind) showed [8s Ks] and won ($11.76) with three of a kind, Fives
Seat 2: hairy1961 (button) (small blind) mucked


PokerStars Hand #159056695254:  Hold'em Limit ($3/$6 USD) - 2016/09/24 23:53:58 ET
Table 'Euryalos' 6-max Seat #1 is the button
Seat 1: Velbor107 ($283.58 in chips)
Seat 3: funny1986 ($66.66 in chips)
Velbor107: posts small blind $1
funny1986: posts big blind $3
*** HOLE CARDS ***
Velbor107: raises $3 to $6
funny1986: calls $3
*** FLOP *** [Js Ah Kh]
funny1986: checks
Velbor107: bets $3
funny1986: calls $3
*** TURN *** [Js Ah Kh] [4s]
funny1986: checks
Velbor107: checks
*** RIVER *** [Js Ah Kh 4s] [Jd]
funny1986: bets $6
Velbor107: folds
Uncalled bet ($6) returned to funny1986
funny1986 collected $17.64 from pot
funny1986: doesn't show hand
*** SUMMARY ***
Total pot $18 | Rake $0.36
Board [Js Ah Kh 4s Jd]
Seat 1: Velbor107 (button) (small blind) folded on the River
Seat 3: funny1986 (big blind) collected ($17.64)


PokerStars Hand #159056711161:  Hold'em Limit ($3/$6 USD) - 2016/09/24 23:54:59 ET
Table 'Euryalos' 6-max Seat #3 is the button
Seat 1: Velbor107 ($274.58 in chips)
Seat 3: funny1986 ($75.30 in chips)
funny1986: posts small blind $1
Velbor107: posts big blind $3
*** HOLE CARDS ***
funny1986: folds
Uncalled bet ($2) returned to Velbor107
Velbor107 collected $2 from pot
*** SUMMARY ***
Total pot $2 | Rake $0
Seat 1: Velbor107 (big blind) collected ($2)
Seat 3: funny1986 (button) (small blind) folded before Flop


PokerStars Hand #159056709127:  Hold'em Limit ($3/$6 USD) - 2016/09/24 23:54:51 ET
Table 'Euryalos' 6-max Seat #1 is the button
Seat 1: Velbor107 ($271.58 in chips)
Seat 3: funny1986 ($78.30 in chips)
Velbor107: posts small blind $1
funny1986: posts big blind $3
*** HOLE CARDS ***
Velbor107: raises $3 to $6
funny1986: folds
Uncalled bet ($3) returned to Velbor107
Velbor107 collected $6 from pot
*** SUMMARY ***
Total pot $6 | Rake $0
Seat 1: Velbor107 (button) (small blind) collected ($6)
Seat 3: funny1986 (big blind) folded before Flop


PokerStars Hand #159056706480:  Hold'em Limit ($3/$6 USD) - 2016/09/24 23:54:41 ET
Table 'Euryalos' 6-max Seat #3 is the button
Seat 1: Velbor107 ($274.58 in chips)
Seat 3: funny1986 ($75.30 in chips)
funny1986: posts small blind $1
Velbor107: posts big blind $3
*** HOLE CARDS ***
funny1986: raises $3 to $6
Velbor107: folds
Uncalled bet ($3) returned to funny1986
funny1986 collected $6 from pot
*** SUMMARY ***
Total pot $6 | Rake $0
Seat 1: Velbor107 (big blind) folded before Flop
Seat 3: funny1986 (button) (small blind) collected ($6)


PokerStars Hand #159056714523:  Hold'em Limit ($3/$6 USD) - 2016/09/24 23:55:13 ET
Table 'Euryalos' 6-max Seat #3 is the button
Seat 1: Velbor107 ($278.58 in chips)
Seat 3: funny1986 ($71.30 in chips)
funny1986: posts small blind $1
Velbor107: posts big blind $3
*** HOLE CARDS ***
funny1986: folds
Uncalled bet ($2) returned to Velbor107
Velbor107 collected $2 from pot
*** SUMMARY ***
Total pot $2 | Rake $0
Seat 1: Velbor107 (big blind) collected ($2)
Seat 3: funny1986 (button) (small blind) folded before Flop


PokerStars Hand #159056712800:  Hold'em Limit ($3/$6 USD) - 2016/09/24 23:55:06 ET
Table 'Euryalos' 6-max Seat #1 is the button
Seat 1: Velbor107 ($275.58 in chips)
Seat 3: funny1986 ($74.30 in chips)
Velbor107: posts small blind $1
funny1986: posts big blind $3
*** HOLE CARDS ***
Velbor107: raises $3 to $6
funny1986: folds
Uncalled bet ($3) returned to Velbor107
Velbor107 collected $6 from pot
*** SUMMARY ***
Total pot $6 | Rake $0
Seat 1: Velbor107 (button) (small blind) collected ($6)
Seat 3: funny1986 (big blind) folded before Flop


PokerStars Hand #159056717952:  Hold'em Limit ($3/$6 USD) - 2016/09/24 23:55:28 ET
Table 'Euryalos' 6-max Seat #3 is the button
Seat 1: Velbor107 ($282.58 in chips)
Seat 3: funny1986 ($67.30 in chips)
funny1986: posts small blind $1
Velbor107: posts big blind $3
*** HOLE CARDS ***
funny1986: folds
Uncalled bet ($2) returned to Velbor107
Velbor107 collected $2 from pot
*** SUMMARY ***
Total pot $2 | Rake $0
Seat 1: Velbor107 (big blind) collected ($2)
Seat 3: funny1986 (button) (small blind) folded before Flop


PokerStars Hand #159056715631:  Hold'em Limit ($3/$6 USD) - 2016/09/24 23:55:18 ET
Table 'Euryalos' 6-max Seat #1 is the button
Seat 1: Velbor107 ($279.58 in chips)
Seat 3: funny1986 ($70.30 in chips)
Velbor107: posts small blind $1
funny1986: posts big blind $3
*** HOLE CARDS ***
Velbor107: raises $3 to $6
funny1986: folds
Uncalled bet ($3) returned to Velbor107
Velbor107 collected $6 from pot
*** SUMMARY ***
Total pot $6 | Rake $0
Seat 1: Velbor107 (button) (small blind) collected ($6)
Seat 3: funny1986 (big blind) folded before Flop


