PokerStars Hand #163504894690:  Hold'em Limit ($3/$6 USD) - 2016/12/25 13:51:08 ET
Table 'Eurynome IV' 6-max Seat #3 is the button
Seat 3: Ahjorth87 ($120 in chips)
Seat 4: VolkovDmitri ($120 in chips)
Ahjorth87: posts small blind $1
VolkovDmitri: posts big blind $3
*** HOLE CARDS ***
Ahjorth87: raises $3 to $6
VolkovDmitri: raises $3 to $9
Ahjorth87: calls $3
*** FLOP *** [3s 8c 2c]
VolkovDmitri: bets $3
Ahjorth87: raises $3 to $6
VolkovDmitri: calls $3
*** TURN *** [3s 8c 2c] [2d]
vestimokrec joins the table at seat #5
VolkovDmitri: checks
Ahjorth87: bets $6
VolkovDmitri: calls $6
*** RIVER *** [3s 8c 2c 2d] [Ts]
VolkovDmitri: checks
Ahjorth87: checks
*** SHOW DOWN ***
VolkovDmitri: shows [Jd Ad] (a pair of Deuces)
Ahjorth87: shows [3c 5s] (two pair, Threes and Deuces)
Ahjorth87 collected $41.50 from pot
*** SUMMARY ***
Total pot $42 | Rake $0.50
Board [3s 8c 2c 2d Ts]
Seat 3: Ahjorth87 (button) (small blind) showed [3c 5s] and won ($41.50) with two pair, Threes and Deuces
Seat 4: VolkovDmitri (big blind) showed [Jd Ad] and lost with a pair of Deuces


PokerStars Hand #163504923814:  Hold'em Limit ($3/$6 USD) - 2016/12/25 13:51:38 ET
Table 'Eurynome IV' 6-max Seat #4 is the button
Seat 3: Ahjorth87 ($140.50 in chips)
Seat 4: VolkovDmitri ($120 in chips)
VolkovDmitri: posts small blind $1
Ahjorth87: posts big blind $3
*** HOLE CARDS ***
VolkovDmitri: raises $3 to $6
Ahjorth87: calls $3
*** FLOP *** [2h Kh Td]
Ahjorth87: checks
VolkovDmitri: bets $3
Ahjorth87: calls $3
*** TURN *** [2h Kh Td] [3c]
Ahjorth87: checks
VolkovDmitri: bets $6
Ahjorth87: calls $6
*** RIVER *** [2h Kh Td 3c] [5c]
Ahjorth87: checks
VolkovDmitri: checks
*** SHOW DOWN ***
Ahjorth87: shows [Js Tc] (a pair of Tens)
VolkovDmitri: mucks hand
Ahjorth87 collected $29.50 from pot
*** SUMMARY ***
Total pot $30 | Rake $0.50
Board [2h Kh Td 3c 5c]
Seat 3: Ahjorth87 (big blind) showed [Js Tc] and won ($29.50) with a pair of Tens
Seat 4: VolkovDmitri (button) (small blind) mucked


PokerStars Hand #163504954967:  Hold'em Limit ($3/$6 USD) - 2016/12/25 13:52:11 ET
Table 'Eurynome IV' 6-max Seat #4 is the button
Seat 3: Ahjorth87 ($154 in chips)
Seat 4: VolkovDmitri ($121 in chips)
VolkovDmitri: posts small blind $1
Ahjorth87: posts big blind $3
*** HOLE CARDS ***
VolkovDmitri: raises $3 to $6
Ahjorth87: calls $3
*** FLOP *** [Jh 7s 7c]
Ahjorth87: checks
VolkovDmitri: bets $3
Ahjorth87: calls $3
*** TURN *** [Jh 7s 7c] [Ks]
Ahjorth87: checks
VolkovDmitri: checks
*** RIVER *** [Jh 7s 7c Ks] [Th]
Ahjorth87: bets $6
VolkovDmitri: folds
Uncalled bet ($6) returned to Ahjorth87
Ahjorth87 collected $17.64 from pot
Ahjorth87: doesn't show hand
*** SUMMARY ***
Total pot $18 | Rake $0.36
Board [Jh 7s 7c Ks Th]
Seat 3: Ahjorth87 (big blind) collected ($17.64)
Seat 4: VolkovDmitri (button) (small blind) folded on the River


PokerStars Hand #163504979833:  Hold'em Limit ($3/$6 USD) - 2016/12/25 13:52:37 ET
Table 'Eurynome IV' 6-max Seat #3 is the button
Seat 3: Ahjorth87 ($162.64 in chips)
Seat 4: VolkovDmitri ($120 in chips)
Ahjorth87: posts small blind $1
VolkovDmitri: posts big blind $3
*** HOLE CARDS ***
Ahjorth87: raises $3 to $6
VolkovDmitri: raises $3 to $9
Ahjorth87: calls $3
*** FLOP *** [Ks 7h 2h]
VolkovDmitri: bets $3
Ahjorth87: calls $3
*** TURN *** [Ks 7h 2h] [Ts]
VolkovDmitri: bets $6
Ahjorth87: calls $6
*** RIVER *** [Ks 7h 2h Ts] [4c]
VolkovDmitri: checks
Ahjorth87: checks
*** SHOW DOWN ***
VolkovDmitri: shows [9s As] (high card Ace)
Ahjorth87: shows [9c 9h] (a pair of Nines)
Ahjorth87 collected $35.50 from pot
*** SUMMARY ***
Total pot $36 | Rake $0.50
Board [Ks 7h 2h Ts 4c]
Seat 3: Ahjorth87 (button) (small blind) showed [9c 9h] and won ($35.50) with a pair of Nines
Seat 4: VolkovDmitri (big blind) showed [9s As] and lost with high card Ace


PokerStars Hand #163504996404:  Hold'em Limit ($3/$6 USD) - 2016/12/25 13:52:55 ET
Table 'Eurynome IV' 6-max Seat #4 is the button
Seat 3: Ahjorth87 ($180.14 in chips)
Seat 4: VolkovDmitri ($120 in chips)
VolkovDmitri: posts small blind $1
Ahjorth87: posts big blind $3
*** HOLE CARDS ***
VolkovDmitri: raises $3 to $6
Ahjorth87: folds
Uncalled bet ($3) returned to VolkovDmitri
VolkovDmitri collected $6 from pot
VolkovDmitri: doesn't show hand
*** SUMMARY ***
Total pot $6 | Rake $0
Seat 3: Ahjorth87 (big blind) folded before Flop
Seat 4: VolkovDmitri (button) (small blind) collected ($6)


PokerStars Hand #163504949405:  Hold'em Limit ($3/$6 USD) - 2016/12/25 13:52:05 ET
Table 'Eurynome IV' 6-max Seat #3 is the button
Seat 3: Ahjorth87 ($155 in chips)
Seat 4: VolkovDmitri ($120 in chips)
Ahjorth87: posts small blind $1
VolkovDmitri: posts big blind $3
*** HOLE CARDS ***
Ahjorth87: folds
Uncalled bet ($2) returned to VolkovDmitri
VolkovDmitri collected $2 from pot
VolkovDmitri: doesn't show hand
*** SUMMARY ***
Total pot $2 | Rake $0
Seat 3: Ahjorth87 (button) (small blind) folded before Flop
Seat 4: VolkovDmitri (big blind) collected ($2)


PokerStars Hand #163505001725:  Hold'em Limit ($3/$6 USD) - 2016/12/25 13:53:00 ET
Table 'Eurynome IV' 6-max Seat #3 is the button
Seat 3: Ahjorth87 ($177.14 in chips)
Seat 4: VolkovDmitri ($123 in chips)
Ahjorth87: posts small blind $1
VolkovDmitri: posts big blind $3
*** HOLE CARDS ***
Ahjorth87: raises $3 to $6
VolkovDmitri: calls $3
*** FLOP *** [Ac Jc 7s]
VolkovDmitri: checks
Ahjorth87: bets $3
VolkovDmitri: calls $3
*** TURN *** [Ac Jc 7s] [Qc]
VolkovDmitri: checks
Ahjorth87: bets $6
VolkovDmitri: calls $6
*** RIVER *** [Ac Jc 7s Qc] [Ts]
VolkovDmitri: checks
Ahjorth87: checks
*** SHOW DOWN ***
VolkovDmitri: shows [Qd 4h] (a pair of Queens)
Ahjorth87: mucks hand
VolkovDmitri collected $29.50 from pot
*** SUMMARY ***
Total pot $30 | Rake $0.50
Board [Ac Jc 7s Qc Ts]
Seat 3: Ahjorth87 (button) (small blind) mucked
Seat 4: VolkovDmitri (big blind) showed [Qd 4h] and won ($29.50) with a pair of Queens


PokerStars Hand #163505035847:  Hold'em Limit ($3/$6 USD) - 2016/12/25 13:53:36 ET
Table 'Eurynome IV' 6-max Seat #4 is the button
Seat 3: Ahjorth87 ($162.14 in chips)
Seat 4: VolkovDmitri ($137.50 in chips)
VolkovDmitri: posts small blind $1
Ahjorth87: posts big blind $3
*** HOLE CARDS ***
vestimokrec leaves the table
VolkovDmitri: raises $3 to $6
Ahjorth87: calls $3
*** FLOP *** [9c Qs 9s]
Ahjorth87: checks
VolkovDmitri: bets $3
Ale4o joins the table at seat #5
Ahjorth87: calls $3
*** TURN *** [9c Qs 9s] [8d]
Ahjorth87: checks
VolkovDmitri: checks
*** RIVER *** [9c Qs 9s 8d] [6d]
Ahjorth87: bets $6
VolkovDmitri: calls $6
*** SHOW DOWN ***
Ahjorth87: shows [2c 2d] (two pair, Nines and Deuces)
VolkovDmitri: shows [6s 8h] (two pair, Nines and Eights)
VolkovDmitri collected $29.50 from pot
*** SUMMARY ***
Total pot $30 | Rake $0.50
Board [9c Qs 9s 8d 6d]
Seat 3: Ahjorth87 (big blind) showed [2c 2d] and lost with two pair, Nines and Deuces
Seat 4: VolkovDmitri (button) (small blind) showed [6s 8h] and won ($29.50) with two pair, Nines and Eights


PokerStars Hand #163505071181:  Hold'em Limit ($3/$6 USD) - 2016/12/25 13:54:14 ET
Table 'Eurynome IV' 6-max Seat #4 is the button
Seat 3: Ahjorth87 ($141.14 in chips)
Seat 4: VolkovDmitri ($157.76 in chips)
VolkovDmitri: posts small blind $1
Ahjorth87: posts big blind $3
*** HOLE CARDS ***
VolkovDmitri: raises $3 to $6
Ahjorth87: calls $3
*** FLOP *** [Kc 4d 9c]
Ahjorth87: checks
VolkovDmitri: bets $3
Ahjorth87: calls $3
*** TURN *** [Kc 4d 9c] [Ks]
Ahjorth87: checks
VolkovDmitri: checks
*** RIVER *** [Kc 4d 9c Ks] [3h]
Ahjorth87: bets $6
VolkovDmitri: calls $6
*** SHOW DOWN ***
Ahjorth87: shows [8c Qs] (a pair of Kings)
VolkovDmitri: shows [6c Ah] (a pair of Kings - Ace kicker)
VolkovDmitri collected $29.50 from pot
*** SUMMARY ***
Total pot $30 | Rake $0.50
Board [Kc 4d 9c Ks 3h]
Seat 3: Ahjorth87 (big blind) showed [8c Qs] and lost with a pair of Kings
Seat 4: VolkovDmitri (button) (small blind) showed [6c Ah] and won ($29.50) with a pair of Kings


PokerStars Hand #163505089997:  Hold'em Limit ($3/$6 USD) - 2016/12/25 13:54:34 ET
Table 'Eurynome IV' 6-max Seat #3 is the button
Seat 3: Ahjorth87 ($126.14 in chips)
Seat 4: VolkovDmitri ($172.26 in chips)
Ahjorth87: posts small blind $1
VolkovDmitri: posts big blind $3
*** HOLE CARDS ***
Ahjorth87: raises $3 to $6
VolkovDmitri: calls $3
*** FLOP *** [5h 8c Tc]
VolkovDmitri: checks
Ahjorth87: bets $3
VolkovDmitri: calls $3
*** TURN *** [5h 8c Tc] [Qd]
VolkovDmitri: checks
Ahjorth87: bets $6
VolkovDmitri: folds
Uncalled bet ($6) returned to Ahjorth87
Ahjorth87 collected $17.64 from pot
Ahjorth87: doesn't show hand
*** SUMMARY ***
Total pot $18 | Rake $0.36
Board [5h 8c Tc Qd]
Seat 3: Ahjorth87 (button) (small blind) collected ($17.64)
Seat 4: VolkovDmitri (big blind) folded on the Turn


PokerStars Hand #163505106240:  Hold'em Limit ($3/$6 USD) - 2016/12/25 13:54:51 ET
Table 'Eurynome IV' 6-max Seat #4 is the button
Seat 3: Ahjorth87 ($134.78 in chips)
Seat 4: VolkovDmitri ($163.26 in chips)
VolkovDmitri: posts small blind $1
Ahjorth87: posts big blind $3
*** HOLE CARDS ***
VolkovDmitri: raises $3 to $6
Ahjorth87: calls $3
*** FLOP *** [7h Jd Kc]
Ahjorth87: checks
VolkovDmitri: bets $3
Ahjorth87: folds
Uncalled bet ($3) returned to VolkovDmitri
VolkovDmitri collected $11.76 from pot
VolkovDmitri: doesn't show hand
*** SUMMARY ***
Total pot $12 | Rake $0.24
Board [7h Jd Kc]
Seat 3: Ahjorth87 (big blind) folded on the Flop
Seat 4: VolkovDmitri (button) (small blind) collected ($11.76)


PokerStars Hand #163505053134:  Hold'em Limit ($3/$6 USD) - 2016/12/25 13:53:55 ET
Table 'Eurynome IV' 6-max Seat #3 is the button
Seat 3: Ahjorth87 ($147.14 in chips)
Seat 4: VolkovDmitri ($152 in chips)
Ahjorth87: posts small blind $1
VolkovDmitri: posts big blind $3
*** HOLE CARDS ***
Ahjorth87: raises $3 to $6
VolkovDmitri: calls $3
*** FLOP *** [8d 5h 8c]
VolkovDmitri: checks
Ahjorth87: checks
*** TURN *** [8d 5h 8c] [Js]
VolkovDmitri: checks
Ahjorth87: checks
*** RIVER *** [8d 5h 8c Js] [4c]
VolkovDmitri: bets $6
Ahjorth87: folds
Uncalled bet ($6) returned to VolkovDmitri
VolkovDmitri collected $11.76 from pot
VolkovDmitri: doesn't show hand
*** SUMMARY ***
Total pot $12 | Rake $0.24
Board [8d 5h 8c Js 4c]
Seat 3: Ahjorth87 (button) (small blind) folded on the River
Seat 4: VolkovDmitri (big blind) collected ($11.76)


PokerStars Hand #163505132261:  Hold'em Limit ($3/$6 USD) - 2016/12/25 13:55:19 ET
Table 'Eurynome IV' 6-max Seat #4 is the button
Seat 3: Ahjorth87 ($134.54 in chips)
Seat 4: VolkovDmitri ($163.02 in chips)
VolkovDmitri: posts small blind $1
Ahjorth87: posts big blind $3
*** HOLE CARDS ***
VolkovDmitri: raises $3 to $6
Ahjorth87: calls $3
*** FLOP *** [Qc 3d 8s]
Ahjorth87: checks
VolkovDmitri: bets $3
Ahjorth87: calls $3
*** TURN *** [Qc 3d 8s] [Ks]
Ahjorth87: checks
VolkovDmitri: bets $6
Ahjorth87: folds
Uncalled bet ($6) returned to VolkovDmitri
VolkovDmitri collected $17.64 from pot
VolkovDmitri: doesn't show hand
*** SUMMARY ***
Total pot $18 | Rake $0.36
Board [Qc 3d 8s Ks]
Seat 3: Ahjorth87 (big blind) folded on the Turn
Seat 4: VolkovDmitri (button) (small blind) collected ($17.64)


PokerStars Hand #163505143520:  Hold'em Limit ($3/$6 USD) - 2016/12/25 13:55:38 ET
Table 'Eurynome IV' 6-max Seat #3 is the button
Seat 3: Ahjorth87 ($125.54 in chips)
Seat 4: VolkovDmitri ($171.66 in chips)
Ahjorth87: posts small blind $1
VolkovDmitri: posts big blind $3
*** HOLE CARDS ***
Ahjorth87: raises $3 to $6
VolkovDmitri: raises $3 to $9
Ahjorth87: calls $3
*** FLOP *** [Qd 7h Ts]
VolkovDmitri: bets $3
Ahjorth87: raises $3 to $6
VolkovDmitri: raises $3 to $9
Ahjorth87: folds
Uncalled bet ($3) returned to VolkovDmitri
VolkovDmitri collected $29.50 from pot
VolkovDmitri: doesn't show hand
*** SUMMARY ***
Total pot $30 | Rake $0.50
Board [Qd 7h Ts]
Seat 3: Ahjorth87 (button) (small blind) folded on the Flop
Seat 4: VolkovDmitri (big blind) collected ($29.50)


PokerStars Hand #163505119352:  Hold'em Limit ($3/$6 USD) - 2016/12/25 13:55:05 ET
Table 'Eurynome IV' 6-max Seat #3 is the button
Seat 3: Ahjorth87 ($128.78 in chips)
Seat 4: VolkovDmitri ($169.02 in chips)
Ahjorth87: posts small blind $1
VolkovDmitri: posts big blind $3
*** HOLE CARDS ***
Ahjorth87: raises $3 to $6
VolkovDmitri: calls $3
*** FLOP *** [6h 2s Ts]
VolkovDmitri: checks
Ahjorth87: bets $3
VolkovDmitri: folds
Uncalled bet ($3) returned to Ahjorth87
Ahjorth87 collected $11.76 from pot
*** SUMMARY ***
Total pot $12 | Rake $0.24
Board [6h 2s Ts]
Seat 3: Ahjorth87 (button) (small blind) collected ($11.76)
Seat 4: VolkovDmitri (big blind) folded on the Flop


PokerStars Hand #163505167444:  Hold'em Limit ($3/$6 USD) - 2016/12/25 13:56:13 ET
Table 'Eurynome IV' 6-max Seat #3 is the button
Seat 3: Ahjorth87 ($104.54 in chips)
Seat 4: VolkovDmitri ($191.92 in chips)
Ahjorth87: posts small blind $1
VolkovDmitri: posts big blind $3
*** HOLE CARDS ***
Ahjorth87: raises $3 to $6
VolkovDmitri: calls $3
*** FLOP *** [7h 9h 5d]
VolkovDmitri: checks
Ahjorth87: bets $3
VolkovDmitri: raises $3 to $6
Ahjorth87: calls $3
*** TURN *** [7h 9h 5d] [Qh]
VolkovDmitri: bets $6
Ahjorth87: calls $6
*** RIVER *** [7h 9h 5d Qh] [Qd]
VolkovDmitri: bets $6
Krazy90 joins the table at seat #6
Ahjorth87: calls $6
*** SHOW DOWN ***
VolkovDmitri: shows [Th 9c] (two pair, Queens and Nines)
Ahjorth87: shows [9s Js] (two pair, Queens and Nines - Jack kicker)
Ahjorth87 collected $47.50 from pot
*** SUMMARY ***
Total pot $48 | Rake $0.50
Board [7h 9h 5d Qh Qd]
Seat 3: Ahjorth87 (button) (small blind) showed [9s Js] and won ($47.50) with two pair, Queens and Nines
Seat 4: VolkovDmitri (big blind) showed [Th 9c] and lost with two pair, Queens and Nines


PokerStars Hand #163505157668:  Hold'em Limit ($3/$6 USD) - 2016/12/25 13:55:59 ET
Table 'Eurynome IV' 6-max Seat #4 is the button
Seat 3: Ahjorth87 ($110.54 in chips)
Seat 4: VolkovDmitri ($186.16 in chips)
VolkovDmitri: posts small blind $1
Ahjorth87: posts big blind $3
*** HOLE CARDS ***
VolkovDmitri: raises $3 to $6
Ahjorth87: calls $3
*** FLOP *** [8d Jc 2d]
Ahjorth87: checks
VolkovDmitri: bets $3
Ahjorth87: folds
Uncalled bet ($3) returned to VolkovDmitri
VolkovDmitri collected $11.76 from pot
VolkovDmitri: doesn't show hand
*** SUMMARY ***
Total pot $12 | Rake $0.24
Board [8d Jc 2d]
Seat 3: Ahjorth87 (big blind) folded on the Flop
Seat 4: VolkovDmitri (button) (small blind) collected ($11.76)


