PokerStars Hand #146836010717:  Hold'em Limit ($3/$6 USD) - 2016/01/10 21:14:26 ET
Table 'Euryalos II' 6-max Seat #5 is the button
Seat 4: Chessnok ($60 in chips)
Seat 5: krytalex ($72 in chips)
krytalex: posts small blind $1
Paulllchen: is sitting out
Chessnok: posts big blind $3
*** HOLE CARDS ***
krytalex: raises $3 to $6
Chessnok: folds
Uncalled bet ($3) returned to krytalex
Paulllchen leaves the table
krytalex collected $6 from pot
*** SUMMARY ***
Total pot $6 | Rake $0
Seat 4: Chessnok (big blind) folded before Flop
Seat 5: krytalex (button) (small blind) collected ($6)


PokerStars Hand #146836014339:  Hold'em Limit ($3/$6 USD) - 2016/01/10 21:14:33 ET
Table 'Euryalos II' 6-max Seat #4 is the button
Seat 4: Chessnok ($60 in chips)
Seat 5: krytalex ($75 in chips)
Chessnok: posts small blind $1
krytalex: posts big blind $3
*** HOLE CARDS ***
Chessnok: folds
Uncalled bet ($2) returned to krytalex
krytalex collected $2 from pot
*** SUMMARY ***
Total pot $2 | Rake $0
Seat 4: Chessnok (button) (small blind) folded before Flop
Seat 5: krytalex (big blind) collected ($2)


PokerStars Hand #146836843213:  Hold'em Limit ($3/$6 USD) - 2016/01/10 21:44:22 ET
Table 'Euryalos II' 6-max Seat #3 is the button
Seat 3: lbAAr1 ($26 in chips)
Seat 4: BuzovaPro ($76 in chips)
lbAAr1: posts small blind $1
BuzovaPro: posts big blind $3
*** HOLE CARDS ***
lbAAr1: folds
Uncalled bet ($2) returned to BuzovaPro
BuzovaPro collected $2 from pot
BuzovaPro: doesn't show hand
*** SUMMARY ***
Total pot $2 | Rake $0
Seat 3: lbAAr1 (button) (small blind) folded before Flop
Seat 4: BuzovaPro (big blind) collected ($2)


PokerStars Hand #146836845318:  Hold'em Limit ($3/$6 USD) - 2016/01/10 21:44:27 ET
Table 'Euryalos II' 6-max Seat #4 is the button
Seat 3: lbAAr1 ($25 in chips)
Seat 4: BuzovaPro ($77 in chips)
BuzovaPro: posts small blind $1
lbAAr1: posts big blind $3
*** HOLE CARDS ***
BuzovaPro: raises $3 to $6
lbAAr1: calls $3
*** FLOP *** [Ac Jc 8d]
lbAAr1: checks
BuzovaPro: bets $3
lbAAr1: calls $3
*** TURN *** [Ac Jc 8d] [2s]
alpha2777 joins the table at seat #5
lbAAr1: checks
BuzovaPro: checks
*** RIVER *** [Ac Jc 8d 2s] [Kd]
lbAAr1: checks
BuzovaPro: checks
*** SHOW DOWN ***
lbAAr1: shows [9s 8c] (a pair of Eights)
BuzovaPro: mucks hand
lbAAr1 collected $17.64 from pot
*** SUMMARY ***
Total pot $18 | Rake $0.36
Board [Ac Jc 8d 2s Kd]
Seat 3: lbAAr1 (big blind) showed [9s 8c] and won ($17.64) with a pair of Eights
Seat 4: BuzovaPro (button) (small blind) mucked


PokerStars Hand #146836854099:  Hold'em Limit ($3/$6 USD) - 2016/01/10 21:44:47 ET
Table 'Euryalos II' 6-max Seat #3 is the button
Seat 3: lbAAr1 ($33.64 in chips)
Seat 4: BuzovaPro ($72 in chips)
lbAAr1: posts small blind $1
BuzovaPro: posts big blind $3
*** HOLE CARDS ***
lbAAr1: calls $2
BuzovaPro: checks
*** FLOP *** [8c 5c Jc]
BuzovaPro: checks
lbAAr1: checks
*** TURN *** [8c 5c Jc] [4d]
BuzovaPro: checks
lbAAr1: checks
*** RIVER *** [8c 5c Jc 4d] [8s]
BuzovaPro: bets $6
lbAAr1: folds
Uncalled bet ($6) returned to BuzovaPro
BuzovaPro collected $5.88 from pot
BuzovaPro: doesn't show hand
*** SUMMARY ***
Total pot $6 | Rake $0.12
Board [8c 5c Jc 4d 8s]
Seat 3: lbAAr1 (button) (small blind) folded on the River
Seat 4: BuzovaPro (big blind) collected ($5.88)


PokerStars Hand #146837142114:  Hold'em Limit ($3/$6 USD) - 2016/01/10 21:55:48 ET
Table 'Euryalos II' 6-max Seat #6 is the button
Seat 1: zetje187 ($72.59 in chips)
Seat 6: FinDeSiecle ($111.94 in chips)
FinDeSiecle: posts small blind $1
zetje187: posts big blind $3
*** HOLE CARDS ***
FinDeSiecle: raises $3 to $6
zetje187: calls $3
*** FLOP *** [Td 9s 7d]
zetje187: checks
FinDeSiecle: bets $3
zetje187: calls $3
*** TURN *** [Td 9s 7d] [Ah]
zetje187: checks
FinDeSiecle: bets $6
zetje187: raises $6 to $12
FinDeSiecle: calls $6
*** RIVER *** [Td 9s 7d Ah] [8s]
zetje187: bets $6
FinDeSiecle: raises $6 to $12
zetje187: folds
Uncalled bet ($6) returned to FinDeSiecle
BuzovaPro joins the table at seat #2
FinDeSiecle collected $53.50 from pot
FinDeSiecle: doesn't show hand
*** SUMMARY ***
Total pot $54 | Rake $0.50
Board [Td 9s 7d Ah 8s]
Seat 1: zetje187 (big blind) folded on the River
Seat 6: FinDeSiecle (button) (small blind) collected ($53.50)


PokerStars Hand #146837139131:  Hold'em Limit ($3/$6 USD) - 2016/01/10 21:55:40 ET
Table 'Euryalos II' 6-max Seat #1 is the button
Seat 1: zetje187 ($73.59 in chips)
Seat 6: FinDeSiecle ($110.94 in chips)
zetje187: posts small blind $1
FinDeSiecle: posts big blind $3
*** HOLE CARDS ***
zetje187: folds
Uncalled bet ($2) returned to FinDeSiecle
FinDeSiecle collected $2 from pot
FinDeSiecle: doesn't show hand
*** SUMMARY ***
Total pot $2 | Rake $0
Seat 1: zetje187 (button) (small blind) folded before Flop
Seat 6: FinDeSiecle (big blind) collected ($2)


PokerStars Hand #146837221575:  Hold'em Limit ($3/$6 USD) - 2016/01/10 21:59:32 ET
Table 'Euryalos II' 6-max Seat #6 is the button
Seat 2: BuzovaPro ($121.09 in chips)
Seat 6: FinDeSiecle ($155.34 in chips)
FinDeSiecle: posts small blind $1
BuzovaPro: posts big blind $3
*** HOLE CARDS ***
FinDeSiecle: folds
Uncalled bet ($2) returned to BuzovaPro
BuzovaPro collected $2 from pot
BuzovaPro: doesn't show hand
*** SUMMARY ***
Total pot $2 | Rake $0
Seat 2: BuzovaPro (big blind) collected ($2)
Seat 6: FinDeSiecle (button) (small blind) folded before Flop


PokerStars Hand #146837230170:  Hold'em Limit ($3/$6 USD) - 2016/01/10 21:59:57 ET
Table 'Euryalos II' 6-max Seat #6 is the button
Seat 2: BuzovaPro ($125.09 in chips)
Seat 6: FinDeSiecle ($151.34 in chips)
FinDeSiecle: posts small blind $1
BuzovaPro: posts big blind $3
*** HOLE CARDS ***
Brama Br joins the table at seat #1
FinDeSiecle: folds
Uncalled bet ($2) returned to BuzovaPro
BuzovaPro collected $2 from pot
BuzovaPro: doesn't show hand
*** SUMMARY ***
Total pot $2 | Rake $0
Seat 2: BuzovaPro (big blind) collected ($2)
Seat 6: FinDeSiecle (button) (small blind) folded before Flop


PokerStars Hand #146837224524:  Hold'em Limit ($3/$6 USD) - 2016/01/10 21:59:40 ET
Table 'Euryalos II' 6-max Seat #2 is the button
Seat 2: BuzovaPro ($122.09 in chips)
Seat 6: FinDeSiecle ($154.34 in chips)
BuzovaPro: posts small blind $1
FinDeSiecle: posts big blind $3
*** HOLE CARDS ***
zetje187 leaves the table
BuzovaPro: raises $3 to $6
covasa andre joins the table at seat #4
FinDeSiecle: folds
Uncalled bet ($3) returned to BuzovaPro
BuzovaPro collected $6 from pot
BuzovaPro: doesn't show hand
*** SUMMARY ***
Total pot $6 | Rake $0
Seat 2: BuzovaPro (button) (small blind) collected ($6)
Seat 6: FinDeSiecle (big blind) folded before Flop


PokerStars Hand #146838272238:  Hold'em Limit ($3/$6 USD) - 2016/01/10 22:45:35 ET
Table 'Euryalos II' 6-max Seat #2 is the button
Seat 1: Johnliu ($190.91 in chips)
Seat 2: krytalex ($162.17 in chips)
krytalex: posts small blind $1
Johnliu: posts big blind $3
*** HOLE CARDS ***
krytalex: raises $3 to $6
Johnliu: calls $3
*** FLOP *** [Ah 5c Js]
Johnliu: checks
krytalex: bets $3
Johnliu: calls $3
*** TURN *** [Ah 5c Js] [3d]
Johnliu: checks
krytalex: bets $6
Johnliu: calls $6
*** RIVER *** [Ah 5c Js 3d] [Ts]
Chessnok leaves the table
Johnliu: checks
krytalex: bets $6
Johnliu: folds
Uncalled bet ($6) returned to krytalex
krytalex collected $29.50 from pot
*** SUMMARY ***
Total pot $30 | Rake $0.50
Board [Ah 5c Js 3d Ts]
Seat 1: Johnliu (big blind) folded on the River
Seat 2: krytalex (button) (small blind) collected ($29.50)


PokerStars Hand #146838284179:  Hold'em Limit ($3/$6 USD) - 2016/01/10 22:46:08 ET
Table 'Euryalos II' 6-max Seat #1 is the button
Seat 1: Johnliu ($175.91 in chips)
Seat 2: krytalex ($176.67 in chips)
Johnliu: posts small blind $1
krytalex: posts big blind $3
*** HOLE CARDS ***
Johnliu: raises $3 to $6
HappyJiHAD joins the table at seat #3
krytalex: folds
Uncalled bet ($3) returned to Johnliu
Johnliu collected $6 from pot
Johnliu: doesn't show hand
*** SUMMARY ***
Total pot $6 | Rake $0
Seat 1: Johnliu (button) (small blind) collected ($6)
Seat 2: krytalex (big blind) folded before Flop


PokerStars Hand #146839432068:  Hold'em Limit ($3/$6 USD) - 2016/01/10 23:46:19 ET
Table 'Euryalos II' 6-max Seat #3 is the button
Seat 2: krytalex ($201.75 in chips)
Seat 3: fire852181 ($73.04 in chips)
fire852181: posts small blind $1
Necromadx: is sitting out
krytalex: posts big blind $3
*** HOLE CARDS ***
fire852181: calls $2
Necromadx leaves the table
krytalex: raises $3 to $6
fire852181: calls $3
*** FLOP *** [6h 7h 2d]
krytalex: bets $3
fire852181: calls $3
*** TURN *** [6h 7h 2d] [7d]
krytalex: bets $6
fire852181: raises $6 to $12
krytalex: folds
Uncalled bet ($6) returned to fire852181
fire852181 collected $29.50 from pot
fire852181: doesn't show hand
*** SUMMARY ***
Total pot $30 | Rake $0.50
Board [6h 7h 2d 7d]
Seat 2: krytalex (big blind) folded on the Turn
Seat 3: fire852181 (button) (small blind) collected ($29.50)


PokerStars Hand #146839448453:  Hold'em Limit ($3/$6 USD) - 2016/01/10 23:47:05 ET
Table 'Euryalos II' 6-max Seat #2 is the button
Seat 2: krytalex ($186.75 in chips)
Seat 3: fire852181 ($87.54 in chips)
krytalex: posts small blind $1
fire852181: posts big blind $3
*** HOLE CARDS ***
krytalex: raises $3 to $6
fire852181: raises $3 to $9
krytalex: calls $3
*** FLOP *** [Tc 6h 5d]
fire852181: bets $3
krytalex: calls $3
*** TURN *** [Tc 6h 5d] [Qs]
PycV joins the table at seat #4
fire852181: bets $6
krytalex: calls $6
*** RIVER *** [Tc 6h 5d Qs] [8c]
fire852181: bets $6
krytalex: folds
Uncalled bet ($6) returned to fire852181
fire852181 collected $35.50 from pot
fire852181: doesn't show hand
*** SUMMARY ***
Total pot $36 | Rake $0.50
Board [Tc 6h 5d Qs 8c]
Seat 2: krytalex (button) (small blind) folded on the River
Seat 3: fire852181 (big blind) collected ($35.50)


PokerStars Hand #146839498810:  Hold'em Limit ($3/$6 USD) - 2016/01/10 23:49:49 ET
Table 'Euryalos II' 6-max Seat #2 is the button
Seat 2: krytalex ($152.75 in chips)
Seat 4: PycV ($156 in chips)
krytalex: posts small blind $1
fire852181: is sitting out
PycV: posts big blind $3
*** HOLE CARDS ***
krytalex: raises $3 to $6
PycV: folds
Uncalled bet ($3) returned to krytalex
krytalex collected $6 from pot
*** SUMMARY ***
Total pot $6 | Rake $0
Seat 2: krytalex (button) (small blind) collected ($6)
Seat 4: PycV (big blind) folded before Flop


PokerStars Hand #146839502309:  Hold'em Limit ($3/$6 USD) - 2016/01/10 23:50:00 ET
Table 'Euryalos II' 6-max Seat #4 is the button
Seat 2: krytalex ($155.75 in chips)
Seat 4: PycV ($153 in chips)
PycV: posts small blind $1
krytalex: posts big blind $3
*** HOLE CARDS ***
PycV: raises $3 to $6
krytalex: calls $3
*** FLOP *** [Jc 5h Jd]
krytalex: checks
PycV: bets $3
krytalex: raises $3 to $6
PycV: calls $3
*** TURN *** [Jc 5h Jd] [8s]
krytalex: bets $6
fire852181 leaves the table
PycV: calls $6
*** RIVER *** [Jc 5h Jd 8s] [5c]
krytalex: bets $6
PycV: calls $6
*** SHOW DOWN ***
krytalex: shows [8h 6h] (two pair, Jacks and Eights)
PycV: mucks hand
krytalex collected $47.50 from pot
*** SUMMARY ***
Total pot $48 | Rake $0.50
Board [Jc 5h Jd 8s 5c]
Seat 2: krytalex (big blind) showed [8h 6h] and won ($47.50) with two pair, Jacks and Eights
Seat 4: PycV (button) (small blind) mucked


PokerStars Hand #146840403335:  Hold'em Limit ($3/$6 USD) - 2016/01/11 0:45:23 ET
Table 'Euryalos II' 6-max Seat #2 is the button
Seat 2: krytalex ($192.75 in chips)
Seat 5: _fayzulllo_ ($57.64 in chips)
krytalex: posts small blind $1
_fayzulllo_: posts big blind $3
*** HOLE CARDS ***
krytalex: folds
Uncalled bet ($2) returned to _fayzulllo_
_fayzulllo_ collected $2 from pot
_fayzulllo_: doesn't show hand
*** SUMMARY ***
Total pot $2 | Rake $0
Seat 2: krytalex (button) (small blind) folded before Flop
Seat 5: _fayzulllo_ (big blind) collected ($2)


PokerStars Hand #146840404942:  Hold'em Limit ($3/$6 USD) - 2016/01/11 0:45:28 ET
Table 'Euryalos II' 6-max Seat #5 is the button
Seat 2: krytalex ($191.75 in chips)
Seat 5: _fayzulllo_ ($58.64 in chips)
_fayzulllo_: posts small blind $1
krytalex: posts big blind $3
*** HOLE CARDS ***
_fayzulllo_: raises $3 to $6
krytalex: folds
Uncalled bet ($3) returned to _fayzulllo_
_fayzulllo_ collected $6 from pot
_fayzulllo_: doesn't show hand
*** SUMMARY ***
Total pot $6 | Rake $0
Seat 2: krytalex (big blind) folded before Flop
Seat 5: _fayzulllo_ (button) (small blind) collected ($6)


PokerStars Hand #146840417469:  Hold'em Limit ($3/$6 USD) - 2016/01/11 0:46:13 ET
Table 'Euryalos II' 6-max Seat #5 is the button
Seat 2: krytalex ($173.75 in chips)
Seat 5: _fayzulllo_ ($76.14 in chips)
_fayzulllo_: posts small blind $1
krytalex: posts big blind $3
*** HOLE CARDS ***
_fayzulllo_: calls $2
krytalex: checks
*** FLOP *** [7s Ad As]
krytalex: checks
_fayzulllo_: checks
*** TURN *** [7s Ad As] [9c]
krytalex: checks
_fayzulllo_: checks
*** RIVER *** [7s Ad As 9c] [7c]
krytalex: bets $6
_fayzulllo_: folds
Uncalled bet ($6) returned to krytalex
krytalex collected $5.88 from pot
*** SUMMARY ***
Total pot $6 | Rake $0.12
Board [7s Ad As 9c 7c]
Seat 2: krytalex (big blind) collected ($5.88)
Seat 5: _fayzulllo_ (button) (small blind) folded on the River


PokerStars Hand #146840409185:  Hold'em Limit ($3/$6 USD) - 2016/01/11 0:45:43 ET
Table 'Euryalos II' 6-max Seat #2 is the button
Seat 2: krytalex ($188.75 in chips)
Seat 5: _fayzulllo_ ($61.64 in chips)
krytalex: posts small blind $1
_fayzulllo_: posts big blind $3
*** HOLE CARDS ***
krytalex: raises $3 to $6
_fayzulllo_: calls $3
*** FLOP *** [As 7d 5s]
_fayzulllo_: checks
krytalex: bets $3
_fayzulllo_: calls $3
*** TURN *** [As 7d 5s] [4s]
_fayzulllo_: checks
krytalex: checks
*** RIVER *** [As 7d 5s 4s] [6d]
_fayzulllo_: bets $6
krytalex: calls $6
*** SHOW DOWN ***
_fayzulllo_: shows [7s 3s] (a flush, Ace high)
krytalex: mucks hand
_fayzulllo_ collected $29.50 from pot
*** SUMMARY ***
Total pot $30 | Rake $0.50
Board [As 7d 5s 4s 6d]
Seat 2: krytalex (button) (small blind) mucked
Seat 5: _fayzulllo_ (big blind) showed [7s 3s] and won ($29.50) with a flush, Ace high


PokerStars Hand #146840423539:  Hold'em Limit ($3/$6 USD) - 2016/01/11 0:46:35 ET
Table 'Euryalos II' 6-max Seat #2 is the button
Seat 2: krytalex ($176.63 in chips)
Seat 5: _fayzulllo_ ($73.14 in chips)
krytalex: posts small blind $1
_fayzulllo_: posts big blind $3
*** HOLE CARDS ***
krytalex: raises $3 to $6
_fayzulllo_: calls $3
*** FLOP *** [9h 8d 8c]
_fayzulllo_: checks
krytalex: bets $3
_fayzulllo_: calls $3
*** TURN *** [9h 8d 8c] [7h]
_fayzulllo_: checks
krytalex: bets $6
_fayzulllo_: calls $6
*** RIVER *** [9h 8d 8c 7h] [6d]
_fayzulllo_: checks
krytalex: bets $6
_fayzulllo_: calls $6
*** SHOW DOWN ***
krytalex: shows [Tc Jd] (a straight, Seven to Jack)
_fayzulllo_: mucks hand
krytalex collected $41.50 from pot
*** SUMMARY ***
Total pot $42 | Rake $0.50
Board [9h 8d 8c 7h 6d]
Seat 2: krytalex (button) (small blind) showed [Tc Jd] and won ($41.50) with a straight, Seven to Jack
Seat 5: _fayzulllo_ (big blind) mucked


PokerStars Hand #146840430951:  Hold'em Limit ($3/$6 USD) - 2016/01/11 0:47:02 ET
Table 'Euryalos II' 6-max Seat #5 is the button
Seat 2: krytalex ($197.13 in chips)
Seat 5: _fayzulllo_ ($52.14 in chips)
_fayzulllo_: posts small blind $1
krytalex: posts big blind $3
*** HOLE CARDS ***
_fayzulllo_: calls $2
krytalex: checks
*** FLOP *** [3s 9s Qh]
krytalex: checks
_fayzulllo_: bets $3
krytalex: folds
Uncalled bet ($3) returned to _fayzulllo_
_fayzulllo_ collected $5.88 from pot
_fayzulllo_: doesn't show hand
*** SUMMARY ***
Total pot $6 | Rake $0.12
Board [3s 9s Qh]
Seat 2: krytalex (big blind) folded on the Flop
Seat 5: _fayzulllo_ (button) (small blind) collected ($5.88)


PokerStars Hand #146840439751:  Hold'em Limit ($3/$6 USD) - 2016/01/11 0:47:16 ET
Table 'Euryalos II' 6-max Seat #2 is the button
Seat 2: krytalex ($194.13 in chips)
Seat 5: _fayzulllo_ ($55.02 in chips)
krytalex: posts small blind $1
_fayzulllo_: posts big blind $3
*** HOLE CARDS ***
krytalex: raises $3 to $6
_fayzulllo_: calls $3
*** FLOP *** [4c Th Qd]
_fayzulllo_: checks
krytalex: bets $3
_fayzulllo_: folds
Uncalled bet ($3) returned to krytalex
krytalex collected $11.76 from pot
*** SUMMARY ***
Total pot $12 | Rake $0.24
Board [4c Th Qd]
Seat 2: krytalex (button) (small blind) collected ($11.76)
Seat 5: _fayzulllo_ (big blind) folded on the Flop


PokerStars Hand #146840457007:  Hold'em Limit ($3/$6 USD) - 2016/01/11 0:48:13 ET
Table 'Euryalos II' 6-max Seat #2 is the button
Seat 2: krytalex ($208.53 in chips)
Seat 5: _fayzulllo_ ($40.02 in chips)
krytalex: posts small blind $1
_fayzulllo_: posts big blind $3
*** HOLE CARDS ***
krytalex: raises $3 to $6
_fayzulllo_: folds
Uncalled bet ($3) returned to krytalex
krytalex collected $6 from pot
*** SUMMARY ***
Total pot $6 | Rake $0
Seat 2: krytalex (button) (small blind) collected ($6)
Seat 5: _fayzulllo_ (big blind) folded before Flop


PokerStars Hand #146840449523:  Hold'em Limit ($3/$6 USD) - 2016/01/11 0:47:47 ET
Table 'Euryalos II' 6-max Seat #5 is the button
Seat 2: krytalex ($199.89 in chips)
Seat 5: _fayzulllo_ ($49.02 in chips)
_fayzulllo_: posts small blind $1
krytalex: posts big blind $3
*** HOLE CARDS ***
_fayzulllo_: raises $3 to $6
krytalex: calls $3
*** FLOP *** [3s Ts Tc]
krytalex: checks
_fayzulllo_: bets $3
krytalex: calls $3
*** TURN *** [3s Ts Tc] [Js]
krytalex: checks
_fayzulllo_: checks
*** RIVER *** [3s Ts Tc Js] [Jc]
krytalex: checks
_fayzulllo_: checks
*** SHOW DOWN ***
krytalex: shows [Ks 7c] (two pair, Jacks and Tens)
_fayzulllo_: mucks hand
krytalex collected $17.64 from pot
*** SUMMARY ***
Total pot $18 | Rake $0.36
Board [3s Ts Tc Js Jc]
Seat 2: krytalex (big blind) showed [Ks 7c] and won ($17.64) with two pair, Jacks and Tens
Seat 5: _fayzulllo_ (button) (small blind) mucked


PokerStars Hand #146840459953:  Hold'em Limit ($3/$6 USD) - 2016/01/11 0:48:24 ET
Table 'Euryalos II' 6-max Seat #5 is the button
Seat 2: krytalex ($211.53 in chips)
Seat 5: _fayzulllo_ ($37.02 in chips)
_fayzulllo_: posts small blind $1
krytalex: posts big blind $3
*** HOLE CARDS ***
_fayzulllo_: raises $3 to $6
krytalex: calls $3
*** FLOP *** [Ac Td 6d]
krytalex: checks
_fayzulllo_: bets $3
krytalex: folds
Uncalled bet ($3) returned to _fayzulllo_
_fayzulllo_ collected $11.76 from pot
_fayzulllo_: doesn't show hand
*** SUMMARY ***
Total pot $12 | Rake $0.24
Board [Ac Td 6d]
Seat 2: krytalex (big blind) folded on the Flop
Seat 5: _fayzulllo_ (button) (small blind) collected ($11.76)


PokerStars Hand #146840469252:  Hold'em Limit ($3/$6 USD) - 2016/01/11 0:48:57 ET
Table 'Euryalos II' 6-max Seat #2 is the button
Seat 2: krytalex ($205.53 in chips)
Seat 5: _fayzulllo_ ($42.78 in chips)
krytalex: posts small blind $1
_fayzulllo_: posts big blind $3
*** HOLE CARDS ***
fire852181 joins the table at seat #3
krytalex: raises $3 to $6
_fayzulllo_: calls $3
*** FLOP *** [7d 2d 4d]
pierrette56 joins the table at seat #4
_fayzulllo_: checks
krytalex: bets $3
_fayzulllo_: folds
Uncalled bet ($3) returned to krytalex
krytalex collected $11.76 from pot
*** SUMMARY ***
Total pot $12 | Rake $0.24
Board [7d 2d 4d]
Seat 2: krytalex (button) (small blind) collected ($11.76)
Seat 5: _fayzulllo_ (big blind) folded on the Flop


PokerStars Hand #146842076479:  Hold'em Limit ($3/$6 USD) - 2016/01/11 2:28:04 ET
Table 'Euryalos II' 6-max Seat #2 is the button
Seat 1: Johnliu ($97.35 in chips)
Seat 2: krytalex ($360.19 in chips)
krytalex: posts small blind $1
Suebear67: is sitting out
Johnliu: posts big blind $3
*** HOLE CARDS ***
Suebear67 leaves the table
krytalex: folds
Uncalled bet ($2) returned to Johnliu
Johnliu collected $2 from pot
Johnliu: doesn't show hand
*** SUMMARY ***
Total pot $2 | Rake $0
Seat 1: Johnliu (big blind) collected ($2)
Seat 2: krytalex (button) (small blind) folded before Flop


PokerStars Hand #146842079552:  Hold'em Limit ($3/$6 USD) - 2016/01/11 2:28:15 ET
Table 'Euryalos II' 6-max Seat #1 is the button
Seat 1: Johnliu ($98.35 in chips)
Seat 2: krytalex ($359.19 in chips)
Johnliu: posts small blind $1
krytalex: posts big blind $3
*** HOLE CARDS ***
Johnliu: raises $3 to $6
krytalex: folds
Uncalled bet ($3) returned to Johnliu
Johnliu collected $6 from pot
*** SUMMARY ***
Total pot $6 | Rake $0
Seat 1: Johnliu (button) (small blind) collected ($6)
Seat 2: krytalex (big blind) folded before Flop


