PokerStars Hand #156717022147:  Hold'em Limit ($3/$6 USD) - 2016/08/01 6:37:58 ET
Table 'Eurydike II' 6-max Seat #4 is the button
Seat 3: piravlos93 ($57.47 in chips)
Seat 4: Agrotait ($72 in chips)
Agrotait: posts small blind $1
piravlos93: posts big blind $3
*** HOLE CARDS ***
Agrotait: raises $3 to $6
piravlos93: calls $3
*** FLOP *** [2d 9c 8h]
piravlos93: bets $3
Agrotait: raises $3 to $6
piravlos93: calls $3
*** TURN *** [2d 9c 8h] [9d]
piravlos93: checks
Agrotait: bets $6
piravlos93: calls $6
*** RIVER *** [2d 9c 8h 9d] [6d]
piravlos93: checks
Agrotait: bets $6
piravlos93: calls $6
*** SHOW DOWN ***
Agrotait: shows [5d 9h] (three of a kind, Nines)
piravlos93: mucks hand
Agrotait collected $47.50 from pot
*** SUMMARY ***
Total pot $48 | Rake $0.50
Board [2d 9c 8h 9d 6d]
Seat 3: piravlos93 (big blind) mucked
Seat 4: Agrotait (button) (small blind) showed [5d 9h] and won ($47.50) with three of a kind, Nines


PokerStars Hand #156717032953:  Hold'em Limit ($3/$6 USD) - 2016/08/01 6:38:26 ET
Table 'Eurydike II' 6-max Seat #3 is the button
Seat 3: piravlos93 ($33.47 in chips)
Seat 4: Agrotait ($95.50 in chips)
piravlos93: posts small blind $1
Agrotait: posts big blind $3
*** HOLE CARDS ***
piravlos93: raises $3 to $6
Agrotait: calls $3
*** FLOP *** [3d Qd 3c]
Agrotait: checks
piravlos93: checks
*** TURN *** [3d Qd 3c] [7h]
Agrotait: bets $6
piravlos93: raises $6 to $12
Agrotait: folds
Uncalled bet ($6) returned to piravlos93
piravlos93 collected $23.52 from pot
piravlos93: doesn't show hand
*** SUMMARY ***
Total pot $24 | Rake $0.48
Board [3d Qd 3c 7h]
Seat 3: piravlos93 (button) (small blind) collected ($23.52)
Seat 4: Agrotait (big blind) folded on the Turn


PokerStars Hand #156717011723:  Hold'em Limit ($3/$6 USD) - 2016/08/01 6:37:31 ET
Table 'Eurydike II' 6-max Seat #3 is the button
Seat 3: piravlos93 ($39.97 in chips)
Seat 4: Agrotait ($72 in chips)
piravlos93: posts small blind $1
Agrotait: posts big blind $3
*** HOLE CARDS ***
piravlos93: raises $3 to $6
Agrotait: calls $3
*** FLOP *** [Ts 3d Ad]
Agrotait: checks
piravlos93: checks
*** TURN *** [Ts 3d Ad] [2s]
Agrotait: bets $6
piravlos93: calls $6
*** RIVER *** [Ts 3d Ad 2s] [8s]
Agrotait: checks
piravlos93: bets $6
Agrotait: calls $6
*** SHOW DOWN ***
piravlos93: shows [As Ks] (a flush, Ace high)
Agrotait: mucks hand
piravlos93 collected $35.50 from pot
*** SUMMARY ***
Total pot $36 | Rake $0.50
Board [Ts 3d Ad 2s 8s]
Seat 3: piravlos93 (button) (small blind) showed [As Ks] and won ($35.50) with a flush, Ace high
Seat 4: Agrotait (big blind) mucked


PokerStars Hand #156717040523:  Hold'em Limit ($3/$6 USD) - 2016/08/01 6:38:46 ET
Table 'Eurydike II' 6-max Seat #4 is the button
Seat 3: piravlos93 ($44.99 in chips)
Seat 4: Agrotait ($83.50 in chips)
Agrotait: posts small blind $1
piravlos93: posts big blind $3
*** HOLE CARDS ***
Agrotait: raises $3 to $6
piravlos93: calls $3
*** FLOP *** [4c 8h Ad]
piravlos93: checks
Agrotait: bets $3
piravlos93: calls $3
*** TURN *** [4c 8h Ad] [7c]
piravlos93: checks
Agrotait: checks
*** RIVER *** [4c 8h Ad 7c] [As]
piravlos93: bets $6
Agrotait: calls $6
*** SHOW DOWN ***
piravlos93: shows [7d 5c] (two pair, Aces and Sevens)
Agrotait: mucks hand
piravlos93 collected $29.50 from pot
*** SUMMARY ***
Total pot $30 | Rake $0.50
Board [4c 8h Ad 7c As]
Seat 3: piravlos93 (big blind) showed [7d 5c] and won ($29.50) with two pair, Aces and Sevens
Seat 4: Agrotait (button) (small blind) mucked


PokerStars Hand #156717049033:  Hold'em Limit ($3/$6 USD) - 2016/08/01 6:39:08 ET
Table 'Eurydike II' 6-max Seat #3 is the button
Seat 3: piravlos93 ($59.49 in chips)
Seat 4: Agrotait ($68.50 in chips)
piravlos93: posts small blind $1
Agrotait: posts big blind $3
*** HOLE CARDS ***
piravlos93: calls $2
Agrotait: checks
*** FLOP *** [7c 6s 9c]
Agrotait: checks
piravlos93: bets $3
Agrotait: folds
Uncalled bet ($3) returned to piravlos93
piravlos93 collected $5.88 from pot
piravlos93: doesn't show hand
*** SUMMARY ***
Total pot $6 | Rake $0.12
Board [7c 6s 9c]
Seat 3: piravlos93 (button) (small blind) collected ($5.88)
Seat 4: Agrotait (big blind) folded on the Flop


PokerStars Hand #156717055280:  Hold'em Limit ($3/$6 USD) - 2016/08/01 6:39:24 ET
Table 'Eurydike II' 6-max Seat #4 is the button
Seat 3: piravlos93 ($62.37 in chips)
Seat 4: Agrotait ($65.50 in chips)
Agrotait: posts small blind $1
piravlos93: posts big blind $3
*** HOLE CARDS ***
Agrotait: raises $3 to $6
piravlos93: calls $3
*** FLOP *** [Kh 9h Tc]
piravlos93: checks
Agrotait: bets $3
piravlos93: calls $3
*** TURN *** [Kh 9h Tc] [9c]
piravlos93: checks
Agrotait: checks
*** RIVER *** [Kh 9h Tc 9c] [Kd]
piravlos93: bets $6
Agrotait: raises $6 to $12
piravlos93: calls $6
*** SHOW DOWN ***
Agrotait: shows [6d 5c] (two pair, Kings and Nines)
piravlos93: shows [2c Ts] (two pair, Kings and Tens)
piravlos93 collected $41.50 from pot
*** SUMMARY ***
Total pot $42 | Rake $0.50
Board [Kh 9h Tc 9c Kd]
Seat 3: piravlos93 (big blind) showed [2c Ts] and won ($41.50) with two pair, Kings and Tens
Seat 4: Agrotait (button) (small blind) showed [6d 5c] and lost with two pair, Kings and Nines


PokerStars Hand #156717063295:  Hold'em Limit ($3/$6 USD) - 2016/08/01 6:39:45 ET
Table 'Eurydike II' 6-max Seat #3 is the button
Seat 3: piravlos93 ($82.87 in chips)
Seat 4: Agrotait ($72 in chips)
piravlos93: posts small blind $1
Agrotait: posts big blind $3
*** HOLE CARDS ***
piravlos93: raises $3 to $6
Agrotait: raises $3 to $9
piravlos93: calls $3
*** FLOP *** [Jc Qd 9d]
Agrotait: bets $3
piravlos93: folds
Uncalled bet ($3) returned to Agrotait
Agrotait collected $17.64 from pot
Agrotait: doesn't show hand
*** SUMMARY ***
Total pot $18 | Rake $0.36
Board [Jc Qd 9d]
Seat 3: piravlos93 (button) (small blind) folded on the Flop
Seat 4: Agrotait (big blind) collected ($17.64)


PokerStars Hand #156717066989:  Hold'em Limit ($3/$6 USD) - 2016/08/01 6:39:54 ET
Table 'Eurydike II' 6-max Seat #4 is the button
Seat 3: piravlos93 ($73.87 in chips)
Seat 4: Agrotait ($80.64 in chips)
Agrotait: posts small blind $1
piravlos93: posts big blind $3
*** HOLE CARDS ***
Agrotait: raises $3 to $6
piravlos93: raises $3 to $9
Agrotait: calls $3
*** FLOP *** [Td 3c 6d]
piravlos93: checks
Agrotait: bets $3
piravlos93: calls $3
*** TURN *** [Td 3c 6d] [Js]
piravlos93: checks
Agrotait: bets $6
piravlos93: raises $6 to $12
Agrotait: calls $6
*** RIVER *** [Td 3c 6d Js] [6s]
piravlos93: bets $6
Agrotait: calls $6
*** SHOW DOWN ***
piravlos93: shows [Th Ts] (a full house, Tens full of Sixes)
Agrotait: mucks hand
piravlos93 collected $59.50 from pot
*** SUMMARY ***
Total pot $60 | Rake $0.50
Board [Td 3c 6d Js 6s]
Seat 3: piravlos93 (big blind) showed [Th Ts] and won ($59.50) with a full house, Tens full of Sixes
Seat 4: Agrotait (button) (small blind) mucked


PokerStars Hand #156717081518:  Hold'em Limit ($3/$6 USD) - 2016/08/01 6:40:32 ET
Table 'Eurydike II' 6-max Seat #3 is the button
Seat 3: piravlos93 ($103.37 in chips)
Seat 4: Agrotait ($72 in chips)
piravlos93: posts small blind $1
Agrotait: posts big blind $3
*** HOLE CARDS ***
piravlos93: raises $3 to $6
Agrotait: calls $3
*** FLOP *** [3s Ad Qh]
Agrotait: checks
piravlos93: bets $3
Agrotait: raises $3 to $6
piravlos93: calls $3
*** TURN *** [3s Ad Qh] [Kd]
Agrotait: checks
piravlos93: bets $6
Agrotait: folds [9d 6c]
Uncalled bet ($6) returned to piravlos93
piravlos93 collected $23.52 from pot
piravlos93: doesn't show hand
*** SUMMARY ***
Total pot $24 | Rake $0.48
Board [3s Ad Qh Kd]
Seat 3: piravlos93 (button) (small blind) collected ($23.52)
Seat 4: Agrotait (big blind) folded on the Turn


PokerStars Hand #156717093950:  Hold'em Limit ($3/$6 USD) - 2016/08/01 6:41:04 ET
Table 'Eurydike II' 6-max Seat #4 is the button
Seat 3: piravlos93 ($114.89 in chips)
Seat 4: Agrotait ($60 in chips)
Agrotait: posts small blind $1
piravlos93: posts big blind $3
*** HOLE CARDS ***
Agrotait: raises $3 to $6
piravlos93: calls $3
*** FLOP *** [Qh Jh Ah]
piravlos93: checks
Agrotait: bets $3
piravlos93: raises $3 to $6
Agrotait: folds
Uncalled bet ($3) returned to piravlos93
piravlos93 collected $17.64 from pot
piravlos93: doesn't show hand
*** SUMMARY ***
Total pot $18 | Rake $0.36
Board [Qh Jh Ah]
Seat 3: piravlos93 (big blind) collected ($17.64)
Seat 4: Agrotait (button) (small blind) folded on the Flop


PokerStars Hand #156717098259:  Hold'em Limit ($3/$6 USD) - 2016/08/01 6:41:15 ET
Table 'Eurydike II' 6-max Seat #3 is the button
Seat 3: piravlos93 ($123.53 in chips)
Seat 4: Agrotait ($72 in chips)
piravlos93: posts small blind $1
Agrotait: posts big blind $3
*** HOLE CARDS ***
piravlos93: raises $3 to $6
Agrotait: raises $3 to $9
piravlos93: calls $3
*** FLOP *** [3h 6d Ks]
Agrotait: bets $3
piravlos93: calls $3
*** TURN *** [3h 6d Ks] [Tc]
Agrotait: checks
piravlos93: checks
*** RIVER *** [3h 6d Ks Tc] [8h]
Agrotait: checks
piravlos93: checks
*** SHOW DOWN ***
Agrotait: shows [Jc 9s] (high card King)
piravlos93: shows [4d Ac] (high card Ace)
piravlos93 collected $23.52 from pot
*** SUMMARY ***
Total pot $24 | Rake $0.48
Board [3h 6d Ks Tc 8h]
Seat 3: piravlos93 (button) (small blind) showed [4d Ac] and won ($23.52) with high card Ace
Seat 4: Agrotait (big blind) showed [Jc 9s] and lost with high card King


PokerStars Hand #156717108823:  Hold'em Limit ($3/$6 USD) - 2016/08/01 6:41:43 ET
Table 'Eurydike II' 6-max Seat #4 is the button
Seat 3: piravlos93 ($135.05 in chips)
Seat 4: Agrotait ($60 in chips)
Agrotait: posts small blind $1
piravlos93: posts big blind $3
*** HOLE CARDS ***
Agrotait: raises $3 to $6
piravlos93: raises $3 to $9
Agrotait: raises $3 to $12
Betting is capped
piravlos93: calls $3
*** FLOP *** [2h 9d 4s]
piravlos93: bets $3
Agrotait: raises $3 to $6
Mordnilap joins the table at seat #5
piravlos93: calls $3
*** TURN *** [2h 9d 4s] [8c]
piravlos93: checks
Agrotait: bets $6
piravlos93: calls $6
*** RIVER *** [2h 9d 4s 8c] [Ac]
piravlos93: checks
Agrotait: bets $6
piravlos93: calls $6
*** SHOW DOWN ***
Agrotait: shows [Qc Qs] (a pair of Queens)
piravlos93: mucks hand
Agrotait collected $59.50 from pot
*** SUMMARY ***
Total pot $60 | Rake $0.50
Board [2h 9d 4s 8c Ac]
Seat 3: piravlos93 (big blind) mucked
Seat 4: Agrotait (button) (small blind) showed [Qc Qs] and won ($59.50) with a pair of Queens


PokerStars Hand #156717117244:  Hold'em Limit ($3/$6 USD) - 2016/08/01 6:42:05 ET
Table 'Eurydike II' 6-max Seat #3 is the button
Seat 3: piravlos93 ($105.05 in chips)
Seat 4: Agrotait ($89.50 in chips)
piravlos93: posts small blind $1
Agrotait: posts big blind $3
*** HOLE CARDS ***
piravlos93: calls $2
Agrotait: checks
*** FLOP *** [6h Ks 4c]
Agrotait: bets $3
piravlos93: folds
Uncalled bet ($3) returned to Agrotait
Agrotait collected $5.88 from pot
Agrotait: doesn't show hand
*** SUMMARY ***
Total pot $6 | Rake $0.12
Board [6h Ks 4c]
Seat 3: piravlos93 (button) (small blind) folded on the Flop
Seat 4: Agrotait (big blind) collected ($5.88)


PokerStars Hand #156717251809:  Hold'em Limit ($3/$6 USD) - 2016/08/01 6:47:55 ET
Table 'Eurydike II' 6-max Seat #2 is the button
Seat 2: Icecold ($46.22 in chips)
Seat 5: Mordnilap ($164.58 in chips)
Icecold: posts small blind $1
Agrotait: is sitting out
Mordnilap: posts big blind $3
*** HOLE CARDS ***
Icecold: folds
Uncalled bet ($2) returned to Mordnilap
Icecold leaves the table
Mordnilap collected $2 from pot
Mordnilap: doesn't show hand
*** SUMMARY ***
Total pot $2 | Rake $0
Seat 2: Icecold (button) (small blind) folded before Flop
Seat 5: Mordnilap (big blind) collected ($2)


