PokerStars Hand #145155136013:  Hold'em Limit ($3/$6 USD) - 2015/12/10 21:22:45 ET
Table 'Euterpe' 6-max Seat #3 is the button
Seat 3: Moneyfold'n ($56.02 in chips)
Seat 4: Pandakey ($120 in chips)
Moneyfold'n: posts small blind $1
Pandakey: posts big blind $3
*** HOLE CARDS ***
Moneyfold'n: raises $3 to $6
Pandakey: raises $3 to $9
Moneyfold'n: calls $3
*** FLOP *** [8d 4s 3c]
Pandakey: bets $3
Moneyfold'n: raises $3 to $6
Pandakey: calls $3
*** TURN *** [8d 4s 3c] [2d]
Pandakey: checks
Moneyfold'n: bets $6
Pandakey: folds
Uncalled bet ($6) returned to Moneyfold'n
Moneyfold'n collected $29.50 from pot
Moneyfold'n: doesn't show hand
*** SUMMARY ***
Total pot $30 | Rake $0.50
Board [8d 4s 3c 2d]
Seat 3: Moneyfold'n (button) (small blind) collected ($29.50)
Seat 4: Pandakey (big blind) folded on the Turn


PokerStars Hand #145155162282:  Hold'em Limit ($3/$6 USD) - 2015/12/10 21:23:45 ET
Table 'Euterpe' 6-max Seat #4 is the button
Seat 3: Moneyfold'n ($93.78 in chips)
Seat 4: Pandakey ($81 in chips)
Pandakey: posts small blind $1
Moneyfold'n: posts big blind $3
*** HOLE CARDS ***
Pandakey: raises $3 to $6
Moneyfold'n: calls $3
*** FLOP *** [4h Jd 8h]
Moneyfold'n: checks
Pandakey: bets $3
Moneyfold'n: folds
Uncalled bet ($3) returned to Pandakey
Pandakey collected $11.76 from pot
Pandakey: doesn't show hand
*** SUMMARY ***
Total pot $12 | Rake $0.24
Board [4h Jd 8h]
Seat 3: Moneyfold'n (big blind) folded on the Flop
Seat 4: Pandakey (button) (small blind) collected ($11.76)


PokerStars Hand #145155153258:  Hold'em Limit ($3/$6 USD) - 2015/12/10 21:23:25 ET
Table 'Euterpe' 6-max Seat #3 is the button
Seat 3: Moneyfold'n ($76.28 in chips)
Seat 4: Pandakey ($99 in chips)
Moneyfold'n: posts small blind $1
Pandakey: posts big blind $3
*** HOLE CARDS ***
Moneyfold'n: raises $3 to $6
Pandakey: calls $3
*** FLOP *** [3d Qs 2s]
Pandakey: checks
Moneyfold'n: checks
*** TURN *** [3d Qs 2s] [6c]
Pandakey: bets $6
Moneyfold'n: raises $6 to $12
Pandakey: calls $6
*** RIVER *** [3d Qs 2s 6c] [5c]
Pandakey: checks
Moneyfold'n: checks
*** SHOW DOWN ***
Pandakey: shows [9c 3c] (a pair of Threes)
Moneyfold'n: shows [6s Ah] (a pair of Sixes)
Moneyfold'n collected $35.50 from pot
*** SUMMARY ***
Total pot $36 | Rake $0.50
Board [3d Qs 2s 6c 5c]
Seat 3: Moneyfold'n (button) (small blind) showed [6s Ah] and won ($35.50) with a pair of Sixes
Seat 4: Pandakey (big blind) showed [9c 3c] and lost with a pair of Threes


PokerStars Hand #145155145080:  Hold'em Limit ($3/$6 USD) - 2015/12/10 21:23:06 ET
Table 'Euterpe' 6-max Seat #4 is the button
Seat 3: Moneyfold'n ($70.52 in chips)
Seat 4: Pandakey ($105 in chips)
Pandakey: posts small blind $1
Moneyfold'n: posts big blind $3
*** HOLE CARDS ***
Pandakey: raises $3 to $6
Moneyfold'n: calls $3
*** FLOP *** [Td 8h 6h]
Moneyfold'n: checks
Pandakey: checks
*** TURN *** [Td 8h 6h] [As]
Moneyfold'n: checks
Pandakey: checks
*** RIVER *** [Td 8h 6h As] [7s]
Moneyfold'n: bets $6
Pandakey: folds
Uncalled bet ($6) returned to Moneyfold'n
Moneyfold'n collected $11.76 from pot
Moneyfold'n: doesn't show hand
*** SUMMARY ***
Total pot $12 | Rake $0.24
Board [Td 8h 6h As 7s]
Seat 3: Moneyfold'n (big blind) collected ($11.76)
Seat 4: Pandakey (button) (small blind) folded on the River


PokerStars Hand #145155166742:  Hold'em Limit ($3/$6 USD) - 2015/12/10 21:23:55 ET
Table 'Euterpe' 6-max Seat #3 is the button
Seat 3: Moneyfold'n ($87.78 in chips)
Seat 4: Pandakey ($86.76 in chips)
Moneyfold'n: posts small blind $1
Pandakey: posts big blind $3
*** HOLE CARDS ***
Moneyfold'n: folds
Uncalled bet ($2) returned to Pandakey
Pandakey collected $2 from pot
Pandakey: doesn't show hand
*** SUMMARY ***
Total pot $2 | Rake $0
Seat 3: Moneyfold'n (button) (small blind) folded before Flop
Seat 4: Pandakey (big blind) collected ($2)


PokerStars Hand #145155176617:  Hold'em Limit ($3/$6 USD) - 2015/12/10 21:24:18 ET
Table 'Euterpe' 6-max Seat #3 is the button
Seat 3: Moneyfold'n ($77.78 in chips)
Seat 4: Pandakey ($96.40 in chips)
Moneyfold'n: posts small blind $1
Pandakey: posts big blind $3
*** HOLE CARDS ***
Moneyfold'n: raises $3 to $6
Pandakey: calls $3
*** FLOP *** [6c Qd 9d]
Pandakey: checks
Moneyfold'n: bets $3
Pandakey: calls $3
*** TURN *** [6c Qd 9d] [8d]
Pandakey: checks
Moneyfold'n: bets $6
Pandakey: raises $6 to $12
Moneyfold'n: calls $6
*** RIVER *** [6c Qd 9d 8d] [8c]
Pandakey: bets $6
Moneyfold'n: raises $6 to $12
Pandakey: raises $6 to $18
Moneyfold'n: calls $6
*** SHOW DOWN ***
Pandakey: shows [8s 6h] (a full house, Eights full of Sixes)
Moneyfold'n: mucks hand
Pandakey collected $77.50 from pot
*** SUMMARY ***
Total pot $78 | Rake $0.50
Board [6c Qd 9d 8d 8c]
Seat 3: Moneyfold'n (button) (small blind) mucked
Seat 4: Pandakey (big blind) showed [8s 6h] and won ($77.50) with a full house, Eights full of Sixes


PokerStars Hand #145155168656:  Hold'em Limit ($3/$6 USD) - 2015/12/10 21:24:00 ET
Table 'Euterpe' 6-max Seat #4 is the button
Seat 3: Moneyfold'n ($86.78 in chips)
Seat 4: Pandakey ($87.76 in chips)
Pandakey: posts small blind $1
Moneyfold'n: posts big blind $3
*** HOLE CARDS ***
Pandakey: raises $3 to $6
Moneyfold'n: calls $3
*** FLOP *** [Jh Qd 5d]
Moneyfold'n: checks
Pandakey: bets $3
Moneyfold'n: calls $3
*** TURN *** [Jh Qd 5d] [Ad]
Moneyfold'n: checks
Pandakey: bets $6
Moneyfold'n: folds
Uncalled bet ($6) returned to Pandakey
Pandakey collected $17.64 from pot
Pandakey: doesn't show hand
*** SUMMARY ***
Total pot $18 | Rake $0.36
Board [Jh Qd 5d Ad]
Seat 3: Moneyfold'n (big blind) folded on the Turn
Seat 4: Pandakey (button) (small blind) collected ($17.64)


PokerStars Hand #145155202353:  Hold'em Limit ($3/$6 USD) - 2015/12/10 21:25:18 ET
Table 'Euterpe' 6-max Seat #3 is the button
Seat 3: Moneyfold'n ($23.78 in chips)
Seat 4: Pandakey ($149.40 in chips)
Moneyfold'n: posts small blind $1
Pandakey: posts big blind $3
*** HOLE CARDS ***
Moneyfold'n: raises $3 to $6
Pandakey: calls $3
*** FLOP *** [Ah 8c 4h]
Pandakey: checks
Moneyfold'n: bets $3
Pandakey: raises $3 to $6
Moneyfold'n: folds
Uncalled bet ($3) returned to Pandakey
Pandakey collected $17.64 from pot
Pandakey: doesn't show hand
*** SUMMARY ***
Total pot $18 | Rake $0.36
Board [Ah 8c 4h]
Seat 3: Moneyfold'n (button) (small blind) folded on the Flop
Seat 4: Pandakey (big blind) collected ($17.64)


PokerStars Hand #145155192722:  Hold'em Limit ($3/$6 USD) - 2015/12/10 21:24:55 ET
Table 'Euterpe' 6-max Seat #4 is the button
Seat 3: Moneyfold'n ($38.78 in chips)
Seat 4: Pandakey ($134.90 in chips)
Pandakey: posts small blind $1
Moneyfold'n: posts big blind $3
*** HOLE CARDS ***
scorpio04 joins the table at seat #5
Pandakey: raises $3 to $6
Moneyfold'n: calls $3
*** FLOP *** [Ac 8c 6d]
Moneyfold'n: checks
Pandakey: bets $3
Moneyfold'n: calls $3
*** TURN *** [Ac 8c 6d] [6s]
Moneyfold'n: checks
Pandakey: bets $6
Moneyfold'n: calls $6
*** RIVER *** [Ac 8c 6d 6s] [5h]
Moneyfold'n: checks
Pandakey: bets $6
Moneyfold'n: folds
Uncalled bet ($6) returned to Pandakey
Pandakey collected $29.50 from pot
Pandakey: doesn't show hand
*** SUMMARY ***
Total pot $30 | Rake $0.50
Board [Ac 8c 6d 6s 5h]
Seat 3: Moneyfold'n (big blind) folded on the River
Seat 4: Pandakey (button) (small blind) collected ($29.50)


PokerStars Hand #145155990591:  Hold'em Limit ($3/$6 USD) - 2015/12/10 21:57:41 ET
Table 'Euterpe' 6-max Seat #5 is the button
Seat 1: Lackys07 ($42.31 in chips)
Seat 5: scorpio04 ($108.45 in chips)
scorpio04: posts small blind $1
Lackys07: posts big blind $3
*** HOLE CARDS ***
scorpio04: raises $3 to $6
Lackys07: calls $3
*** FLOP *** [Qh 8d 7d]
Lackys07: checks
scorpio04: bets $3
Lackys07: raises $3 to $6
scorpio04: calls $3
*** TURN *** [Qh 8d 7d] [9h]
HAL9QQQ leaves the table
Lackys07: bets $6
scorpio04: calls $6
*** RIVER *** [Qh 8d 7d 9h] [9d]
Lackys07: checks
scorpio04: checks
*** SHOW DOWN ***
Lackys07: shows [As 8h] (two pair, Nines and Eights)
scorpio04: mucks hand
Lackys07 collected $35.50 from pot
*** SUMMARY ***
Total pot $36 | Rake $0.50
Board [Qh 8d 7d 9h 9d]
Seat 1: Lackys07 (big blind) showed [As 8h] and won ($35.50) with two pair, Nines and Eights
Seat 5: scorpio04 (button) (small blind) mucked


PokerStars Hand #145155988454:  Hold'em Limit ($3/$6 USD) - 2015/12/10 21:57:35 ET
Table 'Euterpe' 6-max Seat #1 is the button
Seat 1: Lackys07 ($43.31 in chips)
Seat 5: scorpio04 ($107.45 in chips)
Lackys07: posts small blind $1
HAL9QQQ: is sitting out
scorpio04: posts big blind $3
*** HOLE CARDS ***
Lackys07: folds
Uncalled bet ($2) returned to scorpio04
scorpio04 collected $2 from pot
scorpio04: doesn't show hand
*** SUMMARY ***
Total pot $2 | Rake $0
Seat 1: Lackys07 (button) (small blind) folded before Flop
Seat 5: scorpio04 (big blind) collected ($2)


PokerStars Hand #145155998702:  Hold'em Limit ($3/$6 USD) - 2015/12/10 21:58:06 ET
Table 'Euterpe' 6-max Seat #1 is the button
Seat 1: Lackys07 ($59.81 in chips)
Seat 5: scorpio04 ($90.45 in chips)
Lackys07: posts small blind $1
scorpio04: posts big blind $3
*** HOLE CARDS ***
Lackys07: calls $2
Dmitrii827 joins the table at seat #2
scorpio04: raises $3 to $6
Lackys07: calls $3
*** FLOP *** [2c 9c 7c]
scorpio04: bets $3
Lackys07: calls $3
*** TURN *** [2c 9c 7c] [5c]
scorpio04: checks
Lackys07: bets $6
scorpio04: folds
Uncalled bet ($6) returned to Lackys07
Lackys07 collected $17.64 from pot
Lackys07: doesn't show hand
*** SUMMARY ***
Total pot $18 | Rake $0.36
Board [2c 9c 7c 5c]
Seat 1: Lackys07 (button) (small blind) collected ($17.64)
Seat 5: scorpio04 (big blind) folded on the Turn


PokerStars Hand #145156006902:  Hold'em Limit ($3/$6 USD) - 2015/12/10 21:58:31 ET
Table 'Euterpe' 6-max Seat #5 is the button
Seat 1: Lackys07 ($68.45 in chips)
Seat 5: scorpio04 ($81.45 in chips)
scorpio04: posts small blind $1
Lackys07: posts big blind $3
*** HOLE CARDS ***
scorpio04: raises $3 to $6
Lackys07: folds
Uncalled bet ($3) returned to scorpio04
scorpio04 collected $6 from pot
scorpio04: doesn't show hand
*** SUMMARY ***
Total pot $6 | Rake $0
Seat 1: Lackys07 (big blind) folded before Flop
Seat 5: scorpio04 (button) (small blind) collected ($6)


PokerStars Hand #145156027219:  Hold'em Limit ($3/$6 USD) - 2015/12/10 21:59:33 ET
Table 'Euterpe' 6-max Seat #5 is the button
Seat 2: Dmitrii827 ($95.37 in chips)
Seat 5: scorpio04 ($72 in chips)
scorpio04: posts small blind $1
Lackys07: is sitting out
Lackys07 leaves the table
Dmitrii827: posts big blind $3
*** HOLE CARDS ***
scorpio04: folds
Uncalled bet ($2) returned to Dmitrii827
Dmitrii827 collected $2 from pot
Dmitrii827: doesn't show hand
*** SUMMARY ***
Total pot $2 | Rake $0
Seat 2: Dmitrii827 (big blind) collected ($2)
Seat 5: scorpio04 (button) (small blind) folded before Flop


PokerStars Hand #145156028823:  Hold'em Limit ($3/$6 USD) - 2015/12/10 21:59:38 ET
Table 'Euterpe' 6-max Seat #2 is the button
Seat 2: Dmitrii827 ($96.37 in chips)
Seat 5: scorpio04 ($72 in chips)
Dmitrii827: posts small blind $1
scorpio04: posts big blind $3
*** HOLE CARDS ***
Dmitrii827: raises $3 to $6
scorpio04: calls $3
*** FLOP *** [2c 4c 4d]
scorpio04: checks
Dmitrii827: bets $3
scorpio04: calls $3
*** TURN *** [2c 4c 4d] [3h]
scorpio04: checks
Dmitrii827: bets $6
scorpio04: raises $6 to $12
Dmitrii827: calls $6
*** RIVER *** [2c 4c 4d 3h] [Ks]
scorpio04: bets $6
Dmitrii827: calls $6
*** SHOW DOWN ***
scorpio04: shows [Ad 5c] (a straight, Ace to Five)
Dmitrii827: mucks hand
scorpio04 collected $53.50 from pot
*** SUMMARY ***
Total pot $54 | Rake $0.50
Board [2c 4c 4d 3h Ks]
Seat 2: Dmitrii827 (button) (small blind) mucked
Seat 5: scorpio04 (big blind) showed [Ad 5c] and won ($53.50) with a straight, Ace to Five


PokerStars Hand #145156034577:  Hold'em Limit ($3/$6 USD) - 2015/12/10 21:59:56 ET
Table 'Euterpe' 6-max Seat #5 is the button
Seat 2: Dmitrii827 ($69.37 in chips)
Seat 5: scorpio04 ($98.50 in chips)
scorpio04: posts small blind $1
Dmitrii827: posts big blind $3
*** HOLE CARDS ***
scorpio04: raises $3 to $6
Dmitrii827: folds
Uncalled bet ($3) returned to scorpio04
scorpio04 collected $6 from pot
scorpio04: doesn't show hand
*** SUMMARY ***
Total pot $6 | Rake $0
Seat 2: Dmitrii827 (big blind) folded before Flop
Seat 5: scorpio04 (button) (small blind) collected ($6)


PokerStars Hand #145156060737:  Hold'em Limit ($3/$6 USD) - 2015/12/10 22:01:09 ET
Table 'Euterpe' 6-max Seat #5 is the button
Seat 2: Dmitrii827 ($77.87 in chips)
Seat 5: scorpio04 ($89.02 in chips)
scorpio04: posts small blind $1
Dmitrii827: posts big blind $3
*** HOLE CARDS ***
scorpio04: raises $3 to $6
Dmitrii827: folds
Uncalled bet ($3) returned to scorpio04
scorpio04 collected $6 from pot
scorpio04: doesn't show hand
*** SUMMARY ***
Total pot $6 | Rake $0
Seat 2: Dmitrii827 (big blind) folded before Flop
Seat 5: scorpio04 (button) (small blind) collected ($6)


PokerStars Hand #145156055573:  Hold'em Limit ($3/$6 USD) - 2015/12/10 22:00:55 ET
Table 'Euterpe' 6-max Seat #2 is the button
Seat 2: Dmitrii827 ($83.87 in chips)
Seat 5: scorpio04 ($83.26 in chips)
Dmitrii827: posts small blind $1
scorpio04: posts big blind $3
*** HOLE CARDS ***
Dmitrii827: calls $2
scorpio04: raises $3 to $6
Dmitrii827: calls $3
*** FLOP *** [5h Qh 2s]
scorpio04: bets $3
Dmitrii827: folds
Uncalled bet ($3) returned to scorpio04
scorpio04 collected $11.76 from pot
scorpio04: doesn't show hand
*** SUMMARY ***
Total pot $12 | Rake $0.24
Board [5h Qh 2s]
Seat 2: Dmitrii827 (button) (small blind) folded on the Flop
Seat 5: scorpio04 (big blind) collected ($11.76)


PokerStars Hand #145156036762:  Hold'em Limit ($3/$6 USD) - 2015/12/10 22:00:02 ET
Table 'Euterpe' 6-max Seat #2 is the button
Seat 2: Dmitrii827 ($66.37 in chips)
Seat 5: scorpio04 ($101.50 in chips)
Dmitrii827: posts small blind $1
scorpio04: posts big blind $3
*** HOLE CARDS ***
Dmitrii827: raises $3 to $6
scorpio04: calls $3
*** FLOP *** [6d 4s Ad]
scorpio04: checks
Dmitrii827: bets $3
scorpio04: raises $3 to $6
Dmitrii827: calls $3
*** TURN *** [6d 4s Ad] [6h]
scorpio04: checks
Dmitrii827: bets $6
scorpio04: calls $6
*** RIVER *** [6d 4s Ad 6h] [6c]
scorpio04: checks
Dmitrii827: bets $6
scorpio04: calls $6
*** SHOW DOWN ***
Dmitrii827: shows [Ah 3c] (a full house, Sixes full of Aces)
scorpio04: mucks hand
Dmitrii827 collected $47.50 from pot
*** SUMMARY ***
Total pot $48 | Rake $0.50
Board [6d 4s Ad 6h 6c]
Seat 2: Dmitrii827 (button) (small blind) showed [Ah 3c] and won ($47.50) with a full house, Sixes full of Aces
Seat 5: scorpio04 (big blind) mucked


PokerStars Hand #145156051507:  Hold'em Limit ($3/$6 USD) - 2015/12/10 22:00:45 ET
Table 'Euterpe' 6-max Seat #5 is the button
Seat 2: Dmitrii827 ($89.87 in chips)
Seat 5: scorpio04 ($77.50 in chips)
scorpio04: posts small blind $1
Dmitrii827: posts big blind $3
*** HOLE CARDS ***
scorpio04: raises $3 to $6
Dmitrii827: calls $3
*** FLOP *** [Kh 6c 5s]
Dmitrii827: checks
scorpio04: bets $3
Dmitrii827: folds
Uncalled bet ($3) returned to scorpio04
scorpio04 collected $11.76 from pot
scorpio04: doesn't show hand
*** SUMMARY ***
Total pot $12 | Rake $0.24
Board [Kh 6c 5s]
Seat 2: Dmitrii827 (big blind) folded on the Flop
Seat 5: scorpio04 (button) (small blind) collected ($11.76)


PokerStars Hand #145156062681:  Hold'em Limit ($3/$6 USD) - 2015/12/10 22:01:15 ET
Table 'Euterpe' 6-max Seat #2 is the button
Seat 2: Dmitrii827 ($74.87 in chips)
Seat 5: scorpio04 ($92.02 in chips)
Dmitrii827: posts small blind $1
scorpio04: posts big blind $3
*** HOLE CARDS ***
Dmitrii827: calls $2
scorpio04: checks
*** FLOP *** [9h Jh 6d]
scorpio04: checks
Dmitrii827: bets $3
scorpio04: folds
Uncalled bet ($3) returned to Dmitrii827
Dmitrii827 collected $5.88 from pot
Dmitrii827: doesn't show hand
*** SUMMARY ***
Total pot $6 | Rake $0.12
Board [9h Jh 6d]
Seat 2: Dmitrii827 (button) (small blind) collected ($5.88)
Seat 5: scorpio04 (big blind) folded on the Flop


PokerStars Hand #145156073412:  Hold'em Limit ($3/$6 USD) - 2015/12/10 22:01:43 ET
Table 'Euterpe' 6-max Seat #2 is the button
Seat 2: Dmitrii827 ($71.75 in chips)
Seat 5: scorpio04 ($94.78 in chips)
Dmitrii827: posts small blind $1
scorpio04: posts big blind $3
*** HOLE CARDS ***
Dmitrii827: folds
Uncalled bet ($2) returned to scorpio04
scorpio04 collected $2 from pot
scorpio04: doesn't show hand
*** SUMMARY ***
Total pot $2 | Rake $0
Seat 2: Dmitrii827 (button) (small blind) folded before Flop
Seat 5: scorpio04 (big blind) collected ($2)


PokerStars Hand #145156070439:  Hold'em Limit ($3/$6 USD) - 2015/12/10 22:01:35 ET
Table 'Euterpe' 6-max Seat #5 is the button
Seat 2: Dmitrii827 ($77.75 in chips)
Seat 5: scorpio04 ($89.02 in chips)
scorpio04: posts small blind $1
Dmitrii827: posts big blind $3
*** HOLE CARDS ***
scorpio04: raises $3 to $6
Dmitrii827: calls $3
*** FLOP *** [3s 3d 5s]
Dmitrii827: folds
scorpio04 collected $11.76 from pot
scorpio04: doesn't show hand
*** SUMMARY ***
Total pot $12 | Rake $0.24
Board [3s 3d 5s]
Seat 2: Dmitrii827 (big blind) folded on the Flop
Seat 5: scorpio04 (button) (small blind) collected ($11.76)


PokerStars Hand #145156075430:  Hold'em Limit ($3/$6 USD) - 2015/12/10 22:01:48 ET
Table 'Euterpe' 6-max Seat #5 is the button
Seat 2: Dmitrii827 ($70.75 in chips)
Seat 5: scorpio04 ($95.78 in chips)
scorpio04: posts small blind $1
Dmitrii827: posts big blind $3
*** HOLE CARDS ***
scorpio04: raises $3 to $6
Dmitrii827: raises $3 to $9
scorpio04: calls $3
*** FLOP *** [2c 2s 9d]
Dmitrii827: bets $3
scorpio04: raises $3 to $6
carmello774 joins the table at seat #3
Dmitrii827: raises $3 to $9
scorpio04: calls $3
*** TURN *** [2c 2s 9d] [Kc]
Dmitrii827: bets $6
scorpio04: calls $6
*** RIVER *** [2c 2s 9d Kc] [7h]
Dmitrii827: checks
scorpio04: checks
*** SHOW DOWN ***
Dmitrii827: shows [Ah 9s] (two pair, Nines and Deuces)
scorpio04: mucks hand
Dmitrii827 collected $47.50 from pot
*** SUMMARY ***
Total pot $48 | Rake $0.50
Board [2c 2s 9d Kc 7h]
Seat 2: Dmitrii827 (big blind) showed [Ah 9s] and won ($47.50) with two pair, Nines and Deuces
Seat 5: scorpio04 (button) (small blind) mucked


PokerStars Hand #145157913481:  Hold'em Limit ($3/$6 USD) - 2015/12/10 23:34:02 ET
Table 'Euterpe' 6-max Seat #2 is the button
Seat 1: mdif ($131 in chips)
Seat 2: carmello774 ($178.63 in chips)
carmello774: posts small blind $1
mdif: posts big blind $3
*** HOLE CARDS ***
carmello774: raises $3 to $6
mdif: calls $3
*** FLOP *** [Th As 7d]
mdif: checks
carmello774: bets $3
mdif: folds
Uncalled bet ($3) returned to carmello774
carmello774 collected $11.76 from pot
carmello774: doesn't show hand
*** SUMMARY ***
Total pot $12 | Rake $0.24
Board [Th As 7d]
Seat 1: mdif (big blind) folded on the Flop
Seat 2: carmello774 (button) (small blind) collected ($11.76)


PokerStars Hand #145157911623:  Hold'em Limit ($3/$6 USD) - 2015/12/10 23:33:55 ET
Table 'Euterpe' 6-max Seat #1 is the button
Seat 1: mdif ($128 in chips)
Seat 2: carmello774 ($181.63 in chips)
mdif: posts small blind $1
carmello774: posts big blind $3
*** HOLE CARDS ***
mdif: raises $3 to $6
carmello774: folds
Uncalled bet ($3) returned to mdif
mdif collected $6 from pot
mdif: doesn't show hand
*** SUMMARY ***
Total pot $6 | Rake $0
Seat 1: mdif (button) (small blind) collected ($6)
Seat 2: carmello774 (big blind) folded before Flop


PokerStars Hand #145157910096:  Hold'em Limit ($3/$6 USD) - 2015/12/10 23:33:50 ET
Table 'Euterpe' 6-max Seat #2 is the button
Seat 1: mdif ($127 in chips)
Seat 2: carmello774 ($182.63 in chips)
carmello774: posts small blind $1
mdif: posts big blind $3
*** HOLE CARDS ***
carmello774: folds
Uncalled bet ($2) returned to mdif
mdif collected $2 from pot
mdif: doesn't show hand
*** SUMMARY ***
Total pot $2 | Rake $0
Seat 1: mdif (big blind) collected ($2)
Seat 2: carmello774 (button) (small blind) folded before Flop


PokerStars Hand #145157908225:  Hold'em Limit ($3/$6 USD) - 2015/12/10 23:33:44 ET
Table 'Euterpe' 6-max Seat #1 is the button
Seat 1: mdif ($124 in chips)
Seat 2: carmello774 ($185.63 in chips)
mdif: posts small blind $1
carmello774: posts big blind $3
*** HOLE CARDS ***
mdif: raises $3 to $6
carmello774: folds
Uncalled bet ($3) returned to mdif
mdif collected $6 from pot
mdif: doesn't show hand
*** SUMMARY ***
Total pot $6 | Rake $0
Seat 1: mdif (button) (small blind) collected ($6)
Seat 2: carmello774 (big blind) folded before Flop


PokerStars Hand #145157906770:  Hold'em Limit ($3/$6 USD) - 2015/12/10 23:33:39 ET
Table 'Euterpe' 6-max Seat #2 is the button
Seat 1: mdif ($123 in chips)
Seat 2: carmello774 ($186.63 in chips)
carmello774: posts small blind $1
mdif: posts big blind $3
*** HOLE CARDS ***
carmello774: folds
Uncalled bet ($2) returned to mdif
mdif collected $2 from pot
mdif: doesn't show hand
*** SUMMARY ***
Total pot $2 | Rake $0
Seat 1: mdif (big blind) collected ($2)
Seat 2: carmello774 (button) (small blind) folded before Flop


PokerStars Hand #145157934449:  Hold'em Limit ($3/$6 USD) - 2015/12/10 23:35:14 ET
Table 'Euterpe' 6-max Seat #1 is the button
Seat 1: mdif ($129.50 in chips)
Seat 2: carmello774 ($179.03 in chips)
mdif: posts small blind $1
carmello774: posts big blind $3
*** HOLE CARDS ***
mdif: folds
Uncalled bet ($2) returned to carmello774
carmello774 collected $2 from pot
carmello774: doesn't show hand
*** SUMMARY ***
Total pot $2 | Rake $0
Seat 1: mdif (button) (small blind) folded before Flop
Seat 2: carmello774 (big blind) collected ($2)


PokerStars Hand #145157932513:  Hold'em Limit ($3/$6 USD) - 2015/12/10 23:35:07 ET
Table 'Euterpe' 6-max Seat #2 is the button
Seat 1: mdif ($132.50 in chips)
Seat 2: carmello774 ($176.03 in chips)
carmello774: posts small blind $1
mdif: posts big blind $3
*** HOLE CARDS ***
carmello774: raises $3 to $6
mdif: folds
Uncalled bet ($3) returned to carmello774
carmello774 collected $6 from pot
carmello774: doesn't show hand
*** SUMMARY ***
Total pot $6 | Rake $0
Seat 1: mdif (big blind) folded before Flop
Seat 2: carmello774 (button) (small blind) collected ($6)


PokerStars Hand #145157930805:  Hold'em Limit ($3/$6 USD) - 2015/12/10 23:35:02 ET
Table 'Euterpe' 6-max Seat #1 is the button
Seat 1: mdif ($133.50 in chips)
Seat 2: carmello774 ($175.03 in chips)
mdif: posts small blind $1
carmello774: posts big blind $3
*** HOLE CARDS ***
mdif: folds
Uncalled bet ($2) returned to carmello774
carmello774 collected $2 from pot
carmello774: doesn't show hand
*** SUMMARY ***
Total pot $2 | Rake $0
Seat 1: mdif (button) (small blind) folded before Flop
Seat 2: carmello774 (big blind) collected ($2)


PokerStars Hand #145157925852:  Hold'em Limit ($3/$6 USD) - 2015/12/10 23:34:44 ET
Table 'Euterpe' 6-max Seat #2 is the button
Seat 1: mdif ($142.50 in chips)
Seat 2: carmello774 ($166.39 in chips)
carmello774: posts small blind $1
mdif: posts big blind $3
*** HOLE CARDS ***
carmello774: raises $3 to $6
mdif: calls $3
*** FLOP *** [9d 6d 3s]
mdif: checks
carmello774: bets $3
mdif: calls $3
*** TURN *** [9d 6d 3s] [4c]
mdif: checks
carmello774: bets $6
mdif: folds
Uncalled bet ($6) returned to carmello774
carmello774 collected $17.64 from pot
carmello774: doesn't show hand
*** SUMMARY ***
Total pot $18 | Rake $0.36
Board [9d 6d 3s 4c]
Seat 1: mdif (big blind) folded on the Turn
Seat 2: carmello774 (button) (small blind) collected ($17.64)


PokerStars Hand #145157916640:  Hold'em Limit ($3/$6 USD) - 2015/12/10 23:34:13 ET
Table 'Euterpe' 6-max Seat #1 is the button
Seat 1: mdif ($125 in chips)
Seat 2: carmello774 ($184.39 in chips)
mdif: posts small blind $1
carmello774: posts big blind $3
*** HOLE CARDS ***
mdif: raises $3 to $6
carmello774: raises $3 to $9
mdif: calls $3
*** FLOP *** [Qc 4s Qs]
carmello774: bets $3
mdif: calls $3
*** TURN *** [Qc 4s Qs] [Jh]
carmello774: bets $6
mdif: calls $6
*** RIVER *** [Qc 4s Qs Jh] [2c]
carmello774: checks
mdif: bets $6
carmello774: folds
Uncalled bet ($6) returned to mdif
mdif collected $35.50 from pot
mdif: doesn't show hand
*** SUMMARY ***
Total pot $36 | Rake $0.50
Board [Qc 4s Qs Jh 2c]
Seat 1: mdif (button) (small blind) collected ($35.50)
Seat 2: carmello774 (big blind) folded on the River


PokerStars Hand #145157937732:  Hold'em Limit ($3/$6 USD) - 2015/12/10 23:35:25 ET
Table 'Euterpe' 6-max Seat #1 is the button
Seat 1: mdif ($125.50 in chips)
Seat 2: carmello774 ($183.03 in chips)
mdif: posts small blind $1
carmello774: posts big blind $3
*** HOLE CARDS ***
mdif: folds
Uncalled bet ($2) returned to carmello774
carmello774 collected $2 from pot
carmello774: doesn't show hand
*** SUMMARY ***
Total pot $2 | Rake $0
Seat 1: mdif (button) (small blind) folded before Flop
Seat 2: carmello774 (big blind) collected ($2)


PokerStars Hand #145157935692:  Hold'em Limit ($3/$6 USD) - 2015/12/10 23:35:18 ET
Table 'Euterpe' 6-max Seat #2 is the button
Seat 1: mdif ($128.50 in chips)
Seat 2: carmello774 ($180.03 in chips)
carmello774: posts small blind $1
mdif: posts big blind $3
*** HOLE CARDS ***
carmello774: raises $3 to $6
mdif: folds
Uncalled bet ($3) returned to carmello774
carmello774 collected $6 from pot
carmello774: doesn't show hand
*** SUMMARY ***
Total pot $6 | Rake $0
Seat 1: mdif (big blind) folded before Flop
Seat 2: carmello774 (button) (small blind) collected ($6)


PokerStars Hand #145157948051:  Hold'em Limit ($3/$6 USD) - 2015/12/10 23:36:01 ET
Table 'Euterpe' 6-max Seat #1 is the button
Seat 1: mdif ($125.26 in chips)
Seat 2: carmello774 ($182.79 in chips)
mdif: posts small blind $1
carmello774: posts big blind $3
*** HOLE CARDS ***
mdif: folds
Uncalled bet ($2) returned to carmello774
carmello774 collected $2 from pot
carmello774: doesn't show hand
*** SUMMARY ***
Total pot $2 | Rake $0
Seat 1: mdif (button) (small blind) folded before Flop
Seat 2: carmello774 (big blind) collected ($2)


PokerStars Hand #145157944664:  Hold'em Limit ($3/$6 USD) - 2015/12/10 23:35:49 ET
Table 'Euterpe' 6-max Seat #2 is the button
Seat 1: mdif ($131.26 in chips)
Seat 2: carmello774 ($177.03 in chips)
carmello774: posts small blind $1
mdif: posts big blind $3
*** HOLE CARDS ***
carmello774: raises $3 to $6
mdif: calls $3
*** FLOP *** [8c Qh 8h]
mdif: checks
carmello774: bets $3
mdif: folds
Uncalled bet ($3) returned to carmello774
carmello774 collected $11.76 from pot
carmello774: doesn't show hand
*** SUMMARY ***
Total pot $12 | Rake $0.24
Board [8c Qh 8h]
Seat 1: mdif (big blind) folded on the Flop
Seat 2: carmello774 (button) (small blind) collected ($11.76)


PokerStars Hand #145157941168:  Hold'em Limit ($3/$6 USD) - 2015/12/10 23:35:37 ET
Table 'Euterpe' 6-max Seat #1 is the button
Seat 1: mdif ($125.50 in chips)
Seat 2: carmello774 ($183.03 in chips)
mdif: posts small blind $1
carmello774: posts big blind $3
*** HOLE CARDS ***
mdif: raises $3 to $6
carmello774: calls $3
*** FLOP *** [7s Ac Kc]
carmello774: checks
mdif: bets $3
carmello774: folds
Uncalled bet ($3) returned to mdif
mdif collected $11.76 from pot
mdif: doesn't show hand
*** SUMMARY ***
Total pot $12 | Rake $0.24
Board [7s Ac Kc]
Seat 1: mdif (button) (small blind) collected ($11.76)
Seat 2: carmello774 (big blind) folded on the Flop


PokerStars Hand #145157939637:  Hold'em Limit ($3/$6 USD) - 2015/12/10 23:35:32 ET
Table 'Euterpe' 6-max Seat #2 is the button
Seat 1: mdif ($124.50 in chips)
Seat 2: carmello774 ($184.03 in chips)
carmello774: posts small blind $1
mdif: posts big blind $3
*** HOLE CARDS ***
carmello774: folds
Uncalled bet ($2) returned to mdif
mdif collected $2 from pot
mdif: doesn't show hand
*** SUMMARY ***
Total pot $2 | Rake $0
Seat 1: mdif (big blind) collected ($2)
Seat 2: carmello774 (button) (small blind) folded before Flop


PokerStars Hand #145157965447:  Hold'em Limit ($3/$6 USD) - 2015/12/10 23:37:01 ET
Table 'Euterpe' 6-max Seat #1 is the button
Seat 1: mdif ($120 in chips)
Seat 2: carmello774 ($198.06 in chips)
mdif: posts small blind $1
carmello774: posts big blind $3
*** HOLE CARDS ***
mdif: raises $3 to $6
carmello774: calls $3
*** FLOP *** [6c Td Ac]
carmello774: checks
mdif: bets $3
carmello774: folds
Uncalled bet ($3) returned to mdif
mdif collected $11.76 from pot
mdif: doesn't show hand
*** SUMMARY ***
Total pot $12 | Rake $0.24
Board [6c Td Ac]
Seat 1: mdif (button) (small blind) collected ($11.76)
Seat 2: carmello774 (big blind) folded on the Flop


PokerStars Hand #145157963417:  Hold'em Limit ($3/$6 USD) - 2015/12/10 23:36:54 ET
Table 'Euterpe' 6-max Seat #2 is the button
Seat 1: mdif ($120 in chips)
Seat 2: carmello774 ($195.06 in chips)
carmello774: posts small blind $1
mdif: posts big blind $3
*** HOLE CARDS ***
carmello774: raises $3 to $6
mdif: folds
Uncalled bet ($3) returned to carmello774
carmello774 collected $6 from pot
carmello774: doesn't show hand
*** SUMMARY ***
Total pot $6 | Rake $0
Seat 1: mdif (big blind) folded before Flop
Seat 2: carmello774 (button) (small blind) collected ($6)


PokerStars Hand #145157957572:  Hold'em Limit ($3/$6 USD) - 2015/12/10 23:36:34 ET
Table 'Euterpe' 6-max Seat #1 is the button
Seat 1: mdif ($124.01 in chips)
Seat 2: carmello774 ($183.54 in chips)
mdif: posts small blind $1
carmello774: posts big blind $3
*** HOLE CARDS ***
mdif: raises $3 to $6
carmello774: calls $3
*** FLOP *** [2d 8h Jd]
carmello774: checks
mdif: bets $3
carmello774: raises $3 to $6
mdif: calls $3
*** TURN *** [2d 8h Jd] [Js]
carmello774: bets $6
mdif: folds
Uncalled bet ($6) returned to carmello774
carmello774 collected $23.52 from pot
carmello774: doesn't show hand
*** SUMMARY ***
Total pot $24 | Rake $0.48
Board [2d 8h Jd Js]
Seat 1: mdif (button) (small blind) folded on the Turn
Seat 2: carmello774 (big blind) collected ($23.52)


PokerStars Hand #145157949585:  Hold'em Limit ($3/$6 USD) - 2015/12/10 23:36:06 ET
Table 'Euterpe' 6-max Seat #2 is the button
Seat 1: mdif ($124.26 in chips)
Seat 2: carmello774 ($183.79 in chips)
carmello774: posts small blind $1
mdif: posts big blind $3
*** HOLE CARDS ***
carmello774: raises $3 to $6
mdif: calls $3
*** FLOP *** [5c 7c 8c]
mdif: bets $3
carmello774: calls $3
*** TURN *** [5c 7c 8c] [4d]
mdif: bets $6
carmello774: calls $6
*** RIVER *** [5c 7c 8c 4d] [6d]
mdif: bets $6
carmello774: raises $6 to $12
mdif: calls $6
*** SHOW DOWN ***
carmello774: shows [9c Ah] (a straight, Five to Nine)
mdif: shows [8h 9s] (a straight, Five to Nine)
mdif collected $26.75 from pot
carmello774 collected $26.75 from pot
*** SUMMARY ***
Total pot $54 | Rake $0.50
Board [5c 7c 8c 4d 6d]
Seat 1: mdif (big blind) showed [8h 9s] and won ($26.75) with a straight, Five to Nine
Seat 2: carmello774 (button) (small blind) showed [9c Ah] and won ($26.75) with a straight, Five to Nine


PokerStars Hand #145157972747:  Hold'em Limit ($3/$6 USD) - 2015/12/10 23:37:27 ET
Table 'Euterpe' 6-max Seat #1 is the button
Seat 1: mdif ($120 in chips)
Seat 2: carmello774 ($197.82 in chips)
mdif: posts small blind $1
carmello774: posts big blind $3
*** HOLE CARDS ***
Kosova1968 joins the table at seat #4
mdif: raises $3 to $6
carmello774: folds
Uncalled bet ($3) returned to mdif
mdif collected $6 from pot
mdif: doesn't show hand
*** SUMMARY ***
Total pot $6 | Rake $0
Seat 1: mdif (button) (small blind) collected ($6)
Seat 2: carmello774 (big blind) folded before Flop


PokerStars Hand #145157968927:  Hold'em Limit ($3/$6 USD) - 2015/12/10 23:37:13 ET
Table 'Euterpe' 6-max Seat #2 is the button
Seat 1: mdif ($125.76 in chips)
Seat 2: carmello774 ($192.06 in chips)
carmello774: posts small blind $1
mdif: posts big blind $3
*** HOLE CARDS ***
carmello774: raises $3 to $6
mdif: calls $3
*** FLOP *** [3s 4s 9s]
mdif: checks
carmello774: bets $3
riggy101 joins the table at seat #3
mdif: folds
Uncalled bet ($3) returned to carmello774
carmello774 collected $11.76 from pot
carmello774: doesn't show hand
*** SUMMARY ***
Total pot $12 | Rake $0.24
Board [3s 4s 9s]
Seat 1: mdif (big blind) folded on the Flop
Seat 2: carmello774 (button) (small blind) collected ($11.76)


