PokerStars Hand #172487032337:  Hold'em Limit ($3/$6 USD) - 2017/07/01 18:32:55 ET
Table 'Eva' 6-max Seat #2 is the button
Seat 2: EVBET ($300 in chips)
Seat 3: majekk ($35 in chips)
EVBET: posts small blind $1
majekk: posts big blind $3
*** HOLE CARDS ***
EVBET: raises $3 to $6
majekk: calls $3
*** FLOP *** [Ah 5s 3c]
majekk: checks
EVBET: bets $3
majekk: calls $3
*** TURN *** [Ah 5s 3c] [Qs]
majekk: checks
EVBET: bets $6
majekk: raises $6 to $12
EVBET: calls $6
*** RIVER *** [Ah 5s 3c Qs] [4s]
majekk: bets $6
EVBET: folds
Uncalled bet ($6) returned to majekk
majekk collected $41.50 from pot
majekk: doesn't show hand
*** SUMMARY ***
Total pot $42 | Rake $0.50
Board [Ah 5s 3c Qs 4s]
Seat 2: EVBET (button) (small blind) folded on the River
Seat 3: majekk (big blind) collected ($41.50)


PokerStars Hand #172487062600:  Hold'em Limit ($3/$6 USD) - 2017/07/01 18:33:43 ET
Table 'Eva' 6-max Seat #3 is the button
Seat 2: EVBET ($279 in chips)
Seat 3: majekk ($55.50 in chips)
majekk: posts small blind $1
EVBET: posts big blind $3
*** HOLE CARDS ***
majekk: calls $2
EVBET: checks
*** FLOP *** [9s 3h Qc]
EVBET: bets $3
majekk: calls $3
*** TURN *** [9s 3h Qc] [6s]
EVBET: bets $6
majekk: folds
Uncalled bet ($6) returned to EVBET
EVBET collected $11.76 from pot
EVBET: doesn't show hand
*** SUMMARY ***
Total pot $12 | Rake $0.24
Board [9s 3h Qc 6s]
Seat 2: EVBET (big blind) collected ($11.76)
Seat 3: majekk (button) (small blind) folded on the Turn


PokerStars Hand #172487072200:  Hold'em Limit ($3/$6 USD) - 2017/07/01 18:33:59 ET
Table 'Eva' 6-max Seat #2 is the button
Seat 2: EVBET ($284.76 in chips)
Seat 3: majekk ($49.50 in chips)
EVBET: posts small blind $1
majekk: posts big blind $3
*** HOLE CARDS ***
EVBET: raises $3 to $6
majekk: raises $3 to $9
EVBET: calls $3
*** FLOP *** [Qs Kc Jc]
majekk: bets $3
EVBET: folds
Uncalled bet ($3) returned to majekk
majekk collected $17.64 from pot
majekk: doesn't show hand
*** SUMMARY ***
Total pot $18 | Rake $0.36
Board [Qs Kc Jc]
Seat 2: EVBET (button) (small blind) folded on the Flop
Seat 3: majekk (big blind) collected ($17.64)


PokerStars Hand #172487077923:  Hold'em Limit ($3/$6 USD) - 2017/07/01 18:34:08 ET
Table 'Eva' 6-max Seat #3 is the button
Seat 2: EVBET ($275.76 in chips)
Seat 3: majekk ($58.14 in chips)
majekk: posts small blind $1
EVBET: posts big blind $3
*** HOLE CARDS ***
majekk: raises $3 to $6
EVBET: folds
Uncalled bet ($3) returned to majekk
majekk collected $6 from pot
majekk: doesn't show hand
*** SUMMARY ***
Total pot $6 | Rake $0
Seat 2: EVBET (big blind) folded before Flop
Seat 3: majekk (button) (small blind) collected ($6)


PokerStars Hand #172487086047:  Hold'em Limit ($3/$6 USD) - 2017/07/01 18:34:21 ET
Table 'Eva' 6-max Seat #2 is the button
Seat 2: EVBET ($272.76 in chips)
Seat 3: majekk ($61.14 in chips)
EVBET: posts small blind $1
majekk: posts big blind $3
*** HOLE CARDS ***
EVBET: raises $3 to $6
majekk: raises $3 to $9
EVBET: calls $3
*** FLOP *** [4h 7h 9d]
majekk: bets $3
EVBET: calls $3
*** TURN *** [4h 7h 9d] [Jh]
majekk: bets $6
EVBET: raises $6 to $12
majekk: calls $6
*** RIVER *** [4h 7h 9d Jh] [Ks]
majekk: checks
EVBET: bets $6
majekk: calls $6
*** SHOW DOWN ***
EVBET: shows [Td Kd] (a pair of Kings)
majekk: mucks hand
EVBET collected $59.50 from pot
*** SUMMARY ***
Total pot $60 | Rake $0.50
Board [4h 7h 9d Jh Ks]
Seat 2: EVBET (button) (small blind) showed [Td Kd] and won ($59.50) with a pair of Kings
Seat 3: majekk (big blind) mucked


PokerStars Hand #172487100151:  Hold'em Limit ($3/$6 USD) - 2017/07/01 18:34:43 ET
Table 'Eva' 6-max Seat #3 is the button
Seat 2: EVBET ($302.26 in chips)
Seat 3: majekk ($31.14 in chips)
majekk: posts small blind $1
EVBET: posts big blind $3
*** HOLE CARDS ***
majekk: raises $3 to $6
EVBET: folds
Uncalled bet ($3) returned to majekk
majekk collected $6 from pot
majekk: doesn't show hand
*** SUMMARY ***
Total pot $6 | Rake $0
Seat 2: EVBET (big blind) folded before Flop
Seat 3: majekk (button) (small blind) collected ($6)


PokerStars Hand #172487104964:  Hold'em Limit ($3/$6 USD) - 2017/07/01 18:34:51 ET
Table 'Eva' 6-max Seat #2 is the button
Seat 2: EVBET ($299.26 in chips)
Seat 3: majekk ($34.14 in chips)
EVBET: posts small blind $1
majekk: posts big blind $3
*** HOLE CARDS ***
EVBET: raises $3 to $6
majekk: calls $3
*** FLOP *** [3c 5c Kc]
majekk: checks
EVBET: bets $3
majekk: raises $3 to $6
EVBET: calls $3
*** TURN *** [3c 5c Kc] [9c]
majekk: bets $6
EVBET: calls $6
*** RIVER *** [3c 5c Kc 9c] [Tc]
majekk: bets $6
EVBET: raises $6 to $12
majekk: calls $6
*** SHOW DOWN ***
EVBET: shows [4c Qc] (a flush, King high)
majekk: mucks hand
EVBET collected $59.50 from pot
*** SUMMARY ***
Total pot $60 | Rake $0.50
Board [3c 5c Kc 9c Tc]
Seat 2: EVBET (button) (small blind) showed [4c Qc] and won ($59.50) with a flush, King high
Seat 3: majekk (big blind) mucked


PokerStars Hand #172487138058:  Hold'em Limit ($3/$6 USD) - 2017/07/01 18:35:44 ET
Table 'Eva' 6-max Seat #3 is the button
Seat 2: EVBET ($328.76 in chips)
Seat 3: majekk ($4.14 in chips)
majekk: posts small blind $1
EVBET: posts big blind $3
*** HOLE CARDS ***
majekk: raises $1.14 to $4.14 and is all-in
EVBET: calls $1.14
*** FLOP *** [Qs 5s 3h]
*** TURN *** [Qs 5s 3h] [5c]
*** RIVER *** [Qs 5s 3h 5c] [3s]
*** SHOW DOWN ***
EVBET: shows [4d 9h] (two pair, Fives and Threes)
majekk: shows [9s Tc] (two pair, Fives and Threes)
EVBET collected $4.06 from pot
majekk collected $4.05 from pot
*** SUMMARY ***
Total pot $8.28 | Rake $0.17
Board [Qs 5s 3h 5c 3s]
Seat 2: EVBET (big blind) showed [4d 9h] and won ($4.06) with two pair, Fives and Threes
Seat 3: majekk (button) (small blind) showed [9s Tc] and won ($4.05) with two pair, Fives and Threes


PokerStars Hand #172487147175:  Hold'em Limit ($3/$6 USD) - 2017/07/01 18:35:59 ET
Table 'Eva' 6-max Seat #2 is the button
Seat 2: EVBET ($328.68 in chips)
Seat 3: majekk ($4.05 in chips)
EVBET: posts small blind $1
majekk: posts big blind $3
*** HOLE CARDS ***
EVBET: raises $3 to $6
majekk: calls $1.05 and is all-in
Uncalled bet ($1.95) returned to EVBET
*** FLOP *** [3s 7c Ad]
*** TURN *** [3s 7c Ad] [5s]
*** RIVER *** [3s 7c Ad 5s] [9s]
*** SHOW DOWN ***
majekk: shows [Ac 2s] (a pair of Aces)
EVBET: shows [Qc Qs] (a pair of Queens)
majekk collected $7.94 from pot
*** SUMMARY ***
Total pot $8.10 | Rake $0.16
Board [3s 7c Ad 5s 9s]
Seat 2: EVBET (button) (small blind) showed [Qc Qs] and lost with a pair of Queens
Seat 3: majekk (big blind) showed [Ac 2s] and won ($7.94) with a pair of Aces


PokerStars Hand #172487155492:  Hold'em Limit ($3/$6 USD) - 2017/07/01 18:36:12 ET
Table 'Eva' 6-max Seat #3 is the button
Seat 2: EVBET ($324.63 in chips)
Seat 3: majekk ($7.94 in chips)
majekk: posts small blind $1
EVBET: posts big blind $3
*** HOLE CARDS ***
majekk: raises $3 to $6
EVBET: raises $3 to $9
majekk: calls $1.94 and is all-in
Uncalled bet ($1.06) returned to EVBET
*** FLOP *** [Qc As Tc]
*** TURN *** [Qc As Tc] [Ks]
*** RIVER *** [Qc As Tc Ks] [9c]
*** SHOW DOWN ***
EVBET: shows [Kc Ac] (a flush, Ace high)
majekk: shows [Jc 9s] (a straight, Ten to Ace)
EVBET collected $15.56 from pot
*** SUMMARY ***
Total pot $15.88 | Rake $0.32
Board [Qc As Tc Ks 9c]
Seat 2: EVBET (big blind) showed [Kc Ac] and won ($15.56) with a flush, Ace high
Seat 3: majekk (button) (small blind) showed [Jc 9s] and lost with a straight, Ten to Ace


