PokerStars Hand #157497786154:  Hold'em Limit ($3/$6 USD) - 2016/08/19 23:17:26 ET
Table 'Eva' 10-max Seat #5 is the button
Seat 5: simper11 ($128.69 in chips)
Seat 6: pushme27 ($111.58 in chips)
simper11: posts small blind $1
pushme27: posts big blind $3
*** HOLE CARDS ***
simper11: raises $3 to $6
pushme27: raises $3 to $9
simper11: calls $3
*** FLOP *** [Ts 5h Td]
pushme27: bets $3
simper11: calls $3
*** TURN *** [Ts 5h Td] [2d]
pushme27: bets $6
simper11: folds
Uncalled bet ($6) returned to pushme27
pushme27 collected $23.52 from pot
pushme27: doesn't show hand
*** SUMMARY ***
Total pot $24 | Rake $0.48
Board [Ts 5h Td 2d]
Seat 5: simper11 (button) (small blind) folded on the Turn
Seat 6: pushme27 (big blind) collected ($23.52)


PokerStars Hand #157497896449:  Hold'em Limit ($3/$6 USD) - 2016/08/19 23:23:32 ET
Table 'Eva' 10-max Seat #5 is the button
Seat 4: xcgxcg2005 ($61.82 in chips)
Seat 5: simper11 ($182.83 in chips)
simper11: posts small blind $1
xcgxcg2005: posts big blind $3
*** HOLE CARDS ***
simper11: raises $3 to $6
xcgxcg2005: raises $3 to $9
simper11: calls $3
*** FLOP *** [Qh 6s 3s]
xcgxcg2005: bets $3
simper11: calls $3
*** TURN *** [Qh 6s 3s] [Kc]
xcgxcg2005: bets $6
simper11: calls $6
*** RIVER *** [Qh 6s 3s Kc] [8s]
xcgxcg2005: checks
simper11: checks
*** SHOW DOWN ***
xcgxcg2005: shows [2c 6c] (a pair of Sixes)
simper11: mucks hand
xcgxcg2005 collected $35.50 from pot
*** SUMMARY ***
Total pot $36 | Rake $0.50
Board [Qh 6s 3s Kc 8s]
Seat 4: xcgxcg2005 (big blind) showed [2c 6c] and won ($35.50) with a pair of Sixes
Seat 5: simper11 (button) (small blind) mucked


PokerStars Hand #157497891794:  Hold'em Limit ($3/$6 USD) - 2016/08/19 23:23:16 ET
Table 'Eva' 10-max Seat #4 is the button
Seat 4: xcgxcg2005 ($97.82 in chips)
Seat 5: simper11 ($147.33 in chips)
xcgxcg2005: posts small blind $1
simper11: posts big blind $3
*** HOLE CARDS ***
Brama Br leaves the table
xcgxcg2005: raises $3 to $6
simper11: raises $3 to $9
xcgxcg2005: raises $3 to $12
Betting is capped
simper11: calls $3
*** FLOP *** [5d Qh 2c]
simper11: checks
xcgxcg2005: bets $3
simper11: raises $3 to $6
xcgxcg2005: calls $3
*** TURN *** [5d Qh 2c] [6c]
simper11: bets $6
xcgxcg2005: raises $6 to $12
simper11: calls $6
*** RIVER *** [5d Qh 2c 6c] [5h]
simper11: checks
xcgxcg2005: bets $6
simper11: calls $6
*** SHOW DOWN ***
xcgxcg2005: shows [Qs Jd] (two pair, Queens and Fives)
simper11: shows [Qd Ks] (two pair, Queens and Fives - King kicker)
simper11 collected $71.50 from pot
*** SUMMARY ***
Total pot $72 | Rake $0.50
Board [5d Qh 2c 6c 5h]
Seat 4: xcgxcg2005 (button) (small blind) showed [Qs Jd] and lost with two pair, Queens and Fives
Seat 5: simper11 (big blind) showed [Qd Ks] and won ($71.50) with two pair, Queens and Fives


PokerStars Hand #157497913718:  Hold'em Limit ($3/$6 USD) - 2016/08/19 23:24:00 ET
Table 'Eva' 10-max Seat #5 is the button
Seat 4: xcgxcg2005 ($105.82 in chips)
Seat 5: simper11 ($137.83 in chips)
simper11: posts small blind $1
xcgxcg2005: posts big blind $3
*** HOLE CARDS ***
simper11: folds
Uncalled bet ($2) returned to xcgxcg2005
xcgxcg2005 collected $2 from pot
xcgxcg2005: doesn't show hand
*** SUMMARY ***
Total pot $2 | Rake $0
Seat 4: xcgxcg2005 (big blind) collected ($2)
Seat 5: simper11 (button) (small blind) folded before Flop


PokerStars Hand #157497900463:  Hold'em Limit ($3/$6 USD) - 2016/08/19 23:23:46 ET
Table 'Eva' 10-max Seat #4 is the button
Seat 4: xcgxcg2005 ($79.32 in chips)
Seat 5: simper11 ($164.83 in chips)
xcgxcg2005: posts small blind $1
simper11: posts big blind $3
*** HOLE CARDS ***
xcgxcg2005: raises $3 to $6
simper11: calls $3
*** FLOP *** [2d 6c 6h]
simper11: checks
xcgxcg2005: bets $3
simper11: raises $3 to $6
xcgxcg2005: raises $3 to $9
simper11: calls $3
*** TURN *** [2d 6c 6h] [Td]
simper11: checks
xcgxcg2005: bets $6
simper11: calls $6
*** RIVER *** [2d 6c 6h Td] [5h]
simper11: checks
xcgxcg2005: bets $6
simper11: calls $6
*** SHOW DOWN ***
xcgxcg2005: shows [5c 9h] (two pair, Sixes and Fives)
simper11: mucks hand
xcgxcg2005 collected $53.50 from pot
*** SUMMARY ***
Total pot $54 | Rake $0.50
Board [2d 6c 6h Td 5h]
Seat 4: xcgxcg2005 (button) (small blind) showed [5c 9h] and won ($53.50) with two pair, Sixes and Fives
Seat 5: simper11 (big blind) mucked


PokerStars Hand #157497926310:  Hold'em Limit ($3/$6 USD) - 2016/08/19 23:24:43 ET
Table 'Eva' 10-max Seat #4 is the button
Seat 4: xcgxcg2005 ($117.32 in chips)
Seat 5: simper11 ($131.52 in chips)
xcgxcg2005: posts small blind $1
simper11: posts big blind $3
*** HOLE CARDS ***
xcgxcg2005: folds
Uncalled bet ($2) returned to simper11
simper11 collected $2 from pot
simper11: doesn't show hand
*** SUMMARY ***
Total pot $2 | Rake $0
Seat 4: xcgxcg2005 (button) (small blind) folded before Flop
Seat 5: simper11 (big blind) collected ($2)


PokerStars Hand #157497916448:  Hold'em Limit ($3/$6 USD) - 2016/08/19 23:24:09 ET
Table 'Eva' 10-max Seat #5 is the button
Seat 4: xcgxcg2005 ($105.82 in chips)
Seat 5: simper11 ($137.83 in chips)
simper11: posts small blind $1
xcgxcg2005: posts big blind $3
*** HOLE CARDS ***
simper11: raises $3 to $6
xcgxcg2005: folds
Uncalled bet ($3) returned to simper11
simper11 collected $6 from pot
simper11: doesn't show hand
*** SUMMARY ***
Total pot $6 | Rake $0
Seat 4: xcgxcg2005 (big blind) folded before Flop
Seat 5: simper11 (button) (small blind) collected ($6)


PokerStars Hand #157497915031:  Hold'em Limit ($3/$6 USD) - 2016/08/19 23:24:05 ET
Table 'Eva' 10-max Seat #4 is the button
Seat 4: xcgxcg2005 ($106.82 in chips)
Seat 5: simper11 ($136.83 in chips)
xcgxcg2005: posts small blind $1
simper11: posts big blind $3
*** HOLE CARDS ***
xcgxcg2005: folds
Uncalled bet ($2) returned to simper11
simper11 collected $2 from pot
simper11: doesn't show hand
*** SUMMARY ***
Total pot $2 | Rake $0
Seat 4: xcgxcg2005 (button) (small blind) folded before Flop
Seat 5: simper11 (big blind) collected ($2)


PokerStars Hand #157497917947:  Hold'em Limit ($3/$6 USD) - 2016/08/19 23:24:15 ET
Table 'Eva' 10-max Seat #4 is the button
Seat 4: xcgxcg2005 ($102.82 in chips)
Seat 5: simper11 ($140.83 in chips)
xcgxcg2005: posts small blind $1
simper11: posts big blind $3
*** HOLE CARDS ***
xcgxcg2005: raises $3 to $6
simper11: raises $3 to $9
xcgxcg2005: raises $3 to $12
Betting is capped
simper11: calls $3
*** FLOP *** [3s 6s Ac]
simper11: checks
xcgxcg2005: bets $3
simper11: calls $3
*** TURN *** [3s 6s Ac] [4c]
simper11: checks
xcgxcg2005: checks
*** RIVER *** [3s 6s Ac 4c] [Qc]
simper11: bets $6
xcgxcg2005: raises $6 to $12
simper11: calls $6
*** SHOW DOWN ***
xcgxcg2005: shows [6c Qs] (two pair, Queens and Sixes)
simper11: mucks hand
xcgxcg2005 collected $53.50 from pot
*** SUMMARY ***
Total pot $54 | Rake $0.50
Board [3s 6s Ac 4c Qc]
Seat 4: xcgxcg2005 (button) (small blind) showed [6c Qs] and won ($53.50) with two pair, Queens and Sixes
Seat 5: simper11 (big blind) mucked


PokerStars Hand #157497922439:  Hold'em Limit ($3/$6 USD) - 2016/08/19 23:24:30 ET
Table 'Eva' 10-max Seat #5 is the button
Seat 4: xcgxcg2005 ($129.32 in chips)
Seat 5: simper11 ($120 in chips)
simper11: posts small blind $1
xcgxcg2005: posts big blind $3
*** HOLE CARDS ***
simper11: raises $3 to $6
xcgxcg2005: raises $3 to $9
simper11: calls $3
*** FLOP *** [Ah Jh 2h]
xcgxcg2005: bets $3
simper11: raises $3 to $6
xcgxcg2005: folds
Uncalled bet ($3) returned to simper11
simper11 collected $23.52 from pot
simper11: doesn't show hand
*** SUMMARY ***
Total pot $24 | Rake $0.48
Board [Ah Jh 2h]
Seat 4: xcgxcg2005 (big blind) folded on the Flop
Seat 5: simper11 (button) (small blind) collected ($23.52)


PokerStars Hand #157497932704:  Hold'em Limit ($3/$6 USD) - 2016/08/19 23:25:05 ET
Table 'Eva' 10-max Seat #5 is the button
Seat 4: xcgxcg2005 ($138.82 in chips)
Seat 5: simper11 ($121 in chips)
simper11: posts small blind $1
xcgxcg2005: posts big blind $3
*** HOLE CARDS ***
simper11: raises $3 to $6
xcgxcg2005: folds
Uncalled bet ($3) returned to simper11
simper11 collected $6 from pot
simper11: doesn't show hand
*** SUMMARY ***
Total pot $6 | Rake $0
Seat 4: xcgxcg2005 (big blind) folded before Flop
Seat 5: simper11 (button) (small blind) collected ($6)


PokerStars Hand #157497940898:  Hold'em Limit ($3/$6 USD) - 2016/08/19 23:25:32 ET
Table 'Eva' 10-max Seat #5 is the button
Seat 4: xcgxcg2005 ($159.32 in chips)
Seat 5: simper11 ($121 in chips)
simper11: posts small blind $1
xcgxcg2005: posts big blind $3
*** HOLE CARDS ***
simper11: raises $3 to $6
xcgxcg2005: folds
Uncalled bet ($3) returned to simper11
simper11 collected $6 from pot
simper11: doesn't show hand
RJF1943 joins the table at seat #7
*** SUMMARY ***
Total pot $6 | Rake $0
Seat 4: xcgxcg2005 (big blind) folded before Flop
Seat 5: simper11 (button) (small blind) collected ($6)


PokerStars Hand #157497939508:  Hold'em Limit ($3/$6 USD) - 2016/08/19 23:25:28 ET
Table 'Eva' 10-max Seat #4 is the button
Seat 4: xcgxcg2005 ($160.32 in chips)
Seat 5: simper11 ($120 in chips)
xcgxcg2005: posts small blind $1
simper11: posts big blind $3
*** HOLE CARDS ***
xcgxcg2005: folds
Uncalled bet ($2) returned to simper11
simper11 collected $2 from pot
simper11: doesn't show hand
*** SUMMARY ***
Total pot $2 | Rake $0
Seat 4: xcgxcg2005 (button) (small blind) folded before Flop
Seat 5: simper11 (big blind) collected ($2)


PokerStars Hand #157497942655:  Hold'em Limit ($3/$6 USD) - 2016/08/19 23:25:38 ET
Table 'Eva' 10-max Seat #4 is the button
Seat 4: xcgxcg2005 ($156.32 in chips)
Seat 5: simper11 ($124 in chips)
xcgxcg2005: posts small blind $1
simper11: posts big blind $3
*** HOLE CARDS ***
xcgxcg2005: folds
Uncalled bet ($2) returned to simper11
simper11 collected $2 from pot
simper11: doesn't show hand
*** SUMMARY ***
Total pot $2 | Rake $0
Seat 4: xcgxcg2005 (button) (small blind) folded before Flop
Seat 5: simper11 (big blind) collected ($2)


PokerStars Hand #157497931348:  Hold'em Limit ($3/$6 USD) - 2016/08/19 23:25:00 ET
Table 'Eva' 10-max Seat #4 is the button
Seat 4: xcgxcg2005 ($139.82 in chips)
Seat 5: simper11 ($120 in chips)
xcgxcg2005: posts small blind $1
simper11: posts big blind $3
*** HOLE CARDS ***
xcgxcg2005: folds
Uncalled bet ($2) returned to simper11
simper11 collected $2 from pot
simper11: doesn't show hand
*** SUMMARY ***
Total pot $2 | Rake $0
Seat 4: xcgxcg2005 (button) (small blind) folded before Flop
Seat 5: simper11 (big blind) collected ($2)


PokerStars Hand #157497927759:  Hold'em Limit ($3/$6 USD) - 2016/08/19 23:24:48 ET
Table 'Eva' 10-max Seat #5 is the button
Seat 4: xcgxcg2005 ($116.32 in chips)
Seat 5: simper11 ($132.52 in chips)
simper11: posts small blind $1
xcgxcg2005: posts big blind $3
*** HOLE CARDS ***
simper11: raises $3 to $6
xcgxcg2005: raises $3 to $9
simper11: calls $3
*** FLOP *** [8s 4s 6c]
xcgxcg2005: bets $3
simper11: calls $3
*** TURN *** [8s 4s 6c] [Qh]
xcgxcg2005: bets $6
simper11: calls $6
*** RIVER *** [8s 4s 6c Qh] [4h]
xcgxcg2005: bets $6
simper11: calls $6
*** SHOW DOWN ***
xcgxcg2005: shows [6h 3c] (two pair, Sixes and Fours)
simper11: mucks hand
xcgxcg2005 collected $47.50 from pot
*** SUMMARY ***
Total pot $48 | Rake $0.50
Board [8s 4s 6c Qh 4h]
Seat 4: xcgxcg2005 (big blind) showed [6h 3c] and won ($47.50) with two pair, Sixes and Fours
Seat 5: simper11 (button) (small blind) mucked


PokerStars Hand #157497938159:  Hold'em Limit ($3/$6 USD) - 2016/08/19 23:25:23 ET
Table 'Eva' 10-max Seat #5 is the button
Seat 4: xcgxcg2005 ($159.32 in chips)
Seat 5: simper11 ($120 in chips)
simper11: posts small blind $1
xcgxcg2005: posts big blind $3
*** HOLE CARDS ***
simper11: folds
Uncalled bet ($2) returned to xcgxcg2005
xcgxcg2005 collected $2 from pot
xcgxcg2005: doesn't show hand
*** SUMMARY ***
Total pot $2 | Rake $0
Seat 4: xcgxcg2005 (big blind) collected ($2)
Seat 5: simper11 (button) (small blind) folded before Flop


PokerStars Hand #157497934296:  Hold'em Limit ($3/$6 USD) - 2016/08/19 23:25:10 ET
Table 'Eva' 10-max Seat #4 is the button
Seat 4: xcgxcg2005 ($135.82 in chips)
Seat 5: simper11 ($124 in chips)
xcgxcg2005: posts small blind $1
simper11: posts big blind $3
*** HOLE CARDS ***
xcgxcg2005: raises $3 to $6
simper11: calls $3
*** FLOP *** [2s 5c 7s]
simper11: checks
xcgxcg2005: checks
*** TURN *** [2s 5c 7s] [8d]
simper11: bets $6
xcgxcg2005: raises $6 to $12
simper11: calls $6
*** RIVER *** [2s 5c 7s 8d] [7c]
simper11: checks
xcgxcg2005: bets $6
simper11: calls $6
*** SHOW DOWN ***
xcgxcg2005: shows [8c Kh] (two pair, Eights and Sevens)
simper11: mucks hand
xcgxcg2005 collected $47.50 from pot
*** SUMMARY ***
Total pot $48 | Rake $0.50
Board [2s 5c 7s 8d 7c]
Seat 4: xcgxcg2005 (button) (small blind) showed [8c Kh] and won ($47.50) with two pair, Eights and Sevens
Seat 5: simper11 (big blind) mucked


PokerStars Hand #157497962594:  Hold'em Limit ($3/$6 USD) - 2016/08/19 23:26:47 ET
Table 'Eva' 10-max Seat #5 is the button
Seat 5: simper11 ($176.82 in chips)
Seat 7: RJF1943 ($23.94 in chips)
simper11: posts small blind $1
RJF1943: posts big blind $3
*** HOLE CARDS ***
simper11: raises $3 to $6
RJF1943: calls $3
*** FLOP *** [5c Qh Ac]
RJF1943: checks
simper11: bets $3
RJF1943: folds
Uncalled bet ($3) returned to simper11
simper11 collected $11.76 from pot
simper11: doesn't show hand
*** SUMMARY ***
Total pot $12 | Rake $0.24
Board [5c Qh Ac]
Seat 5: simper11 (button) (small blind) collected ($11.76)
Seat 7: RJF1943 (big blind) folded on the Flop


PokerStars Hand #157497953711:  Hold'em Limit ($3/$6 USD) - 2016/08/19 23:26:16 ET
Table 'Eva' 10-max Seat #5 is the button
Seat 5: simper11 ($153.38 in chips)
Seat 7: RJF1943 ($48 in chips)
simper11: posts small blind $1
RJF1943: posts big blind $3
*** HOLE CARDS ***
simper11: raises $3 to $6
RJF1943: raises $3 to $9
simper11: calls $3
*** FLOP *** [6h 9h 2s]
RJF1943: bets $3
simper11: calls $3
*** TURN *** [6h 9h 2s] [6c]
RJF1943: bets $6
simper11: calls $6
*** RIVER *** [6h 9h 2s 6c] [7h]
RJF1943: bets $6
simper11: calls $6
*** SHOW DOWN ***
RJF1943: shows [Kd As] (a pair of Sixes)
simper11: shows [7d Ac] (two pair, Sevens and Sixes)
simper11 collected $47.50 from pot
*** SUMMARY ***
Total pot $48 | Rake $0.50
Board [6h 9h 2s 6c 7h]
Seat 5: simper11 (button) (small blind) showed [7d Ac] and won ($47.50) with two pair, Sevens and Sixes
Seat 7: RJF1943 (big blind) showed [Kd As] and lost with a pair of Sixes


PokerStars Hand #157497958646:  Hold'em Limit ($3/$6 USD) - 2016/08/19 23:26:33 ET
Table 'Eva' 10-max Seat #7 is the button
Seat 5: simper11 ($176.88 in chips)
Seat 7: RJF1943 ($24 in chips)
RJF1943: posts small blind $1
simper11: posts big blind $3
*** HOLE CARDS ***
RJF1943: calls $2
simper11: checks
*** FLOP *** [4c 7d 8d]
simper11: checks
RJF1943: checks
*** TURN *** [4c 7d 8d] [9d]
simper11: checks
RJF1943: checks
*** RIVER *** [4c 7d 8d 9d] [Jd]
simper11: checks
RJF1943: checks
*** SHOW DOWN ***
simper11: shows [3h Kc] (high card King)
RJF1943: shows [Kh 2c] (high card King)
simper11 collected $2.94 from pot
RJF1943 collected $2.94 from pot
*** SUMMARY ***
Total pot $6 | Rake $0.12
Board [4c 7d 8d 9d Jd]
Seat 5: simper11 (big blind) showed [3h Kc] and won ($2.94) with high card King
Seat 7: RJF1943 (button) (small blind) showed [Kh 2c] and won ($2.94) with high card King


PokerStars Hand #157497949495:  Hold'em Limit ($3/$6 USD) - 2016/08/19 23:26:02 ET
Table 'Eva' 10-max Seat #7 is the button
Seat 5: simper11 ($144.74 in chips)
Seat 7: RJF1943 ($57 in chips)
RJF1943: posts small blind $1
simper11: posts big blind $3
*** HOLE CARDS ***
RJF1943: calls $2
simper11: raises $3 to $6
RJF1943: calls $3
*** FLOP *** [8s 2s 3h]
simper11: bets $3
RJF1943: calls $3
*** TURN *** [8s 2s 3h] [Tc]
simper11: bets $6
RJF1943: folds
Uncalled bet ($6) returned to simper11
simper11 collected $17.64 from pot
simper11: doesn't show hand
*** SUMMARY ***
Total pot $18 | Rake $0.36
Board [8s 2s 3h Tc]
Seat 5: simper11 (big blind) collected ($17.64)
Seat 7: RJF1943 (button) (small blind) folded on the Turn


PokerStars Hand #157497967706:  Hold'em Limit ($3/$6 USD) - 2016/08/19 23:27:04 ET
Table 'Eva' 10-max Seat #5 is the button
Seat 5: simper11 ($183.58 in chips)
Seat 7: RJF1943 ($16.94 in chips)
simper11: posts small blind $1
RJF1943: posts big blind $3
*** HOLE CARDS ***
simper11: raises $3 to $6
RJF1943: calls $3
*** FLOP *** [Jh 8h 9c]
RJF1943: bets $3
simper11: folds
Uncalled bet ($3) returned to RJF1943
RJF1943 collected $11.76 from pot
RJF1943: doesn't show hand
*** SUMMARY ***
Total pot $12 | Rake $0.24
Board [Jh 8h 9c]
Seat 5: simper11 (button) (small blind) folded on the Flop
Seat 7: RJF1943 (big blind) collected ($11.76)


PokerStars Hand #157497966015:  Hold'em Limit ($3/$6 USD) - 2016/08/19 23:26:58 ET
Table 'Eva' 10-max Seat #7 is the button
Seat 5: simper11 ($182.58 in chips)
Seat 7: RJF1943 ($17.94 in chips)
RJF1943: posts small blind $1
simper11: posts big blind $3
*** HOLE CARDS ***
RJF1943: folds
Uncalled bet ($2) returned to simper11
simper11 collected $2 from pot
simper11: doesn't show hand
*** SUMMARY ***
Total pot $2 | Rake $0
Seat 5: simper11 (big blind) collected ($2)
Seat 7: RJF1943 (button) (small blind) folded before Flop


