PokerStars Hand #156555856875:  Hold'em Limit ($3/$6 USD) - 2016/07/28 13:09:52 ET
Table 'Evita' 6-max Seat #1 is the button
Seat 1: Ag3r0n ($73 in chips)
Seat 6: HAOYUN88888 ($72.26 in chips)
Ag3r0n: posts small blind $1
HAOYUN88888: posts big blind $3
*** HOLE CARDS ***
Ag3r0n: raises $3 to $6
HAOYUN88888: raises $3 to $9
Ag3r0n: calls $3
*** FLOP *** [5c 6c 9h]
HAOYUN88888: bets $3
Ag3r0n: calls $3
*** TURN *** [5c 6c 9h] [7c]
HAOYUN88888: checks
Ag3r0n: checks
*** RIVER *** [5c 6c 9h 7c] [7h]
HAOYUN88888: bets $6
Ag3r0n: calls $6
*** SHOW DOWN ***
HAOYUN88888: shows [Ah Ks] (a pair of Sevens)
Ag3r0n: shows [5d Kh] (two pair, Sevens and Fives)
Ag3r0n collected $35.50 from pot
*** SUMMARY ***
Total pot $36 | Rake $0.50
Board [5c 6c 9h 7c 7h]
Seat 1: Ag3r0n (button) (small blind) showed [5d Kh] and won ($35.50) with two pair, Sevens and Fives
Seat 6: HAOYUN88888 (big blind) showed [Ah Ks] and lost with a pair of Sevens


PokerStars Hand #156555850468:  Hold'em Limit ($3/$6 USD) - 2016/07/28 13:09:43 ET
Table 'Evita' 6-max Seat #6 is the button
Seat 1: Ag3r0n ($72 in chips)
Seat 6: HAOYUN88888 ($73.26 in chips)
HAOYUN88888: posts small blind $1
Ag3r0n: posts big blind $3
*** HOLE CARDS ***
HAOYUN88888: folds
Uncalled bet ($2) returned to Ag3r0n
Ag3r0n collected $2 from pot
*** SUMMARY ***
Total pot $2 | Rake $0
Seat 1: Ag3r0n (big blind) collected ($2)
Seat 6: HAOYUN88888 (button) (small blind) folded before Flop


PokerStars Hand #156555838521:  Hold'em Limit ($3/$6 USD) - 2016/07/28 13:09:26 ET
Table 'Evita' 6-max Seat #1 is the button
Seat 1: Ag3r0n ($72 in chips)
Seat 6: HAOYUN88888 ($49.76 in chips)
Ag3r0n: posts small blind $1
HAOYUN88888: posts big blind $3
*** HOLE CARDS ***
Ag3r0n: raises $3 to $6
HAOYUN88888: calls $3
*** FLOP *** [Jc 4d Jh]
HAOYUN88888: checks
Ag3r0n: bets $3
HAOYUN88888: raises $3 to $6
Ag3r0n: calls $3
*** TURN *** [Jc 4d Jh] [8d]
HAOYUN88888: bets $6
Ag3r0n: calls $6
*** RIVER *** [Jc 4d Jh 8d] [5h]
HAOYUN88888: bets $6
Ag3r0n: calls $6
*** SHOW DOWN ***
HAOYUN88888: shows [Qc 8s] (two pair, Jacks and Eights)
Ag3r0n: mucks hand
HAOYUN88888 collected $47.50 from pot
*** SUMMARY ***
Total pot $48 | Rake $0.50
Board [Jc 4d Jh 8d 5h]
Seat 1: Ag3r0n (button) (small blind) mucked
Seat 6: HAOYUN88888 (big blind) showed [Qc 8s] and won ($47.50) with two pair, Jacks and Eights


PokerStars Hand #156555833916:  Hold'em Limit ($3/$6 USD) - 2016/07/28 13:09:19 ET
Table 'Evita' 6-max Seat #6 is the button
Seat 1: Ag3r0n ($72 in chips)
Seat 6: HAOYUN88888 ($46.76 in chips)
HAOYUN88888: posts small blind $1
Ag3r0n: posts big blind $3
*** HOLE CARDS ***
HAOYUN88888: raises $3 to $6
Ag3r0n: folds
Uncalled bet ($3) returned to HAOYUN88888
HAOYUN88888 collected $6 from pot
HAOYUN88888: doesn't show hand
*** SUMMARY ***
Total pot $6 | Rake $0
Seat 1: Ag3r0n (big blind) folded before Flop
Seat 6: HAOYUN88888 (button) (small blind) collected ($6)


PokerStars Hand #156555830851:  Hold'em Limit ($3/$6 USD) - 2016/07/28 13:09:15 ET
Table 'Evita' 6-max Seat #1 is the button
Seat 1: Ag3r0n ($72 in chips)
Seat 6: HAOYUN88888 ($45.76 in chips)
Ag3r0n: posts small blind $1
HAOYUN88888: posts big blind $3
*** HOLE CARDS ***
Ag3r0n: folds
Uncalled bet ($2) returned to HAOYUN88888
HAOYUN88888 collected $2 from pot
HAOYUN88888: doesn't show hand
*** SUMMARY ***
Total pot $2 | Rake $0
Seat 1: Ag3r0n (button) (small blind) folded before Flop
Seat 6: HAOYUN88888 (big blind) collected ($2)


PokerStars Hand #156555820937:  Hold'em Limit ($3/$6 USD) - 2016/07/28 13:09:01 ET
Table 'Evita' 6-max Seat #6 is the button
Seat 1: Ag3r0n ($72 in chips)
Seat 6: HAOYUN88888 ($40 in chips)
HAOYUN88888: posts small blind $1
Ag3r0n: posts big blind $3
*** HOLE CARDS ***
HAOYUN88888: raises $3 to $6
Ag3r0n: calls $3
*** FLOP *** [Qh 8h 9c]
Ag3r0n: checks
HAOYUN88888: bets $3
Ag3r0n: folds
Uncalled bet ($3) returned to HAOYUN88888
HAOYUN88888 collected $11.76 from pot
HAOYUN88888: doesn't show hand
*** SUMMARY ***
Total pot $12 | Rake $0.24
Board [Qh 8h 9c]
Seat 1: Ag3r0n (big blind) folded on the Flop
Seat 6: HAOYUN88888 (button) (small blind) collected ($11.76)


PokerStars Hand #156555900228:  Hold'em Limit ($3/$6 USD) - 2016/07/28 13:10:53 ET
Table 'Evita' 6-max Seat #1 is the button
Seat 1: Ag3r0n ($72 in chips)
Seat 6: HAOYUN88888 ($99.28 in chips)
Ag3r0n: posts small blind $1
HAOYUN88888: posts big blind $3
*** HOLE CARDS ***
Ag3r0n: raises $3 to $6
HAOYUN88888: calls $3
*** FLOP *** [9d 7s 2c]
HAOYUN88888: checks
Ag3r0n: checks
*** TURN *** [9d 7s 2c] [9h]
HAOYUN88888: bets $6
Ag3r0n: calls $6
*** RIVER *** [9d 7s 2c 9h] [5h]
HAOYUN88888: bets $6
Ag3r0n: calls $6
*** SHOW DOWN ***
HAOYUN88888: shows [4c As] (a pair of Nines)
Ag3r0n: mucks hand
HAOYUN88888 collected $35.50 from pot
*** SUMMARY ***
Total pot $36 | Rake $0.50
Board [9d 7s 2c 9h 5h]
Seat 1: Ag3r0n (button) (small blind) mucked
Seat 6: HAOYUN88888 (big blind) showed [4c As] and won ($35.50) with a pair of Nines


PokerStars Hand #156555894732:  Hold'em Limit ($3/$6 USD) - 2016/07/28 13:10:45 ET
Table 'Evita' 6-max Seat #6 is the button
Seat 1: Ag3r0n ($72 in chips)
Seat 6: HAOYUN88888 ($93.52 in chips)
HAOYUN88888: posts small blind $1
Ag3r0n: posts big blind $3
*** HOLE CARDS ***
HAOYUN88888: raises $3 to $6
Ag3r0n: calls $3
*** FLOP *** [Ad 8d Ah]
Ag3r0n: checks
HAOYUN88888: bets $3
Ag3r0n: folds
Uncalled bet ($3) returned to HAOYUN88888
HAOYUN88888 collected $11.76 from pot
HAOYUN88888: doesn't show hand
*** SUMMARY ***
Total pot $12 | Rake $0.24
Board [Ad 8d Ah]
Seat 1: Ag3r0n (big blind) folded on the Flop
Seat 6: HAOYUN88888 (button) (small blind) collected ($11.76)


PokerStars Hand #156555891773:  Hold'em Limit ($3/$6 USD) - 2016/07/28 13:10:41 ET
Table 'Evita' 6-max Seat #1 is the button
Seat 1: Ag3r0n ($72 in chips)
Seat 6: HAOYUN88888 ($92.52 in chips)
Ag3r0n: posts small blind $1
HAOYUN88888: posts big blind $3
*** HOLE CARDS ***
Ag3r0n: folds
Uncalled bet ($2) returned to HAOYUN88888
HAOYUN88888 collected $2 from pot
HAOYUN88888: doesn't show hand
*** SUMMARY ***
Total pot $2 | Rake $0
Seat 1: Ag3r0n (button) (small blind) folded before Flop
Seat 6: HAOYUN88888 (big blind) collected ($2)


PokerStars Hand #156555884762:  Hold'em Limit ($3/$6 USD) - 2016/07/28 13:10:31 ET
Table 'Evita' 6-max Seat #6 is the button
Seat 1: Ag3r0n ($72 in chips)
Seat 6: HAOYUN88888 ($86.76 in chips)
HAOYUN88888: posts small blind $1
Ag3r0n: posts big blind $3
*** HOLE CARDS ***
HAOYUN88888: raises $3 to $6
Ag3r0n: calls $3
*** FLOP *** [8c 7c 9h]
Ag3r0n: checks
HAOYUN88888: bets $3
Ag3r0n: folds
Uncalled bet ($3) returned to HAOYUN88888
HAOYUN88888 collected $11.76 from pot
HAOYUN88888: doesn't show hand
*** SUMMARY ***
Total pot $12 | Rake $0.24
Board [8c 7c 9h]
Seat 1: Ag3r0n (big blind) folded on the Flop
Seat 6: HAOYUN88888 (button) (small blind) collected ($11.76)


PokerStars Hand #156555873316:  Hold'em Limit ($3/$6 USD) - 2016/07/28 13:10:15 ET
Table 'Evita' 6-max Seat #1 is the button
Seat 1: Ag3r0n ($87.50 in chips)
Seat 6: HAOYUN88888 ($57.26 in chips)
Ag3r0n: posts small blind $1
HAOYUN88888: posts big blind $3
*** HOLE CARDS ***
Ag3r0n: raises $3 to $6
HAOYUN88888: raises $3 to $9
Ag3r0n: calls $3
*** FLOP *** [6s 3h Qc]
HAOYUN88888: bets $3
Ag3r0n: calls $3
*** TURN *** [6s 3h Qc] [6h]
HAOYUN88888: bets $6
Ag3r0n: raises $6 to $12
HAOYUN88888: calls $6
*** RIVER *** [6s 3h Qc 6h] [5d]
HAOYUN88888: checks
Ag3r0n: bets $6
HAOYUN88888: calls $6
*** SHOW DOWN ***
Ag3r0n: shows [8c Ts] (a pair of Sixes)
HAOYUN88888: shows [9d 9c] (two pair, Nines and Sixes)
HAOYUN88888 collected $59.50 from pot
*** SUMMARY ***
Total pot $60 | Rake $0.50
Board [6s 3h Qc 6h 5d]
Seat 1: Ag3r0n (button) (small blind) showed [8c Ts] and lost with a pair of Sixes
Seat 6: HAOYUN88888 (big blind) showed [9d 9c] and won ($59.50) with two pair, Nines and Sixes


PokerStars Hand #156555869405:  Hold'em Limit ($3/$6 USD) - 2016/07/28 13:10:09 ET
Table 'Evita' 6-max Seat #6 is the button
Seat 1: Ag3r0n ($90.50 in chips)
Seat 6: HAOYUN88888 ($54.26 in chips)
HAOYUN88888: posts small blind $1
Ag3r0n: posts big blind $3
*** HOLE CARDS ***
HAOYUN88888: raises $3 to $6
Ag3r0n: folds
Uncalled bet ($3) returned to HAOYUN88888
HAOYUN88888 collected $6 from pot
HAOYUN88888: doesn't show hand
*** SUMMARY ***
Total pot $6 | Rake $0
Seat 1: Ag3r0n (big blind) folded before Flop
Seat 6: HAOYUN88888 (button) (small blind) collected ($6)


PokerStars Hand #156555909411:  Hold'em Limit ($3/$6 USD) - 2016/07/28 13:11:06 ET
Table 'Evita' 6-max Seat #6 is the button
Seat 1: Ag3r0n ($72 in chips)
Seat 6: HAOYUN88888 ($116.78 in chips)
HAOYUN88888: posts small blind $1
Ag3r0n: posts big blind $3
*** HOLE CARDS ***
HAOYUN88888: raises $3 to $6
Ag3r0n: calls $3
*** FLOP *** [7h Qs 9c]
Ag3r0n: checks
HAOYUN88888: bets $3
Ag3r0n: calls $3
*** TURN *** [7h Qs 9c] [2d]
Ag3r0n: checks
HAOYUN88888: bets $6
Ag3r0n: calls $6
*** RIVER *** [7h Qs 9c 2d] [Ks]
Sargon117 joins the table at seat #2
Ag3r0n: checks
HAOYUN88888: bets $6
Ag3r0n: folds
Uncalled bet ($6) returned to HAOYUN88888
HAOYUN88888 collected $29.50 from pot
HAOYUN88888: doesn't show hand
*** SUMMARY ***
Total pot $30 | Rake $0.50
Board [7h Qs 9c 2d Ks]
Seat 1: Ag3r0n (big blind) folded on the River
Seat 6: HAOYUN88888 (button) (small blind) collected ($29.50)


PokerStars Hand #156556034708:  Hold'em Limit ($3/$6 USD) - 2016/07/28 13:14:06 ET
Table 'Evita' 6-max Seat #6 is the button
Seat 1: Ag3r0n ($102.32 in chips)
Seat 6: HAOYUN88888 ($135.89 in chips)
HAOYUN88888: posts small blind $1
Sargon117 leaves the table
Ag3r0n: posts big blind $3
*** HOLE CARDS ***
HAOYUN88888: raises $3 to $6
Ag3r0n: folds
Uncalled bet ($3) returned to HAOYUN88888
HAOYUN88888 collected $6 from pot
HAOYUN88888: doesn't show hand
*** SUMMARY ***
Total pot $6 | Rake $0
Seat 1: Ag3r0n (big blind) folded before Flop
Seat 6: HAOYUN88888 (button) (small blind) collected ($6)


PokerStars Hand #156556030734:  Hold'em Limit ($3/$6 USD) - 2016/07/28 13:14:00 ET
Table 'Evita' 6-max Seat #1 is the button
Seat 1: Ag3r0n ($99.32 in chips)
Seat 6: HAOYUN88888 ($138.89 in chips)
Ag3r0n: posts small blind $1
Sargon117: is sitting out
HAOYUN88888: posts big blind $3
*** HOLE CARDS ***
Ag3r0n: raises $3 to $6
HAOYUN88888: folds
Uncalled bet ($3) returned to Ag3r0n
Ag3r0n collected $6 from pot
*** SUMMARY ***
Total pot $6 | Rake $0
Seat 1: Ag3r0n (button) (small blind) collected ($6)
Seat 6: HAOYUN88888 (big blind) folded before Flop


PokerStars Hand #156556073262:  Hold'em Limit ($3/$6 USD) - 2016/07/28 13:15:02 ET
Table 'Evita' 6-max Seat #1 is the button
Seat 1: Ag3r0n ($89.50 in chips)
Seat 6: HAOYUN88888 ($163.15 in chips)
Ag3r0n: posts small blind $1
HAOYUN88888: posts big blind $3
*** HOLE CARDS ***
Ag3r0n: folds
Uncalled bet ($2) returned to HAOYUN88888
HAOYUN88888 collected $2 from pot
HAOYUN88888: doesn't show hand
*** SUMMARY ***
Total pot $2 | Rake $0
Seat 1: Ag3r0n (button) (small blind) folded before Flop
Seat 6: HAOYUN88888 (big blind) collected ($2)


PokerStars Hand #156556062578:  Hold'em Limit ($3/$6 USD) - 2016/07/28 13:14:46 ET
Table 'Evita' 6-max Seat #6 is the button
Seat 1: Ag3r0n ($72 in chips)
Seat 6: HAOYUN88888 ($181.15 in chips)
HAOYUN88888: posts small blind $1
Ag3r0n: posts big blind $3
*** HOLE CARDS ***
HAOYUN88888: raises $3 to $6
Ag3r0n: calls $3
*** FLOP *** [5d 8d 7c]
Ag3r0n: bets $3
HAOYUN88888: raises $3 to $6
Ag3r0n: calls $3
*** TURN *** [5d 8d 7c] [6h]
Ag3r0n: checks
HAOYUN88888: checks
*** RIVER *** [5d 8d 7c 6h] [Qs]
Ag3r0n: bets $6
HAOYUN88888: calls $6
*** SHOW DOWN ***
Ag3r0n: shows [7s Qd] (two pair, Queens and Sevens)
HAOYUN88888: mucks hand
Ag3r0n collected $35.50 from pot
*** SUMMARY ***
Total pot $36 | Rake $0.50
Board [5d 8d 7c 6h Qs]
Seat 1: Ag3r0n (big blind) showed [7s Qd] and won ($35.50) with two pair, Queens and Sevens
Seat 6: HAOYUN88888 (button) (small blind) mucked


PokerStars Hand #156556049615:  Hold'em Limit ($3/$6 USD) - 2016/07/28 13:14:27 ET
Table 'Evita' 6-max Seat #1 is the button
Seat 1: Ag3r0n ($92.32 in chips)
Seat 6: HAOYUN88888 ($145.65 in chips)
Ag3r0n: posts small blind $1
HAOYUN88888: posts big blind $3
*** HOLE CARDS ***
Ag3r0n: raises $3 to $6
HAOYUN88888: raises $3 to $9
Ag3r0n: calls $3
*** FLOP *** [3c 2s Jh]
HAOYUN88888: bets $3
Ag3r0n: calls $3
*** TURN *** [3c 2s Jh] [6h]
HAOYUN88888: bets $6
Ag3r0n: calls $6
*** RIVER *** [3c 2s Jh 6h] [6s]
HAOYUN88888: bets $6
Ag3r0n: raises $6 to $12
HAOYUN88888: raises $6 to $18
Ag3r0n: calls $6
*** SHOW DOWN ***
HAOYUN88888: shows [Js Jd] (a full house, Jacks full of Sixes)
Ag3r0n: mucks hand
HAOYUN88888 collected $71.50 from pot
*** SUMMARY ***
Total pot $72 | Rake $0.50
Board [3c 2s Jh 6h 6s]
Seat 1: Ag3r0n (button) (small blind) mucked
Seat 6: HAOYUN88888 (big blind) showed [Js Jd] and won ($71.50) with a full house, Jacks full of Sixes


PokerStars Hand #156556041660:  Hold'em Limit ($3/$6 USD) - 2016/07/28 13:14:16 ET
Table 'Evita' 6-max Seat #6 is the button
Seat 1: Ag3r0n ($98.32 in chips)
Seat 6: HAOYUN88888 ($139.89 in chips)
HAOYUN88888: posts small blind $1
Ag3r0n: posts big blind $3
*** HOLE CARDS ***
HAOYUN88888: raises $3 to $6
Ag3r0n: calls $3
*** FLOP *** [8h 9d 8c]
Ag3r0n: checks
HAOYUN88888: bets $3
Ag3r0n: folds
Uncalled bet ($3) returned to HAOYUN88888
HAOYUN88888 collected $11.76 from pot
HAOYUN88888: doesn't show hand
*** SUMMARY ***
Total pot $12 | Rake $0.24
Board [8h 9d 8c]
Seat 1: Ag3r0n (big blind) folded on the Flop
Seat 6: HAOYUN88888 (button) (small blind) collected ($11.76)


PokerStars Hand #156556038558:  Hold'em Limit ($3/$6 USD) - 2016/07/28 13:14:11 ET
Table 'Evita' 6-max Seat #1 is the button
Seat 1: Ag3r0n ($99.32 in chips)
Seat 6: HAOYUN88888 ($138.89 in chips)
Ag3r0n: posts small blind $1
HAOYUN88888: posts big blind $3
*** HOLE CARDS ***
Ag3r0n: folds
Uncalled bet ($2) returned to HAOYUN88888
HAOYUN88888 collected $2 from pot
HAOYUN88888: doesn't show hand
*** SUMMARY ***
Total pot $2 | Rake $0
Seat 1: Ag3r0n (button) (small blind) folded before Flop
Seat 6: HAOYUN88888 (big blind) collected ($2)


PokerStars Hand #156556113519:  Hold'em Limit ($3/$6 USD) - 2016/07/28 13:15:59 ET
Table 'Evita' 6-max Seat #6 is the button
Seat 1: Ag3r0n ($72 in chips)
Seat 6: HAOYUN88888 ($207.47 in chips)
HAOYUN88888: posts small blind $1
Ag3r0n: posts big blind $3
*** HOLE CARDS ***
HAOYUN88888: raises $3 to $6
Ag3r0n: calls $3
*** FLOP *** [Qh 2h 3d]
Ag3r0n: checks
HAOYUN88888: bets $3
Ag3r0n: raises $3 to $6
HAOYUN88888: folds
Uncalled bet ($3) returned to Ag3r0n
Ag3r0n collected $17.64 from pot
*** SUMMARY ***
Total pot $18 | Rake $0.36
Board [Qh 2h 3d]
Seat 1: Ag3r0n (big blind) collected ($17.64)
Seat 6: HAOYUN88888 (button) (small blind) folded on the Flop


PokerStars Hand #156556107686:  Hold'em Limit ($3/$6 USD) - 2016/07/28 13:15:51 ET
Table 'Evita' 6-max Seat #1 is the button
Seat 1: Ag3r0n ($72 in chips)
Seat 6: HAOYUN88888 ($198.83 in chips)
Ag3r0n: posts small blind $1
HAOYUN88888: posts big blind $3
*** HOLE CARDS ***
Ag3r0n: raises $3 to $6
HAOYUN88888: raises $3 to $9
Ag3r0n: calls $3
*** FLOP *** [4h Qh 2h]
HAOYUN88888: bets $3
Ag3r0n: folds
Uncalled bet ($3) returned to HAOYUN88888
HAOYUN88888 collected $17.64 from pot
HAOYUN88888: doesn't show hand
*** SUMMARY ***
Total pot $18 | Rake $0.36
Board [4h Qh 2h]
Seat 1: Ag3r0n (button) (small blind) folded on the Flop
Seat 6: HAOYUN88888 (big blind) collected ($17.64)


PokerStars Hand #156556102506:  Hold'em Limit ($3/$6 USD) - 2016/07/28 13:15:44 ET
Table 'Evita' 6-max Seat #6 is the button
Seat 1: Ag3r0n ($72 in chips)
Seat 6: HAOYUN88888 ($193.07 in chips)
HAOYUN88888: posts small blind $1
Ag3r0n: posts big blind $3
*** HOLE CARDS ***
HAOYUN88888: raises $3 to $6
Ag3r0n: calls $3
*** FLOP *** [Ts Qc Ah]
Ag3r0n: checks
HAOYUN88888: bets $3
Ag3r0n: folds
Uncalled bet ($3) returned to HAOYUN88888
HAOYUN88888 collected $11.76 from pot
HAOYUN88888: doesn't show hand
*** SUMMARY ***
Total pot $12 | Rake $0.24
Board [Ts Qc Ah]
Seat 1: Ag3r0n (big blind) folded on the Flop
Seat 6: HAOYUN88888 (button) (small blind) collected ($11.76)


PokerStars Hand #156556095520:  Hold'em Limit ($3/$6 USD) - 2016/07/28 13:15:33 ET
Table 'Evita' 6-max Seat #1 is the button
Seat 1: Ag3r0n ($72 in chips)
Seat 6: HAOYUN88888 ($184.43 in chips)
Ag3r0n: posts small blind $1
HAOYUN88888: posts big blind $3
*** HOLE CARDS ***
Ag3r0n: raises $3 to $6
HAOYUN88888: raises $3 to $9
Ag3r0n: calls $3
*** FLOP *** [7s Qs 2h]
HAOYUN88888: bets $3
Ag3r0n: folds
Uncalled bet ($3) returned to HAOYUN88888
HAOYUN88888 collected $17.64 from pot
HAOYUN88888: doesn't show hand
*** SUMMARY ***
Total pot $18 | Rake $0.36
Board [7s Qs 2h]
Seat 1: Ag3r0n (button) (small blind) folded on the Flop
Seat 6: HAOYUN88888 (big blind) collected ($17.64)


PokerStars Hand #156556090072:  Hold'em Limit ($3/$6 USD) - 2016/07/28 13:15:26 ET
Table 'Evita' 6-max Seat #6 is the button
Seat 1: Ag3r0n ($73.50 in chips)
Seat 6: HAOYUN88888 ($178.67 in chips)
HAOYUN88888: posts small blind $1
Ag3r0n: posts big blind $3
*** HOLE CARDS ***
HAOYUN88888: raises $3 to $6
Ag3r0n: calls $3
*** FLOP *** [9d 2d 8h]
Ag3r0n: checks
HAOYUN88888: bets $3
Ag3r0n: folds
Uncalled bet ($3) returned to HAOYUN88888
HAOYUN88888 collected $11.76 from pot
HAOYUN88888: doesn't show hand
*** SUMMARY ***
Total pot $12 | Rake $0.24
Board [9d 2d 8h]
Seat 1: Ag3r0n (big blind) folded on the Flop
Seat 6: HAOYUN88888 (button) (small blind) collected ($11.76)


PokerStars Hand #156556081271:  Hold'em Limit ($3/$6 USD) - 2016/07/28 13:15:13 ET
Table 'Evita' 6-max Seat #1 is the button
Seat 1: Ag3r0n ($85.50 in chips)
Seat 6: HAOYUN88888 ($167.15 in chips)
Ag3r0n: posts small blind $1
HAOYUN88888: posts big blind $3
*** HOLE CARDS ***
Ag3r0n: raises $3 to $6
HAOYUN88888: calls $3
*** FLOP *** [Tc 7d 9d]
HAOYUN88888: checks
Ag3r0n: checks
*** TURN *** [Tc 7d 9d] [7c]
HAOYUN88888: bets $6
Ag3r0n: calls $6
*** RIVER *** [Tc 7d 9d 7c] [Qs]
HAOYUN88888: bets $6
Ag3r0n: folds
Uncalled bet ($6) returned to HAOYUN88888
HAOYUN88888 collected $23.52 from pot
HAOYUN88888: doesn't show hand
*** SUMMARY ***
Total pot $24 | Rake $0.48
Board [Tc 7d 9d 7c Qs]
Seat 1: Ag3r0n (button) (small blind) folded on the River
Seat 6: HAOYUN88888 (big blind) collected ($23.52)


PokerStars Hand #156556076785:  Hold'em Limit ($3/$6 USD) - 2016/07/28 13:15:06 ET
Table 'Evita' 6-max Seat #6 is the button
Seat 1: Ag3r0n ($88.50 in chips)
Seat 6: HAOYUN88888 ($164.15 in chips)
HAOYUN88888: posts small blind $1
Ag3r0n: posts big blind $3
*** HOLE CARDS ***
HAOYUN88888: raises $3 to $6
Ag3r0n: folds
Uncalled bet ($3) returned to HAOYUN88888
HAOYUN88888 collected $6 from pot
HAOYUN88888: doesn't show hand
*** SUMMARY ***
Total pot $6 | Rake $0
Seat 1: Ag3r0n (big blind) folded before Flop
Seat 6: HAOYUN88888 (button) (small blind) collected ($6)


PokerStars Hand #156556143536:  Hold'em Limit ($3/$6 USD) - 2016/07/28 13:16:43 ET
Table 'Evita' 6-max Seat #6 is the button
Seat 1: Ag3r0n ($97.90 in chips)
Seat 6: HAOYUN88888 ($180.23 in chips)
HAOYUN88888: posts small blind $1
Ag3r0n: posts big blind $3
*** HOLE CARDS ***
HAOYUN88888: folds
Uncalled bet ($2) returned to Ag3r0n
Ag3r0n collected $2 from pot
*** SUMMARY ***
Total pot $2 | Rake $0
Seat 1: Ag3r0n (big blind) collected ($2)
Seat 6: HAOYUN88888 (button) (small blind) folded before Flop


PokerStars Hand #156556134876:  Hold'em Limit ($3/$6 USD) - 2016/07/28 13:16:30 ET
Table 'Evita' 6-max Seat #1 is the button
Seat 1: Ag3r0n ($80.40 in chips)
Seat 6: HAOYUN88888 ($198.23 in chips)
Ag3r0n: posts small blind $1
HAOYUN88888: posts big blind $3
*** HOLE CARDS ***
Ag3r0n: raises $3 to $6
HAOYUN88888: raises $3 to $9
Ag3r0n: calls $3
*** FLOP *** [Ac 9c 6h]
HAOYUN88888: bets $3
Ag3r0n: calls $3
*** TURN *** [Ac 9c 6h] [8h]
HAOYUN88888: bets $6
Ag3r0n: raises $6 to $12
HAOYUN88888: folds
Uncalled bet ($6) returned to Ag3r0n
Ag3r0n collected $35.50 from pot
Sargon117 joins the table at seat #2
*** SUMMARY ***
Total pot $36 | Rake $0.50
Board [Ac 9c 6h 8h]
Seat 1: Ag3r0n (button) (small blind) collected ($35.50)
Seat 6: HAOYUN88888 (big blind) folded on the Turn


PokerStars Hand #156556126477:  Hold'em Limit ($3/$6 USD) - 2016/07/28 13:16:18 ET
Table 'Evita' 6-max Seat #6 is the button
Seat 1: Ag3r0n ($86.40 in chips)
Seat 6: HAOYUN88888 ($192.47 in chips)
HAOYUN88888: posts small blind $1
Ag3r0n: posts big blind $3
*** HOLE CARDS ***
HAOYUN88888: raises $3 to $6
Ag3r0n: calls $3
*** FLOP *** [Qs 4c 9h]
Ag3r0n: checks
HAOYUN88888: checks
*** TURN *** [Qs 4c 9h] [3d]
Ag3r0n: checks
HAOYUN88888: bets $6
Ag3r0n: folds
Uncalled bet ($6) returned to HAOYUN88888
HAOYUN88888 collected $11.76 from pot
HAOYUN88888: doesn't show hand
*** SUMMARY ***
Total pot $12 | Rake $0.24
Board [Qs 4c 9h 3d]
Seat 1: Ag3r0n (big blind) folded on the Turn
Seat 6: HAOYUN88888 (button) (small blind) collected ($11.76)


PokerStars Hand #156556119797:  Hold'em Limit ($3/$6 USD) - 2016/07/28 13:16:09 ET
Table 'Evita' 6-max Seat #1 is the button
Seat 1: Ag3r0n ($80.64 in chips)
Seat 6: HAOYUN88888 ($198.47 in chips)
Ag3r0n: posts small blind $1
HAOYUN88888: posts big blind $3
*** HOLE CARDS ***
Ag3r0n: raises $3 to $6
HAOYUN88888: calls $3
*** FLOP *** [Jc 6s Qh]
HAOYUN88888: checks
Ag3r0n: bets $3
HAOYUN88888: folds
Uncalled bet ($3) returned to Ag3r0n
Ag3r0n collected $11.76 from pot
*** SUMMARY ***
Total pot $12 | Rake $0.24
Board [Jc 6s Qh]
Seat 1: Ag3r0n (button) (small blind) collected ($11.76)
Seat 6: HAOYUN88888 (big blind) folded on the Flop


PokerStars Hand #156556289529:  Hold'em Limit ($3/$6 USD) - 2016/07/28 13:20:13 ET
Table 'Evita' 6-max Seat #5 is the button
Seat 1: Ag3r0n ($157.53 in chips)
Seat 5: Omega74 ($94.96 in chips)
Omega74: posts small blind $1
Ag3r0n: posts big blind $3
*** HOLE CARDS ***
Omega74: folds
Uncalled bet ($2) returned to Ag3r0n
Ag3r0n collected $2 from pot
*** SUMMARY ***
Total pot $2 | Rake $0
Seat 1: Ag3r0n (big blind) collected ($2)
Seat 5: Omega74 (button) (small blind) folded before Flop


PokerStars Hand #156556298178:  Hold'em Limit ($3/$6 USD) - 2016/07/28 13:20:26 ET
Table 'Evita' 6-max Seat #5 is the button
Seat 1: Ag3r0n ($161.53 in chips)
Seat 5: Omega74 ($90.96 in chips)
Omega74: posts small blind $1
Ag3r0n: posts big blind $3
*** HOLE CARDS ***
Omega74: folds
Uncalled bet ($2) returned to Ag3r0n
Ag3r0n collected $2 from pot
Omega74 leaves the table
*** SUMMARY ***
Total pot $2 | Rake $0
Seat 1: Ag3r0n (big blind) collected ($2)
Seat 5: Omega74 (button) (small blind) folded before Flop


PokerStars Hand #156556293943:  Hold'em Limit ($3/$6 USD) - 2016/07/28 13:20:20 ET
Table 'Evita' 6-max Seat #1 is the button
Seat 1: Ag3r0n ($158.53 in chips)
Seat 5: Omega74 ($93.96 in chips)
Ag3r0n: posts small blind $1
Omega74: posts big blind $3
*** HOLE CARDS ***
Ag3r0n: raises $3 to $6
Omega74: folds
Uncalled bet ($3) returned to Ag3r0n
Ag3r0n collected $6 from pot
*** SUMMARY ***
Total pot $6 | Rake $0
Seat 1: Ag3r0n (button) (small blind) collected ($6)
Seat 5: Omega74 (big blind) folded before Flop


