PokerStars Hand #145104742810:  Hold'em Limit ($3/$6 USD) - 2015/12/09 21:48:41 ET
Table 'Evita II' 2-max Seat #2 is the button
Seat 1: FelixJe790 ($40 in chips)
Seat 2: civilmoose ($120 in chips)
civilmoose: posts small blind $1
FelixJe790: posts big blind $3
*** HOLE CARDS ***
civilmoose: raises $3 to $6
FelixJe790: folds
Uncalled bet ($3) returned to civilmoose
civilmoose collected $6 from pot
civilmoose: doesn't show hand
*** SUMMARY ***
Total pot $6 | Rake $0
Seat 1: FelixJe790 (big blind) folded before Flop
Seat 2: civilmoose (button) (small blind) collected ($6)


PokerStars Hand #145104768873:  Hold'em Limit ($3/$6 USD) - 2015/12/09 21:49:46 ET
Table 'Evita II' 2-max Seat #1 is the button
Seat 1: FelixJe790 ($85.02 in chips)
Seat 2: civilmoose ($74.24 in chips)
FelixJe790: posts small blind $1
civilmoose: posts big blind $3
*** HOLE CARDS ***
FelixJe790: folds
Uncalled bet ($2) returned to civilmoose
civilmoose collected $2 from pot
civilmoose: doesn't show hand
FelixJe790 leaves the table
*** SUMMARY ***
Total pot $2 | Rake $0
Seat 1: FelixJe790 (button) (small blind) folded before Flop
Seat 2: civilmoose (big blind) collected ($2)


PokerStars Hand #145104759416:  Hold'em Limit ($3/$6 USD) - 2015/12/09 21:49:22 ET
Table 'Evita II' 2-max Seat #2 is the button
Seat 1: FelixJe790 ($42.76 in chips)
Seat 2: civilmoose ($117 in chips)
civilmoose: posts small blind $1
FelixJe790: posts big blind $3
*** HOLE CARDS ***
civilmoose: raises $3 to $6
FelixJe790: raises $3 to $9
civilmoose: calls $3
*** FLOP *** [3d Kh Ad]
FelixJe790: bets $3
civilmoose: calls $3
*** TURN *** [3d Kh Ad] [4d]
FelixJe790: bets $6
civilmoose: raises $6 to $12
FelixJe790: raises $6 to $18
civilmoose: calls $6
*** RIVER *** [3d Kh Ad 4d] [Qc]
FelixJe790: bets $6
civilmoose: raises $6 to $12
FelixJe790: raises $0.76 to $12.76 and is all-in
civilmoose: calls $0.76
*** SHOW DOWN ***
FelixJe790: shows [Kd 5d] (a flush, Ace high)
civilmoose: shows [Td Jc] (a straight, Ten to Ace)
FelixJe790 collected $85.02 from pot
*** SUMMARY ***
Total pot $85.52 | Rake $0.50
Board [3d Kh Ad 4d Qc]
Seat 1: FelixJe790 (big blind) showed [Kd 5d] and won ($85.02) with a flush, Ace high
Seat 2: civilmoose (button) (small blind) showed [Td Jc] and lost with a straight, Ten to Ace


PokerStars Hand #145104749588:  Hold'em Limit ($3/$6 USD) - 2015/12/09 21:48:58 ET
Table 'Evita II' 2-max Seat #1 is the button
Seat 1: FelixJe790 ($37 in chips)
Seat 2: civilmoose ($123 in chips)
FelixJe790: posts small blind $1
civilmoose: posts big blind $3
*** HOLE CARDS ***
FelixJe790: raises $3 to $6
civilmoose: calls $3
*** FLOP *** [9c 6c Kc]
civilmoose: checks
FelixJe790: bets $3
civilmoose: folds
Uncalled bet ($3) returned to FelixJe790
FelixJe790 collected $11.76 from pot
FelixJe790: doesn't show hand
*** SUMMARY ***
Total pot $12 | Rake $0.24
Board [9c 6c Kc]
Seat 1: FelixJe790 (button) (small blind) collected ($11.76)
Seat 2: civilmoose (big blind) folded on the Flop


