PokerStars Hand #153454863747:  Hold'em Limit ($3/$6 USD) - 2016/05/17 14:32:54 ET
Table 'Fabiola II' 6-max Seat #2 is the button
Seat 2: bluebird7551 ($120 in chips)
Seat 3: echsecution ($72 in chips)
bluebird7551: posts small blind $1
echsecution: posts big blind $3
*** HOLE CARDS ***
bluebird7551: raises $3 to $6
tomte999 joins the table at seat #4
echsecution: calls $3
*** FLOP *** [Jd 6h 2c]
echsecution: checks
bluebird7551: checks
*** TURN *** [Jd 6h 2c] [6s]
artecris joins the table at seat #6
TbIP-TbIP 88 joins the table at seat #1
echsecution: checks
bluebird7551: checks
*** RIVER *** [Jd 6h 2c 6s] [6c]
echsecution: checks
bluebird7551: bets $6
echsecution: folds
Uncalled bet ($6) returned to bluebird7551
bluebird7551 collected $11.76 from pot
*** SUMMARY ***
Total pot $12 | Rake $0.24
Board [Jd 6h 2c 6s 6c]
Seat 2: bluebird7551 (button) (small blind) collected ($11.76)
Seat 3: echsecution (big blind) folded on the River


PokerStars Hand #153456372489:  Hold'em Limit ($3/$6 USD) - 2016/05/17 15:01:28 ET
Table 'Fabiola II' 6-max Seat #2 is the button
Seat 2: bluebird7551 ($9.35 in chips)
Seat 3: RaisemyNut$ ($109.23 in chips)
bluebird7551: posts small blind $1
RaisemyNut$: posts big blind $3
*** HOLE CARDS ***
bluebird7551: folds
Uncalled bet ($2) returned to RaisemyNut$
RaisemyNut$ collected $2 from pot
RaisemyNut$: doesn't show hand
*** SUMMARY ***
Total pot $2 | Rake $0
Seat 2: bluebird7551 (button) (small blind) folded before Flop
Seat 3: RaisemyNut$ (big blind) collected ($2)


PokerStars Hand #153456355088:  Hold'em Limit ($3/$6 USD) - 2016/05/17 15:01:08 ET
Table 'Fabiola II' 6-max Seat #3 is the button
Seat 2: bluebird7551 ($12.35 in chips)
Seat 3: RaisemyNut$ ($106.23 in chips)
RaisemyNut$: posts small blind $1
tomte999: is sitting out
TbIP-TbIP 88: is sitting out
bluebird7551: posts big blind $3
*** HOLE CARDS ***
RaisemyNut$: raises $3 to $6
bluebird7551: folds
Uncalled bet ($3) returned to RaisemyNut$
RaisemyNut$ collected $6 from pot
RaisemyNut$: doesn't show hand
*** SUMMARY ***
Total pot $6 | Rake $0
Seat 2: bluebird7551 (big blind) folded before Flop
Seat 3: RaisemyNut$ (button) (small blind) collected ($6)


PokerStars Hand #153456377183:  Hold'em Limit ($3/$6 USD) - 2016/05/17 15:01:34 ET
Table 'Fabiola II' 6-max Seat #3 is the button
Seat 2: bluebird7551 ($8.35 in chips)
Seat 3: RaisemyNut$ ($110.23 in chips)
RaisemyNut$: posts small blind $1
bluebird7551: posts big blind $3
*** HOLE CARDS ***
RaisemyNut$: raises $3 to $6
bluebird7551: calls $3
*** FLOP *** [7s 5h Ad]
bluebird7551: bets $2.35 and is all-in
RaisemyNut$: calls $2.35
*** TURN *** [7s 5h Ad] [2d]
*** RIVER *** [7s 5h Ad 2d] [7c]
*** SHOW DOWN ***
bluebird7551: shows [4d 4s] (two pair, Sevens and Fours)
RaisemyNut$: shows [Qs Qc] (two pair, Queens and Sevens)
RaisemyNut$ collected $16.37 from pot
*** SUMMARY ***
Total pot $16.70 | Rake $0.33
Board [7s 5h Ad 2d 7c]
Seat 2: bluebird7551 (big blind) showed [4d 4s] and lost with two pair, Sevens and Fours
Seat 3: RaisemyNut$ (button) (small blind) showed [Qs Qc] and won ($16.37) with two pair, Queens and Sevens


PokerStars Hand #153459998709:  Hold'em Limit ($3/$6 USD) - 2016/05/17 16:04:42 ET
Table 'Fabiola II' 6-max Seat #3 is the button
Seat 2: bluebird7551 ($146.50 in chips)
Seat 3: RaisemyNut$ ($91.25 in chips)
RaisemyNut$: posts small blind $1
bluebird7551: posts big blind $3
*** HOLE CARDS ***
RaisemyNut$: raises $3 to $6
bluebird7551: calls $3
*** FLOP *** [4h 8s 9h]
bluebird7551: checks
RaisemyNut$: bets $3
bluebird7551: calls $3
*** TURN *** [4h 8s 9h] [Jd]
bluebird7551: checks
RaisemyNut$: bets $6
bluebird7551: folds
Uncalled bet ($6) returned to RaisemyNut$
RaisemyNut$ collected $17.64 from pot
RaisemyNut$: doesn't show hand
*** SUMMARY ***
Total pot $18 | Rake $0.36
Board [4h 8s 9h Jd]
Seat 2: bluebird7551 (big blind) folded on the Turn
Seat 3: RaisemyNut$ (button) (small blind) collected ($17.64)


PokerStars Hand #153459953936:  Hold'em Limit ($3/$6 USD) - 2016/05/17 16:03:56 ET
Table 'Fabiola II' 6-max Seat #2 is the button
Seat 2: bluebird7551 ($120 in chips)
Seat 3: RaisemyNut$ ($118.25 in chips)
bluebird7551: posts small blind $1
RaisemyNut$: posts big blind $3
*** HOLE CARDS ***
bluebird7551: raises $3 to $6
RaisemyNut$: calls $3
*** FLOP *** [6d 3h 9d]
RaisemyNut$: bets $3
bluebird7551: calls $3
*** TURN *** [6d 3h 9d] [5d]
RaisemyNut$: bets $6
bluebird7551: raises $6 to $12
RaisemyNut$: calls $6
*** RIVER *** [6d 3h 9d 5d] [5c]
RaisemyNut$: checks
bluebird7551: bets $6
RaisemyNut$: calls $6
*** SHOW DOWN ***
bluebird7551: shows [9h Kd] (two pair, Nines and Fives)
RaisemyNut$: mucks hand
bluebird7551 collected $53.50 from pot
*** SUMMARY ***
Total pot $54 | Rake $0.50
Board [6d 3h 9d 5d 5c]
Seat 2: bluebird7551 (button) (small blind) showed [9h Kd] and won ($53.50) with two pair, Nines and Fives
Seat 3: RaisemyNut$ (big blind) mucked


PokerStars Hand #153460059988:  Hold'em Limit ($3/$6 USD) - 2016/05/17 16:05:44 ET
Table 'Fabiola II' 6-max Seat #3 is the button
Seat 2: bluebird7551 ($158 in chips)
Seat 3: RaisemyNut$ ($78.89 in chips)
RaisemyNut$: posts small blind $1
bluebird7551: posts big blind $3
*** HOLE CARDS ***
RaisemyNut$: raises $3 to $6
bluebird7551: calls $3
*** FLOP *** [Qd 5h Td]
bluebird7551: checks
RaisemyNut$: bets $3
bluebird7551: calls $3
*** TURN *** [Qd 5h Td] [Js]
bluebird7551: checks
RaisemyNut$: checks
*** RIVER *** [Qd 5h Td Js] [2s]
bluebird7551: bets $6
RaisemyNut$: folds
Uncalled bet ($6) returned to bluebird7551
bluebird7551 collected $17.64 from pot
*** SUMMARY ***
Total pot $18 | Rake $0.36
Board [Qd 5h Td Js 2s]
Seat 2: bluebird7551 (big blind) collected ($17.64)
Seat 3: RaisemyNut$ (button) (small blind) folded on the River


PokerStars Hand #153460029135:  Hold'em Limit ($3/$6 USD) - 2016/05/17 16:05:13 ET
Table 'Fabiola II' 6-max Seat #2 is the button
Seat 2: bluebird7551 ($137.50 in chips)
Seat 3: RaisemyNut$ ($99.89 in chips)
bluebird7551: posts small blind $1
RaisemyNut$: posts big blind $3
*** HOLE CARDS ***
bluebird7551: raises $3 to $6
RaisemyNut$: raises $3 to $9
bluebird7551: calls $3
*** FLOP *** [Ts Kd 5s]
RaisemyNut$: checks
bluebird7551: checks
*** TURN *** [Ts Kd 5s] [7d]
RaisemyNut$: bets $6
bluebird7551: calls $6
*** RIVER *** [Ts Kd 5s 7d] [8s]
RaisemyNut$: bets $6
bluebird7551: calls $6
*** SHOW DOWN ***
RaisemyNut$: shows [6d Ad] (high card Ace)
bluebird7551: shows [8d As] (a pair of Eights)
bluebird7551 collected $41.50 from pot
*** SUMMARY ***
Total pot $42 | Rake $0.50
Board [Ts Kd 5s 7d 8s]
Seat 2: bluebird7551 (button) (small blind) showed [8d As] and won ($41.50) with a pair of Eights
Seat 3: RaisemyNut$ (big blind) showed [6d Ad] and lost with high card Ace


PokerStars Hand #153460128897:  Hold'em Limit ($3/$6 USD) - 2016/05/17 16:06:52 ET
Table 'Fabiola II' 6-max Seat #2 is the button
Seat 2: bluebird7551 ($160.64 in chips)
Seat 3: RaisemyNut$ ($75.53 in chips)
bluebird7551: posts small blind $1
RaisemyNut$: posts big blind $3
*** HOLE CARDS ***
bluebird7551: folds
Uncalled bet ($2) returned to RaisemyNut$
RaisemyNut$ collected $2 from pot
RaisemyNut$: doesn't show hand
*** SUMMARY ***
Total pot $2 | Rake $0
Seat 2: bluebird7551 (button) (small blind) folded before Flop
Seat 3: RaisemyNut$ (big blind) collected ($2)


PokerStars Hand #153460102489:  Hold'em Limit ($3/$6 USD) - 2016/05/17 16:06:26 ET
Table 'Fabiola II' 6-max Seat #3 is the button
Seat 2: bluebird7551 ($169.64 in chips)
Seat 3: RaisemyNut$ ($66.89 in chips)
RaisemyNut$: posts small blind $1
bluebird7551: posts big blind $3
*** HOLE CARDS ***
RaisemyNut$: raises $3 to $6
bluebird7551: calls $3
*** FLOP *** [Ks 3d Kd]
bluebird7551: checks
RaisemyNut$: bets $3
bluebird7551: calls $3
*** TURN *** [Ks 3d Kd] [Ac]
bluebird7551: checks
RaisemyNut$: bets $6
bluebird7551: folds
Uncalled bet ($6) returned to RaisemyNut$
RaisemyNut$ collected $17.64 from pot
RaisemyNut$: doesn't show hand
*** SUMMARY ***
Total pot $18 | Rake $0.36
Board [Ks 3d Kd Ac]
Seat 2: bluebird7551 (big blind) folded on the Turn
Seat 3: RaisemyNut$ (button) (small blind) collected ($17.64)


PokerStars Hand #153460093106:  Hold'em Limit ($3/$6 USD) - 2016/05/17 16:06:17 ET
Table 'Fabiola II' 6-max Seat #2 is the button
Seat 2: bluebird7551 ($166.64 in chips)
Seat 3: RaisemyNut$ ($69.89 in chips)
bluebird7551: posts small blind $1
RaisemyNut$: posts big blind $3
*** HOLE CARDS ***
bluebird7551: raises $3 to $6
RaisemyNut$: folds
Uncalled bet ($3) returned to bluebird7551
bluebird7551 collected $6 from pot
*** SUMMARY ***
Total pot $6 | Rake $0
Seat 2: bluebird7551 (button) (small blind) collected ($6)
Seat 3: RaisemyNut$ (big blind) folded before Flop


PokerStars Hand #153460192774:  Hold'em Limit ($3/$6 USD) - 2016/05/17 16:07:56 ET
Table 'Fabiola II' 6-max Seat #3 is the button
Seat 2: bluebird7551 ($126.64 in chips)
Seat 3: RaisemyNut$ ($108.55 in chips)
RaisemyNut$: posts small blind $1
bluebird7551: posts big blind $3
*** HOLE CARDS ***
RaisemyNut$: raises $3 to $6
bluebird7551: calls $3
*** FLOP *** [Ah As Qd]
bluebird7551: checks
RaisemyNut$: bets $3
bluebird7551: folds
Uncalled bet ($3) returned to RaisemyNut$
RaisemyNut$ collected $11.76 from pot
RaisemyNut$: doesn't show hand
*** SUMMARY ***
Total pot $12 | Rake $0.24
Board [Ah As Qd]
Seat 2: bluebird7551 (big blind) folded on the Flop
Seat 3: RaisemyNut$ (button) (small blind) collected ($11.76)


PokerStars Hand #153460174885:  Hold'em Limit ($3/$6 USD) - 2016/05/17 16:07:38 ET
Table 'Fabiola II' 6-max Seat #2 is the button
Seat 2: bluebird7551 ($138.64 in chips)
Seat 3: RaisemyNut$ ($97.03 in chips)
bluebird7551: posts small blind $1
RaisemyNut$: posts big blind $3
*** HOLE CARDS ***
bluebird7551: raises $3 to $6
RaisemyNut$: raises $3 to $9
bluebird7551: calls $3
*** FLOP *** [Ts 2s Ks]
RaisemyNut$: bets $3
bluebird7551: calls $3
*** TURN *** [Ts 2s Ks] [7d]
RaisemyNut$: bets $6
bluebird7551: folds
Uncalled bet ($6) returned to RaisemyNut$
RaisemyNut$ collected $23.52 from pot
RaisemyNut$: doesn't show hand
*** SUMMARY ***
Total pot $24 | Rake $0.48
Board [Ts 2s Ks 7d]
Seat 2: bluebird7551 (button) (small blind) folded on the Turn
Seat 3: RaisemyNut$ (big blind) collected ($23.52)


PokerStars Hand #153460135599:  Hold'em Limit ($3/$6 USD) - 2016/05/17 16:06:59 ET
Table 'Fabiola II' 6-max Seat #3 is the button
Seat 2: bluebird7551 ($159.64 in chips)
Seat 3: RaisemyNut$ ($76.53 in chips)
RaisemyNut$: posts small blind $1
bluebird7551: posts big blind $3
*** HOLE CARDS ***
RaisemyNut$: raises $3 to $6
bluebird7551: calls $3
*** FLOP *** [Tc Ac Kc]
bluebird7551: checks
RaisemyNut$: bets $3
bluebird7551: calls $3
*** TURN *** [Tc Ac Kc] [7h]
bluebird7551: checks
RaisemyNut$: bets $6
bluebird7551: calls $6
*** RIVER *** [Tc Ac Kc 7h] [7s]
bluebird7551: checks
RaisemyNut$: bets $6
bluebird7551: calls $6
*** SHOW DOWN ***
RaisemyNut$: shows [Jh Qc] (a straight, Ten to Ace)
bluebird7551: mucks hand
RaisemyNut$ collected $41.50 from pot
*** SUMMARY ***
Total pot $42 | Rake $0.50
Board [Tc Ac Kc 7h 7s]
Seat 2: bluebird7551 (big blind) mucked
Seat 3: RaisemyNut$ (button) (small blind) showed [Jh Qc] and won ($41.50) with a straight, Ten to Ace


PokerStars Hand #153460207594:  Hold'em Limit ($3/$6 USD) - 2016/05/17 16:08:11 ET
Table 'Fabiola II' 6-max Seat #2 is the button
Seat 2: bluebird7551 ($120.64 in chips)
Seat 3: RaisemyNut$ ($114.31 in chips)
bluebird7551: posts small blind $1
RaisemyNut$: posts big blind $3
*** HOLE CARDS ***
bluebird7551: raises $3 to $6
RaisemyNut$: raises $3 to $9
bluebird7551: calls $3
*** FLOP *** [5c Ah 4s]
RaisemyNut$: bets $3
bluebird7551: calls $3
*** TURN *** [5c Ah 4s] [3c]
RaisemyNut$: bets $6
bluebird7551: raises $6 to $12
RaisemyNut$: raises $6 to $18
bluebird7551: folds
Uncalled bet ($6) returned to RaisemyNut$
RaisemyNut$ collected $47.50 from pot
RaisemyNut$: doesn't show hand
*** SUMMARY ***
Total pot $48 | Rake $0.50
Board [5c Ah 4s 3c]
Seat 2: bluebird7551 (button) (small blind) folded on the Turn
Seat 3: RaisemyNut$ (big blind) collected ($47.50)


PokerStars Hand #153460288417:  Hold'em Limit ($3/$6 USD) - 2016/05/17 16:09:32 ET
Table 'Fabiola II' 6-max Seat #3 is the button
Seat 2: bluebird7551 ($84.64 in chips)
Seat 3: RaisemyNut$ ($149.31 in chips)
RaisemyNut$: posts small blind $1
bluebird7551: posts big blind $3
*** HOLE CARDS ***
RaisemyNut$: raises $3 to $6
bluebird7551: calls $3
*** FLOP *** [6c 7s 5h]
bluebird7551: checks
RaisemyNut$: bets $3
bluebird7551: calls $3
*** TURN *** [6c 7s 5h] [3h]
bluebird7551: checks
RaisemyNut$: bets $6
bluebird7551: calls $6
*** RIVER *** [6c 7s 5h 3h] [Qh]
bluebird7551: checks
RaisemyNut$: bets $6
bluebird7551: calls $6
*** SHOW DOWN ***
RaisemyNut$: shows [Jh 4h] (a flush, Queen high)
bluebird7551: mucks hand
RaisemyNut$ collected $41.50 from pot
*** SUMMARY ***
Total pot $42 | Rake $0.50
Board [6c 7s 5h 3h Qh]
Seat 2: bluebird7551 (big blind) mucked
Seat 3: RaisemyNut$ (button) (small blind) showed [Jh 4h] and won ($41.50) with a flush, Queen high


PokerStars Hand #153460281147:  Hold'em Limit ($3/$6 USD) - 2016/05/17 16:09:24 ET
Table 'Fabiola II' 6-max Seat #2 is the button
Seat 2: bluebird7551 ($81.64 in chips)
Seat 3: RaisemyNut$ ($152.31 in chips)
bluebird7551: posts small blind $1
RaisemyNut$: posts big blind $3
*** HOLE CARDS ***
bluebird7551: raises $3 to $6
RaisemyNut$: folds
Uncalled bet ($3) returned to bluebird7551
bluebird7551 collected $6 from pot
*** SUMMARY ***
Total pot $6 | Rake $0
Seat 2: bluebird7551 (button) (small blind) collected ($6)
Seat 3: RaisemyNut$ (big blind) folded before Flop


PokerStars Hand #153460239342:  Hold'em Limit ($3/$6 USD) - 2016/05/17 16:08:42 ET
Table 'Fabiola II' 6-max Seat #3 is the button
Seat 2: bluebird7551 ($96.64 in chips)
Seat 3: RaisemyNut$ ($137.81 in chips)
RaisemyNut$: posts small blind $1
bluebird7551: posts big blind $3
*** HOLE CARDS ***
RaisemyNut$: raises $3 to $6
bluebird7551: calls $3
*** FLOP *** [3h 5d Qc]
bluebird7551: bets $3
RaisemyNut$: calls $3
*** TURN *** [3h 5d Qc] [7s]
bluebird7551: bets $6
RaisemyNut$: calls $6
*** RIVER *** [3h 5d Qc 7s] [Kd]
bluebird7551: checks
RaisemyNut$: bets $6
bluebird7551: folds
Uncalled bet ($6) returned to RaisemyNut$
RaisemyNut$ collected $29.50 from pot
RaisemyNut$: doesn't show hand
*** SUMMARY ***
Total pot $30 | Rake $0.50
Board [3h 5d Qc 7s Kd]
Seat 2: bluebird7551 (big blind) folded on the River
Seat 3: RaisemyNut$ (button) (small blind) collected ($29.50)


PokerStars Hand #153460381671:  Hold'em Limit ($3/$6 USD) - 2016/05/17 16:11:05 ET
Table 'Fabiola II' 6-max Seat #2 is the button
Seat 2: bluebird7551 ($38.64 in chips)
Seat 3: RaisemyNut$ ($194.31 in chips)
bluebird7551: posts small blind $1
RaisemyNut$: posts big blind $3
*** HOLE CARDS ***
bluebird7551: folds
Uncalled bet ($2) returned to RaisemyNut$
RaisemyNut$ collected $2 from pot
RaisemyNut$: doesn't show hand
*** SUMMARY ***
Total pot $2 | Rake $0
Seat 2: bluebird7551 (button) (small blind) folded before Flop
Seat 3: RaisemyNut$ (big blind) collected ($2)


PokerStars Hand #153460367115:  Hold'em Limit ($3/$6 USD) - 2016/05/17 16:10:50 ET
Table 'Fabiola II' 6-max Seat #3 is the button
Seat 2: bluebird7551 ($41.64 in chips)
Seat 3: RaisemyNut$ ($191.31 in chips)
RaisemyNut$: posts small blind $1
bluebird7551: posts big blind $3
*** HOLE CARDS ***
RaisemyNut$: raises $3 to $6
bluebird7551: folds
Uncalled bet ($3) returned to RaisemyNut$
RaisemyNut$ collected $6 from pot
RaisemyNut$: doesn't show hand
*** SUMMARY ***
Total pot $6 | Rake $0
Seat 2: bluebird7551 (big blind) folded before Flop
Seat 3: RaisemyNut$ (button) (small blind) collected ($6)


PokerStars Hand #153460359551:  Hold'em Limit ($3/$6 USD) - 2016/05/17 16:10:43 ET
Table 'Fabiola II' 6-max Seat #2 is the button
Seat 2: bluebird7551 ($42.64 in chips)
Seat 3: RaisemyNut$ ($190.31 in chips)
bluebird7551: posts small blind $1
RaisemyNut$: posts big blind $3
*** HOLE CARDS ***
bluebird7551: folds
Uncalled bet ($2) returned to RaisemyNut$
RaisemyNut$ collected $2 from pot
RaisemyNut$: doesn't show hand
*** SUMMARY ***
Total pot $2 | Rake $0
Seat 2: bluebird7551 (button) (small blind) folded before Flop
Seat 3: RaisemyNut$ (big blind) collected ($2)


PokerStars Hand #153460352269:  Hold'em Limit ($3/$6 USD) - 2016/05/17 16:10:35 ET
Table 'Fabiola II' 6-max Seat #3 is the button
Seat 2: bluebird7551 ($45.64 in chips)
Seat 3: RaisemyNut$ ($187.31 in chips)
RaisemyNut$: posts small blind $1
bluebird7551: posts big blind $3
*** HOLE CARDS ***
RaisemyNut$: raises $3 to $6
bluebird7551: folds
Uncalled bet ($3) returned to RaisemyNut$
RaisemyNut$ collected $6 from pot
RaisemyNut$: doesn't show hand
*** SUMMARY ***
Total pot $6 | Rake $0
Seat 2: bluebird7551 (big blind) folded before Flop
Seat 3: RaisemyNut$ (button) (small blind) collected ($6)


PokerStars Hand #153460325057:  Hold'em Limit ($3/$6 USD) - 2016/05/17 16:10:08 ET
Table 'Fabiola II' 6-max Seat #2 is the button
Seat 2: bluebird7551 ($63.64 in chips)
Seat 3: RaisemyNut$ ($169.81 in chips)
bluebird7551: posts small blind $1
RaisemyNut$: posts big blind $3
*** HOLE CARDS ***
bluebird7551: raises $3 to $6
RaisemyNut$: calls $3
*** FLOP *** [Kd Jc Td]
RaisemyNut$: checks
bluebird7551: bets $3
RaisemyNut$: raises $3 to $6
bluebird7551: calls $3
*** TURN *** [Kd Jc Td] [4h]
RaisemyNut$: bets $6
bluebird7551: calls $6
*** RIVER *** [Kd Jc Td 4h] [Kh]
RaisemyNut$: bets $6
bluebird7551: folds
Uncalled bet ($6) returned to RaisemyNut$
RaisemyNut$ collected $35.50 from pot
RaisemyNut$: doesn't show hand
*** SUMMARY ***
Total pot $36 | Rake $0.50
Board [Kd Jc Td 4h Kh]
Seat 2: bluebird7551 (button) (small blind) folded on the River
Seat 3: RaisemyNut$ (big blind) collected ($35.50)


PokerStars Hand #153460452136:  Hold'em Limit ($3/$6 USD) - 2016/05/17 16:12:07 ET
Table 'Fabiola II' 6-max Seat #3 is the button
Seat 2: bluebird7551 ($69.64 in chips)
Seat 3: RaisemyNut$ ($162.31 in chips)
RaisemyNut$: posts small blind $1
bluebird7551: posts big blind $3
*** HOLE CARDS ***
RaisemyNut$: folds
Uncalled bet ($2) returned to bluebird7551
bluebird7551 collected $2 from pot
*** SUMMARY ***
Total pot $2 | Rake $0
Seat 2: bluebird7551 (big blind) collected ($2)
Seat 3: RaisemyNut$ (button) (small blind) folded before Flop


PokerStars Hand #153460425667:  Hold'em Limit ($3/$6 USD) - 2016/05/17 16:11:41 ET
Table 'Fabiola II' 6-max Seat #2 is the button
Seat 2: bluebird7551 ($52.14 in chips)
Seat 3: RaisemyNut$ ($180.31 in chips)
bluebird7551: posts small blind $1
RaisemyNut$: posts big blind $3
*** HOLE CARDS ***
bluebird7551: raises $3 to $6
RaisemyNut$: raises $3 to $9
bluebird7551: calls $3
*** FLOP *** [6c 5h 3h]
RaisemyNut$: bets $3
bluebird7551: calls $3
*** TURN *** [6c 5h 3h] [4d]
RaisemyNut$: bets $6
bluebird7551: raises $6 to $12
RaisemyNut$: folds
Uncalled bet ($6) returned to bluebird7551
bluebird7551 collected $35.50 from pot
*** SUMMARY ***
Total pot $36 | Rake $0.50
Board [6c 5h 3h 4d]
Seat 2: bluebird7551 (button) (small blind) collected ($35.50)
Seat 3: RaisemyNut$ (big blind) folded on the Turn


PokerStars Hand #153460387333:  Hold'em Limit ($3/$6 USD) - 2016/05/17 16:11:11 ET
Table 'Fabiola II' 6-max Seat #3 is the button
Seat 2: bluebird7551 ($37.64 in chips)
Seat 3: RaisemyNut$ ($195.31 in chips)
RaisemyNut$: posts small blind $1
bluebird7551: posts big blind $3
*** HOLE CARDS ***
RaisemyNut$: raises $3 to $6
bluebird7551: calls $3
*** FLOP *** [4s 7h 7s]
bluebird7551: checks
RaisemyNut$: bets $3
bluebird7551: calls $3
*** TURN *** [4s 7h 7s] [8h]
bluebird7551: checks
RaisemyNut$: checks
*** RIVER *** [4s 7h 7s 8h] [9h]
bluebird7551: bets $6
RaisemyNut$: calls $6
*** SHOW DOWN ***
bluebird7551: shows [3d 7d] (three of a kind, Sevens)
RaisemyNut$: mucks hand
bluebird7551 collected $29.50 from pot
*** SUMMARY ***
Total pot $30 | Rake $0.50
Board [4s 7h 7s 8h 9h]
Seat 2: bluebird7551 (big blind) showed [3d 7d] and won ($29.50) with three of a kind, Sevens
Seat 3: RaisemyNut$ (button) (small blind) mucked


PokerStars Hand #153460457233:  Hold'em Limit ($3/$6 USD) - 2016/05/17 16:12:12 ET
Table 'Fabiola II' 6-max Seat #2 is the button
Seat 2: bluebird7551 ($70.64 in chips)
Seat 3: RaisemyNut$ ($161.31 in chips)
bluebird7551: posts small blind $1
RaisemyNut$: posts big blind $3
*** HOLE CARDS ***
bluebird7551: raises $3 to $6
RaisemyNut$: calls $3
*** FLOP *** [9s 6d Ks]
RaisemyNut$: checks
bluebird7551: bets $3
tomte999 joins the table at seat #4
RaisemyNut$: raises $3 to $6
bluebird7551: folds
Uncalled bet ($3) returned to RaisemyNut$
RaisemyNut$ collected $17.64 from pot
RaisemyNut$: doesn't show hand
*** SUMMARY ***
Total pot $18 | Rake $0.36
Board [9s 6d Ks]
Seat 2: bluebird7551 (button) (small blind) folded on the Flop
Seat 3: RaisemyNut$ (big blind) collected ($17.64)


PokerStars Hand #153460750584:  Hold'em Limit ($3/$6 USD) - 2016/05/17 16:17:06 ET
Table 'Fabiola II' 6-max Seat #2 is the button
Seat 2: bluebird7551 ($91.95 in chips)
Seat 4: tomte999 ($120 in chips)
5PRUT5 will be allowed to play after the button
bluebird7551: posts small blind $1
RaisemyNut$: is sitting out
tomte999: posts big blind $3
*** HOLE CARDS ***
bluebird7551: folds
Uncalled bet ($2) returned to tomte999
tomte999 collected $2 from pot
tomte999: doesn't show hand
*** SUMMARY ***
Total pot $2 | Rake $0
Seat 2: bluebird7551 (button) (small blind) folded before Flop
Seat 4: tomte999 (big blind) collected ($2)


PokerStars Hand #153461002055:  Hold'em Limit ($3/$6 USD) - 2016/05/17 16:21:18 ET
Table 'Fabiola II' 6-max Seat #4 is the button
Seat 2: bluebird7551 ($41.23 in chips)
Seat 4: tomte999 ($152.81 in chips)
tomte999: posts small blind $1
bluebird7551: posts big blind $3
*** HOLE CARDS ***
tomte999: folds
Uncalled bet ($2) returned to bluebird7551
bluebird7551 collected $2 from pot
*** SUMMARY ***
Total pot $2 | Rake $0
Seat 2: bluebird7551 (big blind) collected ($2)
Seat 4: tomte999 (button) (small blind) folded before Flop


PokerStars Hand #153461012055:  Hold'em Limit ($3/$6 USD) - 2016/05/17 16:21:28 ET
Table 'Fabiola II' 6-max Seat #2 is the button
Seat 2: bluebird7551 ($42.23 in chips)
Seat 4: tomte999 ($151.81 in chips)
bluebird7551: posts small blind $1
tomte999: posts big blind $3
*** HOLE CARDS ***
bluebird7551: raises $3 to $6
tomte999: folds
Uncalled bet ($3) returned to bluebird7551
bluebird7551 collected $6 from pot
*** SUMMARY ***
Total pot $6 | Rake $0
Seat 2: bluebird7551 (button) (small blind) collected ($6)
Seat 4: tomte999 (big blind) folded before Flop


PokerStars Hand #153461020360:  Hold'em Limit ($3/$6 USD) - 2016/05/17 16:21:37 ET
Table 'Fabiola II' 6-max Seat #4 is the button
Seat 2: bluebird7551 ($45.23 in chips)
Seat 4: tomte999 ($148.81 in chips)
tomte999: posts small blind $1
bluebird7551: posts big blind $3
*** HOLE CARDS ***
tomte999: raises $3 to $6
bluebird7551: raises $3 to $9
tomte999: calls $3
*** FLOP *** [Kd Td 7d]
bluebird7551: bets $3
tomte999: calls $3
*** TURN *** [Kd Td 7d] [Qs]
bluebird7551: bets $6
tomte999: calls $6
*** RIVER *** [Kd Td 7d Qs] [7h]
bluebird7551: bets $6
tomte999: calls $6
*** SHOW DOWN ***
bluebird7551: shows [Jd As] (a straight, Ten to Ace)
tomte999: mucks hand
bluebird7551 collected $47.50 from pot
*** SUMMARY ***
Total pot $48 | Rake $0.50
Board [Kd Td 7d Qs 7h]
Seat 2: bluebird7551 (big blind) showed [Jd As] and won ($47.50) with a straight, Ten to Ace
Seat 4: tomte999 (button) (small blind) mucked


PokerStars Hand #153461064375:  Hold'em Limit ($3/$6 USD) - 2016/05/17 16:22:21 ET
Table 'Fabiola II' 6-max Seat #2 is the button
Seat 2: bluebird7551 ($68.73 in chips)
Seat 4: tomte999 ($124.81 in chips)
bluebird7551: posts small blind $1
tomte999: posts big blind $3
*** HOLE CARDS ***
bluebird7551: raises $3 to $6
tomte999: folds
Uncalled bet ($3) returned to bluebird7551
bluebird7551 collected $6 from pot
*** SUMMARY ***
Total pot $6 | Rake $0
Seat 2: bluebird7551 (button) (small blind) collected ($6)
Seat 4: tomte999 (big blind) folded before Flop


PokerStars Hand #153461073435:  Hold'em Limit ($3/$6 USD) - 2016/05/17 16:22:30 ET
Table 'Fabiola II' 6-max Seat #4 is the button
Seat 2: bluebird7551 ($71.73 in chips)
Seat 4: tomte999 ($121.81 in chips)
tomte999: posts small blind $1
bluebird7551: posts big blind $3
*** HOLE CARDS ***
tomte999: raises $3 to $6
bluebird7551: calls $3
*** FLOP *** [Ts 8s 2d]
bluebird7551: checks
BuzovaPro joins the table at seat #3
tomte999: checks
*** TURN *** [Ts 8s 2d] [5s]
bluebird7551: bets $6
tomte999: calls $6
*** RIVER *** [Ts 8s 2d 5s] [9d]
bluebird7551: bets $6
tomte999: folds
Uncalled bet ($6) returned to bluebird7551
bluebird7551 collected $23.52 from pot
*** SUMMARY ***
Total pot $24 | Rake $0.48
Board [Ts 8s 2d 5s 9d]
Seat 2: bluebird7551 (big blind) collected ($23.52)
Seat 4: tomte999 (button) (small blind) folded on the River


PokerStars Hand #153462821799:  Hold'em Limit ($3/$6 USD) - 2016/05/17 16:52:14 ET
Table 'Fabiola II' 6-max Seat #3 is the button
Seat 3: Krazy90 ($110.54 in chips)
Seat 6: lin1rabbit ($153.54 in chips)
Krazy90: posts small blind $1
lin1rabbit: posts big blind $3
*** HOLE CARDS ***
Krazy90: raises $3 to $6
lin1rabbit: raises $3 to $9
Krazy90: calls $3
*** FLOP *** [Kh Qc Ah]
lin1rabbit: bets $3
Krazy90: calls $3
*** TURN *** [Kh Qc Ah] [4d]
lin1rabbit: bets $6
Krazy90: folds
Uncalled bet ($6) returned to lin1rabbit
lin1rabbit collected $23.52 from pot
lin1rabbit: doesn't show hand
*** SUMMARY ***
Total pot $24 | Rake $0.48
Board [Kh Qc Ah 4d]
Seat 3: Krazy90 (button) (small blind) folded on the Turn
Seat 6: lin1rabbit (big blind) collected ($23.52)


PokerStars Hand #153464854223:  Hold'em Limit ($3/$6 USD) - 2016/05/17 17:27:38 ET
Table 'Fabiola II' 6-max Seat #3 is the button
Seat 3: Alan The For ($120 in chips)
Seat 4: Actionni13 ($150 in chips)
Alan The For: posts small blind $1
Actionni13: posts big blind $3
*** HOLE CARDS ***
Alan The For: raises $3 to $6
Actionni13: calls $3
*** FLOP *** [9h 5s 4c]
Actionni13: checks
Alan The For: checks
*** TURN *** [9h 5s 4c] [Kd]
Actionni13: checks
Alan The For: checks
*** RIVER *** [9h 5s 4c Kd] [Kh]
Actionni13: checks
Alan The For: bets $6
Actionni13: calls $6
*** SHOW DOWN ***
Alan The For: shows [Qs 4s] (two pair, Kings and Fours)
Actionni13: mucks hand
Alan The For collected $23.52 from pot
*** SUMMARY ***
Total pot $24 | Rake $0.48
Board [9h 5s 4c Kd Kh]
Seat 3: Alan The For (button) (small blind) showed [Qs 4s] and won ($23.52) with two pair, Kings and Fours
Seat 4: Actionni13 (big blind) mucked


PokerStars Hand #153464886702:  Hold'em Limit ($3/$6 USD) - 2016/05/17 17:28:12 ET
Table 'Fabiola II' 6-max Seat #4 is the button
Seat 3: Alan The For ($131.52 in chips)
Seat 4: Actionni13 ($150 in chips)
Actionni13: posts small blind $1
Alan The For: posts big blind $3
*** HOLE CARDS ***
Actionni13: raises $3 to $6
Alan The For: calls $3
*** FLOP *** [Qs Ts 2c]
Alan The For: checks
Actionni13: bets $3
Alan The For: calls $3
*** TURN *** [Qs Ts 2c] [As]
Alan The For: checks
carmello774 joins the table at seat #5
Actionni13: checks
*** RIVER *** [Qs Ts 2c As] [9s]
Alan The For: bets $6
Actionni13: folds
Uncalled bet ($6) returned to Alan The For
Alan The For collected $17.64 from pot
*** SUMMARY ***
Total pot $18 | Rake $0.36
Board [Qs Ts 2c As 9s]
Seat 3: Alan The For (big blind) collected ($17.64)
Seat 4: Actionni13 (button) (small blind) folded on the River


PokerStars Hand #153464930607:  Hold'em Limit ($3/$6 USD) - 2016/05/17 17:28:54 ET
Table 'Fabiola II' 6-max Seat #3 is the button
Seat 3: Alan The For ($140.16 in chips)
Seat 4: Actionni13 ($150 in chips)
Alan The For: posts small blind $1
Actionni13: posts big blind $3
*** HOLE CARDS ***
Alan The For: raises $3 to $6
Actionni13: calls $3
*** FLOP *** [4s Ac 6h]
Actionni13: checks
Alan The For: bets $3
Actionni13: calls $3
*** TURN *** [4s Ac 6h] [Ad]
Actionni13: checks
Alan The For: checks
*** RIVER *** [4s Ac 6h Ad] [Ah]
Actionni13: checks
Alan The For: bets $6
Actionni13: calls $6
*** SHOW DOWN ***
Alan The For: shows [4d Kd] (a full house, Aces full of Fours)
Actionni13: mucks hand
Alan The For collected $29.50 from pot
*** SUMMARY ***
Total pot $30 | Rake $0.50
Board [4s Ac 6h Ad Ah]
Seat 3: Alan The For (button) (small blind) showed [4d Kd] and won ($29.50) with a full house, Aces full of Fours
Seat 4: Actionni13 (big blind) mucked


PokerStars Hand #153465568943:  Hold'em Limit ($3/$6 USD) - 2016/05/17 17:40:45 ET
Table 'Fabiola II' 6-max Seat #2 is the button
Seat 2: pompier40 ($115.42 in chips)
Seat 4: Actionni13 ($206 in chips)
pompier40: posts small blind $1
Actionni13: posts big blind $3
*** HOLE CARDS ***
pompier40: folds
Uncalled bet ($2) returned to Actionni13
Actionni13 collected $2 from pot
Actionni13: doesn't show hand
*** SUMMARY ***
Total pot $2 | Rake $0
Seat 2: pompier40 (button) (small blind) folded before Flop
Seat 4: Actionni13 (big blind) collected ($2)


PokerStars Hand #153465577492:  Hold'em Limit ($3/$6 USD) - 2016/05/17 17:40:55 ET
Table 'Fabiola II' 6-max Seat #4 is the button
Seat 2: pompier40 ($114.42 in chips)
Seat 4: Actionni13 ($207 in chips)
Actionni13: posts small blind $1
pompier40: posts big blind $3
*** HOLE CARDS ***
Actionni13: folds
Uncalled bet ($2) returned to pompier40
pompier40 collected $2 from pot
*** SUMMARY ***
Total pot $2 | Rake $0
Seat 2: pompier40 (big blind) collected ($2)
Seat 4: Actionni13 (button) (small blind) folded before Flop


PokerStars Hand #153466060135:  Hold'em Limit ($3/$6 USD) - 2016/05/17 17:50:00 ET
Table 'Fabiola II' 6-max Seat #1 is the button
Seat 1: MMike1948 ($125.55 in chips)
Seat 6: lin1rabbit ($77.64 in chips)
MMike1948: posts small blind $1
pompier40: is sitting out
lin1rabbit: posts big blind $3
*** HOLE CARDS ***
MMike1948: folds
Uncalled bet ($2) returned to lin1rabbit
lin1rabbit collected $2 from pot
lin1rabbit: doesn't show hand
*** SUMMARY ***
Total pot $2 | Rake $0
Seat 1: MMike1948 (button) (small blind) folded before Flop
Seat 6: lin1rabbit (big blind) collected ($2)


PokerStars Hand #153466064603:  Hold'em Limit ($3/$6 USD) - 2016/05/17 17:50:05 ET
Table 'Fabiola II' 6-max Seat #6 is the button
Seat 1: MMike1948 ($124.55 in chips)
Seat 6: lin1rabbit ($78.64 in chips)
pompier40 leaves the table
lin1rabbit: posts small blind $1
MMike1948: posts big blind $3
*** HOLE CARDS ***
lin1rabbit: raises $3 to $6
MMike1948: raises $3 to $9
lin1rabbit: calls $3
*** FLOP *** [7c 9h 3d]
MMike1948: bets $3
lin1rabbit: calls $3
*** TURN *** [7c 9h 3d] [8s]
MMike1948: bets $6
lin1rabbit: calls $6
*** RIVER *** [7c 9h 3d 8s] [6s]
MMike1948: bets $6
lin1rabbit: calls $6
*** SHOW DOWN ***
MMike1948: shows [Jd As] (high card Ace)
lin1rabbit: shows [3s Js] (a pair of Threes)
lin1rabbit collected $47.50 from pot
*** SUMMARY ***
Total pot $48 | Rake $0.50
Board [7c 9h 3d 8s 6s]
Seat 1: MMike1948 (big blind) showed [Jd As] and lost with high card Ace
Seat 6: lin1rabbit (button) (small blind) showed [3s Js] and won ($47.50) with a pair of Threes


