PokerStars Hand #173555935560:  Hold'em Limit ($3/$6 USD) - 2017/07/26 19:55:26 ET
Table 'Fabiola' 6-max Seat #3 is the button
Seat 3: kusznak ($318.72 in chips)
Seat 5: B_loJkl ($144.67 in chips)
kusznak: posts small blind $1
B_loJkl: posts big blind $3
*** HOLE CARDS ***
kusznak: raises $3 to $6
B_loJkl: calls $3
*** FLOP *** [Js 7h Qh]
FTotti333 leaves the table
B_loJkl: checks
kusznak: bets $3
B_loJkl: raises $3 to $6
kusznak: raises $3 to $9
B_loJkl: calls $3
*** TURN *** [Js 7h Qh] [As]
B_loJkl: checks
kusznak: bets $6
B_loJkl: calls $6
*** RIVER *** [Js 7h Qh As] [Ad]
B_loJkl: checks
kusznak: bets $6
B_loJkl: calls $6
*** SHOW DOWN ***
kusznak: shows [6h Qc] (two pair, Aces and Queens)
B_loJkl: mucks hand
kusznak collected $53.50 from pot
*** SUMMARY ***
Total pot $54 | Rake $0.50
Board [Js 7h Qh As Ad]
Seat 3: kusznak (button) (small blind) showed [6h Qc] and won ($53.50) with two pair, Aces and Queens
Seat 5: B_loJkl (big blind) mucked


PokerStars Hand #173555932348:  Hold'em Limit ($3/$6 USD) - 2017/07/26 19:55:18 ET
Table 'Fabiola' 6-max Seat #5 is the button
Seat 3: kusznak ($321.72 in chips)
Seat 5: B_loJkl ($141.67 in chips)
B_loJkl: posts small blind $1
FTotti333: is sitting out
kusznak: posts big blind $3
*** HOLE CARDS ***
B_loJkl: raises $3 to $6
kusznak: folds
Uncalled bet ($3) returned to B_loJkl
B_loJkl collected $6 from pot
B_loJkl: doesn't show hand
*** SUMMARY ***
Total pot $6 | Rake $0
Seat 3: kusznak (big blind) folded before Flop
Seat 5: B_loJkl (button) (small blind) collected ($6)


PokerStars Hand #173555960375:  Hold'em Limit ($3/$6 USD) - 2017/07/26 19:56:26 ET
Table 'Fabiola' 6-max Seat #5 is the button
Seat 3: kusznak ($336.86 in chips)
Seat 5: B_loJkl ($124.95 in chips)
B_loJkl: posts small blind $1
kusznak: posts big blind $3
*** HOLE CARDS ***
B_loJkl: raises $3 to $6
kusznak: calls $3
*** FLOP *** [9s 3d Qh]
kusznak: checks
B_loJkl: bets $3
kusznak: calls $3
*** TURN *** [9s 3d Qh] [7c]
kusznak: checks
B_loJkl: bets $6
kusznak: calls $6
*** RIVER *** [9s 3d Qh 7c] [Qd]
kusznak: checks
B_loJkl: bets $6
kusznak: calls $6
*** SHOW DOWN ***
B_loJkl: shows [Js Jc] (two pair, Queens and Jacks)
kusznak: mucks hand
B_loJkl collected $41.50 from pot
*** SUMMARY ***
Total pot $42 | Rake $0.50
Board [9s 3d Qh 7c Qd]
Seat 3: kusznak (big blind) mucked
Seat 5: B_loJkl (button) (small blind) showed [Js Jc] and won ($41.50) with two pair, Queens and Jacks


PokerStars Hand #173555953896:  Hold'em Limit ($3/$6 USD) - 2017/07/26 19:56:10 ET
Table 'Fabiola' 6-max Seat #5 is the button
Seat 3: kusznak ($344.86 in chips)
Seat 5: B_loJkl ($117.31 in chips)
B_loJkl: posts small blind $1
kusznak: posts big blind $3
*** HOLE CARDS ***
B_loJkl: folds
Uncalled bet ($2) returned to kusznak
kusznak collected $2 from pot
kusznak: doesn't show hand
*** SUMMARY ***
Total pot $2 | Rake $0
Seat 3: kusznak (big blind) collected ($2)
Seat 5: B_loJkl (button) (small blind) folded before Flop


PokerStars Hand #173555948489:  Hold'em Limit ($3/$6 USD) - 2017/07/26 19:55:58 ET
Table 'Fabiola' 6-max Seat #3 is the button
Seat 3: kusznak ($353.86 in chips)
Seat 5: B_loJkl ($108.67 in chips)
kusznak: posts small blind $1
B_loJkl: posts big blind $3
*** HOLE CARDS ***
kusznak: raises $3 to $6
B_loJkl: calls $3
*** FLOP *** [Ks Qc 9c]
B_loJkl: checks
kusznak: bets $3
B_loJkl: calls $3
*** TURN *** [Ks Qc 9c] [3h]
B_loJkl: checks
kusznak: checks
*** RIVER *** [Ks Qc 9c 3h] [Js]
B_loJkl: checks
kusznak: checks
*** SHOW DOWN ***
B_loJkl: shows [6c 9d] (a pair of Nines)
kusznak: mucks hand
B_loJkl collected $17.64 from pot
*** SUMMARY ***
Total pot $18 | Rake $0.36
Board [Ks Qc 9c 3h Js]
Seat 3: kusznak (button) (small blind) mucked
Seat 5: B_loJkl (big blind) showed [6c 9d] and won ($17.64) with a pair of Nines


PokerStars Hand #173555942927:  Hold'em Limit ($3/$6 USD) - 2017/07/26 19:55:44 ET
Table 'Fabiola' 6-max Seat #5 is the button
Seat 3: kusznak ($345.22 in chips)
Seat 5: B_loJkl ($117.67 in chips)
B_loJkl: posts small blind $1
kusznak: posts big blind $3
*** HOLE CARDS ***
B_loJkl: raises $3 to $6
kusznak: raises $3 to $9
B_loJkl: calls $3
*** FLOP *** [2s Qd Tc]
kusznak: bets $3
B_loJkl: folds
Uncalled bet ($3) returned to kusznak
kusznak collected $17.64 from pot
kusznak: doesn't show hand
*** SUMMARY ***
Total pot $18 | Rake $0.36
Board [2s Qd Tc]
Seat 3: kusznak (big blind) collected ($17.64)
Seat 5: B_loJkl (button) (small blind) folded on the Flop


PokerStars Hand #173555991217:  Hold'em Limit ($3/$6 USD) - 2017/07/26 19:57:40 ET
Table 'Fabiola' 6-max Seat #5 is the button
Seat 3: kusznak ($309.50 in chips)
Seat 5: B_loJkl ($150.95 in chips)
B_loJkl: posts small blind $1
kusznak: posts big blind $3
*** HOLE CARDS ***
B_loJkl: raises $3 to $6
kusznak: folds
Uncalled bet ($3) returned to B_loJkl
B_loJkl collected $6 from pot
B_loJkl: doesn't show hand
*** SUMMARY ***
Total pot $6 | Rake $0
Seat 3: kusznak (big blind) folded before Flop
Seat 5: B_loJkl (button) (small blind) collected ($6)


PokerStars Hand #173555988986:  Hold'em Limit ($3/$6 USD) - 2017/07/26 19:57:34 ET
Table 'Fabiola' 6-max Seat #3 is the button
Seat 3: kusznak ($306.50 in chips)
Seat 5: B_loJkl ($153.95 in chips)
kusznak: posts small blind $1
B_loJkl: posts big blind $3
*** HOLE CARDS ***
kusznak: raises $3 to $6
B_loJkl: folds
Uncalled bet ($3) returned to kusznak
kusznak collected $6 from pot
kusznak: doesn't show hand
*** SUMMARY ***
Total pot $6 | Rake $0
Seat 3: kusznak (button) (small blind) collected ($6)
Seat 5: B_loJkl (big blind) folded before Flop


PokerStars Hand #173555978967:  Hold'em Limit ($3/$6 USD) - 2017/07/26 19:57:10 ET
Table 'Fabiola' 6-max Seat #5 is the button
Seat 3: kusznak ($324.50 in chips)
Seat 5: B_loJkl ($136.45 in chips)
B_loJkl: posts small blind $1
kusznak: posts big blind $3
*** HOLE CARDS ***
B_loJkl: raises $3 to $6
kusznak: calls $3
*** FLOP *** [2h 2s Jc]
kusznak: checks
B_loJkl: bets $3
kusznak: raises $3 to $6
B_loJkl: calls $3
*** TURN *** [2h 2s Jc] [Kc]
kusznak: checks
B_loJkl: checks
*** RIVER *** [2h 2s Jc Kc] [3h]
kusznak: bets $6
B_loJkl: calls $6
*** SHOW DOWN ***
kusznak: shows [6h 6d] (two pair, Sixes and Deuces)
B_loJkl: shows [6s Jh] (two pair, Jacks and Deuces)
B_loJkl collected $35.50 from pot
*** SUMMARY ***
Total pot $36 | Rake $0.50
Board [2h 2s Jc Kc 3h]
Seat 3: kusznak (big blind) showed [6h 6d] and lost with two pair, Sixes and Deuces
Seat 5: B_loJkl (button) (small blind) showed [6s Jh] and won ($35.50) with two pair, Jacks and Deuces


PokerStars Hand #173555969636:  Hold'em Limit ($3/$6 USD) - 2017/07/26 19:56:48 ET
Table 'Fabiola' 6-max Seat #3 is the button
Seat 3: kusznak ($315.86 in chips)
Seat 5: B_loJkl ($145.45 in chips)
kusznak: posts small blind $1
B_loJkl: posts big blind $3
*** HOLE CARDS ***
kusznak: raises $3 to $6
B_loJkl: calls $3
*** FLOP *** [8h Ad Jd]
B_loJkl: checks
kusznak: bets $3
B_loJkl: calls $3
*** TURN *** [8h Ad Jd] [3c]
B_loJkl: checks
kusznak: checks
*** RIVER *** [8h Ad Jd 3c] [Kh]
B_loJkl: checks
kusznak: checks
*** SHOW DOWN ***
B_loJkl: shows [6h Qd] (high card Ace)
kusznak: shows [3d 4d] (a pair of Threes)
kusznak collected $17.64 from pot
*** SUMMARY ***
Total pot $18 | Rake $0.36
Board [8h Ad Jd 3c Kh]
Seat 3: kusznak (button) (small blind) showed [3d 4d] and won ($17.64) with a pair of Threes
Seat 5: B_loJkl (big blind) showed [6h Qd] and lost with high card Ace


PokerStars Hand #173556009457:  Hold'em Limit ($3/$6 USD) - 2017/07/26 19:58:24 ET
Table 'Fabiola' 6-max Seat #5 is the button
Seat 3: kusznak ($297.26 in chips)
Seat 5: B_loJkl ($162.35 in chips)
B_loJkl: posts small blind $1
kusznak: posts big blind $3
*** HOLE CARDS ***
B_loJkl: raises $3 to $6
kusznak: raises $3 to $9
B_loJkl: calls $3
*** FLOP *** [6d 4d Kh]
kusznak: bets $3
B_loJkl: calls $3
*** TURN *** [6d 4d Kh] [4s]
kusznak: bets $6
B_loJkl: calls $6
*** RIVER *** [6d 4d Kh 4s] [3c]
kusznak: bets $6
B_loJkl: calls $6
*** SHOW DOWN ***
kusznak: shows [As Ah] (two pair, Aces and Fours)
B_loJkl: mucks hand
kusznak collected $47.50 from pot
*** SUMMARY ***
Total pot $48 | Rake $0.50
Board [6d 4d Kh 4s 3c]
Seat 3: kusznak (big blind) showed [As Ah] and won ($47.50) with two pair, Aces and Fours
Seat 5: B_loJkl (button) (small blind) mucked


PokerStars Hand #173555999569:  Hold'em Limit ($3/$6 USD) - 2017/07/26 19:58:00 ET
Table 'Fabiola' 6-max Seat #5 is the button
Seat 3: kusznak ($312.26 in chips)
Seat 5: B_loJkl ($147.95 in chips)
B_loJkl: posts small blind $1
kusznak: posts big blind $3
*** HOLE CARDS ***
B_loJkl: raises $3 to $6
kusznak: calls $3
*** FLOP *** [6c Jh 7s]
kusznak: checks
B_loJkl: checks
*** TURN *** [6c Jh 7s] [As]
kusznak: checks
B_loJkl: bets $6
kusznak: folds
Uncalled bet ($6) returned to B_loJkl
B_loJkl collected $11.76 from pot
B_loJkl: doesn't show hand
*** SUMMARY ***
Total pot $12 | Rake $0.24
Board [6c Jh 7s As]
Seat 3: kusznak (big blind) folded on the Turn
Seat 5: B_loJkl (button) (small blind) collected ($11.76)


PokerStars Hand #173555995647:  Hold'em Limit ($3/$6 USD) - 2017/07/26 19:57:50 ET
Table 'Fabiola' 6-max Seat #3 is the button
Seat 3: kusznak ($306.50 in chips)
Seat 5: B_loJkl ($153.95 in chips)
kusznak: posts small blind $1
B_loJkl: posts big blind $3
*** HOLE CARDS ***
kusznak: raises $3 to $6
B_loJkl: calls $3
*** FLOP *** [Kc 3h 5c]
B_loJkl: checks
kusznak: bets $3
B_loJkl: folds
Uncalled bet ($3) returned to kusznak
kusznak collected $11.76 from pot
kusznak: doesn't show hand
*** SUMMARY ***
Total pot $12 | Rake $0.24
Board [Kc 3h 5c]
Seat 3: kusznak (button) (small blind) collected ($11.76)
Seat 5: B_loJkl (big blind) folded on the Flop


PokerStars Hand #173556004172:  Hold'em Limit ($3/$6 USD) - 2017/07/26 19:58:11 ET
Table 'Fabiola' 6-max Seat #3 is the button
Seat 3: kusznak ($306.26 in chips)
Seat 5: B_loJkl ($153.71 in chips)
kusznak: posts small blind $1
B_loJkl: posts big blind $3
*** HOLE CARDS ***
kusznak: raises $3 to $6
B_loJkl: calls $3
*** FLOP *** [9s 2d 3s]
B_loJkl: checks
kusznak: bets $3
B_loJkl: calls $3
*** TURN *** [9s 2d 3s] [3c]
B_loJkl: checks
kusznak: checks
*** RIVER *** [9s 2d 3s 3c] [5h]
B_loJkl: bets $6
kusznak: folds
Uncalled bet ($6) returned to B_loJkl
B_loJkl collected $17.64 from pot
B_loJkl: doesn't show hand
*** SUMMARY ***
Total pot $18 | Rake $0.36
Board [9s 2d 3s 3c 5h]
Seat 3: kusznak (button) (small blind) folded on the River
Seat 5: B_loJkl (big blind) collected ($17.64)


