PokerStars Hand #152809688744:  Hold'em Limit ($3/$6 USD) - 2016/05/03 15:33:38 ET
Table 'Fabiola' 6-max Seat #2 is the button
Seat 2: shushlo ($72 in chips)
Seat 6: stasschi ($125.76 in chips)
shushlo: posts small blind $1
stasschi: posts big blind $3
*** HOLE CARDS ***
shushlo: raises $3 to $6
stasschi: calls $3
*** FLOP *** [7s Tc 6h]
hairy1961 joins the table at seat #4
stasschi: checks
shushlo: bets $3
stasschi: calls $3
*** TURN *** [7s Tc 6h] [Jh]
stasschi: checks
shushlo: bets $6
stasschi: calls $6
*** RIVER *** [7s Tc 6h Jh] [2c]
stasschi: checks
shushlo: checks
*** SHOW DOWN ***
stasschi: shows [Ks 6c] (a pair of Sixes)
shushlo: mucks hand
stasschi collected $29.50 from pot
*** SUMMARY ***
Total pot $30 | Rake $0.50
Board [7s Tc 6h Jh 2c]
Seat 2: shushlo (button) (small blind) mucked
Seat 6: stasschi (big blind) showed [Ks 6c] and won ($29.50) with a pair of Sixes


PokerStars Hand #152809732607:  Hold'em Limit ($3/$6 USD) - 2016/05/03 15:34:28 ET
Table 'Fabiola' 6-max Seat #6 is the button
Seat 4: hairy1961 ($60 in chips)
Seat 6: stasschi ($140.26 in chips)
stasschi: posts small blind $1
hairy1961: posts big blind $3
*** HOLE CARDS ***
stasschi: raises $3 to $6
hairy1961: calls $3
*** FLOP *** [4s Qs Kc]
hairy1961: checks
stasschi: bets $3
hairy1961: raises $3 to $6
stasschi: calls $3
*** TURN *** [4s Qs Kc] [7c]
hairy1961: bets $6
stasschi: calls $6
*** RIVER *** [4s Qs Kc 7c] [Qd]
hairy1961: bets $6
stasschi: folds
Uncalled bet ($6) returned to hairy1961
hairy1961 collected $35.50 from pot
*** SUMMARY ***
Total pot $36 | Rake $0.50
Board [4s Qs Kc 7c Qd]
Seat 4: hairy1961 (big blind) collected ($35.50)
Seat 6: stasschi (button) (small blind) folded on the River


PokerStars Hand #152809781983:  Hold'em Limit ($3/$6 USD) - 2016/05/03 15:35:24 ET
Table 'Fabiola' 6-max Seat #6 is the button
Seat 4: hairy1961 ($86.14 in chips)
Seat 6: stasschi ($113.26 in chips)
stasschi: posts small blind $1
hairy1961: posts big blind $3
*** HOLE CARDS ***
stasschi: raises $3 to $6
hairy1961: folds
Uncalled bet ($3) returned to stasschi
stasschi collected $6 from pot
stasschi: doesn't show hand
*** SUMMARY ***
Total pot $6 | Rake $0
Seat 4: hairy1961 (big blind) folded before Flop
Seat 6: stasschi (button) (small blind) collected ($6)


PokerStars Hand #152809766293:  Hold'em Limit ($3/$6 USD) - 2016/05/03 15:35:06 ET
Table 'Fabiola' 6-max Seat #4 is the button
Seat 4: hairy1961 ($77.50 in chips)
Seat 6: stasschi ($122.26 in chips)
hairy1961: posts small blind $1
stasschi: posts big blind $3
*** HOLE CARDS ***
hairy1961: raises $3 to $6
stasschi: calls $3
*** FLOP *** [3d Kh Qd]
stasschi: checks
hairy1961: bets $3
stasschi: calls $3
*** TURN *** [3d Kh Qd] [4c]
stasschi: checks
hairy1961: bets $6
stasschi: folds
Uncalled bet ($6) returned to hairy1961
hairy1961 collected $17.64 from pot
*** SUMMARY ***
Total pot $18 | Rake $0.36
Board [3d Kh Qd 4c]
Seat 4: hairy1961 (button) (small blind) collected ($17.64)
Seat 6: stasschi (big blind) folded on the Turn


PokerStars Hand #152809761549:  Hold'em Limit ($3/$6 USD) - 2016/05/03 15:35:01 ET
Table 'Fabiola' 6-max Seat #6 is the button
Seat 4: hairy1961 ($76.50 in chips)
Seat 6: stasschi ($123.26 in chips)
stasschi: posts small blind $1
hairy1961: posts big blind $3
*** HOLE CARDS ***
stasschi: folds
Uncalled bet ($2) returned to hairy1961
hairy1961 collected $2 from pot
*** SUMMARY ***
Total pot $2 | Rake $0
Seat 4: hairy1961 (big blind) collected ($2)
Seat 6: stasschi (button) (small blind) folded before Flop


PokerStars Hand #152809756819:  Hold'em Limit ($3/$6 USD) - 2016/05/03 15:34:56 ET
Table 'Fabiola' 6-max Seat #4 is the button
Seat 4: hairy1961 ($77.50 in chips)
Seat 6: stasschi ($122.26 in chips)
hairy1961: posts small blind $1
stasschi: posts big blind $3
*** HOLE CARDS ***
hairy1961: folds
Uncalled bet ($2) returned to stasschi
stasschi collected $2 from pot
stasschi: doesn't show hand
*** SUMMARY ***
Total pot $2 | Rake $0
Seat 4: hairy1961 (button) (small blind) folded before Flop
Seat 6: stasschi (big blind) collected ($2)


PokerStars Hand #152809788391:  Hold'em Limit ($3/$6 USD) - 2016/05/03 15:35:32 ET
Table 'Fabiola' 6-max Seat #4 is the button
Seat 4: hairy1961 ($83.14 in chips)
Seat 6: stasschi ($116.26 in chips)
hairy1961: posts small blind $1
stasschi: posts big blind $3
*** HOLE CARDS ***
hairy1961: folds
Uncalled bet ($2) returned to stasschi
stasschi collected $2 from pot
stasschi: doesn't show hand
*** SUMMARY ***
Total pot $2 | Rake $0
Seat 4: hairy1961 (button) (small blind) folded before Flop
Seat 6: stasschi (big blind) collected ($2)


PokerStars Hand #152809855830:  Hold'em Limit ($3/$6 USD) - 2016/05/03 15:36:48 ET
Table 'Fabiola' 6-max Seat #4 is the button
Seat 4: hairy1961 ($39.14 in chips)
Seat 6: stasschi ($159.26 in chips)
hairy1961: posts small blind $1
stasschi: posts big blind $3
*** HOLE CARDS ***
hairy1961: raises $3 to $6
stasschi: folds
Uncalled bet ($3) returned to hairy1961
hairy1961 collected $6 from pot
*** SUMMARY ***
Total pot $6 | Rake $0
Seat 4: hairy1961 (button) (small blind) collected ($6)
Seat 6: stasschi (big blind) folded before Flop


PokerStars Hand #152809827363:  Hold'em Limit ($3/$6 USD) - 2016/05/03 15:36:16 ET
Table 'Fabiola' 6-max Seat #4 is the button
Seat 4: hairy1961 ($67.14 in chips)
Seat 6: stasschi ($131.76 in chips)
hairy1961: posts small blind $1
stasschi: posts big blind $3
*** HOLE CARDS ***
hairy1961: folds
Uncalled bet ($2) returned to stasschi
stasschi collected $2 from pot
stasschi: doesn't show hand
*** SUMMARY ***
Total pot $2 | Rake $0
Seat 4: hairy1961 (button) (small blind) folded before Flop
Seat 6: stasschi (big blind) collected ($2)


PokerStars Hand #152809822631:  Hold'em Limit ($3/$6 USD) - 2016/05/03 15:36:11 ET
Table 'Fabiola' 6-max Seat #6 is the button
Seat 4: hairy1961 ($66.14 in chips)
Seat 6: stasschi ($132.76 in chips)
stasschi: posts small blind $1
hairy1961: posts big blind $3
*** HOLE CARDS ***
stasschi: folds
Uncalled bet ($2) returned to hairy1961
hairy1961 collected $2 from pot
hairy1961: doesn't show hand
*** SUMMARY ***
Total pot $2 | Rake $0
Seat 4: hairy1961 (big blind) collected ($2)
Seat 6: stasschi (button) (small blind) folded before Flop


PokerStars Hand #152809817528:  Hold'em Limit ($3/$6 USD) - 2016/05/03 15:36:05 ET
Table 'Fabiola' 6-max Seat #4 is the button
Seat 4: hairy1961 ($67.14 in chips)
Seat 6: stasschi ($131.76 in chips)
hairy1961: posts small blind $1
stasschi: posts big blind $3
*** HOLE CARDS ***
hairy1961: folds
Uncalled bet ($2) returned to stasschi
stasschi collected $2 from pot
stasschi: doesn't show hand
*** SUMMARY ***
Total pot $2 | Rake $0
Seat 4: hairy1961 (button) (small blind) folded before Flop
Seat 6: stasschi (big blind) collected ($2)


PokerStars Hand #152809798275:  Hold'em Limit ($3/$6 USD) - 2016/05/03 15:35:43 ET
Table 'Fabiola' 6-max Seat #6 is the button
Seat 4: hairy1961 ($82.14 in chips)
Seat 6: stasschi ($117.26 in chips)
stasschi: posts small blind $1
hairy1961: posts big blind $3
*** HOLE CARDS ***
stasschi: raises $3 to $6
hairy1961: calls $3
*** FLOP *** [Kh 2h Ah]
hairy1961: bets $3
stasschi: calls $3
*** TURN *** [Kh 2h Ah] [4s]
hairy1961: checks
stasschi: bets $6
hairy1961: calls $6
*** RIVER *** [Kh 2h Ah 4s] [Td]
hairy1961: checks
stasschi: bets $6
hairy1961: folds
Uncalled bet ($6) returned to stasschi
stasschi collected $29.50 from pot
stasschi: doesn't show hand
*** SUMMARY ***
Total pot $30 | Rake $0.50
Board [Kh 2h Ah 4s Td]
Seat 4: hairy1961 (big blind) folded on the River
Seat 6: stasschi (button) (small blind) collected ($29.50)


PokerStars Hand #152809831869:  Hold'em Limit ($3/$6 USD) - 2016/05/03 15:36:21 ET
Table 'Fabiola' 6-max Seat #6 is the button
Seat 4: hairy1961 ($66.14 in chips)
Seat 6: stasschi ($132.76 in chips)
stasschi: posts small blind $1
hairy1961: posts big blind $3
*** HOLE CARDS ***
stasschi: raises $3 to $6
hairy1961: raises $3 to $9
stasschi: calls $3
*** FLOP *** [Kh 5s 3c]
hairy1961: checks
stasschi: bets $3
hairy1961: raises $3 to $6
stasschi: calls $3
*** TURN *** [Kh 5s 3c] [6s]
hairy1961: bets $6
stasschi: calls $6
*** RIVER *** [Kh 5s 3c 6s] [3h]
hairy1961: bets $6
stasschi: calls $6
*** SHOW DOWN ***
hairy1961: shows [Qd Ts] (a pair of Threes)
stasschi: shows [5d 4d] (two pair, Fives and Threes)
stasschi collected $53.50 from pot
*** SUMMARY ***
Total pot $54 | Rake $0.50
Board [Kh 5s 3c 6s 3h]
Seat 4: hairy1961 (big blind) showed [Qd Ts] and lost with a pair of Threes
Seat 6: stasschi (button) (small blind) showed [5d 4d] and won ($53.50) with two pair, Fives and Threes


PokerStars Hand #152809863680:  Hold'em Limit ($3/$6 USD) - 2016/05/03 15:36:57 ET
Table 'Fabiola' 6-max Seat #6 is the button
Seat 4: hairy1961 ($42.14 in chips)
Seat 6: stasschi ($156.26 in chips)
stasschi: posts small blind $1
hairy1961: posts big blind $3
*** HOLE CARDS ***
stasschi: raises $3 to $6
hairy1961: calls $3
*** FLOP *** [Kc 5c 6c]
hairy1961: checks
stasschi: bets $3
hairy1961: calls $3
*** TURN *** [Kc 5c 6c] [9d]
hairy1961: checks
stasschi: bets $6
hairy1961: calls $6
*** RIVER *** [Kc 5c 6c 9d] [2d]
hairy1961: checks
stasschi: bets $6
hairy1961: raises $6 to $12
liza3008 joins the table at seat #2
stasschi: raises $6 to $18
hairy1961: calls $6
*** SHOW DOWN ***
stasschi: shows [3c Jc] (a flush, King high)
hairy1961: shows [2s 2h] (three of a kind, Deuces)
stasschi collected $65.50 from pot
*** SUMMARY ***
Total pot $66 | Rake $0.50
Board [Kc 5c 6c 9d 2d]
Seat 4: hairy1961 (big blind) showed [2s 2h] and lost with three of a kind, Deuces
Seat 6: stasschi (button) (small blind) showed [3c Jc] and won ($65.50) with a flush, King high


PokerStars Hand #152809889028:  Hold'em Limit ($3/$6 USD) - 2016/05/03 15:37:26 ET
Table 'Fabiola' 6-max Seat #4 is the button
Seat 4: hairy1961 ($9.14 in chips)
Seat 6: stasschi ($188.76 in chips)
hairy1961: posts small blind $1
stasschi: posts big blind $3
*** HOLE CARDS ***
hairy1961: raises $3 to $6
stasschi: raises $3 to $9
hairy1961: raises $0.14 to $9.14 and is all-in
Betting is capped
stasschi: calls $0.14
*** FLOP *** [Ac 6h 8s]
*** TURN *** [Ac 6h 8s] [Jd]
*** RIVER *** [Ac 6h 8s Jd] [As]
*** SHOW DOWN ***
stasschi: shows [6c Ah] (a full house, Aces full of Sixes)
hairy1961: shows [5d Ad] (three of a kind, Aces)
stasschi collected $17.91 from pot
*** SUMMARY ***
Total pot $18.28 | Rake $0.37
Board [Ac 6h 8s Jd As]
Seat 4: hairy1961 (button) (small blind) showed [5d Ad] and lost with three of a kind, Aces
Seat 6: stasschi (big blind) showed [6c Ah] and won ($17.91) with a full house, Aces full of Sixes


PokerStars Hand #152809955156:  Hold'em Limit ($3/$6 USD) - 2016/05/03 15:38:39 ET
Table 'Fabiola' 6-max Seat #2 is the button
Seat 2: liza3008 ($151.26 in chips)
Seat 6: stasschi ($165.29 in chips)
liza3008: posts small blind $1
stasschi: posts big blind $3
*** HOLE CARDS ***
liza3008: folds
Uncalled bet ($2) returned to stasschi
stasschi collected $2 from pot
stasschi: doesn't show hand
*** SUMMARY ***
Total pot $2 | Rake $0
Seat 2: liza3008 (button) (small blind) folded before Flop
Seat 6: stasschi (big blind) collected ($2)


PokerStars Hand #152809930890:  Hold'em Limit ($3/$6 USD) - 2016/05/03 15:38:12 ET
Table 'Fabiola' 6-max Seat #6 is the button
Seat 2: liza3008 ($154.50 in chips)
Seat 6: stasschi ($162.53 in chips)
stasschi: posts small blind $1
liza3008: posts big blind $3
*** HOLE CARDS ***
stasschi: raises $3 to $6
liza3008: calls $3
*** FLOP *** [8c 9c 3c]
liza3008: checks
stasschi: bets $3
liza3008: folds
Uncalled bet ($3) returned to stasschi
stasschi collected $11.76 from pot
stasschi: doesn't show hand
*** SUMMARY ***
Total pot $12 | Rake $0.24
Board [8c 9c 3c]
Seat 2: liza3008 (big blind) folded on the Flop
Seat 6: stasschi (button) (small blind) collected ($11.76)


PokerStars Hand #152809926674:  Hold'em Limit ($3/$6 USD) - 2016/05/03 15:38:08 ET
Table 'Fabiola' 6-max Seat #2 is the button
Seat 2: liza3008 ($155.50 in chips)
Seat 6: stasschi ($161.53 in chips)
liza3008: posts small blind $1
stasschi: posts big blind $3
*** HOLE CARDS ***
liza3008: folds
Uncalled bet ($2) returned to stasschi
stasschi collected $2 from pot
stasschi: doesn't show hand
*** SUMMARY ***
Total pot $2 | Rake $0
Seat 2: liza3008 (button) (small blind) folded before Flop
Seat 6: stasschi (big blind) collected ($2)


PokerStars Hand #152809903401:  Hold'em Limit ($3/$6 USD) - 2016/05/03 15:37:42 ET
Table 'Fabiola' 6-max Seat #6 is the button
Seat 2: liza3008 ($120 in chips)
Seat 6: stasschi ($197.53 in chips)
stasschi: posts small blind $1
hairy1961 leaves the table
liza3008: posts big blind $3
*** HOLE CARDS ***
stasschi: raises $3 to $6
liza3008: raises $3 to $9
stasschi: calls $3
*** FLOP *** [Th 5d 6h]
liza3008: bets $3
stasschi: calls $3
*** TURN *** [Th 5d 6h] [Kd]
liza3008: bets $6
stasschi: raises $6 to $12
liza3008: raises $6 to $18
stasschi: calls $6
*** RIVER *** [Th 5d 6h Kd] [Qs]
liza3008: bets $6
stasschi: calls $6
*** SHOW DOWN ***
liza3008: shows [Kh Kc] (three of a kind, Kings)
stasschi: mucks hand
liza3008 collected $71.50 from pot
*** SUMMARY ***
Total pot $72 | Rake $0.50
Board [Th 5d 6h Kd Qs]
Seat 2: liza3008 (big blind) showed [Kh Kc] and won ($71.50) with three of a kind, Kings
Seat 6: stasschi (button) (small blind) mucked


PokerStars Hand #152809950165:  Hold'em Limit ($3/$6 USD) - 2016/05/03 15:38:34 ET
Table 'Fabiola' 6-max Seat #6 is the button
Seat 2: liza3008 ($154.26 in chips)
Seat 6: stasschi ($162.29 in chips)
stasschi: posts small blind $1
liza3008: posts big blind $3
*** HOLE CARDS ***
stasschi: raises $3 to $6
liza3008: folds
Uncalled bet ($3) returned to stasschi
stasschi collected $6 from pot
stasschi: doesn't show hand
*** SUMMARY ***
Total pot $6 | Rake $0
Seat 2: liza3008 (big blind) folded before Flop
Seat 6: stasschi (button) (small blind) collected ($6)


PokerStars Hand #152809940296:  Hold'em Limit ($3/$6 USD) - 2016/05/03 15:38:23 ET
Table 'Fabiola' 6-max Seat #2 is the button
Seat 2: liza3008 ($148.50 in chips)
Seat 6: stasschi ($168.29 in chips)
liza3008: posts small blind $1
stasschi: posts big blind $3
*** HOLE CARDS ***
liza3008: raises $3 to $6
stasschi: calls $3
*** FLOP *** [Td 5c Th]
stasschi: checks
liza3008: bets $3
stasschi: folds
Uncalled bet ($3) returned to liza3008
liza3008 collected $11.76 from pot
liza3008: doesn't show hand
*** SUMMARY ***
Total pot $12 | Rake $0.24
Board [Td 5c Th]
Seat 2: liza3008 (button) (small blind) collected ($11.76)
Seat 6: stasschi (big blind) folded on the Flop


PokerStars Hand #152809997204:  Hold'em Limit ($3/$6 USD) - 2016/05/03 15:39:26 ET
Table 'Fabiola' 6-max Seat #2 is the button
Seat 2: liza3008 ($166.76 in chips)
Seat 6: stasschi ($149.29 in chips)
liza3008: posts small blind $1
stasschi: posts big blind $3
*** HOLE CARDS ***
liza3008: raises $3 to $6
stasschi: calls $3
*** FLOP *** [4d As 5c]
stasschi: checks
liza3008: checks
*** TURN *** [4d As 5c] [Jh]
stasschi: checks
liza3008: bets $6
stasschi: calls $6
*** RIVER *** [4d As 5c Jh] [Jc]
stasschi: checks
liza3008: bets $6
stasschi: calls $6
*** SHOW DOWN ***
liza3008: shows [3d Ac] (two pair, Aces and Jacks)
stasschi: mucks hand
liza3008 collected $35.50 from pot
*** SUMMARY ***
Total pot $36 | Rake $0.50
Board [4d As 5c Jh Jc]
Seat 2: liza3008 (button) (small blind) showed [3d Ac] and won ($35.50) with two pair, Aces and Jacks
Seat 6: stasschi (big blind) mucked


PokerStars Hand #152809959734:  Hold'em Limit ($3/$6 USD) - 2016/05/03 15:38:45 ET
Table 'Fabiola' 6-max Seat #6 is the button
Seat 2: liza3008 ($150.26 in chips)
Seat 6: stasschi ($166.29 in chips)
stasschi: posts small blind $1
liza3008: posts big blind $3
*** HOLE CARDS ***
stasschi: raises $3 to $6
liza3008: calls $3
*** FLOP *** [3d 7c 9s]
liza3008: checks
stasschi: bets $3
liza3008: calls $3
*** TURN *** [3d 7c 9s] [2c]
liza3008: checks
stasschi: bets $6
liza3008: calls $6
*** RIVER *** [3d 7c 9s 2c] [Ah]
liza3008: bets $6
stasschi: calls $6
*** SHOW DOWN ***
liza3008: shows [Ad Qh] (a pair of Aces)
stasschi: mucks hand
liza3008 collected $41.50 from pot
*** SUMMARY ***
Total pot $42 | Rake $0.50
Board [3d 7c 9s 2c Ah]
Seat 2: liza3008 (big blind) showed [Ad Qh] and won ($41.50) with a pair of Aces
Seat 6: stasschi (button) (small blind) mucked


PokerStars Hand #152809992372:  Hold'em Limit ($3/$6 USD) - 2016/05/03 15:39:21 ET
Table 'Fabiola' 6-max Seat #6 is the button
Seat 2: liza3008 ($169.76 in chips)
Seat 6: stasschi ($146.29 in chips)
stasschi: posts small blind $1
liza3008: posts big blind $3
*** HOLE CARDS ***
stasschi: raises $3 to $6
liza3008: folds
Uncalled bet ($3) returned to stasschi
stasschi collected $6 from pot
stasschi: doesn't show hand
*** SUMMARY ***
Total pot $6 | Rake $0
Seat 2: liza3008 (big blind) folded before Flop
Seat 6: stasschi (button) (small blind) collected ($6)


PokerStars Hand #152809988082:  Hold'em Limit ($3/$6 USD) - 2016/05/03 15:39:16 ET
Table 'Fabiola' 6-max Seat #2 is the button
Seat 2: liza3008 ($170.76 in chips)
Seat 6: stasschi ($145.29 in chips)
liza3008: posts small blind $1
stasschi: posts big blind $3
*** HOLE CARDS ***
liza3008: folds
Uncalled bet ($2) returned to stasschi
stasschi collected $2 from pot
stasschi: doesn't show hand
*** SUMMARY ***
Total pot $2 | Rake $0
Seat 2: liza3008 (button) (small blind) folded before Flop
Seat 6: stasschi (big blind) collected ($2)


PokerStars Hand #152809983289:  Hold'em Limit ($3/$6 USD) - 2016/05/03 15:39:11 ET
Table 'Fabiola' 6-max Seat #6 is the button
Seat 2: liza3008 ($173.76 in chips)
Seat 6: stasschi ($142.29 in chips)
stasschi: posts small blind $1
liza3008: posts big blind $3
*** HOLE CARDS ***
stasschi: raises $3 to $6
liza3008: folds
Uncalled bet ($3) returned to stasschi
stasschi collected $6 from pot
stasschi: doesn't show hand
*** SUMMARY ***
Total pot $6 | Rake $0
Seat 2: liza3008 (big blind) folded before Flop
Seat 6: stasschi (button) (small blind) collected ($6)


PokerStars Hand #152809977970:  Hold'em Limit ($3/$6 USD) - 2016/05/03 15:39:05 ET
Table 'Fabiola' 6-max Seat #2 is the button
Seat 2: liza3008 ($170.76 in chips)
Seat 6: stasschi ($145.29 in chips)
liza3008: posts small blind $1
stasschi: posts big blind $3
*** HOLE CARDS ***
liza3008: raises $3 to $6
stasschi: folds
Uncalled bet ($3) returned to liza3008
liza3008 collected $6 from pot
liza3008: doesn't show hand
*** SUMMARY ***
Total pot $6 | Rake $0
Seat 2: liza3008 (button) (small blind) collected ($6)
Seat 6: stasschi (big blind) folded before Flop


PokerStars Hand #152810063982:  Hold'em Limit ($3/$6 USD) - 2016/05/03 15:40:41 ET
Table 'Fabiola' 6-max Seat #6 is the button
Seat 2: liza3008 ($228.26 in chips)
Seat 6: stasschi ($86.29 in chips)
stasschi: posts small blind $1
liza3008: posts big blind $3
*** HOLE CARDS ***
stasschi: raises $3 to $6
liza3008: calls $3
*** FLOP *** [Jc 5s 8c]
liza3008: checks
stasschi: bets $3
liza3008: calls $3
*** TURN *** [Jc 5s 8c] [Ts]
liza3008: checks
stasschi: checks
*** RIVER *** [Jc 5s 8c Ts] [Qc]
liza3008: bets $6
stasschi: raises $6 to $12
liza3008: calls $6
*** SHOW DOWN ***
stasschi: shows [5c 2c] (a flush, Queen high)
liza3008: mucks hand
stasschi collected $41.50 from pot
*** SUMMARY ***
Total pot $42 | Rake $0.50
Board [Jc 5s 8c Ts Qc]
Seat 2: liza3008 (big blind) mucked
Seat 6: stasschi (button) (small blind) showed [5c 2c] and won ($41.50) with a flush, Queen high


PokerStars Hand #152810046422:  Hold'em Limit ($3/$6 USD) - 2016/05/03 15:40:21 ET
Table 'Fabiola' 6-max Seat #2 is the button
Seat 2: liza3008 ($198.76 in chips)
Seat 6: stasschi ($116.29 in chips)
liza3008: posts small blind $1
stasschi: posts big blind $3
*** HOLE CARDS ***
liza3008: raises $3 to $6
stasschi: raises $3 to $9
liza3008: calls $3
*** FLOP *** [Ac Th 9h]
stasschi: bets $3
liza3008: calls $3
*** TURN *** [Ac Th 9h] [9c]
stasschi: bets $6
liza3008: calls $6
*** RIVER *** [Ac Th 9h 9c] [2d]
stasschi: bets $6
liza3008: raises $6 to $12
stasschi: calls $6
*** SHOW DOWN ***
liza3008: shows [3s 9s] (three of a kind, Nines)
stasschi: mucks hand
liza3008 collected $59.50 from pot
*** SUMMARY ***
Total pot $60 | Rake $0.50
Board [Ac Th 9h 9c 2d]
Seat 2: liza3008 (button) (small blind) showed [3s 9s] and won ($59.50) with three of a kind, Nines
Seat 6: stasschi (big blind) mucked


PokerStars Hand #152810040978:  Hold'em Limit ($3/$6 USD) - 2016/05/03 15:40:15 ET
Table 'Fabiola' 6-max Seat #6 is the button
Seat 2: liza3008 ($197.76 in chips)
Seat 6: stasschi ($117.29 in chips)
stasschi: posts small blind $1
liza3008: posts big blind $3
*** HOLE CARDS ***
stasschi: folds
Uncalled bet ($2) returned to liza3008
liza3008 collected $2 from pot
liza3008: doesn't show hand
*** SUMMARY ***
Total pot $2 | Rake $0
Seat 2: liza3008 (big blind) collected ($2)
Seat 6: stasschi (button) (small blind) folded before Flop


PokerStars Hand #152810036538:  Hold'em Limit ($3/$6 USD) - 2016/05/03 15:40:10 ET
Table 'Fabiola' 6-max Seat #2 is the button
Seat 2: liza3008 ($198.76 in chips)
Seat 6: stasschi ($116.29 in chips)
liza3008: posts small blind $1
stasschi: posts big blind $3
*** HOLE CARDS ***
liza3008: folds
Uncalled bet ($2) returned to stasschi
stasschi collected $2 from pot
stasschi: doesn't show hand
*** SUMMARY ***
Total pot $2 | Rake $0
Seat 2: liza3008 (button) (small blind) folded before Flop
Seat 6: stasschi (big blind) collected ($2)


PokerStars Hand #152810018778:  Hold'em Limit ($3/$6 USD) - 2016/05/03 15:39:51 ET
Table 'Fabiola' 6-max Seat #6 is the button
Seat 2: liza3008 ($184.26 in chips)
Seat 6: stasschi ($131.29 in chips)
stasschi: posts small blind $1
liza3008: posts big blind $3
*** HOLE CARDS ***
stasschi: raises $3 to $6
liza3008: calls $3
*** FLOP *** [2h 3s 6c]
liza3008: checks
stasschi: bets $3
liza3008: calls $3
*** TURN *** [2h 3s 6c] [2s]
liza3008: checks
stasschi: bets $6
liza3008: calls $6
*** RIVER *** [2h 3s 6c 2s] [4h]
liza3008: checks
stasschi: checks
*** SHOW DOWN ***
liza3008: shows [Jc Ad] (a pair of Deuces)
stasschi: mucks hand
liza3008 collected $29.50 from pot
*** SUMMARY ***
Total pot $30 | Rake $0.50
Board [2h 3s 6c 2s 4h]
Seat 2: liza3008 (big blind) showed [Jc Ad] and won ($29.50) with a pair of Deuces
Seat 6: stasschi (button) (small blind) mucked


PokerStars Hand #152810129241:  Hold'em Limit ($3/$6 USD) - 2016/05/03 15:41:53 ET
Table 'Fabiola' 6-max Seat #6 is the button
Seat 2: liza3008 ($218.76 in chips)
Seat 6: stasschi ($94.29 in chips)
stasschi: posts small blind $1
liza3008: posts big blind $3
*** HOLE CARDS ***
stasschi: raises $3 to $6
liza3008: folds
Uncalled bet ($3) returned to stasschi
stasschi collected $6 from pot
stasschi: doesn't show hand
*** SUMMARY ***
Total pot $6 | Rake $0
Seat 2: liza3008 (big blind) folded before Flop
Seat 6: stasschi (button) (small blind) collected ($6)


PokerStars Hand #152810124683:  Hold'em Limit ($3/$6 USD) - 2016/05/03 15:41:48 ET
Table 'Fabiola' 6-max Seat #2 is the button
Seat 2: liza3008 ($219.76 in chips)
Seat 6: stasschi ($93.29 in chips)
liza3008: posts small blind $1
stasschi: posts big blind $3
*** HOLE CARDS ***
liza3008: folds
Uncalled bet ($2) returned to stasschi
stasschi collected $2 from pot
stasschi: doesn't show hand
*** SUMMARY ***
Total pot $2 | Rake $0
Seat 2: liza3008 (button) (small blind) folded before Flop
Seat 6: stasschi (big blind) collected ($2)


PokerStars Hand #152810108248:  Hold'em Limit ($3/$6 USD) - 2016/05/03 15:41:30 ET
Table 'Fabiola' 6-max Seat #6 is the button
Seat 2: liza3008 ($234.76 in chips)
Seat 6: stasschi ($78.79 in chips)
stasschi: posts small blind $1
liza3008: posts big blind $3
*** HOLE CARDS ***
stasschi: raises $3 to $6
liza3008: calls $3
*** FLOP *** [5h 6s 4h]
liza3008: checks
stasschi: bets $3
liza3008: calls $3
*** TURN *** [5h 6s 4h] [6c]
liza3008: checks
stasschi: checks
*** RIVER *** [5h 6s 4h 6c] [7c]
liza3008: bets $6
stasschi: raises $6 to $12
liza3008: folds
Uncalled bet ($6) returned to stasschi
stasschi collected $29.50 from pot
stasschi: doesn't show hand
*** SUMMARY ***
Total pot $30 | Rake $0.50
Board [5h 6s 4h 6c 7c]
Seat 2: liza3008 (big blind) folded on the River
Seat 6: stasschi (button) (small blind) collected ($29.50)


PokerStars Hand #152810104101:  Hold'em Limit ($3/$6 USD) - 2016/05/03 15:41:25 ET
Table 'Fabiola' 6-max Seat #2 is the button
Seat 2: liza3008 ($235.76 in chips)
Seat 6: stasschi ($77.79 in chips)
liza3008: posts small blind $1
stasschi: posts big blind $3
*** HOLE CARDS ***
liza3008: folds
Uncalled bet ($2) returned to stasschi
stasschi collected $2 from pot
stasschi: doesn't show hand
*** SUMMARY ***
Total pot $2 | Rake $0
Seat 2: liza3008 (button) (small blind) folded before Flop
Seat 6: stasschi (big blind) collected ($2)


PokerStars Hand #152810085321:  Hold'em Limit ($3/$6 USD) - 2016/05/03 15:41:04 ET
Table 'Fabiola' 6-max Seat #6 is the button
Seat 2: liza3008 ($206.26 in chips)
Seat 6: stasschi ($107.79 in chips)
stasschi: posts small blind $1
liza3008: posts big blind $3
*** HOLE CARDS ***
stasschi: raises $3 to $6
liza3008: raises $3 to $9
stasschi: calls $3
*** FLOP *** [7c 2c Th]
liza3008: bets $3
stasschi: raises $3 to $6
liza3008: raises $3 to $9
stasschi: calls $3
*** TURN *** [7c 2c Th] [As]
liza3008: bets $6
stasschi: calls $6
*** RIVER *** [7c 2c Th As] [Jh]
liza3008: bets $6
stasschi: calls $6
*** SHOW DOWN ***
liza3008: shows [Qh Qc] (a pair of Queens)
stasschi: mucks hand
liza3008 collected $59.50 from pot
*** SUMMARY ***
Total pot $60 | Rake $0.50
Board [7c 2c Th As Jh]
Seat 2: liza3008 (big blind) showed [Qh Qc] and won ($59.50) with a pair of Queens
Seat 6: stasschi (button) (small blind) mucked


PokerStars Hand #152810080988:  Hold'em Limit ($3/$6 USD) - 2016/05/03 15:40:59 ET
Table 'Fabiola' 6-max Seat #2 is the button
Seat 2: liza3008 ($207.26 in chips)
Seat 6: stasschi ($106.79 in chips)
liza3008: posts small blind $1
stasschi: posts big blind $3
*** HOLE CARDS ***
liza3008: folds
Uncalled bet ($2) returned to stasschi
stasschi collected $2 from pot
stasschi: doesn't show hand
*** SUMMARY ***
Total pot $2 | Rake $0
Seat 2: liza3008 (button) (small blind) folded before Flop
Seat 6: stasschi (big blind) collected ($2)


PokerStars Hand #152810177787:  Hold'em Limit ($3/$6 USD) - 2016/05/03 15:42:47 ET
Table 'Fabiola' 6-max Seat #2 is the button
Seat 2: liza3008 ($211.52 in chips)
Seat 6: stasschi ($101.05 in chips)
liza3008: posts small blind $1
stasschi: posts big blind $3
*** HOLE CARDS ***
liza3008: folds
Uncalled bet ($2) returned to stasschi
stasschi collected $2 from pot
stasschi: doesn't show hand
*** SUMMARY ***
Total pot $2 | Rake $0
Seat 2: liza3008 (button) (small blind) folded before Flop
Seat 6: stasschi (big blind) collected ($2)


PokerStars Hand #152810167958:  Hold'em Limit ($3/$6 USD) - 2016/05/03 15:42:36 ET
Table 'Fabiola' 6-max Seat #6 is the button
Seat 2: liza3008 ($217.52 in chips)
Seat 6: stasschi ($95.29 in chips)
stasschi: posts small blind $1
liza3008: posts big blind $3
*** HOLE CARDS ***
stasschi: raises $3 to $6
liza3008: calls $3
*** FLOP *** [4d As Td]
liza3008: checks
stasschi: bets $3
liza3008: folds
Uncalled bet ($3) returned to stasschi
stasschi collected $11.76 from pot
stasschi: doesn't show hand
*** SUMMARY ***
Total pot $12 | Rake $0.24
Board [4d As Td]
Seat 2: liza3008 (big blind) folded on the Flop
Seat 6: stasschi (button) (small blind) collected ($11.76)


PokerStars Hand #152810163337:  Hold'em Limit ($3/$6 USD) - 2016/05/03 15:42:31 ET
Table 'Fabiola' 6-max Seat #2 is the button
Seat 2: liza3008 ($218.52 in chips)
Seat 6: stasschi ($94.29 in chips)
liza3008: posts small blind $1
stasschi: posts big blind $3
*** HOLE CARDS ***
liza3008: folds
Uncalled bet ($2) returned to stasschi
stasschi collected $2 from pot
stasschi: doesn't show hand
*** SUMMARY ***
Total pot $2 | Rake $0
Seat 2: liza3008 (button) (small blind) folded before Flop
Seat 6: stasschi (big blind) collected ($2)


PokerStars Hand #152810158455:  Hold'em Limit ($3/$6 USD) - 2016/05/03 15:42:25 ET
Table 'Fabiola' 6-max Seat #6 is the button
Seat 2: liza3008 ($221.52 in chips)
Seat 6: stasschi ($91.29 in chips)
stasschi: posts small blind $1
liza3008: posts big blind $3
*** HOLE CARDS ***
stasschi: raises $3 to $6
liza3008: folds
Uncalled bet ($3) returned to stasschi
stasschi collected $6 from pot
stasschi: doesn't show hand
*** SUMMARY ***
Total pot $6 | Rake $0
Seat 2: liza3008 (big blind) folded before Flop
Seat 6: stasschi (button) (small blind) collected ($6)


PokerStars Hand #152810144883:  Hold'em Limit ($3/$6 USD) - 2016/05/03 15:42:10 ET
Table 'Fabiola' 6-max Seat #2 is the button
Seat 2: liza3008 ($215.76 in chips)
Seat 6: stasschi ($97.29 in chips)
liza3008: posts small blind $1
stasschi: posts big blind $3
*** HOLE CARDS ***
liza3008: raises $3 to $6
stasschi: calls $3
*** FLOP *** [3d 5c Ad]
stasschi: checks
liza3008: bets $3
stasschi: folds
Uncalled bet ($3) returned to liza3008
liza3008 collected $11.76 from pot
liza3008: doesn't show hand
*** SUMMARY ***
Total pot $12 | Rake $0.24
Board [3d 5c Ad]
Seat 2: liza3008 (button) (small blind) collected ($11.76)
Seat 6: stasschi (big blind) folded on the Flop


PokerStars Hand #152810140357:  Hold'em Limit ($3/$6 USD) - 2016/05/03 15:42:05 ET
Table 'Fabiola' 6-max Seat #6 is the button
Seat 2: liza3008 ($218.76 in chips)
Seat 6: stasschi ($94.29 in chips)
stasschi: posts small blind $1
liza3008: posts big blind $3
*** HOLE CARDS ***
stasschi: raises $3 to $6
liza3008: folds
Uncalled bet ($3) returned to stasschi
stasschi collected $6 from pot
stasschi: doesn't show hand
*** SUMMARY ***
Total pot $6 | Rake $0
Seat 2: liza3008 (big blind) folded before Flop
Seat 6: stasschi (button) (small blind) collected ($6)


PokerStars Hand #152810134907:  Hold'em Limit ($3/$6 USD) - 2016/05/03 15:41:59 ET
Table 'Fabiola' 6-max Seat #2 is the button
Seat 2: liza3008 ($215.76 in chips)
Seat 6: stasschi ($97.29 in chips)
liza3008: posts small blind $1
stasschi: posts big blind $3
*** HOLE CARDS ***
liza3008: raises $3 to $6
stasschi: folds
Uncalled bet ($3) returned to liza3008
liza3008 collected $6 from pot
liza3008: doesn't show hand
*** SUMMARY ***
Total pot $6 | Rake $0
Seat 2: liza3008 (button) (small blind) collected ($6)
Seat 6: stasschi (big blind) folded before Flop


PokerStars Hand #152810201637:  Hold'em Limit ($3/$6 USD) - 2016/05/03 15:43:13 ET
Table 'Fabiola' 6-max Seat #6 is the button
Seat 2: liza3008 ($218.16 in chips)
Seat 6: stasschi ($94.05 in chips)
stasschi: posts small blind $1
liza3008: posts big blind $3
*** HOLE CARDS ***
stasschi: raises $3 to $6
liza3008: calls $3
*** FLOP *** [6c 5d Kd]
liza3008: checks
stasschi: bets $3
liza3008: calls $3
*** TURN *** [6c 5d Kd] [7d]
liza3008: checks
stasschi: checks
*** RIVER *** [6c 5d Kd 7d] [3s]
liza3008: checks
stasschi: checks
*** SHOW DOWN ***
liza3008: shows [Qc Jc] (high card King)
stasschi: shows [Jd Qs] (high card King)
liza3008 collected $8.82 from pot
stasschi collected $8.82 from pot
*** SUMMARY ***
Total pot $18 | Rake $0.36
Board [6c 5d Kd 7d 3s]
Seat 2: liza3008 (big blind) showed [Qc Jc] and won ($8.82) with high card King
Seat 6: stasschi (button) (small blind) showed [Jd Qs] and won ($8.82) with high card King


PokerStars Hand #152810197226:  Hold'em Limit ($3/$6 USD) - 2016/05/03 15:43:08 ET
Table 'Fabiola' 6-max Seat #2 is the button
Seat 2: liza3008 ($219.16 in chips)
Seat 6: stasschi ($93.05 in chips)
liza3008: posts small blind $1
stasschi: posts big blind $3
*** HOLE CARDS ***
liza3008: folds
Uncalled bet ($2) returned to stasschi
stasschi collected $2 from pot
stasschi: doesn't show hand
*** SUMMARY ***
Total pot $2 | Rake $0
Seat 2: liza3008 (button) (small blind) folded before Flop
Seat 6: stasschi (big blind) collected ($2)


PokerStars Hand #152810231982:  Hold'em Limit ($3/$6 USD) - 2016/05/03 15:43:47 ET
Table 'Fabiola' 6-max Seat #6 is the button
Seat 2: liza3008 ($235.48 in chips)
Seat 6: stasschi ($75.87 in chips)
stasschi: posts small blind $1
liza3008: posts big blind $3
*** HOLE CARDS ***
stasschi: raises $3 to $6
liza3008: calls $3
*** FLOP *** [Qs 6d 6c]
liza3008: checks
stasschi: checks
*** TURN *** [Qs 6d 6c] [4c]
liza3008: checks
stasschi: checks
*** RIVER *** [Qs 6d 6c 4c] [3s]
liza3008: checks
stasschi: checks
*** SHOW DOWN ***
liza3008: shows [8s 7h] (a pair of Sixes)
stasschi: shows [8c Tc] (a pair of Sixes - Queen+Ten kicker)
stasschi collected $11.76 from pot
*** SUMMARY ***
Total pot $12 | Rake $0.24
Board [Qs 6d 6c 4c 3s]
Seat 2: liza3008 (big blind) showed [8s 7h] and lost with a pair of Sixes
Seat 6: stasschi (button) (small blind) showed [8c Tc] and won ($11.76) with a pair of Sixes


PokerStars Hand #152810181997:  Hold'em Limit ($3/$6 USD) - 2016/05/03 15:42:51 ET
Table 'Fabiola' 6-max Seat #6 is the button
Seat 2: liza3008 ($210.52 in chips)
Seat 6: stasschi ($102.05 in chips)
stasschi: posts small blind $1
liza3008: posts big blind $3
*** HOLE CARDS ***
stasschi: raises $3 to $6
liza3008: calls $3
*** FLOP *** [Kh 2h Kd]
liza3008: checks
stasschi: bets $3
liza3008: calls $3
*** TURN *** [Kh 2h Kd] [Jh]
liza3008: checks
stasschi: checks
*** RIVER *** [Kh 2h Kd Jh] [8h]
liza3008: checks
stasschi: checks
*** SHOW DOWN ***
liza3008: shows [Ks 4d] (three of a kind, Kings)
stasschi: mucks hand
liza3008 collected $17.64 from pot
*** SUMMARY ***
Total pot $18 | Rake $0.36
Board [Kh 2h Kd Jh 8h]
Seat 2: liza3008 (big blind) showed [Ks 4d] and won ($17.64) with three of a kind, Kings
Seat 6: stasschi (button) (small blind) mucked


PokerStars Hand #152810216013:  Hold'em Limit ($3/$6 USD) - 2016/05/03 15:43:29 ET
Table 'Fabiola' 6-max Seat #2 is the button
Seat 2: liza3008 ($217.98 in chips)
Seat 6: stasschi ($93.87 in chips)
liza3008: posts small blind $1
stasschi: posts big blind $3
*** HOLE CARDS ***
liza3008: raises $3 to $6
stasschi: raises $3 to $9
liza3008: calls $3
*** FLOP *** [Qd Ah 7c]
stasschi: bets $3
liza3008: calls $3
*** TURN *** [Qd Ah 7c] [Ks]
stasschi: bets $6
liza3008: calls $6
*** RIVER *** [Qd Ah 7c Ks] [9d]
stasschi: checks
liza3008: checks
*** SHOW DOWN ***
stasschi: shows [5h 3h] (high card Ace)
liza3008: shows [Qs 2s] (a pair of Queens)
liza3008 collected $35.50 from pot
*** SUMMARY ***
Total pot $36 | Rake $0.50
Board [Qd Ah 7c Ks 9d]
Seat 2: liza3008 (button) (small blind) showed [Qs 2s] and won ($35.50) with a pair of Queens
Seat 6: stasschi (big blind) showed [5h 3h] and lost with high card Ace


PokerStars Hand #152810245865:  Hold'em Limit ($3/$6 USD) - 2016/05/03 15:44:02 ET
Table 'Fabiola' 6-max Seat #2 is the button
Seat 2: liza3008 ($229.48 in chips)
Seat 6: stasschi ($81.63 in chips)
liza3008: posts small blind $1
stasschi: posts big blind $3
*** HOLE CARDS ***
liza3008: folds
Uncalled bet ($2) returned to stasschi
stasschi collected $2 from pot
stasschi: doesn't show hand
*** SUMMARY ***
Total pot $2 | Rake $0
Seat 2: liza3008 (button) (small blind) folded before Flop
Seat 6: stasschi (big blind) collected ($2)


PokerStars Hand #152810281961:  Hold'em Limit ($3/$6 USD) - 2016/05/03 15:44:42 ET
Table 'Fabiola' 6-max Seat #2 is the button
Seat 2: liza3008 ($227.12 in chips)
Seat 6: stasschi ($83.27 in chips)
liza3008: posts small blind $1
stasschi: posts big blind $3
*** HOLE CARDS ***
Great_Kang joins the table at seat #4
liza3008: raises $3 to $6
stasschi: folds
Uncalled bet ($3) returned to liza3008
liza3008 collected $6 from pot
liza3008: doesn't show hand
*** SUMMARY ***
Total pot $6 | Rake $0
Seat 2: liza3008 (button) (small blind) collected ($6)
Seat 6: stasschi (big blind) folded before Flop


PokerStars Hand #152810267377:  Hold'em Limit ($3/$6 USD) - 2016/05/03 15:44:26 ET
Table 'Fabiola' 6-max Seat #6 is the button
Seat 2: liza3008 ($218.48 in chips)
Seat 6: stasschi ($92.27 in chips)
stasschi: posts small blind $1
liza3008: posts big blind $3
*** HOLE CARDS ***
stasschi: raises $3 to $6
liza3008: calls $3
*** FLOP *** [Ah Qd Td]
liza3008: checks
stasschi: bets $3
liza3008: calls $3
*** TURN *** [Ah Qd Td] [4d]
liza3008: checks
stasschi: checks
*** RIVER *** [Ah Qd Td 4d] [Jc]
liza3008: bets $6
stasschi: folds
Uncalled bet ($6) returned to liza3008
liza3008 collected $17.64 from pot
liza3008: doesn't show hand
*** SUMMARY ***
Total pot $18 | Rake $0.36
Board [Ah Qd Td 4d Jc]
Seat 2: liza3008 (big blind) collected ($17.64)
Seat 6: stasschi (button) (small blind) folded on the River


PokerStars Hand #152810250197:  Hold'em Limit ($3/$6 USD) - 2016/05/03 15:44:07 ET
Table 'Fabiola' 6-max Seat #6 is the button
Seat 2: liza3008 ($228.48 in chips)
Seat 6: stasschi ($82.63 in chips)
stasschi: posts small blind $1
liza3008: posts big blind $3
*** HOLE CARDS ***
stasschi: raises $3 to $6
liza3008: calls $3
*** FLOP *** [9h 3d 2s]
liza3008: checks
stasschi: bets $3
liza3008: calls $3
*** TURN *** [9h 3d 2s] [4d]
liza3008: checks
stasschi: bets $6
liza3008: folds
Uncalled bet ($6) returned to stasschi
stasschi collected $17.64 from pot
stasschi: doesn't show hand
*** SUMMARY ***
Total pot $18 | Rake $0.36
Board [9h 3d 2s 4d]
Seat 2: liza3008 (big blind) folded on the Turn
Seat 6: stasschi (button) (small blind) collected ($17.64)


PokerStars Hand #152810262692:  Hold'em Limit ($3/$6 USD) - 2016/05/03 15:44:21 ET
Table 'Fabiola' 6-max Seat #2 is the button
Seat 2: liza3008 ($219.48 in chips)
Seat 6: stasschi ($91.27 in chips)
liza3008: posts small blind $1
stasschi: posts big blind $3
*** HOLE CARDS ***
liza3008: folds
Uncalled bet ($2) returned to stasschi
stasschi collected $2 from pot
stasschi: doesn't show hand
*** SUMMARY ***
Total pot $2 | Rake $0
Seat 2: liza3008 (button) (small blind) folded before Flop
Seat 6: stasschi (big blind) collected ($2)


PokerStars Hand #152810287491:  Hold'em Limit ($3/$6 USD) - 2016/05/03 15:44:48 ET
Table 'Fabiola' 6-max Seat #6 is the button
Seat 2: liza3008 ($230.12 in chips)
Seat 6: stasschi ($80.27 in chips)
stasschi: posts small blind $1
liza3008: posts big blind $3
*** HOLE CARDS ***
stasschi: raises $3 to $6
liza3008: calls $3
*** FLOP *** [Kc Qc Tc]
liza3008: checks
stasschi: bets $3
liza3008: calls $3
*** TURN *** [Kc Qc Tc] [8c]
liza3008: checks
stasschi: checks
*** RIVER *** [Kc Qc Tc 8c] [2s]
liza3008: checks
stasschi: checks
*** SHOW DOWN ***
liza3008: shows [Qs 9h] (a pair of Queens)
stasschi: mucks hand
liza3008 collected $17.64 from pot
*** SUMMARY ***
Total pot $18 | Rake $0.36
Board [Kc Qc Tc 8c 2s]
Seat 2: liza3008 (big blind) showed [Qs 9h] and won ($17.64) with a pair of Queens
Seat 6: stasschi (button) (small blind) mucked


PokerStars Hand #152810653240:  Hold'em Limit ($3/$6 USD) - 2016/05/03 15:51:40 ET
Table 'Fabiola' 6-max Seat #4 is the button
Seat 1: LolDnkaments ($92.53 in chips)
Seat 4: Great_Kang ($120 in chips)
Great_Kang: posts small blind $1
stasschi: is sitting out
LolDnkaments: posts big blind $3
*** HOLE CARDS ***
Great_Kang: folds
Uncalled bet ($2) returned to LolDnkaments
LolDnkaments collected $2 from pot
LolDnkaments: doesn't show hand
*** SUMMARY ***
Total pot $2 | Rake $0
Seat 1: LolDnkaments (big blind) collected ($2)
Seat 4: Great_Kang (button) (small blind) folded before Flop


