PokerStars Hand #165183407086:  Hold'em Limit ($3/$6 USD) - 2017/01/26 3:54:54 ET
Table 'Fabiola' 6-max Seat #3 is the button
Seat 1: kaz2y5 ($123.50 in chips)
Seat 3: BugerDV ($48 in chips)
BugerDV: posts small blind $1
kaz2y5: posts big blind $3
*** HOLE CARDS ***
Luanto 14 joins the table at seat #4
BugerDV: raises $3 to $6
kaz2y5: folds
Uncalled bet ($3) returned to BugerDV
BugerDV collected $6 from pot
BugerDV: doesn't show hand
*** SUMMARY ***
Total pot $6 | Rake $0
Seat 1: kaz2y5 (big blind) folded before Flop
Seat 3: BugerDV (button) (small blind) collected ($6)


PokerStars Hand #165183398094:  Hold'em Limit ($3/$6 USD) - 2017/01/26 3:54:27 ET
Table 'Fabiola' 6-max Seat #1 is the button
Seat 1: kaz2y5 ($100 in chips)
Seat 3: BugerDV ($72 in chips)
kaz2y5: posts small blind $1
BugerDV: posts big blind $3
*** HOLE CARDS ***
kaz2y5: raises $3 to $6
BugerDV: calls $3
*** FLOP *** [6c Jc Th]
BugerDV: checks
kaz2y5: checks
*** TURN *** [6c Jc Th] [Ac]
BugerDV: bets $6
kaz2y5: raises $6 to $12
BugerDV: calls $6
*** RIVER *** [6c Jc Th Ac] [Qd]
nashasila joins the table at seat #2
BugerDV: checks
kaz2y5: bets $6
BugerDV: calls $6
*** SHOW DOWN ***
kaz2y5: shows [4d Qh] (a pair of Queens)
BugerDV: mucks hand
kaz2y5 collected $47.50 from pot
*** SUMMARY ***
Total pot $48 | Rake $0.50
Board [6c Jc Th Ac Qd]
Seat 1: kaz2y5 (button) (small blind) showed [4d Qh] and won ($47.50) with a pair of Queens
Seat 3: BugerDV (big blind) mucked


PokerStars Hand #165183394103:  Hold'em Limit ($3/$6 USD) - 2017/01/26 3:54:15 ET
Table 'Fabiola' 6-max Seat #3 is the button
Seat 1: kaz2y5 ($103 in chips)
Seat 3: BugerDV ($69 in chips)
BugerDV: posts small blind $1
kaz2y5: posts big blind $3
*** HOLE CARDS ***
BugerDV: raises $3 to $6
kaz2y5: folds
Uncalled bet ($3) returned to BugerDV
BugerDV collected $6 from pot
BugerDV: doesn't show hand
*** SUMMARY ***
Total pot $6 | Rake $0
Seat 1: kaz2y5 (big blind) folded before Flop
Seat 3: BugerDV (button) (small blind) collected ($6)


PokerStars Hand #165183385974:  Hold'em Limit ($3/$6 USD) - 2017/01/26 3:53:51 ET
Table 'Fabiola' 6-max Seat #1 is the button
Seat 1: kaz2y5 ($100 in chips)
Seat 3: BugerDV ($72 in chips)
kaz2y5: posts small blind $1
BugerDV: posts big blind $3
*** HOLE CARDS ***
kaz2y5: raises $3 to $6
BugerDV: folds
Uncalled bet ($3) returned to kaz2y5
kaz2y5 collected $6 from pot
*** SUMMARY ***
Total pot $6 | Rake $0
Seat 1: kaz2y5 (button) (small blind) collected ($6)
Seat 3: BugerDV (big blind) folded before Flop


PokerStars Hand #165184577450:  Hold'em Limit ($3/$6 USD) - 2017/01/26 4:49:26 ET
Table 'Fabiola' 6-max Seat #2 is the button
Seat 2: Ale4o ($94 in chips)
Seat 4: Luanto 14 ($301.87 in chips)
Ale4o: posts small blind $1
BugerDV: is sitting out
Luanto 14: posts big blind $3
*** HOLE CARDS ***
Ale4o: raises $3 to $6
Luanto 14: calls $3
*** FLOP *** [Kc 4c Th]
Luanto 14: checks
Ale4o: bets $3
Luanto 14: folds
Uncalled bet ($3) returned to Ale4o
Ale4o collected $11.76 from pot
Ale4o: doesn't show hand
*** SUMMARY ***
Total pot $12 | Rake $0.24
Board [Kc 4c Th]
Seat 2: Ale4o (button) (small blind) collected ($11.76)
Seat 4: Luanto 14 (big blind) folded on the Flop


PokerStars Hand #165184592338:  Hold'em Limit ($3/$6 USD) - 2017/01/26 4:50:04 ET
Table 'Fabiola' 6-max Seat #4 is the button
Seat 3: BugerDV ($118.27 in chips)
Seat 4: Luanto 14 ($295.87 in chips)
Luanto 14: posts small blind $1
BugerDV: posts big blind $3
*** HOLE CARDS ***
Luanto 14: raises $3 to $6
BugerDV: calls $3
*** FLOP *** [5c 5s Td]
BugerDV: checks
Luanto 14: bets $3
BugerDV: calls $3
*** TURN *** [5c 5s Td] [Qs]
BugerDV: checks
Luanto 14: bets $6
BugerDV: raises $6 to $12
Luanto 14: calls $6
*** RIVER *** [5c 5s Td Qs] [3c]
BugerDV: bets $6
Luanto 14: calls $6
*** SHOW DOWN ***
BugerDV: shows [2s 6s] (a pair of Fives)
Luanto 14: shows [Kd Ac] (a pair of Fives - Ace kicker)
Luanto 14 collected $53.50 from pot
*** SUMMARY ***
Total pot $54 | Rake $0.50
Board [5c 5s Td Qs 3c]
Seat 3: BugerDV (big blind) showed [2s 6s] and lost with a pair of Fives
Seat 4: Luanto 14 (button) (small blind) showed [Kd Ac] and won ($53.50) with a pair of Fives


PokerStars Hand #165184615189:  Hold'em Limit ($3/$6 USD) - 2017/01/26 4:51:04 ET
Table 'Fabiola' 6-max Seat #3 is the button
Seat 3: BugerDV ($106.77 in chips)
Seat 4: Luanto 14 ($306.37 in chips)
BugerDV: posts small blind $1
Luanto 14: posts big blind $3
*** HOLE CARDS ***
BugerDV: raises $3 to $6
Luanto 14: calls $3
*** FLOP *** [5h 4h 6s]
Luanto 14: checks
BugerDV: checks
*** TURN *** [5h 4h 6s] [Jc]
Luanto 14: bets $6
BugerDV: raises $6 to $12
Luanto 14: folds
Uncalled bet ($6) returned to BugerDV
BugerDV collected $23.52 from pot
BugerDV: doesn't show hand
*** SUMMARY ***
Total pot $24 | Rake $0.48
Board [5h 4h 6s Jc]
Seat 3: BugerDV (button) (small blind) collected ($23.52)
Seat 4: Luanto 14 (big blind) folded on the Turn


PokerStars Hand #165184601051:  Hold'em Limit ($3/$6 USD) - 2017/01/26 4:50:27 ET
Table 'Fabiola' 6-max Seat #3 is the button
Seat 3: BugerDV ($91.27 in chips)
Seat 4: Luanto 14 ($322.37 in chips)
BugerDV: posts small blind $1
Luanto 14: posts big blind $3
*** HOLE CARDS ***
BugerDV: raises $3 to $6
Luanto 14: calls $3
*** FLOP *** [9h 8s 7d]
Luanto 14: checks
BugerDV: bets $3
Luanto 14: calls $3
*** TURN *** [9h 8s 7d] [8h]
Luanto 14: checks
BugerDV: bets $6
Luanto 14: calls $6
*** RIVER *** [9h 8s 7d 8h] [3h]
Luanto 14: checks
BugerDV: checks
*** SHOW DOWN ***
Luanto 14: shows [Kc Qc] (a pair of Eights)
BugerDV: shows [Ac Ts] (a pair of Eights - Ace kicker)
BugerDV collected $29.50 from pot
*** SUMMARY ***
Total pot $30 | Rake $0.50
Board [9h 8s 7d 8h 3h]
Seat 3: BugerDV (button) (small blind) showed [Ac Ts] and won ($29.50) with a pair of Eights
Seat 4: Luanto 14 (big blind) showed [Kc Qc] and lost with a pair of Eights


PokerStars Hand #165184626025:  Hold'em Limit ($3/$6 USD) - 2017/01/26 4:51:32 ET
Table 'Fabiola' 6-max Seat #4 is the button
Seat 3: BugerDV ($118.29 in chips)
Seat 4: Luanto 14 ($294.37 in chips)
Luanto 14: posts small blind $1
BugerDV: posts big blind $3
*** HOLE CARDS ***
Luanto 14: raises $3 to $6
BugerDV: calls $3
*** FLOP *** [2s 7h 5s]
BugerDV: checks
Luanto 14: bets $3
BugerDV: calls $3
*** TURN *** [2s 7h 5s] [6s]
BugerDV: bets $6
Luanto 14: calls $6
*** RIVER *** [2s 7h 5s 6s] [8d]
BugerDV: checks
Luanto 14: bets $6
BugerDV: calls $6
*** SHOW DOWN ***
Luanto 14: shows [Qs 8c] (a pair of Eights)
BugerDV: mucks hand
Luanto 14 collected $41.50 from pot
*** SUMMARY ***
Total pot $42 | Rake $0.50
Board [2s 7h 5s 6s 8d]
Seat 3: BugerDV (big blind) mucked
Seat 4: Luanto 14 (button) (small blind) showed [Qs 8c] and won ($41.50) with a pair of Eights


PokerStars Hand #165184633556:  Hold'em Limit ($3/$6 USD) - 2017/01/26 4:51:52 ET
Table 'Fabiola' 6-max Seat #3 is the button
Seat 3: BugerDV ($97.29 in chips)
Seat 4: Luanto 14 ($314.87 in chips)
BugerDV: posts small blind $1
Luanto 14: posts big blind $3
*** HOLE CARDS ***
BugerDV: raises $3 to $6
Luanto 14: calls $3
*** FLOP *** [Qd 5c 3d]
Luanto 14: checks
BugerDV: bets $3
Luanto 14: calls $3
*** TURN *** [Qd 5c 3d] [Kd]
Luanto 14: checks
BugerDV: bets $6
Luanto 14: calls $6
*** RIVER *** [Qd 5c 3d Kd] [Jc]
Luanto 14: checks
BugerDV: bets $6
Luanto 14: folds
Uncalled bet ($6) returned to BugerDV
BugerDV collected $29.50 from pot
BugerDV: doesn't show hand
*** SUMMARY ***
Total pot $30 | Rake $0.50
Board [Qd 5c 3d Kd Jc]
Seat 3: BugerDV (button) (small blind) collected ($29.50)
Seat 4: Luanto 14 (big blind) folded on the River


PokerStars Hand #165184622154:  Hold'em Limit ($3/$6 USD) - 2017/01/26 4:51:22 ET
Table 'Fabiola' 6-max Seat #4 is the button
Seat 3: BugerDV ($118.29 in chips)
Seat 4: Luanto 14 ($294.37 in chips)
Luanto 14: posts small blind $1
BugerDV: posts big blind $3
*** HOLE CARDS ***
Luanto 14: folds
Uncalled bet ($2) returned to BugerDV
BugerDV collected $2 from pot
BugerDV: doesn't show hand
*** SUMMARY ***
Total pot $2 | Rake $0
Seat 3: BugerDV (big blind) collected ($2)
Seat 4: Luanto 14 (button) (small blind) folded before Flop


PokerStars Hand #165184646662:  Hold'em Limit ($3/$6 USD) - 2017/01/26 4:52:26 ET
Table 'Fabiola' 6-max Seat #3 is the button
Seat 3: BugerDV ($108.79 in chips)
Seat 4: Luanto 14 ($302.87 in chips)
BugerDV: posts small blind $1
Luanto 14: posts big blind $3
*** HOLE CARDS ***
BugerDV: raises $3 to $6
Luanto 14: calls $3
*** FLOP *** [Ad Qh Jh]
Luanto 14: checks
BugerDV: bets $3
Luanto 14: raises $3 to $6
BugerDV: calls $3
*** TURN *** [Ad Qh Jh] [2h]
Luanto 14: bets $6
BugerDV: calls $6
*** RIVER *** [Ad Qh Jh 2h] [9h]
rizzi008 joins the table at seat #1
Luanto 14: checks
BugerDV: checks
*** SHOW DOWN ***
Luanto 14: shows [As 3d] (a pair of Aces)
BugerDV: mucks hand
Luanto 14 collected $35.50 from pot
*** SUMMARY ***
Total pot $36 | Rake $0.50
Board [Ad Qh Jh 2h 9h]
Seat 3: BugerDV (button) (small blind) mucked
Seat 4: Luanto 14 (big blind) showed [As 3d] and won ($35.50) with a pair of Aces


PokerStars Hand #165184644403:  Hold'em Limit ($3/$6 USD) - 2017/01/26 4:52:20 ET
Table 'Fabiola' 6-max Seat #4 is the button
Seat 3: BugerDV ($111.79 in chips)
Seat 4: Luanto 14 ($299.87 in chips)
Luanto 14: posts small blind $1
BugerDV: posts big blind $3
*** HOLE CARDS ***
Luanto 14: raises $3 to $6
BugerDV: folds
Uncalled bet ($3) returned to Luanto 14
Luanto 14 collected $6 from pot
Luanto 14: doesn't show hand
*** SUMMARY ***
Total pot $6 | Rake $0
Seat 3: BugerDV (big blind) folded before Flop
Seat 4: Luanto 14 (button) (small blind) collected ($6)


PokerStars Hand #165184743470:  Hold'em Limit ($3/$6 USD) - 2017/01/26 4:56:46 ET
Table 'Fabiola' 6-max Seat #3 is the button
Seat 3: BugerDV ($135.12 in chips)
Seat 4: Luanto 14 ($343.36 in chips)
BugerDV: posts small blind $1
Luanto 14: posts big blind $3
*** HOLE CARDS ***
BugerDV: raises $3 to $6
Luanto 14: calls $3
*** FLOP *** [6c 7d 7c]
Luanto 14: checks
BugerDV: checks
*** TURN *** [6c 7d 7c] [4s]
Luanto 14: checks
BugerDV: bets $6
Luanto 14: calls $6
*** RIVER *** [6c 7d 7c 4s] [7h]
Luanto 14: checks
BugerDV: bets $6
Luanto 14: calls $6
*** SHOW DOWN ***
BugerDV: shows [2d 3d] (three of a kind, Sevens)
Luanto 14: shows [8c Ks] (three of a kind, Sevens - King kicker)
Luanto 14 collected $35.50 from pot
*** SUMMARY ***
Total pot $36 | Rake $0.50
Board [6c 7d 7c 4s 7h]
Seat 3: BugerDV (button) (small blind) showed [2d 3d] and lost with three of a kind, Sevens
Seat 4: Luanto 14 (big blind) showed [8c Ks] and won ($35.50) with three of a kind, Sevens


PokerStars Hand #165184752144:  Hold'em Limit ($3/$6 USD) - 2017/01/26 4:57:11 ET
Table 'Fabiola' 6-max Seat #4 is the button
Seat 3: BugerDV ($117.12 in chips)
Seat 4: Luanto 14 ($360.86 in chips)
Luanto 14: posts small blind $1
BugerDV: posts big blind $3
*** HOLE CARDS ***
Luanto 14: folds
Uncalled bet ($2) returned to BugerDV
BugerDV collected $2 from pot
BugerDV: doesn't show hand
*** SUMMARY ***
Total pot $2 | Rake $0
Seat 3: BugerDV (big blind) collected ($2)
Seat 4: Luanto 14 (button) (small blind) folded before Flop


PokerStars Hand #165184737195:  Hold'em Limit ($3/$6 USD) - 2017/01/26 4:56:28 ET
Table 'Fabiola' 6-max Seat #4 is the button
Seat 3: BugerDV ($123.60 in chips)
Seat 4: Luanto 14 ($355.36 in chips)
Luanto 14: posts small blind $1
RockKillerTY: is sitting out
BugerDV: posts big blind $3
*** HOLE CARDS ***
RockKillerTY leaves the table
Luanto 14: raises $3 to $6
BugerDV: calls $3
*** FLOP *** [9c 9h 5h]
BugerDV: checks
Luanto 14: bets $3
BugerDV: raises $3 to $6
Luanto 14: calls $3
*** TURN *** [9c 9h 5h] [3h]
BugerDV: bets $6
Luanto 14: folds
Uncalled bet ($6) returned to BugerDV
BugerDV collected $23.52 from pot
BugerDV: doesn't show hand
*** SUMMARY ***
Total pot $24 | Rake $0.48
Board [9c 9h 5h 3h]
Seat 3: BugerDV (big blind) collected ($23.52)
Seat 4: Luanto 14 (button) (small blind) folded on the Turn


PokerStars Hand #165184757961:  Hold'em Limit ($3/$6 USD) - 2017/01/26 4:57:28 ET
Table 'Fabiola' 6-max Seat #4 is the button
Seat 3: BugerDV ($123.88 in chips)
Seat 4: Luanto 14 ($353.86 in chips)
Luanto 14: posts small blind $1
BugerDV: posts big blind $3
*** HOLE CARDS ***
Luanto 14: folds
Uncalled bet ($2) returned to BugerDV
BugerDV collected $2 from pot
BugerDV: doesn't show hand
*** SUMMARY ***
Total pot $2 | Rake $0
Seat 3: BugerDV (big blind) collected ($2)
Seat 4: Luanto 14 (button) (small blind) folded before Flop


PokerStars Hand #165184753683:  Hold'em Limit ($3/$6 USD) - 2017/01/26 4:57:16 ET
Table 'Fabiola' 6-max Seat #3 is the button
Seat 3: BugerDV ($118.12 in chips)
Seat 4: Luanto 14 ($359.86 in chips)
BugerDV: posts small blind $1
Luanto 14: posts big blind $3
*** HOLE CARDS ***
BugerDV: raises $3 to $6
Luanto 14: calls $3
*** FLOP *** [9s Ts 3d]
Luanto 14: checks
BugerDV: bets $3
Luanto 14: folds
Uncalled bet ($3) returned to BugerDV
BugerDV collected $11.76 from pot
BugerDV: doesn't show hand
*** SUMMARY ***
Total pot $12 | Rake $0.24
Board [9s Ts 3d]
Seat 3: BugerDV (button) (small blind) collected ($11.76)
Seat 4: Luanto 14 (big blind) folded on the Flop


PokerStars Hand #165184766129:  Hold'em Limit ($3/$6 USD) - 2017/01/26 4:57:51 ET
Table 'Fabiola' 6-max Seat #4 is the button
Seat 3: BugerDV ($112.88 in chips)
Seat 4: Luanto 14 ($364.38 in chips)
Luanto 14: posts small blind $1
BugerDV: posts big blind $3
*** HOLE CARDS ***
Luanto 14: raises $3 to $6
BugerDV: calls $3
*** FLOP *** [6s 8s 3s]
BugerDV: checks
Luanto 14: bets $3
BugerDV: calls $3
*** TURN *** [6s 8s 3s] [3h]
BugerDV: checks
Luanto 14: bets $6
BugerDV: calls $6
*** RIVER *** [6s 8s 3s 3h] [8h]
BugerDV: checks
Luanto 14: bets $6
BugerDV: calls $6
*** SHOW DOWN ***
Luanto 14: shows [7d As] (two pair, Eights and Threes)
BugerDV: shows [7h Ac] (two pair, Eights and Threes)
BugerDV collected $20.75 from pot
Luanto 14 collected $20.75 from pot
*** SUMMARY ***
Total pot $42 | Rake $0.50
Board [6s 8s 3s 3h 8h]
Seat 3: BugerDV (big blind) showed [7h Ac] and won ($20.75) with two pair, Eights and Threes
Seat 4: Luanto 14 (button) (small blind) showed [7d As] and won ($20.75) with two pair, Eights and Threes


PokerStars Hand #165184759675:  Hold'em Limit ($3/$6 USD) - 2017/01/26 4:57:32 ET
Table 'Fabiola' 6-max Seat #3 is the button
Seat 3: BugerDV ($124.88 in chips)
Seat 4: Luanto 14 ($352.86 in chips)
BugerDV: posts small blind $1
Luanto 14: posts big blind $3
*** HOLE CARDS ***
BugerDV: raises $3 to $6
Luanto 14: calls $3
*** FLOP *** [9h 4h 5c]
Luanto 14: checks
BugerDV: checks
*** TURN *** [9h 4h 5c] [7c]
Luanto 14: checks
BugerDV: checks
*** RIVER *** [9h 4h 5c 7c] [9d]
Luanto 14: bets $6
BugerDV: calls $6
*** SHOW DOWN ***
Luanto 14: shows [4c Th] (two pair, Nines and Fours)
BugerDV: mucks hand
Luanto 14 collected $23.52 from pot
*** SUMMARY ***
Total pot $24 | Rake $0.48
Board [9h 4h 5c 7c 9d]
Seat 3: BugerDV (button) (small blind) mucked
Seat 4: Luanto 14 (big blind) showed [4c Th] and won ($23.52) with two pair, Nines and Fours


PokerStars Hand #165184775033:  Hold'em Limit ($3/$6 USD) - 2017/01/26 4:58:16 ET
Table 'Fabiola' 6-max Seat #3 is the button
Seat 3: BugerDV ($112.63 in chips)
Seat 4: Luanto 14 ($364.13 in chips)
BugerDV: posts small blind $1
Luanto 14: posts big blind $3
*** HOLE CARDS ***
BugerDV: raises $3 to $6
Luanto 14: calls $3
*** FLOP *** [6h 3h Ts]
Luanto 14: checks
BugerDV: checks
*** TURN *** [6h 3h Ts] [8s]
Luanto 14: checks
igmade joins the table at seat #2
BugerDV: bets $6
Luanto 14: folds
Uncalled bet ($6) returned to BugerDV
BugerDV collected $11.76 from pot
BugerDV: doesn't show hand
*** SUMMARY ***
Total pot $12 | Rake $0.24
Board [6h 3h Ts 8s]
Seat 3: BugerDV (button) (small blind) collected ($11.76)
Seat 4: Luanto 14 (big blind) folded on the Turn


PokerStars Hand #165191238050:  Hold'em Limit ($3/$6 USD) - 2017/01/26 8:37:04 ET
Table 'Fabiola' 6-max Seat #1 is the button
Seat 1: hooverr ($65.78 in chips)
Seat 5: belik555 ($276.79 in chips)
hooverr: posts small blind $1
belik555: posts big blind $3
*** HOLE CARDS ***
hooverr: folds
Uncalled bet ($2) returned to belik555
belik555 collected $2 from pot
belik555: doesn't show hand
*** SUMMARY ***
Total pot $2 | Rake $0
Seat 1: hooverr (button) (small blind) folded before Flop
Seat 5: belik555 (big blind) collected ($2)


PokerStars Hand #165191201532:  Hold'em Limit ($3/$6 USD) - 2017/01/26 8:36:03 ET
Table 'Fabiola' 6-max Seat #5 is the button
Seat 1: hooverr ($83.78 in chips)
Seat 5: belik555 ($259.29 in chips)
belik555: posts small blind $1
hooverr: posts big blind $3
*** HOLE CARDS ***
belik555: raises $3 to $6
hooverr: calls $3
*** FLOP *** [Jc 9d Jh]
hooverr: checks
belik555: bets $3
hooverr: raises $3 to $6
belik555: calls $3
*** TURN *** [Jc 9d Jh] [4c]
hooverr: checks
belik555: bets $6
hooverr: calls $6
*** RIVER *** [Jc 9d Jh 4c] [2d]
hooverr: checks
belik555: bets $6
hooverr: folds
Uncalled bet ($6) returned to belik555
belik555 collected $35.50 from pot
belik555: doesn't show hand
*** SUMMARY ***
Total pot $36 | Rake $0.50
Board [Jc 9d Jh 4c 2d]
Seat 1: hooverr (big blind) folded on the River
Seat 5: belik555 (button) (small blind) collected ($35.50)


PokerStars Hand #165191945690:  Hold'em Limit ($3/$6 USD) - 2017/01/26 8:56:48 ET
Table 'Fabiola' 6-max Seat #1 is the button
Seat 1: hooverr ($92.38 in chips)
Seat 3: u9iiiK ($37.83 in chips)
hooverr: posts small blind $1
u9iiiK: posts big blind $3
*** HOLE CARDS ***
hooverr: raises $3 to $6
u9iiiK: calls $3
*** FLOP *** [Qd Jc Kd]
u9iiiK: checks
hooverr: bets $3
u9iiiK: raises $3 to $6
hooverr: calls $3
*** TURN *** [Qd Jc Kd] [Ac]
u9iiiK: bets $6
hooverr: calls $6
*** RIVER *** [Qd Jc Kd Ac] [4d]
u9iiiK: checks
hooverr: bets $6
u9iiiK: folds
Uncalled bet ($6) returned to hooverr
hooverr collected $35.50 from pot
hooverr: doesn't show hand
*** SUMMARY ***
Total pot $36 | Rake $0.50
Board [Qd Jc Kd Ac 4d]
Seat 1: hooverr (button) (small blind) collected ($35.50)
Seat 3: u9iiiK (big blind) folded on the River


PokerStars Hand #165191976971:  Hold'em Limit ($3/$6 USD) - 2017/01/26 8:57:47 ET
Table 'Fabiola' 6-max Seat #3 is the button
Seat 1: hooverr ($112.64 in chips)
Seat 3: u9iiiK ($16.83 in chips)
u9iiiK: posts small blind $1
hooverr: posts big blind $3
*** HOLE CARDS ***
u9iiiK: raises $3 to $6
hooverr: folds
Uncalled bet ($3) returned to u9iiiK
u9iiiK collected $6 from pot
u9iiiK: doesn't show hand
*** SUMMARY ***
Total pot $6 | Rake $0
Seat 1: hooverr (big blind) folded before Flop
Seat 3: u9iiiK (button) (small blind) collected ($6)


PokerStars Hand #165191958976:  Hold'em Limit ($3/$6 USD) - 2017/01/26 8:57:13 ET
Table 'Fabiola' 6-max Seat #3 is the button
Seat 1: hooverr ($109.88 in chips)
Seat 3: u9iiiK ($19.83 in chips)
u9iiiK: posts small blind $1
hooverr: posts big blind $3
*** HOLE CARDS ***
u9iiiK: raises $3 to $6
hooverr: folds
Uncalled bet ($3) returned to u9iiiK
u9iiiK collected $6 from pot
u9iiiK: doesn't show hand
*** SUMMARY ***
Total pot $6 | Rake $0
Seat 1: hooverr (big blind) folded before Flop
Seat 3: u9iiiK (button) (small blind) collected ($6)


PokerStars Hand #165191972380:  Hold'em Limit ($3/$6 USD) - 2017/01/26 8:57:38 ET
Table 'Fabiola' 6-max Seat #1 is the button
Seat 1: hooverr ($113.64 in chips)
Seat 3: u9iiiK ($15.83 in chips)
hooverr: posts small blind $1
u9iiiK: posts big blind $3
*** HOLE CARDS ***
hooverr: folds
Uncalled bet ($2) returned to u9iiiK
u9iiiK collected $2 from pot
u9iiiK: doesn't show hand
*** SUMMARY ***
Total pot $2 | Rake $0
Seat 1: hooverr (button) (small blind) folded before Flop
Seat 3: u9iiiK (big blind) collected ($2)


PokerStars Hand #165191969578:  Hold'em Limit ($3/$6 USD) - 2017/01/26 8:57:33 ET
Table 'Fabiola' 6-max Seat #3 is the button
Seat 1: hooverr ($112.64 in chips)
Seat 3: u9iiiK ($16.83 in chips)
u9iiiK: posts small blind $1
hooverr: posts big blind $3
*** HOLE CARDS ***
u9iiiK: folds
Uncalled bet ($2) returned to hooverr
hooverr collected $2 from pot
hooverr: doesn't show hand
*** SUMMARY ***
Total pot $2 | Rake $0
Seat 1: hooverr (big blind) collected ($2)
Seat 3: u9iiiK (button) (small blind) folded before Flop


PokerStars Hand #165191962584:  Hold'em Limit ($3/$6 USD) - 2017/01/26 8:57:20 ET
Table 'Fabiola' 6-max Seat #1 is the button
Seat 1: hooverr ($106.88 in chips)
Seat 3: u9iiiK ($22.83 in chips)
hooverr: posts small blind $1
u9iiiK: posts big blind $3
*** HOLE CARDS ***
hooverr: raises $3 to $6
u9iiiK: calls $3
*** FLOP *** [7d Tc 5d]
u9iiiK: checks
hooverr: bets $3
u9iiiK: folds
Uncalled bet ($3) returned to hooverr
hooverr collected $11.76 from pot
hooverr: doesn't show hand
*** SUMMARY ***
Total pot $12 | Rake $0.24
Board [7d Tc 5d]
Seat 1: hooverr (button) (small blind) collected ($11.76)
Seat 3: u9iiiK (big blind) folded on the Flop


PokerStars Hand #165191980462:  Hold'em Limit ($3/$6 USD) - 2017/01/26 8:57:54 ET
Table 'Fabiola' 6-max Seat #1 is the button
Seat 1: hooverr ($109.64 in chips)
Seat 3: u9iiiK ($19.83 in chips)
hooverr: posts small blind $1
u9iiiK: posts big blind $3
*** HOLE CARDS ***
hooverr: raises $3 to $6
u9iiiK: raises $3 to $9
hooverr: calls $3
*** FLOP *** [Td Qh 9d]
u9iiiK: bets $3
hooverr: calls $3
*** TURN *** [Td Qh 9d] [4s]
u9iiiK: bets $6
hooverr: calls $6
*** RIVER *** [Td Qh 9d 4s] [3s]
u9iiiK: bets $1.83 and is all-in
hooverr: calls $1.83
*** SHOW DOWN ***
u9iiiK: shows [6d Ad] (high card Ace)
hooverr: shows [9s 3d] (two pair, Nines and Threes)
hooverr collected $39.16 from pot
*** SUMMARY ***
Total pot $39.66 | Rake $0.50
Board [Td Qh 9d 4s 3s]
Seat 1: hooverr (button) (small blind) showed [9s 3d] and won ($39.16) with two pair, Nines and Threes
Seat 3: u9iiiK (big blind) showed [6d Ad] and lost with high card Ace


