PokerStars Hand #150936872255:  Hold'em Limit ($3/$6 USD) - 2016/03/25 21:45:57 ET
Table 'Fabiola' 6-max Seat #1 is the button
Seat 1: livenuncut ($86.69 in chips)
Seat 3: MissEKAmouse ($249.54 in chips)
livenuncut: posts small blind $1
MissEKAmouse: posts big blind $3
*** HOLE CARDS ***
livenuncut: raises $3 to $6
MissEKAmouse: calls $3
*** FLOP *** [9s 6s 6h]
MissEKAmouse: checks
livenuncut: bets $3
MissEKAmouse: raises $3 to $6
livenuncut: calls $3
*** TURN *** [9s 6s 6h] [Td]
MissEKAmouse: bets $6
livenuncut: calls $6
*** RIVER *** [9s 6s 6h Td] [4d]
MissEKAmouse: bets $6
livenuncut: folds
Uncalled bet ($6) returned to MissEKAmouse
MissEKAmouse collected $35.50 from pot
MissEKAmouse: doesn't show hand
*** SUMMARY ***
Total pot $36 | Rake $0.50
Board [9s 6s 6h Td 4d]
Seat 1: livenuncut (button) (small blind) folded on the River
Seat 3: MissEKAmouse (big blind) collected ($35.50)


PokerStars Hand #150936869018:  Hold'em Limit ($3/$6 USD) - 2016/03/25 21:45:50 ET
Table 'Fabiola' 6-max Seat #3 is the button
Seat 1: livenuncut ($89.69 in chips)
Seat 3: MissEKAmouse ($246.54 in chips)
MissEKAmouse: posts small blind $1
livenuncut: posts big blind $3
*** HOLE CARDS ***
MissEKAmouse: raises $3 to $6
livenuncut: folds
Uncalled bet ($3) returned to MissEKAmouse
MissEKAmouse collected $6 from pot
MissEKAmouse: doesn't show hand
*** SUMMARY ***
Total pot $6 | Rake $0
Seat 1: livenuncut (big blind) folded before Flop
Seat 3: MissEKAmouse (button) (small blind) collected ($6)


PokerStars Hand #150936884855:  Hold'em Limit ($3/$6 USD) - 2016/03/25 21:46:22 ET
Table 'Fabiola' 6-max Seat #3 is the button
Seat 1: livenuncut ($68.69 in chips)
Seat 3: MissEKAmouse ($267.04 in chips)
MissEKAmouse: posts small blind $1
livenuncut: posts big blind $3
*** HOLE CARDS ***
MissEKAmouse: folds
Uncalled bet ($2) returned to livenuncut
livenuncut collected $2 from pot
livenuncut: doesn't show hand
*** SUMMARY ***
Total pot $2 | Rake $0
Seat 1: livenuncut (big blind) collected ($2)
Seat 3: MissEKAmouse (button) (small blind) folded before Flop


PokerStars Hand #150936887635:  Hold'em Limit ($3/$6 USD) - 2016/03/25 21:46:28 ET
Table 'Fabiola' 6-max Seat #1 is the button
Seat 1: livenuncut ($69.69 in chips)
Seat 3: MissEKAmouse ($266.04 in chips)
livenuncut: posts small blind $1
MissEKAmouse: posts big blind $3
*** HOLE CARDS ***
livenuncut: raises $3 to $6
MissEKAmouse: folds
Uncalled bet ($3) returned to livenuncut
livenuncut collected $6 from pot
livenuncut: doesn't show hand
*** SUMMARY ***
Total pot $6 | Rake $0
Seat 1: livenuncut (button) (small blind) collected ($6)
Seat 3: MissEKAmouse (big blind) folded before Flop


PokerStars Hand #150936893821:  Hold'em Limit ($3/$6 USD) - 2016/03/25 21:46:40 ET
Table 'Fabiola' 6-max Seat #3 is the button
Seat 1: livenuncut ($72.69 in chips)
Seat 3: MissEKAmouse ($263.04 in chips)
MissEKAmouse: posts small blind $1
livenuncut: posts big blind $3
*** HOLE CARDS ***
MissEKAmouse: raises $3 to $6
livenuncut: calls $3
*** FLOP *** [Th 3c 9h]
livenuncut: checks
MissEKAmouse: checks
*** TURN *** [Th 3c 9h] [Ks]
livenuncut: checks
MissEKAmouse: checks
*** RIVER *** [Th 3c 9h Ks] [2s]
livenuncut: checks
MissEKAmouse: checks
*** SHOW DOWN ***
livenuncut: shows [5s 7s] (high card King)
MissEKAmouse: shows [As 8h] (high card Ace)
MissEKAmouse collected $11.76 from pot
*** SUMMARY ***
Total pot $12 | Rake $0.24
Board [Th 3c 9h Ks 2s]
Seat 1: livenuncut (big blind) showed [5s 7s] and lost with high card King
Seat 3: MissEKAmouse (button) (small blind) showed [As 8h] and won ($11.76) with high card Ace


