PokerStars Hand #151390245418:  Hold'em Limit ($3/$6 USD) - 2016/04/03 17:21:43 ET
Table 'Fabiola' 10-max Seat #1 is the button
Seat 1: Zubasa07 ($500 in chips)
Seat 6: shushlo ($72 in chips)
Zubasa07: posts small blind $1
shushlo: posts big blind $3
*** HOLE CARDS ***
Zubasa07: raises $3 to $6
shushlo: raises $3 to $9
Zubasa07: calls $3
*** FLOP *** [Qc 3c 2d]
GoliafUa joins the table at seat #7
shushlo: bets $3
Zubasa07: calls $3
*** TURN *** [Qc 3c 2d] [4c]
shushlo: checks
Zubasa07: checks
*** RIVER *** [Qc 3c 2d 4c] [Qs]
shushlo: bets $6
Zubasa07: folds
Uncalled bet ($6) returned to shushlo
shushlo collected $23.52 from pot
shushlo: doesn't show hand
*** SUMMARY ***
Total pot $24 | Rake $0.48
Board [Qc 3c 2d 4c Qs]
Seat 1: Zubasa07 (button) (small blind) folded on the River
Seat 6: shushlo (big blind) collected ($23.52)


PokerStars Hand #151390325041:  Hold'em Limit ($3/$6 USD) - 2016/04/03 17:23:02 ET
Table 'Fabiola' 10-max Seat #6 is the button
Seat 1: Zubasa07 ($488 in chips)
Seat 6: shushlo ($83.52 in chips)
shushlo: posts small blind $1
Zubasa07: posts big blind $3
*** HOLE CARDS ***
shushlo: folds
Uncalled bet ($2) returned to Zubasa07
Chessnok joins the table at seat #8
Zubasa07 collected $2 from pot
Zubasa07: doesn't show hand
*** SUMMARY ***
Total pot $2 | Rake $0
Seat 1: Zubasa07 (big blind) collected ($2)
Seat 6: shushlo (button) (small blind) folded before Flop


PokerStars Hand #151390332057:  Hold'em Limit ($3/$6 USD) - 2016/04/03 17:23:10 ET
Table 'Fabiola' 10-max Seat #1 is the button
Seat 1: Zubasa07 ($489 in chips)
Seat 6: shushlo ($82.52 in chips)
Zubasa07: posts small blind $1
shushlo: posts big blind $3
*** HOLE CARDS ***
Zubasa07: raises $3 to $6
shushlo: calls $3
*** FLOP *** [4s 2s 5h]
luckie286 joins the table at seat #9
shushlo: bets $3
Zubasa07: calls $3
*** TURN *** [4s 2s 5h] [3d]
shushlo: bets $6
Zubasa07: calls $6
*** RIVER *** [4s 2s 5h 3d] [3s]
shushlo: bets $6
Zubasa07: calls $6
*** SHOW DOWN ***
shushlo: shows [9d 7s] (a pair of Threes)
Zubasa07: shows [Ad 4h] (a straight, Ace to Five)
Zubasa07 collected $41.50 from pot
*** SUMMARY ***
Total pot $42 | Rake $0.50
Board [4s 2s 5h 3d 3s]
Seat 1: Zubasa07 (button) (small blind) showed [Ad 4h] and won ($41.50) with a straight, Ace to Five
Seat 6: shushlo (big blind) showed [9d 7s] and lost with a pair of Threes


PokerStars Hand #151390628450:  Hold'em Limit ($3/$6 USD) - 2016/04/03 17:28:10 ET
Table 'Fabiola' 10-max Seat #8 is the button
Seat 8: Chessnok ($143.09 in chips)
Seat 10: GRAILKO ($1038.48 in chips)
Chessnok: posts small blind $1
GRAILKO: posts big blind $3
*** HOLE CARDS ***
Chessnok: raises $3 to $6
GRAILKO: calls $3
*** FLOP *** [8s Td Jc]
GRAILKO: checks
Chessnok: bets $3
GRAILKO: folds
Uncalled bet ($3) returned to Chessnok
Chessnok collected $11.76 from pot
Chessnok: doesn't show hand
*** SUMMARY ***
Total pot $12 | Rake $0.24
Board [8s Td Jc]
Seat 8: Chessnok (button) (small blind) collected ($11.76)
Seat 10: GRAILKO (big blind) folded on the Flop


