PokerStars Hand #153951782585:  Hold'em Limit ($3/$6 USD) - 2016/05/28 8:13:43 ET
Table 'Fabre' 6-max Seat #2 is the button
Seat 2: Tryptamean ($120 in chips)
Seat 3: Vetal949 ($79.87 in chips)
Tryptamean: posts small blind $1
Vetal949: posts big blind $3
*** HOLE CARDS ***
belik555 joins the table at seat #5
Tryptamean: raises $3 to $6
TbIP-TbIP 88 leaves the table
Vetal949: calls $3
*** FLOP *** [Th As 5c]
Vetal949: checks
Tryptamean: bets $3
Vetal949: calls $3
*** TURN *** [Th As 5c] [7s]
Vetal949: checks
Tryptamean: bets $6
Vetal949: folds
Uncalled bet ($6) returned to Tryptamean
Tryptamean collected $17.64 from pot
Tryptamean: doesn't show hand
*** SUMMARY ***
Total pot $18 | Rake $0.36
Board [Th As 5c 7s]
Seat 2: Tryptamean (button) (small blind) collected ($17.64)
Seat 3: Vetal949 (big blind) folded on the Turn


PokerStars Hand #153953500907:  Hold'em Limit ($3/$6 USD) - 2016/05/28 9:07:44 ET
Table 'Fabre' 6-max Seat #2 is the button
Seat 2: Tryptamean ($426.67 in chips)
Seat 5: oliwan ($74.82 in chips)
Tryptamean: posts small blind $1
beng_51: is sitting out
oliwan: posts big blind $3
*** HOLE CARDS ***
Tryptamean: raises $3 to $6
beng_51 leaves the table
oliwan: calls $3
*** FLOP *** [Qd Ks 8h]
oliwan: checks
Tryptamean: bets $3
oliwan: calls $3
*** TURN *** [Qd Ks 8h] [5h]
oliwan: checks
Tryptamean: bets $6
oliwan: folds
Uncalled bet ($6) returned to Tryptamean
Tryptamean collected $17.64 from pot
Tryptamean: doesn't show hand
*** SUMMARY ***
Total pot $18 | Rake $0.36
Board [Qd Ks 8h 5h]
Seat 2: Tryptamean (button) (small blind) collected ($17.64)
Seat 5: oliwan (big blind) folded on the Turn


PokerStars Hand #153953521232:  Hold'em Limit ($3/$6 USD) - 2016/05/28 9:08:19 ET
Table 'Fabre' 6-max Seat #5 is the button
Seat 2: Tryptamean ($435.31 in chips)
Seat 5: oliwan ($65.82 in chips)
oliwan: posts small blind $1
Tryptamean: posts big blind $3
*** HOLE CARDS ***
oliwan: raises $3 to $6
Tryptamean: calls $3
*** FLOP *** [Ah Jc 8h]
Tryptamean: checks
oliwan: bets $3
canoestar26 joins the table at seat #3
Tryptamean: folds
Uncalled bet ($3) returned to oliwan
oliwan collected $11.76 from pot
*** SUMMARY ***
Total pot $12 | Rake $0.24
Board [Ah Jc 8h]
Seat 2: Tryptamean (big blind) folded on the Flop
Seat 5: oliwan (button) (small blind) collected ($11.76)


PokerStars Hand #153958272289:  Hold'em Limit ($3/$6 USD) - 2016/05/28 11:16:13 ET
Table 'Fabre' 6-max Seat #5 is the button
Seat 5: oliwan ($241.06 in chips)
Seat 6: stasschi ($86.29 in chips)
oliwan: posts small blind $1
stasschi: posts big blind $3
*** HOLE CARDS ***
oliwan: raises $3 to $6
stasschi: calls $3
*** FLOP *** [8d 7h 9c]
stasschi: checks
oliwan: bets $3
spindelilah joins the table at seat #2
stasschi: folds
Uncalled bet ($3) returned to oliwan
oliwan collected $11.76 from pot
*** SUMMARY ***
Total pot $12 | Rake $0.24
Board [8d 7h 9c]
Seat 5: oliwan (button) (small blind) collected ($11.76)
Seat 6: stasschi (big blind) folded on the Flop


PokerStars Hand #153958258928:  Hold'em Limit ($3/$6 USD) - 2016/05/28 11:15:53 ET
Table 'Fabre' 6-max Seat #6 is the button
Seat 5: oliwan ($229.54 in chips)
Seat 6: stasschi ($98.29 in chips)
stasschi: posts small blind $1
tttzzz: is sitting out
oliwan: posts big blind $3
*** HOLE CARDS ***
stasschi: raises $3 to $6
oliwan: raises $3 to $9
stasschi: calls $3
*** FLOP *** [5s 7d Ac]
tttzzz leaves the table
oliwan: bets $3
stasschi: calls $3
*** TURN *** [5s 7d Ac] [5h]
oliwan: bets $6
stasschi: folds
Uncalled bet ($6) returned to oliwan
oliwan collected $23.52 from pot
MikeMcD leaves the table
*** SUMMARY ***
Total pot $24 | Rake $0.48
Board [5s 7d Ac 5h]
Seat 5: oliwan (big blind) collected ($23.52)
Seat 6: stasschi (button) (small blind) folded on the Turn


PokerStars Hand #153958316256:  Hold'em Limit ($3/$6 USD) - 2016/05/28 11:17:18 ET
Table 'Fabre' 6-max Seat #6 is the button
Seat 2: spindelilah ($110 in chips)
Seat 6: stasschi ($80.29 in chips)
stasschi: posts small blind $1
spindelilah: posts big blind $3
*** HOLE CARDS ***
stasschi: raises $3 to $6
oliwan leaves the table
spindelilah: calls $3
*** FLOP *** [6s 9c Qh]
spindelilah: checks
stasschi: bets $3
spindelilah: folds
Uncalled bet ($3) returned to stasschi
spindelilah leaves the table
stasschi collected $11.76 from pot
stasschi: doesn't show hand
*** SUMMARY ***
Total pot $12 | Rake $0.24
Board [6s 9c Qh]
Seat 2: spindelilah (big blind) folded on the Flop
Seat 6: stasschi (button) (small blind) collected ($11.76)


PokerStars Hand #153958309955:  Hold'em Limit ($3/$6 USD) - 2016/05/28 11:17:09 ET
Table 'Fabre' 6-max Seat #2 is the button
Seat 2: spindelilah ($111 in chips)
Seat 6: stasschi ($79.29 in chips)
spindelilah: posts small blind $1
oliwan: is sitting out
stasschi: posts big blind $3
*** HOLE CARDS ***
spindelilah: folds
Uncalled bet ($2) returned to stasschi
stasschi collected $2 from pot
stasschi: doesn't show hand
*** SUMMARY ***
Total pot $2 | Rake $0
Seat 2: spindelilah (button) (small blind) folded before Flop
Seat 6: stasschi (big blind) collected ($2)


