PokerStars Hand #159128828680:  Hold'em Limit ($3/$6 USD) - 2016/09/26 15:01:30 ET
Table 'Fabre' 6-max Seat #2 is the button
Seat 2: OENIN2000 ($94.65 in chips)
Seat 5: GoliafUa ($112 in chips)
OENIN2000: posts small blind $1
GoliafUa: posts big blind $3
*** HOLE CARDS ***
OENIN2000: raises $3 to $6
GoliafUa: calls $3
*** FLOP *** [Kc Ks Js]
GoliafUa: checks
OENIN2000: checks
*** TURN *** [Kc Ks Js] [Ah]
GoliafUa: checks
OENIN2000: bets $6
GoliafUa: folds
Uncalled bet ($6) returned to OENIN2000
OENIN2000 collected $11.76 from pot
OENIN2000: doesn't show hand
*** SUMMARY ***
Total pot $12 | Rake $0.24
Board [Kc Ks Js Ah]
Seat 2: OENIN2000 (button) (small blind) collected ($11.76)
Seat 5: GoliafUa (big blind) folded on the Turn


PokerStars Hand #159128818563:  Hold'em Limit ($3/$6 USD) - 2016/09/26 15:01:18 ET
Table 'Fabre' 6-max Seat #2 is the button
Seat 2: OENIN2000 ($98.65 in chips)
Seat 5: GoliafUa ($108 in chips)
OENIN2000: posts small blind $1
GoliafUa: posts big blind $3
*** HOLE CARDS ***
OENIN2000: folds
Uncalled bet ($2) returned to GoliafUa
GoliafUa collected $2 from pot
GoliafUa: doesn't show hand
*** SUMMARY ***
Total pot $2 | Rake $0
Seat 2: OENIN2000 (button) (small blind) folded before Flop
Seat 5: GoliafUa (big blind) collected ($2)


PokerStars Hand #159128807742:  Hold'em Limit ($3/$6 USD) - 2016/09/26 15:01:04 ET
Table 'Fabre' 6-max Seat #5 is the button
Seat 2: OENIN2000 ($90.01 in chips)
Seat 5: GoliafUa ($117 in chips)
GoliafUa: posts small blind $1
OENIN2000: posts big blind $3
*** HOLE CARDS ***
GoliafUa: raises $3 to $6
OENIN2000: calls $3
*** FLOP *** [2d Ac Ts]
OENIN2000: bets $3
GoliafUa: calls $3
*** TURN *** [2d Ac Ts] [Ad]
OENIN2000: bets $6
GoliafUa: folds
Uncalled bet ($6) returned to OENIN2000
OENIN2000 collected $17.64 from pot
OENIN2000: doesn't show hand
*** SUMMARY ***
Total pot $18 | Rake $0.36
Board [2d Ac Ts Ad]
Seat 2: OENIN2000 (big blind) collected ($17.64)
Seat 5: GoliafUa (button) (small blind) folded on the Turn


PokerStars Hand #159128849426:  Hold'em Limit ($3/$6 USD) - 2016/09/26 15:01:55 ET
Table 'Fabre' 6-max Seat #2 is the button
Seat 2: OENIN2000 ($94.41 in chips)
Seat 5: GoliafUa ($111.76 in chips)
OENIN2000: posts small blind $1
GoliafUa: posts big blind $3
*** HOLE CARDS ***
OENIN2000: raises $3 to $6
GoliafUa: calls $3
*** FLOP *** [Td Jc 9s]
GoliafUa: checks
OENIN2000: bets $3
GoliafUa: raises $3 to $6
OENIN2000: calls $3
*** TURN *** [Td Jc 9s] [Qs]
GoliafUa: bets $6
OENIN2000: calls $6
*** RIVER *** [Td Jc 9s Qs] [Qd]
GoliafUa: bets $6
OENIN2000: raises $6 to $12
GoliafUa: calls $6
*** SHOW DOWN ***
OENIN2000: shows [9d Qc] (a full house, Queens full of Nines)
GoliafUa: mucks hand
OENIN2000 collected $59.50 from pot
*** SUMMARY ***
Total pot $60 | Rake $0.50
Board [Td Jc 9s Qs Qd]
Seat 2: OENIN2000 (button) (small blind) showed [9d Qc] and won ($59.50) with a full house, Queens full of Nines
Seat 5: GoliafUa (big blind) mucked


PokerStars Hand #159128840247:  Hold'em Limit ($3/$6 USD) - 2016/09/26 15:01:44 ET
Table 'Fabre' 6-max Seat #5 is the button
Seat 2: OENIN2000 ($100.41 in chips)
Seat 5: GoliafUa ($106 in chips)
GoliafUa: posts small blind $1
OENIN2000: posts big blind $3
*** HOLE CARDS ***
GoliafUa: raises $3 to $6
OENIN2000: calls $3
*** FLOP *** [4c 6h Ts]
OENIN2000: checks
GoliafUa: bets $3
OENIN2000: folds
Uncalled bet ($3) returned to GoliafUa
GoliafUa collected $11.76 from pot
GoliafUa: doesn't show hand
*** SUMMARY ***
Total pot $12 | Rake $0.24
Board [4c 6h Ts]
Seat 2: OENIN2000 (big blind) folded on the Flop
Seat 5: GoliafUa (button) (small blind) collected ($11.76)


PokerStars Hand #159128870806:  Hold'em Limit ($3/$6 USD) - 2016/09/26 15:02:27 ET
Table 'Fabre' 6-max Seat #5 is the button
Seat 2: OENIN2000 ($123.91 in chips)
Seat 5: GoliafUa ($81.76 in chips)
GoliafUa: posts small blind $1
OENIN2000: posts big blind $3
*** HOLE CARDS ***
GoliafUa: raises $3 to $6
OENIN2000: calls $3
*** FLOP *** [4d 5d 6s]
OENIN2000: checks
GoliafUa: bets $3
OENIN2000: calls $3
*** TURN *** [4d 5d 6s] [Td]
OENIN2000: checks
GoliafUa: bets $6
OENIN2000: calls $6
*** RIVER *** [4d 5d 6s Td] [Kc]
OENIN2000: checks
GoliafUa: bets $6
OENIN2000: folds
Uncalled bet ($6) returned to GoliafUa
Zubasa07 joins the table at seat #3
GoliafUa collected $29.50 from pot
GoliafUa: doesn't show hand
partyalex92 joins the table at seat #1
*** SUMMARY ***
Total pot $30 | Rake $0.50
Board [4d 5d 6s Td Kc]
Seat 2: OENIN2000 (big blind) folded on the River
Seat 5: GoliafUa (button) (small blind) collected ($29.50)


PokerStars Hand #159129259982:  Hold'em Limit ($3/$6 USD) - 2016/09/26 15:09:39 ET
Table 'Fabre' 6-max Seat #5 is the button
Seat 2: OENIN2000 ($162.10 in chips)
Seat 5: GoliafUa ($210.75 in chips)
GoliafUa: posts small blind $1
OENIN2000: posts big blind $3
*** HOLE CARDS ***
GoliafUa: raises $3 to $6
OENIN2000: folds
Uncalled bet ($3) returned to GoliafUa
GoliafUa collected $6 from pot
GoliafUa: doesn't show hand
*** SUMMARY ***
Total pot $6 | Rake $0
Seat 2: OENIN2000 (big blind) folded before Flop
Seat 5: GoliafUa (button) (small blind) collected ($6)


PokerStars Hand #159129255270:  Hold'em Limit ($3/$6 USD) - 2016/09/26 15:09:34 ET
Table 'Fabre' 6-max Seat #2 is the button
Seat 2: OENIN2000 ($163.10 in chips)
Seat 5: GoliafUa ($209.75 in chips)
OENIN2000: posts small blind $1
GoliafUa: posts big blind $3
*** HOLE CARDS ***
OENIN2000: folds
Uncalled bet ($2) returned to GoliafUa
GoliafUa collected $2 from pot
GoliafUa: doesn't show hand
*** SUMMARY ***
Total pot $2 | Rake $0
Seat 2: OENIN2000 (button) (small blind) folded before Flop
Seat 5: GoliafUa (big blind) collected ($2)


PokerStars Hand #159129241232:  Hold'em Limit ($3/$6 USD) - 2016/09/26 15:09:19 ET
Table 'Fabre' 6-max Seat #5 is the button
Seat 2: OENIN2000 ($187.10 in chips)
Seat 5: GoliafUa ($186.25 in chips)
GoliafUa: posts small blind $1
OENIN2000: posts big blind $3
*** HOLE CARDS ***
GoliafUa: raises $3 to $6
OENIN2000: raises $3 to $9
partyalex92 leaves the table
GoliafUa: calls $3
*** FLOP *** [7d Jc 4d]
OENIN2000: bets $3
GoliafUa: calls $3
*** TURN *** [7d Jc 4d] [8d]
OENIN2000: bets $6
GoliafUa: calls $6
*** RIVER *** [7d Jc 4d 8d] [2c]
OENIN2000: checks
GoliafUa: bets $6
OENIN2000: calls $6
*** SHOW DOWN ***
GoliafUa: shows [4c Ad] (a pair of Fours)
OENIN2000: mucks hand
GoliafUa collected $47.50 from pot
*** SUMMARY ***
Total pot $48 | Rake $0.50
Board [7d Jc 4d 8d 2c]
Seat 2: OENIN2000 (big blind) mucked
Seat 5: GoliafUa (button) (small blind) showed [4c Ad] and won ($47.50) with a pair of Fours


