PokerStars Hand #157428401131:  Hold'em Limit ($3/$6 USD) - 2016/08/18 9:30:19 ET
Table 'Fagnes' 6-max Seat #1 is the button
Seat 1: arut0101 ($30 in chips)
Seat 4: VolkovDmitri ($120 in chips)
arut0101: posts small blind $1
VolkovDmitri: posts big blind $3
*** HOLE CARDS ***
arut0101: calls $2
VolkovDmitri: raises $3 to $6
arut0101: calls $3
*** FLOP *** [2h 3d Qs]
VolkovDmitri: bets $3
arut0101: calls $3
*** TURN *** [2h 3d Qs] [6h]
VolkovDmitri: bets $6
arut0101: calls $6
*** RIVER *** [2h 3d Qs 6h] [9s]
VolkovDmitri: checks
arut0101: bets $6
VolkovDmitri: folds
Uncalled bet ($6) returned to arut0101
arut0101 collected $29.50 from pot
*** SUMMARY ***
Total pot $30 | Rake $0.50
Board [2h 3d Qs 6h 9s]
Seat 1: arut0101 (button) (small blind) collected ($29.50)
Seat 4: VolkovDmitri (big blind) folded on the River


PokerStars Hand #157428416817:  Hold'em Limit ($3/$6 USD) - 2016/08/18 9:30:49 ET
Table 'Fagnes' 6-max Seat #4 is the button
Seat 1: arut0101 ($44.50 in chips)
Seat 4: VolkovDmitri ($120 in chips)
VolkovDmitri: posts small blind $1
arut0101: posts big blind $3
*** HOLE CARDS ***
VolkovDmitri: raises $3 to $6
arut0101: calls $3
*** FLOP *** [6h 6s Jc]
arut0101: checks
VolkovDmitri: bets $3
arut0101: calls $3
*** TURN *** [6h 6s Jc] [5h]
arut0101: checks
VolkovDmitri: bets $6
arut0101: calls $6
*** RIVER *** [6h 6s Jc 5h] [3s]
arut0101: checks
VolkovDmitri: bets $6
arut0101: calls $6
*** SHOW DOWN ***
VolkovDmitri: shows [Kd Ks] (two pair, Kings and Sixes)
arut0101: mucks hand
VolkovDmitri collected $41.50 from pot
*** SUMMARY ***
Total pot $42 | Rake $0.50
Board [6h 6s Jc 5h 3s]
Seat 1: arut0101 (big blind) mucked
Seat 4: VolkovDmitri (button) (small blind) showed [Kd Ks] and won ($41.50) with two pair, Kings and Sixes


PokerStars Hand #157428442772:  Hold'em Limit ($3/$6 USD) - 2016/08/18 9:31:39 ET
Table 'Fagnes' 6-max Seat #1 is the button
Seat 1: arut0101 ($23.50 in chips)
Seat 4: VolkovDmitri ($140.50 in chips)
arut0101: posts small blind $1
VolkovDmitri: posts big blind $3
*** HOLE CARDS ***
arut0101: calls $2
VolkovDmitri: raises $3 to $6
arut0101: calls $3
*** FLOP *** [4c 8d Jh]
VolkovDmitri: bets $3
arut0101: raises $3 to $6
VolkovDmitri: calls $3
*** TURN *** [4c 8d Jh] [6h]
VolkovDmitri: checks
arut0101: bets $6
VolkovDmitri: folds
Uncalled bet ($6) returned to arut0101
arut0101 collected $23.52 from pot
*** SUMMARY ***
Total pot $24 | Rake $0.48
Board [4c 8d Jh 6h]
Seat 1: arut0101 (button) (small blind) collected ($23.52)
Seat 4: VolkovDmitri (big blind) folded on the Turn


PokerStars Hand #157428467853:  Hold'em Limit ($3/$6 USD) - 2016/08/18 9:32:28 ET
Table 'Fagnes' 6-max Seat #1 is the button
Seat 1: arut0101 ($14.02 in chips)
Seat 4: VolkovDmitri ($149 in chips)
arut0101: posts small blind $1
VolkovDmitri: posts big blind $3
*** HOLE CARDS ***
arut0101: raises $3 to $6
VolkovDmitri: raises $3 to $9
arut0101: raises $3 to $12
Betting is capped
VolkovDmitri: calls $3
*** FLOP *** [4c 7s 6h]
VolkovDmitri: bets $3
arut0101: calls $2.02 and is all-in
Uncalled bet ($0.98) returned to VolkovDmitri
*** TURN *** [4c 7s 6h] [As]
*** RIVER *** [4c 7s 6h As] [7d]
*** SHOW DOWN ***
VolkovDmitri: shows [Ks Qd] (a pair of Sevens)
arut0101: shows [5d 5c] (two pair, Sevens and Fives)
arut0101 collected $27.54 from pot
*** SUMMARY ***
Total pot $28.04 | Rake $0.50
Board [4c 7s 6h As 7d]
Seat 1: arut0101 (button) (small blind) showed [5d 5c] and won ($27.54) with two pair, Sevens and Fives
Seat 4: VolkovDmitri (big blind) showed [Ks Qd] and lost with a pair of Sevens


PokerStars Hand #157428454259:  Hold'em Limit ($3/$6 USD) - 2016/08/18 9:32:01 ET
Table 'Fagnes' 6-max Seat #4 is the button
Seat 1: arut0101 ($35.02 in chips)
Seat 4: VolkovDmitri ($128.50 in chips)
VolkovDmitri: posts small blind $1
arut0101: posts big blind $3
*** HOLE CARDS ***
VolkovDmitri: raises $3 to $6
arut0101: calls $3
*** FLOP *** [3s 3c 9c]
arut0101: checks
VolkovDmitri: bets $3
arut0101: calls $3
*** TURN *** [3s 3c 9c] [3h]
arut0101: checks
VolkovDmitri: bets $6
arut0101: calls $6
*** RIVER *** [3s 3c 9c 3h] [Qc]
arut0101: bets $6
VolkovDmitri: calls $6
*** SHOW DOWN ***
arut0101: shows [6s Th] (three of a kind, Threes)
VolkovDmitri: shows [2s 2h] (a full house, Threes full of Deuces)
VolkovDmitri collected $41.50 from pot
*** SUMMARY ***
Total pot $42 | Rake $0.50
Board [3s 3c 9c 3h Qc]
Seat 1: arut0101 (big blind) showed [6s Th] and lost with three of a kind, Threes
Seat 4: VolkovDmitri (button) (small blind) showed [2s 2h] and won ($41.50) with a full house, Threes full of Deuces


PokerStars Hand #157428479616:  Hold'em Limit ($3/$6 USD) - 2016/08/18 9:32:50 ET
Table 'Fagnes' 6-max Seat #4 is the button
Seat 1: arut0101 ($27.54 in chips)
Seat 4: VolkovDmitri ($134.98 in chips)
VolkovDmitri: posts small blind $1
arut0101: posts big blind $3
*** HOLE CARDS ***
VolkovDmitri: raises $3 to $6
arut0101: calls $3
*** FLOP *** [Th Kc 4s]
arut0101: checks
VolkovDmitri: bets $3
arut0101: calls $3
*** TURN *** [Th Kc 4s] [9d]
arut0101: checks
VolkovDmitri: checks
*** RIVER *** [Th Kc 4s 9d] [5d]
arut0101: checks
VolkovDmitri: checks
*** SHOW DOWN ***
arut0101: shows [5h Ts] (two pair, Tens and Fives)
VolkovDmitri: mucks hand
arut0101 collected $17.64 from pot
*** SUMMARY ***
Total pot $18 | Rake $0.36
Board [Th Kc 4s 9d 5d]
Seat 1: arut0101 (big blind) showed [5h Ts] and won ($17.64) with two pair, Tens and Fives
Seat 4: VolkovDmitri (button) (small blind) mucked


PokerStars Hand #157428490701:  Hold'em Limit ($3/$6 USD) - 2016/08/18 9:33:12 ET
Table 'Fagnes' 6-max Seat #1 is the button
Seat 1: arut0101 ($36.18 in chips)
Seat 4: VolkovDmitri ($125.98 in chips)
arut0101: posts small blind $1
VolkovDmitri: posts big blind $3
*** HOLE CARDS ***
arut0101: calls $2
VolkovDmitri: checks
*** FLOP *** [3c Qh Jc]
VolkovDmitri: checks
arut0101: checks
*** TURN *** [3c Qh Jc] [8s]
VolkovDmitri: checks
arut0101: checks
*** RIVER *** [3c Qh Jc 8s] [Kh]
VolkovDmitri: checks
arut0101: checks
*** SHOW DOWN ***
VolkovDmitri: shows [5s 7h] (high card King)
arut0101: shows [3h 9d] (a pair of Threes)
arut0101 collected $5.88 from pot
*** SUMMARY ***
Total pot $6 | Rake $0.12
Board [3c Qh Jc 8s Kh]
Seat 1: arut0101 (button) (small blind) showed [3h 9d] and won ($5.88) with a pair of Threes
Seat 4: VolkovDmitri (big blind) showed [5s 7h] and lost with high card King


PokerStars Hand #157428498879:  Hold'em Limit ($3/$6 USD) - 2016/08/18 9:33:27 ET
Table 'Fagnes' 6-max Seat #4 is the button
Seat 1: arut0101 ($39.06 in chips)
Seat 4: VolkovDmitri ($122.98 in chips)
VolkovDmitri: posts small blind $1
arut0101: posts big blind $3
*** HOLE CARDS ***
VolkovDmitri: raises $3 to $6
arut0101: calls $3
*** FLOP *** [Td Th 5d]
arut0101: checks
VolkovDmitri: bets $3
arut0101: calls $3
*** TURN *** [Td Th 5d] [3h]
arut0101: checks
VolkovDmitri: checks
*** RIVER *** [Td Th 5d 3h] [Kd]
arut0101: bets $6
VolkovDmitri: folds
Uncalled bet ($6) returned to arut0101
arut0101 collected $17.64 from pot
*** SUMMARY ***
Total pot $18 | Rake $0.36
Board [Td Th 5d 3h Kd]
Seat 1: arut0101 (big blind) collected ($17.64)
Seat 4: VolkovDmitri (button) (small blind) folded on the River


PokerStars Hand #157428509488:  Hold'em Limit ($3/$6 USD) - 2016/08/18 9:33:48 ET
Table 'Fagnes' 6-max Seat #1 is the button
Seat 1: arut0101 ($47.70 in chips)
Seat 4: VolkovDmitri ($120 in chips)
arut0101: posts small blind $1
VolkovDmitri: posts big blind $3
*** HOLE CARDS ***
arut0101: calls $2
VolkovDmitri: raises $3 to $6
arut0101: calls $3
*** FLOP *** [Ks 5s 3h]
VolkovDmitri: bets $3
arut0101: calls $3
*** TURN *** [Ks 5s 3h] [2d]
VolkovDmitri: bets $6
arut0101: calls $6
*** RIVER *** [Ks 5s 3h 2d] [Qd]
VolkovDmitri: checks
arut0101: checks
*** SHOW DOWN ***
VolkovDmitri: shows [Jh 2h] (a pair of Deuces)
arut0101: mucks hand
VolkovDmitri collected $29.50 from pot
*** SUMMARY ***
Total pot $30 | Rake $0.50
Board [Ks 5s 3h 2d Qd]
Seat 1: arut0101 (button) (small blind) mucked
Seat 4: VolkovDmitri (big blind) showed [Jh 2h] and won ($29.50) with a pair of Deuces


PokerStars Hand #157428537198:  Hold'em Limit ($3/$6 USD) - 2016/08/18 9:34:41 ET
Table 'Fagnes' 6-max Seat #4 is the button
Seat 1: arut0101 ($14.70 in chips)
Seat 4: VolkovDmitri ($151.78 in chips)
VolkovDmitri: posts small blind $1
arut0101: posts big blind $3
*** HOLE CARDS ***
VolkovDmitri: raises $3 to $6
arut0101: raises $3 to $9
VolkovDmitri: raises $3 to $12
Betting is capped
arut0101: calls $3
*** FLOP *** [6s 2d 8h]
arut0101: bets $2.70 and is all-in
VolkovDmitri: calls $2.70
*** TURN *** [6s 2d 8h] [7d]
*** RIVER *** [6s 2d 8h 7d] [Qs]
*** SHOW DOWN ***
arut0101: shows [8c Ac] (a pair of Eights)
VolkovDmitri: shows [9h 9s] (a pair of Nines)
VolkovDmitri collected $28.90 from pot
*** SUMMARY ***
Total pot $29.40 | Rake $0.50
Board [6s 2d 8h 7d Qs]
Seat 1: arut0101 (big blind) showed [8c Ac] and lost with a pair of Eights
Seat 4: VolkovDmitri (button) (small blind) showed [9h 9s] and won ($28.90) with a pair of Nines


PokerStars Hand #157428527750:  Hold'em Limit ($3/$6 USD) - 2016/08/18 9:34:23 ET
Table 'Fagnes' 6-max Seat #1 is the button
Seat 1: arut0101 ($23.70 in chips)
Seat 4: VolkovDmitri ($143.14 in chips)
arut0101: posts small blind $1
VolkovDmitri: posts big blind $3
*** HOLE CARDS ***
arut0101: calls $2
VolkovDmitri: raises $3 to $6
arut0101: calls $3
*** FLOP *** [Qs Qh 6c]
VolkovDmitri: bets $3
arut0101: calls $3
*** TURN *** [Qs Qh 6c] [8c]
VolkovDmitri: checks
arut0101: checks
*** RIVER *** [Qs Qh 6c 8c] [Ac]
VolkovDmitri: bets $6
arut0101: folds
Uncalled bet ($6) returned to VolkovDmitri
VolkovDmitri collected $17.64 from pot
VolkovDmitri: doesn't show hand
*** SUMMARY ***
Total pot $18 | Rake $0.36
Board [Qs Qh 6c 8c Ac]
Seat 1: arut0101 (button) (small blind) folded on the River
Seat 4: VolkovDmitri (big blind) collected ($17.64)


PokerStars Hand #157428518601:  Hold'em Limit ($3/$6 USD) - 2016/08/18 9:34:06 ET
Table 'Fagnes' 6-max Seat #4 is the button
Seat 1: arut0101 ($32.70 in chips)
Seat 4: VolkovDmitri ($134.50 in chips)
VolkovDmitri: posts small blind $1
arut0101: posts big blind $3
*** HOLE CARDS ***
VolkovDmitri: raises $3 to $6
arut0101: calls $3
*** FLOP *** [Tc Js 5h]
arut0101: checks
VolkovDmitri: bets $3
arut0101: calls $3
*** TURN *** [Tc Js 5h] [Jc]
arut0101: checks
VolkovDmitri: checks
*** RIVER *** [Tc Js 5h Jc] [2d]
arut0101: checks
VolkovDmitri: checks
*** SHOW DOWN ***
arut0101: shows [8c 9c] (a pair of Jacks)
VolkovDmitri: shows [3d Ad] (a pair of Jacks - Ace kicker)
VolkovDmitri collected $17.64 from pot
*** SUMMARY ***
Total pot $18 | Rake $0.36
Board [Tc Js 5h Jc 2d]
Seat 1: arut0101 (big blind) showed [8c 9c] and lost with a pair of Jacks
Seat 4: VolkovDmitri (button) (small blind) showed [3d Ad] and won ($17.64) with a pair of Jacks


PokerStars Hand #157428554390:  Hold'em Limit ($3/$6 USD) - 2016/08/18 9:35:14 ET
Table 'Fagnes' 6-max Seat #1 is the button
Seat 1: arut0101 ($30 in chips)
Seat 4: VolkovDmitri ($165.98 in chips)
arut0101: posts small blind $1
VolkovDmitri: posts big blind $3
*** HOLE CARDS ***
arut0101: calls $2
VolkovDmitri: raises $3 to $6
arut0101: calls $3
*** FLOP *** [2d 4c 2s]
VolkovDmitri: bets $3
arut0101: calls $3
*** TURN *** [2d 4c 2s] [Qd]
VolkovDmitri: bets $6
arut0101: calls $6
*** RIVER *** [2d 4c 2s Qd] [Js]
VolkovDmitri: checks
arut0101: checks
*** SHOW DOWN ***
VolkovDmitri: shows [Kh 4d] (two pair, Fours and Deuces)
arut0101: mucks hand
VolkovDmitri collected $29.50 from pot
*** SUMMARY ***
Total pot $30 | Rake $0.50
Board [2d 4c 2s Qd Js]
Seat 1: arut0101 (button) (small blind) mucked
Seat 4: VolkovDmitri (big blind) showed [Kh 4d] and won ($29.50) with two pair, Fours and Deuces


PokerStars Hand #157428567326:  Hold'em Limit ($3/$6 USD) - 2016/08/18 9:35:39 ET
Table 'Fagnes' 6-max Seat #4 is the button
Seat 1: arut0101 ($15 in chips)
Seat 4: VolkovDmitri ($180.48 in chips)
VolkovDmitri: posts small blind $1
arut0101: posts big blind $3
*** HOLE CARDS ***
VolkovDmitri: raises $3 to $6
arut0101: calls $3
*** FLOP *** [Jd 7c 4d]
arut0101: checks
VolkovDmitri: bets $3
arut0101: calls $3
*** TURN *** [Jd 7c 4d] [2s]
arut0101: checks
VolkovDmitri: bets $6
arut0101: calls $6 and is all-in
*** RIVER *** [Jd 7c 4d 2s] [Ts]
*** SHOW DOWN ***
arut0101: shows [6s 5s] (high card Jack)
VolkovDmitri: shows [Ad 6d] (high card Ace)
VolkovDmitri collected $29.50 from pot
*** SUMMARY ***
Total pot $30 | Rake $0.50
Board [Jd 7c 4d 2s Ts]
Seat 1: arut0101 (big blind) showed [6s 5s] and lost with high card Jack
Seat 4: VolkovDmitri (button) (small blind) showed [Ad 6d] and won ($29.50) with high card Ace


