PokerStars Hand #158122248899:  Hold'em Limit ($3/$6 USD) - 2016/09/03 18:11:24 ET
Table 'Faina' 6-max Seat #4 is the button
Seat 3: svag78 ($125.76 in chips)
Seat 4: AzureCaper ($72 in chips)
AzureCaper: posts small blind $1
svag78: posts big blind $3
*** HOLE CARDS ***
AzureCaper: raises $3 to $6
svag78: calls $3
*** FLOP *** [Qh Kd 8c]
svag78: checks
AzureCaper: bets $3
svag78: calls $3
*** TURN *** [Qh Kd 8c] [Ac]
svag78: checks
AzureCaper: checks
*** RIVER *** [Qh Kd 8c Ac] [3d]
svag78: checks
AzureCaper: checks
*** SHOW DOWN ***
svag78: shows [8h 2c] (a pair of Eights)
AzureCaper: mucks hand
svag78 collected $17.64 from pot
*** SUMMARY ***
Total pot $18 | Rake $0.36
Board [Qh Kd 8c Ac 3d]
Seat 3: svag78 (big blind) showed [8h 2c] and won ($17.64) with a pair of Eights
Seat 4: AzureCaper (button) (small blind) mucked


PokerStars Hand #158122299108:  Hold'em Limit ($3/$6 USD) - 2016/09/03 18:12:40 ET
Table 'Faina' 6-max Seat #3 is the button
Seat 3: svag78 ($139.42 in chips)
Seat 4: AzureCaper ($72 in chips)
svag78: posts small blind $1
AzureCaper: posts big blind $3
*** HOLE CARDS ***
svag78: calls $2
AzureCaper: raises $3 to $6
svag78: calls $3
*** FLOP *** [Jd Jc 6c]
AzureCaper: bets $3
svag78: calls $3
*** TURN *** [Jd Jc 6c] [Qh]
AzureCaper: bets $6
svag78: folds
Uncalled bet ($6) returned to AzureCaper
AzureCaper collected $17.64 from pot
AzureCaper: doesn't show hand
*** SUMMARY ***
Total pot $18 | Rake $0.36
Board [Jd Jc 6c Qh]
Seat 3: svag78 (button) (small blind) folded on the Turn
Seat 4: AzureCaper (big blind) collected ($17.64)


PokerStars Hand #158122289280:  Hold'em Limit ($3/$6 USD) - 2016/09/03 18:12:26 ET
Table 'Faina' 6-max Seat #4 is the button
Seat 3: svag78 ($124.92 in chips)
Seat 4: AzureCaper ($86.50 in chips)
AzureCaper: posts small blind $1
svag78: posts big blind $3
*** HOLE CARDS ***
Turbaby joins the table at seat #2
AzureCaper: raises $3 to $6
svag78: calls $3
*** FLOP *** [8c 9d 2c]
svag78: checks
AzureCaper: bets $3
svag78: calls $3
*** TURN *** [8c 9d 2c] [Ac]
svag78: checks
AzureCaper: checks
*** RIVER *** [8c 9d 2c Ac] [7h]
svag78: bets $6
AzureCaper: calls $6
*** SHOW DOWN ***
svag78: shows [6c 5s] (a straight, Five to Nine)
AzureCaper: mucks hand
svag78 collected $29.50 from pot
*** SUMMARY ***
Total pot $30 | Rake $0.50
Board [8c 9d 2c Ac 7h]
Seat 3: svag78 (big blind) showed [6c 5s] and won ($29.50) with a straight, Five to Nine
Seat 4: AzureCaper (button) (small blind) mucked


PokerStars Hand #158122283056:  Hold'em Limit ($3/$6 USD) - 2016/09/03 18:12:16 ET
Table 'Faina' 6-max Seat #3 is the button
Seat 3: svag78 ($119.16 in chips)
Seat 4: AzureCaper ($92.50 in chips)
svag78: posts small blind $1
AzureCaper: posts big blind $3
*** HOLE CARDS ***
svag78: raises $3 to $6
AzureCaper: calls $3
*** FLOP *** [4s 7h Ts]
AzureCaper: checks
svag78: bets $3
AzureCaper: folds
Uncalled bet ($3) returned to svag78
svag78 collected $11.76 from pot
svag78: doesn't show hand
*** SUMMARY ***
Total pot $12 | Rake $0.24
Board [4s 7h Ts]
Seat 3: svag78 (button) (small blind) collected ($11.76)
Seat 4: AzureCaper (big blind) folded on the Flop


PokerStars Hand #158122269085:  Hold'em Limit ($3/$6 USD) - 2016/09/03 18:11:55 ET
Table 'Faina' 6-max Seat #4 is the button
Seat 3: svag78 ($140.16 in chips)
Seat 4: AzureCaper ($72 in chips)
AzureCaper: posts small blind $1
svag78: posts big blind $3
*** HOLE CARDS ***
AzureCaper: raises $3 to $6
svag78: calls $3
*** FLOP *** [Td Qs 9c]
svag78: checks
AzureCaper: bets $3
svag78: calls $3
*** TURN *** [Td Qs 9c] [4d]
svag78: checks
AzureCaper: checks
*** RIVER *** [Td Qs 9c 4d] [8d]
svag78: bets $6
AzureCaper: raises $6 to $12
svag78: calls $6
*** SHOW DOWN ***
AzureCaper: shows [6d 7d] (a flush, Ten high)
svag78: mucks hand
AzureCaper collected $41.50 from pot
*** SUMMARY ***
Total pot $42 | Rake $0.50
Board [Td Qs 9c 4d 8d]
Seat 3: svag78 (big blind) mucked
Seat 4: AzureCaper (button) (small blind) showed [6d 7d] and won ($41.50) with a flush, Ten high


PokerStars Hand #158122257854:  Hold'em Limit ($3/$6 USD) - 2016/09/03 18:11:38 ET
Table 'Faina' 6-max Seat #3 is the button
Seat 3: svag78 ($134.40 in chips)
Seat 4: AzureCaper ($72 in chips)
svag78: posts small blind $1
AzureCaper: posts big blind $3
*** HOLE CARDS ***
svag78: raises $3 to $6
AzureCaper: calls $3
*** FLOP *** [Jc Kd 2s]
AzureCaper: checks
svag78: checks
*** TURN *** [Jc Kd 2s] [Ad]
AzureCaper: checks
svag78: checks
*** RIVER *** [Jc Kd 2s Ad] [5h]
AzureCaper: checks
svag78: checks
*** SHOW DOWN ***
AzureCaper: shows [7d Th] (high card Ace)
svag78: shows [5s 6s] (a pair of Fives)
svag78 collected $11.76 from pot
*** SUMMARY ***
Total pot $12 | Rake $0.24
Board [Jc Kd 2s Ad 5h]
Seat 3: svag78 (button) (small blind) showed [5s 6s] and won ($11.76) with a pair of Fives
Seat 4: AzureCaper (big blind) showed [7d Th] and lost with high card Ace


PokerStars Hand #158122464769:  Hold'em Limit ($3/$6 USD) - 2016/09/03 18:16:37 ET
Table 'Faina' 6-max Seat #3 is the button
Seat 3: svag78 ($135.20 in chips)
Seat 4: AzureCaper ($106.10 in chips)
svag78: posts small blind $1
AzureCaper: posts big blind $3
*** HOLE CARDS ***
svag78: raises $3 to $6
AzureCaper: calls $3
*** FLOP *** [5s 7c 7d]
AzureCaper: checks
svag78: bets $3
AzureCaper: raises $3 to $6
svag78: calls $3
*** TURN *** [5s 7c 7d] [2s]
AzureCaper: bets $6
svag78: calls $6
*** RIVER *** [5s 7c 7d 2s] [7h]
AzureCaper: bets $6
svag78: folds
Uncalled bet ($6) returned to AzureCaper
AzureCaper collected $35.50 from pot
AzureCaper: doesn't show hand
*** SUMMARY ***
Total pot $36 | Rake $0.50
Board [5s 7c 7d 2s 7h]
Seat 3: svag78 (button) (small blind) folded on the River
Seat 4: AzureCaper (big blind) collected ($35.50)


PokerStars Hand #158122454458:  Hold'em Limit ($3/$6 USD) - 2016/09/03 18:16:23 ET
Table 'Faina' 6-max Seat #4 is the button
Seat 3: svag78 ($144.20 in chips)
Seat 4: AzureCaper ($97.46 in chips)
AzureCaper: posts small blind $1
svag78: posts big blind $3
*** HOLE CARDS ***
AzureCaper: raises $3 to $6
svag78: calls $3
*** FLOP *** [Jc Ac 2d]
svag78: checks
AzureCaper: bets $3
svag78: calls $3
*** TURN *** [Jc Ac 2d] [As]
svag78: checks
AzureCaper: bets $6
svag78: folds
Uncalled bet ($6) returned to AzureCaper
AzureCaper collected $17.64 from pot
AzureCaper: doesn't show hand
*** SUMMARY ***
Total pot $18 | Rake $0.36
Board [Jc Ac 2d As]
Seat 3: svag78 (big blind) folded on the Turn
Seat 4: AzureCaper (button) (small blind) collected ($17.64)


PokerStars Hand #158122503641:  Hold'em Limit ($3/$6 USD) - 2016/09/03 18:17:30 ET
Table 'Faina' 6-max Seat #4 is the button
Seat 3: svag78 ($126.70 in chips)
Seat 4: AzureCaper ($113.24 in chips)
AzureCaper: posts small blind $1
svag78: posts big blind $3
*** HOLE CARDS ***
AzureCaper: raises $3 to $6
svag78: calls $3
*** FLOP *** [5s 3h 7s]
svag78: checks
AzureCaper: bets $3
svag78: calls $3
*** TURN *** [5s 3h 7s] [6h]
svag78: checks
AzureCaper: bets $6
svag78: calls $6
*** RIVER *** [5s 3h 7s 6h] [7h]
svag78: checks
AzureCaper: bets $6
svag78: calls $6
*** SHOW DOWN ***
AzureCaper: shows [Jh 6c] (two pair, Sevens and Sixes)
svag78: mucks hand
AzureCaper collected $41.50 from pot
*** SUMMARY ***
Total pot $42 | Rake $0.50
Board [5s 3h 7s 6h 7h]
Seat 3: svag78 (big blind) mucked
Seat 4: AzureCaper (button) (small blind) showed [Jh 6c] and won ($41.50) with two pair, Sevens and Sixes


PokerStars Hand #158122500125:  Hold'em Limit ($3/$6 USD) - 2016/09/03 18:17:25 ET
Table 'Faina' 6-max Seat #3 is the button
Seat 3: svag78 ($127.70 in chips)
Seat 4: AzureCaper ($112.24 in chips)
svag78: posts small blind $1
AzureCaper: posts big blind $3
*** HOLE CARDS ***
svag78: folds
Uncalled bet ($2) returned to AzureCaper
AzureCaper collected $2 from pot
AzureCaper: doesn't show hand
*** SUMMARY ***
Total pot $2 | Rake $0
Seat 3: svag78 (button) (small blind) folded before Flop
Seat 4: AzureCaper (big blind) collected ($2)


PokerStars Hand #158122489213:  Hold'em Limit ($3/$6 USD) - 2016/09/03 18:17:10 ET
Table 'Faina' 6-max Seat #4 is the button
Seat 3: svag78 ($107.20 in chips)
Seat 4: AzureCaper ($133.24 in chips)
AzureCaper: posts small blind $1
svag78: posts big blind $3
*** HOLE CARDS ***
AzureCaper: raises $3 to $6
svag78: calls $3
*** FLOP *** [2c 9h As]
svag78: checks
AzureCaper: bets $3
svag78: calls $3
*** TURN *** [2c 9h As] [Qh]
svag78: checks
AzureCaper: bets $6
svag78: calls $6
*** RIVER *** [2c 9h As Qh] [Ks]
svag78: checks
AzureCaper: bets $6
svag78: calls $6
*** SHOW DOWN ***
AzureCaper: shows [Tc Qc] (a pair of Queens)
svag78: shows [Ah Js] (a pair of Aces)
svag78 collected $41.50 from pot
*** SUMMARY ***
Total pot $42 | Rake $0.50
Board [2c 9h As Qh Ks]
Seat 3: svag78 (big blind) showed [Ah Js] and won ($41.50) with a pair of Aces
Seat 4: AzureCaper (button) (small blind) showed [Tc Qc] and lost with a pair of Queens


PokerStars Hand #158122485573:  Hold'em Limit ($3/$6 USD) - 2016/09/03 18:17:05 ET
Table 'Faina' 6-max Seat #3 is the button
Seat 3: svag78 ($108.20 in chips)
Seat 4: AzureCaper ($132.24 in chips)
svag78: posts small blind $1
AzureCaper: posts big blind $3
*** HOLE CARDS ***
svag78: folds
Uncalled bet ($2) returned to AzureCaper
AzureCaper collected $2 from pot
AzureCaper: doesn't show hand
*** SUMMARY ***
Total pot $2 | Rake $0
Seat 3: svag78 (button) (small blind) folded before Flop
Seat 4: AzureCaper (big blind) collected ($2)


PokerStars Hand #158122475900:  Hold'em Limit ($3/$6 USD) - 2016/09/03 18:16:52 ET
Table 'Faina' 6-max Seat #4 is the button
Seat 3: svag78 ($117.20 in chips)
Seat 4: AzureCaper ($123.60 in chips)
AzureCaper: posts small blind $1
svag78: posts big blind $3
*** HOLE CARDS ***
AzureCaper: raises $3 to $6
svag78: calls $3
*** FLOP *** [Jc 3h 7d]
svag78: checks
AzureCaper: bets $3
svag78: calls $3
*** TURN *** [Jc 3h 7d] [Ah]
svag78: checks
AzureCaper: bets $6
svag78: folds
Uncalled bet ($6) returned to AzureCaper
AzureCaper collected $17.64 from pot
AzureCaper: doesn't show hand
*** SUMMARY ***
Total pot $18 | Rake $0.36
Board [Jc 3h 7d Ah]
Seat 3: svag78 (big blind) folded on the Turn
Seat 4: AzureCaper (button) (small blind) collected ($17.64)


PokerStars Hand #158122545921:  Hold'em Limit ($3/$6 USD) - 2016/09/03 18:18:29 ET
Table 'Faina' 6-max Seat #3 is the button
Seat 3: svag78 ($124.20 in chips)
Seat 4: AzureCaper ($114.50 in chips)
svag78: posts small blind $1
AzureCaper: posts big blind $3
*** HOLE CARDS ***
svag78: calls $2
AzureCaper: checks
*** FLOP *** [5c Js Ah]
AzureCaper: checks
svag78: bets $3
AzureCaper: folds
Uncalled bet ($3) returned to svag78
svag78 collected $5.88 from pot
svag78: doesn't show hand
*** SUMMARY ***
Total pot $6 | Rake $0.12
Board [5c Js Ah]
Seat 3: svag78 (button) (small blind) collected ($5.88)
Seat 4: AzureCaper (big blind) folded on the Flop


PokerStars Hand #158122542391:  Hold'em Limit ($3/$6 USD) - 2016/09/03 18:18:24 ET
Table 'Faina' 6-max Seat #4 is the button
Seat 3: svag78 ($123.20 in chips)
Seat 4: AzureCaper ($115.50 in chips)
AzureCaper: posts small blind $1
svag78: posts big blind $3
*** HOLE CARDS ***
AzureCaper: folds
Uncalled bet ($2) returned to svag78
svag78 collected $2 from pot
svag78: doesn't show hand
*** SUMMARY ***
Total pot $2 | Rake $0
Seat 3: svag78 (big blind) collected ($2)
Seat 4: AzureCaper (button) (small blind) folded before Flop


PokerStars Hand #158122538505:  Hold'em Limit ($3/$6 USD) - 2016/09/03 18:18:19 ET
Table 'Faina' 6-max Seat #3 is the button
Seat 3: svag78 ($120.20 in chips)
Seat 4: AzureCaper ($118.50 in chips)
svag78: posts small blind $1
AzureCaper: posts big blind $3
*** HOLE CARDS ***
svag78: raises $3 to $6
AzureCaper: folds
Uncalled bet ($3) returned to svag78
svag78 collected $6 from pot
svag78: doesn't show hand
*** SUMMARY ***
Total pot $6 | Rake $0
Seat 3: svag78 (button) (small blind) collected ($6)
Seat 4: AzureCaper (big blind) folded before Flop


PokerStars Hand #158122530449:  Hold'em Limit ($3/$6 USD) - 2016/09/03 18:18:08 ET
Table 'Faina' 6-max Seat #4 is the button
Seat 3: svag78 ($126.20 in chips)
Seat 4: AzureCaper ($112.74 in chips)
AzureCaper: posts small blind $1
svag78: posts big blind $3
*** HOLE CARDS ***
AzureCaper: raises $3 to $6
svag78: calls $3
*** FLOP *** [8s 6c Ac]
svag78: checks
AzureCaper: bets $3
svag78: folds
Uncalled bet ($3) returned to AzureCaper
AzureCaper collected $11.76 from pot
AzureCaper: doesn't show hand
*** SUMMARY ***
Total pot $12 | Rake $0.24
Board [8s 6c Ac]
Seat 3: svag78 (big blind) folded on the Flop
Seat 4: AzureCaper (button) (small blind) collected ($11.76)


PokerStars Hand #158122517738:  Hold'em Limit ($3/$6 USD) - 2016/09/03 18:17:50 ET
Table 'Faina' 6-max Seat #3 is the button
Seat 3: svag78 ($105.70 in chips)
Seat 4: AzureCaper ($133.74 in chips)
svag78: posts small blind $1
AzureCaper: posts big blind $3
*** HOLE CARDS ***
svag78: calls $2
AzureCaper: checks
*** FLOP *** [5c 9h 9c]
AzureCaper: checks
svag78: bets $3
AzureCaper: raises $3 to $6
svag78: calls $3
*** TURN *** [5c 9h 9c] [8c]
AzureCaper: bets $6
svag78: calls $6
*** RIVER *** [5c 9h 9c 8c] [4d]
AzureCaper: bets $6
svag78: calls $6
*** SHOW DOWN ***
AzureCaper: shows [5s 6d] (two pair, Nines and Fives)
svag78: shows [Kc 5h] (two pair, Nines and Fives - King kicker)
svag78 collected $41.50 from pot
*** SUMMARY ***
Total pot $42 | Rake $0.50
Board [5c 9h 9c 8c 4d]
Seat 3: svag78 (button) (small blind) showed [Kc 5h] and won ($41.50) with two pair, Nines and Fives
Seat 4: AzureCaper (big blind) showed [5s 6d] and lost with two pair, Nines and Fives


PokerStars Hand #158122595312:  Hold'em Limit ($3/$6 USD) - 2016/09/03 18:19:39 ET
Table 'Faina' 6-max Seat #4 is the button
Seat 3: svag78 ($126.34 in chips)
Seat 4: AzureCaper ($110.88 in chips)
AzureCaper: posts small blind $1
svag78: posts big blind $3
*** HOLE CARDS ***
AzureCaper: folds
Uncalled bet ($2) returned to svag78
svag78 collected $2 from pot
svag78: doesn't show hand
*** SUMMARY ***
Total pot $2 | Rake $0
Seat 3: svag78 (big blind) collected ($2)
Seat 4: AzureCaper (button) (small blind) folded before Flop


PokerStars Hand #158122587927:  Hold'em Limit ($3/$6 USD) - 2016/09/03 18:19:28 ET
Table 'Faina' 6-max Seat #3 is the button
Seat 3: svag78 ($120.58 in chips)
Seat 4: AzureCaper ($116.88 in chips)
svag78: posts small blind $1
AzureCaper: posts big blind $3
*** HOLE CARDS ***
svag78: raises $3 to $6
AzureCaper: calls $3
*** FLOP *** [Kc 9h Ks]
AzureCaper: checks
svag78: bets $3
AzureCaper: folds
Uncalled bet ($3) returned to svag78
svag78 collected $11.76 from pot
svag78: doesn't show hand
*** SUMMARY ***
Total pot $12 | Rake $0.24
Board [Kc 9h Ks]
Seat 3: svag78 (button) (small blind) collected ($11.76)
Seat 4: AzureCaper (big blind) folded on the Flop


PokerStars Hand #158122576652:  Hold'em Limit ($3/$6 USD) - 2016/09/03 18:19:12 ET
Table 'Faina' 6-max Seat #4 is the button
Seat 3: svag78 ($141.58 in chips)
Seat 4: AzureCaper ($96.38 in chips)
AzureCaper: posts small blind $1
svag78: posts big blind $3
*** HOLE CARDS ***
AzureCaper: raises $3 to $6
svag78: calls $3
*** FLOP *** [Tc 2h Kc]
svag78: checks
AzureCaper: bets $3
svag78: calls $3
*** TURN *** [Tc 2h Kc] [Th]
svag78: checks
AzureCaper: bets $6
svag78: calls $6
*** RIVER *** [Tc 2h Kc Th] [Qc]
svag78: checks
AzureCaper: bets $6
svag78: calls $6
*** SHOW DOWN ***
AzureCaper: shows [Ts 8s] (three of a kind, Tens)
svag78: mucks hand
AzureCaper collected $41.50 from pot
*** SUMMARY ***
Total pot $42 | Rake $0.50
Board [Tc 2h Kc Th Qc]
Seat 3: svag78 (big blind) mucked
Seat 4: AzureCaper (button) (small blind) showed [Ts 8s] and won ($41.50) with three of a kind, Tens


PokerStars Hand #158122569599:  Hold'em Limit ($3/$6 USD) - 2016/09/03 18:19:02 ET
Table 'Faina' 6-max Seat #3 is the button
Seat 3: svag78 ($144.58 in chips)
Seat 4: AzureCaper ($93.50 in chips)
svag78: posts small blind $1
AzureCaper: posts big blind $3
*** HOLE CARDS ***
svag78: calls $2
AzureCaper: checks
*** FLOP *** [3s Ks Ts]
AzureCaper: bets $3
svag78: folds
Uncalled bet ($3) returned to AzureCaper
AzureCaper collected $5.88 from pot
AzureCaper: doesn't show hand
*** SUMMARY ***
Total pot $6 | Rake $0.12
Board [3s Ks Ts]
Seat 3: svag78 (button) (small blind) folded on the Flop
Seat 4: AzureCaper (big blind) collected ($5.88)


PokerStars Hand #158122552474:  Hold'em Limit ($3/$6 USD) - 2016/09/03 18:18:38 ET
Table 'Faina' 6-max Seat #4 is the button
Seat 3: svag78 ($127.08 in chips)
Seat 4: AzureCaper ($111.50 in chips)
AzureCaper: posts small blind $1
svag78: posts big blind $3
*** HOLE CARDS ***
AzureCaper: raises $3 to $6
svag78: calls $3
*** FLOP *** [Qs Ks 8c]
svag78: checks
AzureCaper: checks
*** TURN *** [Qs Ks 8c] [2s]
svag78: checks
AzureCaper: bets $6
svag78: calls $6
*** RIVER *** [Qs Ks 8c 2s] [4h]
svag78: checks
AzureCaper: bets $6
svag78: raises $6 to $12
AzureCaper: folds
Uncalled bet ($6) returned to svag78
svag78 collected $35.50 from pot
svag78: doesn't show hand
*** SUMMARY ***
Total pot $36 | Rake $0.50
Board [Qs Ks 8c 2s 4h]
Seat 3: svag78 (big blind) collected ($35.50)
Seat 4: AzureCaper (button) (small blind) folded on the River


PokerStars Hand #158122638515:  Hold'em Limit ($3/$6 USD) - 2016/09/03 18:20:39 ET
Table 'Faina' 6-max Seat #3 is the button
Seat 3: svag78 ($106.84 in chips)
Seat 4: AzureCaper ($128.88 in chips)
svag78: posts small blind $1
AzureCaper: posts big blind $3
*** HOLE CARDS ***
svag78: raises $3 to $6
AzureCaper: raises $3 to $9
svag78: calls $3
*** FLOP *** [Kh 2h Kd]
AzureCaper: bets $3
svag78: calls $3
*** TURN *** [Kh 2h Kd] [Tc]
AzureCaper: bets $6
svag78: folds
Uncalled bet ($6) returned to AzureCaper
AzureCaper collected $23.52 from pot
AzureCaper: doesn't show hand
*** SUMMARY ***
Total pot $24 | Rake $0.48
Board [Kh 2h Kd Tc]
Seat 3: svag78 (button) (small blind) folded on the Turn
Seat 4: AzureCaper (big blind) collected ($23.52)


PokerStars Hand #158122627395:  Hold'em Limit ($3/$6 USD) - 2016/09/03 18:20:24 ET
Table 'Faina' 6-max Seat #4 is the button
Seat 3: svag78 ($92.34 in chips)
Seat 4: AzureCaper ($143.88 in chips)
AzureCaper: posts small blind $1
svag78: posts big blind $3
*** HOLE CARDS ***
AzureCaper: raises $3 to $6
svag78: calls $3
*** FLOP *** [Jd 2d 7c]
svag78: checks
AzureCaper: bets $3
svag78: calls $3
*** TURN *** [Jd 2d 7c] [7d]
svag78: checks
AzureCaper: checks
*** RIVER *** [Jd 2d 7c 7d] [4s]
svag78: bets $6
AzureCaper: calls $6
*** SHOW DOWN ***
svag78: shows [7s 2h] (a full house, Sevens full of Deuces)
AzureCaper: mucks hand
svag78 collected $29.50 from pot
*** SUMMARY ***
Total pot $30 | Rake $0.50
Board [Jd 2d 7c 7d 4s]
Seat 3: svag78 (big blind) showed [7s 2h] and won ($29.50) with a full house, Sevens full of Deuces
Seat 4: AzureCaper (button) (small blind) mucked


PokerStars Hand #158122612878:  Hold'em Limit ($3/$6 USD) - 2016/09/03 18:20:03 ET
Table 'Faina' 6-max Seat #3 is the button
Seat 3: svag78 ($107.34 in chips)
Seat 4: AzureCaper ($129.38 in chips)
svag78: posts small blind $1
AzureCaper: posts big blind $3
*** HOLE CARDS ***
svag78: raises $3 to $6
AzureCaper: calls $3
*** FLOP *** [Js 7s 4h]
AzureCaper: bets $3
svag78: calls $3
*** TURN *** [Js 7s 4h] [9h]
AzureCaper: bets $6
svag78: calls $6
*** RIVER *** [Js 7s 4h 9h] [Jd]
AzureCaper: bets $6
svag78: folds
Uncalled bet ($6) returned to AzureCaper
AzureCaper collected $29.50 from pot
AzureCaper: doesn't show hand
*** SUMMARY ***
Total pot $30 | Rake $0.50
Board [Js 7s 4h 9h Jd]
Seat 3: svag78 (button) (small blind) folded on the River
Seat 4: AzureCaper (big blind) collected ($29.50)


PokerStars Hand #158122609796:  Hold'em Limit ($3/$6 USD) - 2016/09/03 18:19:59 ET
Table 'Faina' 6-max Seat #4 is the button
Seat 3: svag78 ($106.34 in chips)
Seat 4: AzureCaper ($130.38 in chips)
AzureCaper: posts small blind $1
svag78: posts big blind $3
*** HOLE CARDS ***
AzureCaper: folds
Uncalled bet ($2) returned to svag78
svag78 collected $2 from pot
svag78: doesn't show hand
*** SUMMARY ***
Total pot $2 | Rake $0
Seat 3: svag78 (big blind) collected ($2)
Seat 4: AzureCaper (button) (small blind) folded before Flop


PokerStars Hand #158122598618:  Hold'em Limit ($3/$6 USD) - 2016/09/03 18:19:43 ET
Table 'Faina' 6-max Seat #3 is the button
Seat 3: svag78 ($127.34 in chips)
Seat 4: AzureCaper ($109.88 in chips)
svag78: posts small blind $1
AzureCaper: posts big blind $3
*** HOLE CARDS ***
svag78: calls $2
AzureCaper: checks
*** FLOP *** [5c 8h 8d]
AzureCaper: checks
svag78: bets $3
AzureCaper: raises $3 to $6
svag78: calls $3
*** TURN *** [5c 8h 8d] [4s]
AzureCaper: bets $6
svag78: calls $6
*** RIVER *** [5c 8h 8d 4s] [Jh]
AzureCaper: bets $6
svag78: calls $6
*** SHOW DOWN ***
AzureCaper: shows [7h 6c] (a straight, Four to Eight)
svag78: mucks hand
AzureCaper collected $41.50 from pot
*** SUMMARY ***
Total pot $42 | Rake $0.50
Board [5c 8h 8d 4s Jh]
Seat 3: svag78 (button) (small blind) mucked
Seat 4: AzureCaper (big blind) showed [7h 6c] and won ($41.50) with a straight, Four to Eight


PokerStars Hand #158122675755:  Hold'em Limit ($3/$6 USD) - 2016/09/03 18:21:32 ET
Table 'Faina' 6-max Seat #3 is the button
Seat 3: svag78 ($58.84 in chips)
Seat 4: AzureCaper ($175.30 in chips)
svag78: posts small blind $1
AzureCaper: posts big blind $3
*** HOLE CARDS ***
svag78: raises $3 to $6
AzureCaper: raises $3 to $9
svag78: calls $3
*** FLOP *** [7s 8h 9d]
AzureCaper: bets $3
svag78: calls $3
*** TURN *** [7s 8h 9d] [5d]
AzureCaper: checks
svag78: bets $6
AzureCaper: calls $6
*** RIVER *** [7s 8h 9d 5d] [3d]
AzureCaper: checks
svag78: bets $6
AzureCaper: folds
Uncalled bet ($6) returned to svag78
svag78 collected $35.50 from pot
svag78: doesn't show hand
*** SUMMARY ***
Total pot $36 | Rake $0.50
Board [7s 8h 9d 5d 3d]
Seat 3: svag78 (button) (small blind) collected ($35.50)
Seat 4: AzureCaper (big blind) folded on the River


PokerStars Hand #158122668628:  Hold'em Limit ($3/$6 USD) - 2016/09/03 18:21:22 ET
Table 'Faina' 6-max Seat #4 is the button
Seat 3: svag78 ($64.84 in chips)
Seat 4: AzureCaper ($169.54 in chips)
AzureCaper: posts small blind $1
svag78: posts big blind $3
*** HOLE CARDS ***
AzureCaper: raises $3 to $6
svag78: calls $3
*** FLOP *** [9c Jc Ac]
svag78: checks
AzureCaper: bets $3
svag78: folds
Uncalled bet ($3) returned to AzureCaper
AzureCaper collected $11.76 from pot
AzureCaper: doesn't show hand
*** SUMMARY ***
Total pot $12 | Rake $0.24
Board [9c Jc Ac]
Seat 3: svag78 (big blind) folded on the Flop
Seat 4: AzureCaper (button) (small blind) collected ($11.76)


PokerStars Hand #158122658323:  Hold'em Limit ($3/$6 USD) - 2016/09/03 18:21:07 ET
Table 'Faina' 6-max Seat #3 is the button
Seat 3: svag78 ($73.84 in chips)
Seat 4: AzureCaper ($160.90 in chips)
svag78: posts small blind $1
AzureCaper: posts big blind $3
*** HOLE CARDS ***
svag78: raises $3 to $6
AzureCaper: calls $3
*** FLOP *** [3c Ks Td]
AzureCaper: checks
svag78: bets $3
AzureCaper: calls $3
*** TURN *** [3c Ks Td] [Jc]
AzureCaper: checks
svag78: checks
*** RIVER *** [3c Ks Td Jc] [8h]
AzureCaper: checks
svag78: checks
*** SHOW DOWN ***
AzureCaper: shows [6s Ah] (high card Ace)
svag78: mucks hand
AzureCaper collected $17.64 from pot
*** SUMMARY ***
Total pot $18 | Rake $0.36
Board [3c Ks Td Jc 8h]
Seat 3: svag78 (button) (small blind) mucked
Seat 4: AzureCaper (big blind) showed [6s Ah] and won ($17.64) with high card Ace


PokerStars Hand #158122647767:  Hold'em Limit ($3/$6 USD) - 2016/09/03 18:20:52 ET
Table 'Faina' 6-max Seat #4 is the button
Seat 3: svag78 ($94.84 in chips)
Seat 4: AzureCaper ($140.40 in chips)
AzureCaper: posts small blind $1
svag78: posts big blind $3
*** HOLE CARDS ***
AzureCaper: raises $3 to $6
svag78: calls $3
*** FLOP *** [6c Jd Tc]
svag78: checks
AzureCaper: bets $3
svag78: calls $3
*** TURN *** [6c Jd Tc] [Jh]
svag78: checks
AzureCaper: bets $6
svag78: calls $6
*** RIVER *** [6c Jd Tc Jh] [4d]
svag78: checks
AzureCaper: bets $6
svag78: calls $6
*** SHOW DOWN ***
AzureCaper: shows [9s Js] (three of a kind, Jacks)
svag78: mucks hand
AzureCaper collected $41.50 from pot
*** SUMMARY ***
Total pot $42 | Rake $0.50
Board [6c Jd Tc Jh 4d]
Seat 3: svag78 (big blind) mucked
Seat 4: AzureCaper (button) (small blind) showed [9s Js] and won ($41.50) with three of a kind, Jacks


PokerStars Hand #158122691370:  Hold'em Limit ($3/$6 USD) - 2016/09/03 18:21:55 ET
Table 'Faina' 6-max Seat #3 is the button
Seat 3: svag78 ($77.34 in chips)
Seat 4: AzureCaper ($156.30 in chips)
svag78: posts small blind $1
AzureCaper: posts big blind $3
*** HOLE CARDS ***
Agniosius joins the table at seat #2
svag78: calls $2
AzureCaper: checks
*** FLOP *** [9s 2c 9d]
AzureCaper: checks
svag78: checks
*** TURN *** [9s 2c 9d] [2h]
AzureCaper: checks
svag78: checks
*** RIVER *** [9s 2c 9d 2h] [Ad]
AzureCaper: checks
svag78: checks
*** SHOW DOWN ***
AzureCaper: shows [Ah 3h] (two pair, Aces and Nines)
svag78: mucks hand
AzureCaper collected $5.88 from pot
*** SUMMARY ***
Total pot $6 | Rake $0.12
Board [9s 2c 9d 2h Ad]
Seat 3: svag78 (button) (small blind) mucked
Seat 4: AzureCaper (big blind) showed [Ah 3h] and won ($5.88) with two pair, Aces and Nines


PokerStars Hand #158122687892:  Hold'em Limit ($3/$6 USD) - 2016/09/03 18:21:50 ET
Table 'Faina' 6-max Seat #4 is the button
Seat 3: svag78 ($76.34 in chips)
Seat 4: AzureCaper ($157.30 in chips)
AzureCaper: posts small blind $1
svag78: posts big blind $3
*** HOLE CARDS ***
AzureCaper: folds
Uncalled bet ($2) returned to svag78
svag78 collected $2 from pot
svag78: doesn't show hand
*** SUMMARY ***
Total pot $2 | Rake $0
Seat 3: svag78 (big blind) collected ($2)
Seat 4: AzureCaper (button) (small blind) folded before Flop


PokerStars Hand #158125891353:  Hold'em Limit ($3/$6 USD) - 2016/09/03 19:54:02 ET
Table 'Faina' 6-max Seat #2 is the button
Seat 2: RaisemyNut$ ($189.22 in chips)
Seat 5: barbeinthjem ($448.78 in chips)
RaisemyNut$: posts small blind $1
CharginWapos: is sitting out
CharginWapos leaves the table
barbeinthjem: posts big blind $3
*** HOLE CARDS ***
RaisemyNut$: raises $3 to $6
barbeinthjem: calls $3
*** FLOP *** [9s 7h 2s]
barbeinthjem: checks
RaisemyNut$: bets $3
barbeinthjem: raises $3 to $6
RaisemyNut$: calls $3
*** TURN *** [9s 7h 2s] [5s]
barbeinthjem: bets $6
RaisemyNut$: calls $6
*** RIVER *** [9s 7h 2s 5s] [Qs]
barbeinthjem: checks
RaisemyNut$: checks
*** SHOW DOWN ***
barbeinthjem: shows [9c Jh] (a pair of Nines)
RaisemyNut$: mucks hand
barbeinthjem collected $35.50 from pot
*** SUMMARY ***
Total pot $36 | Rake $0.50
Board [9s 7h 2s 5s Qs]
Seat 2: RaisemyNut$ (button) (small blind) mucked
Seat 5: barbeinthjem (big blind) showed [9c Jh] and won ($35.50) with a pair of Nines


PokerStars Hand #158125904367:  Hold'em Limit ($3/$6 USD) - 2016/09/03 19:54:28 ET
Table 'Faina' 6-max Seat #5 is the button
Seat 2: RaisemyNut$ ($171.22 in chips)
Seat 5: barbeinthjem ($466.28 in chips)
barbeinthjem: posts small blind $1
RaisemyNut$: posts big blind $3
*** HOLE CARDS ***
barbeinthjem: raises $3 to $6
RaisemyNut$: calls $3
*** FLOP *** [Qc Kd 7d]
RaisemyNut$: checks
barbeinthjem: bets $3
RaisemyNut$: raises $3 to $6
barbeinthjem: calls $3
*** TURN *** [Qc Kd 7d] [9d]
RaisemyNut$: bets $6
barbeinthjem: calls $6
*** RIVER *** [Qc Kd 7d 9d] [Td]
RaisemyNut$: bets $6
barbeinthjem: raises $6 to $12
RaisemyNut$: folds
Uncalled bet ($6) returned to barbeinthjem
barbeinthjem collected $47.50 from pot
barbeinthjem: doesn't show hand
*** SUMMARY ***
Total pot $48 | Rake $0.50
Board [Qc Kd 7d 9d Td]
Seat 2: RaisemyNut$ (big blind) folded on the River
Seat 5: barbeinthjem (button) (small blind) collected ($47.50)


PokerStars Hand #158125923933:  Hold'em Limit ($3/$6 USD) - 2016/09/03 19:55:08 ET
Table 'Faina' 6-max Seat #2 is the button
Seat 2: RaisemyNut$ ($147.22 in chips)
Seat 5: barbeinthjem ($489.78 in chips)
RaisemyNut$: posts small blind $1
barbeinthjem: posts big blind $3
*** HOLE CARDS ***
RaisemyNut$: raises $3 to $6
barbeinthjem: calls $3
*** FLOP *** [9s 6d Td]
barbeinthjem: checks
RaisemyNut$: bets $3
barbeinthjem: calls $3
*** TURN *** [9s 6d Td] [4s]
barbeinthjem: checks
RaisemyNut$: bets $6
barbeinthjem: calls $6
*** RIVER *** [9s 6d Td 4s] [Th]
barbeinthjem: bets $6
RaisemyNut$: raises $6 to $12
barbeinthjem: calls $6
*** SHOW DOWN ***
RaisemyNut$: shows [2c Tc] (three of a kind, Tens)
barbeinthjem: mucks hand
RaisemyNut$ collected $53.50 from pot
*** SUMMARY ***
Total pot $54 | Rake $0.50
Board [9s 6d Td 4s Th]
Seat 2: RaisemyNut$ (button) (small blind) showed [2c Tc] and won ($53.50) with three of a kind, Tens
Seat 5: barbeinthjem (big blind) mucked


PokerStars Hand #158125934398:  Hold'em Limit ($3/$6 USD) - 2016/09/03 19:55:33 ET
Table 'Faina' 6-max Seat #5 is the button
Seat 2: RaisemyNut$ ($173.72 in chips)
Seat 5: barbeinthjem ($462.78 in chips)
barbeinthjem: posts small blind $1
RaisemyNut$: posts big blind $3
*** HOLE CARDS ***
barbeinthjem: raises $3 to $6
RaisemyNut$: calls $3
*** FLOP *** [2d 3h 4c]
RaisemyNut$: checks
barbeinthjem: bets $3
RaisemyNut$: folds
Uncalled bet ($3) returned to barbeinthjem
barbeinthjem collected $11.76 from pot
barbeinthjem: doesn't show hand
*** SUMMARY ***
Total pot $12 | Rake $0.24
Board [2d 3h 4c]
Seat 2: RaisemyNut$ (big blind) folded on the Flop
Seat 5: barbeinthjem (button) (small blind) collected ($11.76)


PokerStars Hand #158125940628:  Hold'em Limit ($3/$6 USD) - 2016/09/03 19:55:48 ET
Table 'Faina' 6-max Seat #2 is the button
Seat 2: RaisemyNut$ ($167.72 in chips)
Seat 5: barbeinthjem ($468.54 in chips)
RaisemyNut$: posts small blind $1
barbeinthjem: posts big blind $3
*** HOLE CARDS ***
RaisemyNut$: folds
Uncalled bet ($2) returned to barbeinthjem
barbeinthjem collected $2 from pot
barbeinthjem: doesn't show hand
*** SUMMARY ***
Total pot $2 | Rake $0
Seat 2: RaisemyNut$ (button) (small blind) folded before Flop
Seat 5: barbeinthjem (big blind) collected ($2)


PokerStars Hand #158125942999:  Hold'em Limit ($3/$6 USD) - 2016/09/03 19:55:54 ET
Table 'Faina' 6-max Seat #5 is the button
Seat 2: RaisemyNut$ ($166.72 in chips)
Seat 5: barbeinthjem ($469.54 in chips)
barbeinthjem: posts small blind $1
RaisemyNut$: posts big blind $3
*** HOLE CARDS ***
barbeinthjem: raises $3 to $6
RaisemyNut$: calls $3
*** FLOP *** [Jd Jh 5h]
RaisemyNut$: checks
barbeinthjem: bets $3
RaisemyNut$: folds
Uncalled bet ($3) returned to barbeinthjem
barbeinthjem collected $11.76 from pot
barbeinthjem: doesn't show hand
*** SUMMARY ***
Total pot $12 | Rake $0.24
Board [Jd Jh 5h]
Seat 2: RaisemyNut$ (big blind) folded on the Flop
Seat 5: barbeinthjem (button) (small blind) collected ($11.76)


PokerStars Hand #158125950637:  Hold'em Limit ($3/$6 USD) - 2016/09/03 19:56:13 ET
Table 'Faina' 6-max Seat #2 is the button
Seat 2: RaisemyNut$ ($160.72 in chips)
Seat 5: barbeinthjem ($475.30 in chips)
RaisemyNut$: posts small blind $1
barbeinthjem: posts big blind $3
*** HOLE CARDS ***
RaisemyNut$: raises $3 to $6
barbeinthjem: calls $3
*** FLOP *** [2h 2d 2s]
barbeinthjem: checks
RaisemyNut$: bets $3
barbeinthjem: folds
Uncalled bet ($3) returned to RaisemyNut$
RaisemyNut$ collected $11.76 from pot
RaisemyNut$: doesn't show hand
*** SUMMARY ***
Total pot $12 | Rake $0.24
Board [2h 2d 2s]
Seat 2: RaisemyNut$ (button) (small blind) collected ($11.76)
Seat 5: barbeinthjem (big blind) folded on the Flop


PokerStars Hand #158125960893:  Hold'em Limit ($3/$6 USD) - 2016/09/03 19:56:37 ET
Table 'Faina' 6-max Seat #5 is the button
Seat 2: RaisemyNut$ ($166.48 in chips)
Seat 5: barbeinthjem ($469.30 in chips)
barbeinthjem: posts small blind $1
RaisemyNut$: posts big blind $3
*** HOLE CARDS ***
barbeinthjem: raises $3 to $6
RaisemyNut$: raises $3 to $9
barbeinthjem: calls $3
*** FLOP *** [5c Ks 8d]
RaisemyNut$: bets $3
barbeinthjem: folds
Uncalled bet ($3) returned to RaisemyNut$
RaisemyNut$ collected $17.64 from pot
RaisemyNut$: doesn't show hand
*** SUMMARY ***
Total pot $18 | Rake $0.36
Board [5c Ks 8d]
Seat 2: RaisemyNut$ (big blind) collected ($17.64)
Seat 5: barbeinthjem (button) (small blind) folded on the Flop


PokerStars Hand #158125974935:  Hold'em Limit ($3/$6 USD) - 2016/09/03 19:57:11 ET
Table 'Faina' 6-max Seat #2 is the button
Seat 2: RaisemyNut$ ($175.12 in chips)
Seat 5: barbeinthjem ($460.30 in chips)
RaisemyNut$: posts small blind $1
barbeinthjem: posts big blind $3
*** HOLE CARDS ***
RaisemyNut$: folds
Uncalled bet ($2) returned to barbeinthjem
barbeinthjem collected $2 from pot
barbeinthjem: doesn't show hand
*** SUMMARY ***
Total pot $2 | Rake $0
Seat 2: RaisemyNut$ (button) (small blind) folded before Flop
Seat 5: barbeinthjem (big blind) collected ($2)


PokerStars Hand #158125980160:  Hold'em Limit ($3/$6 USD) - 2016/09/03 19:57:24 ET
Table 'Faina' 6-max Seat #5 is the button
Seat 2: RaisemyNut$ ($174.12 in chips)
Seat 5: barbeinthjem ($461.30 in chips)
barbeinthjem: posts small blind $1
RaisemyNut$: posts big blind $3
*** HOLE CARDS ***
barbeinthjem: folds
Uncalled bet ($2) returned to RaisemyNut$
RaisemyNut$ collected $2 from pot
RaisemyNut$: doesn't show hand
*** SUMMARY ***
Total pot $2 | Rake $0
Seat 2: RaisemyNut$ (big blind) collected ($2)
Seat 5: barbeinthjem (button) (small blind) folded before Flop


PokerStars Hand #158125984387:  Hold'em Limit ($3/$6 USD) - 2016/09/03 19:57:34 ET
Table 'Faina' 6-max Seat #2 is the button
Seat 2: RaisemyNut$ ($175.12 in chips)
Seat 5: barbeinthjem ($460.30 in chips)
RaisemyNut$: posts small blind $1
barbeinthjem: posts big blind $3
*** HOLE CARDS ***
RaisemyNut$: raises $3 to $6
barbeinthjem: calls $3
*** FLOP *** [3s 4s 2d]
barbeinthjem: checks
RaisemyNut$: bets $3
barbeinthjem: calls $3
*** TURN *** [3s 4s 2d] [4c]
barbeinthjem: checks
RaisemyNut$: bets $6
barbeinthjem: calls $6
*** RIVER *** [3s 4s 2d 4c] [2h]
barbeinthjem: checks
RaisemyNut$: bets $6
barbeinthjem: calls $6
*** SHOW DOWN ***
RaisemyNut$: shows [Kh 3h] (two pair, Fours and Threes)
barbeinthjem: mucks hand
RaisemyNut$ collected $41.50 from pot
*** SUMMARY ***
Total pot $42 | Rake $0.50
Board [3s 4s 2d 4c 2h]
Seat 2: RaisemyNut$ (button) (small blind) showed [Kh 3h] and won ($41.50) with two pair, Fours and Threes
Seat 5: barbeinthjem (big blind) mucked


PokerStars Hand #158126003955:  Hold'em Limit ($3/$6 USD) - 2016/09/03 19:58:22 ET
Table 'Faina' 6-max Seat #5 is the button
Seat 2: RaisemyNut$ ($195.62 in chips)
Seat 5: barbeinthjem ($439.30 in chips)
barbeinthjem: posts small blind $1
RaisemyNut$: posts big blind $3
*** HOLE CARDS ***
barbeinthjem: raises $3 to $6
RaisemyNut$: calls $3
*** FLOP *** [5c Th 2s]
RaisemyNut$: checks
barbeinthjem: bets $3
RaisemyNut$: calls $3
*** TURN *** [5c Th 2s] [6d]
RaisemyNut$: checks
barbeinthjem: checks
*** RIVER *** [5c Th 2s 6d] [7d]
RaisemyNut$: bets $6
barbeinthjem: folds
Uncalled bet ($6) returned to RaisemyNut$
RaisemyNut$ collected $17.64 from pot
RaisemyNut$: doesn't show hand
*** SUMMARY ***
Total pot $18 | Rake $0.36
Board [5c Th 2s 6d 7d]
Seat 2: RaisemyNut$ (big blind) collected ($17.64)
Seat 5: barbeinthjem (button) (small blind) folded on the River


