PokerStars Hand #170711606772:  Hold'em Limit ($3/$6 USD) - 2017/05/21 7:43:28 ET
Table 'Fama II' 6-max Seat #4 is the button
Seat 3: hollholla ($188 in chips)
Seat 4: VolkovDmitri ($131.52 in chips)
VolkovDmitri: posts small blind $1
hollholla: posts big blind $3
*** HOLE CARDS ***
VolkovDmitri: raises $3 to $6
hollholla: calls $3
*** FLOP *** [8c 9d 4h]
hollholla: checks
VolkovDmitri: bets $3
hollholla: raises $3 to $6
VolkovDmitri: raises $3 to $9
belik555 joins the table at seat #5
hollholla: calls $3
*** TURN *** [8c 9d 4h] [Js]
hollholla: checks
VolkovDmitri: bets $6
hollholla: calls $6
*** RIVER *** [8c 9d 4h Js] [Qc]
hollholla: checks
VolkovDmitri: checks
*** SHOW DOWN ***
hollholla: shows [5s 8d] (a pair of Eights)
VolkovDmitri: shows [9h Ks] (a pair of Nines)
VolkovDmitri collected $41.50 from pot
*** SUMMARY ***
Total pot $42 | Rake $0.50
Board [8c 9d 4h Js Qc]
Seat 3: hollholla (big blind) showed [5s 8d] and lost with a pair of Eights
Seat 4: VolkovDmitri (button) (small blind) showed [9h Ks] and won ($41.50) with a pair of Nines


PokerStars Hand #170711618081:  Hold'em Limit ($3/$6 USD) - 2017/05/21 7:43:51 ET
Table 'Fama II' 6-max Seat #3 is the button
Seat 3: hollholla ($167 in chips)
Seat 4: VolkovDmitri ($152.02 in chips)
hollholla: posts small blind $1
VolkovDmitri: posts big blind $3
*** HOLE CARDS ***
hollholla: raises $3 to $6
VolkovDmitri: raises $3 to $9
hollholla: calls $3
*** FLOP *** [9s 8s 9h]
VolkovDmitri: bets $3
hollholla: calls $3
*** TURN *** [9s 8s 9h] [4d]
VolkovDmitri: bets $6
hollholla: raises $6 to $12
VolkovDmitri: calls $6
*** RIVER *** [9s 8s 9h 4d] [Kd]
VolkovDmitri: checks
hollholla: bets $6
VolkovDmitri: calls $6
*** SHOW DOWN ***
hollholla: shows [9d Js] (three of a kind, Nines)
VolkovDmitri: mucks hand
hollholla collected $59.50 from pot
*** SUMMARY ***
Total pot $60 | Rake $0.50
Board [9s 8s 9h 4d Kd]
Seat 3: hollholla (button) (small blind) showed [9d Js] and won ($59.50) with three of a kind, Nines
Seat 4: VolkovDmitri (big blind) mucked


PokerStars Hand #170712243639:  Hold'em Limit ($3/$6 USD) - 2017/05/21 8:05:34 ET
Table 'Fama II' 6-max Seat #2 is the button
Seat 2: tuvim ($136.13 in chips)
Seat 4: VolkovDmitri ($120 in chips)
tuvim: posts small blind $1
VolkovDmitri: posts big blind $3
*** HOLE CARDS ***
tuvim: raises $3 to $6
VolkovDmitri: calls $3
*** FLOP *** [Td 5c 3s]
VolkovDmitri: checks
tuvim: bets $3
VolkovDmitri: calls $3
*** TURN *** [Td 5c 3s] [4d]
VolkovDmitri: checks
tuvim: bets $6
VolkovDmitri: calls $6
*** RIVER *** [Td 5c 3s 4d] [Js]
VolkovDmitri: checks
tuvim: checks
*** SHOW DOWN ***
VolkovDmitri: shows [Qd 7h] (high card Queen)
tuvim: shows [Kc Ts] (a pair of Tens)
tuvim collected $29.50 from pot
*** SUMMARY ***
Total pot $30 | Rake $0.50
Board [Td 5c 3s 4d Js]
Seat 2: tuvim (button) (small blind) showed [Kc Ts] and won ($29.50) with a pair of Tens
Seat 4: VolkovDmitri (big blind) showed [Qd 7h] and lost with high card Queen


PokerStars Hand #170712262936:  Hold'em Limit ($3/$6 USD) - 2017/05/21 8:06:12 ET
Table 'Fama II' 6-max Seat #4 is the button
Seat 2: tuvim ($150.63 in chips)
Seat 4: VolkovDmitri ($120 in chips)
VolkovDmitri: posts small blind $1
tuvim: posts big blind $3
*** HOLE CARDS ***
VolkovDmitri: raises $3 to $6
tuvim: calls $3
*** FLOP *** [Ad 4h 8s]
tuvim: checks
VolkovDmitri: bets $3
KUZNEC111 joins the table at seat #5
tuvim: calls $3
*** TURN *** [Ad 4h 8s] [As]
belik555 joins the table at seat #3
tuvim: checks
VolkovDmitri: bets $6
tuvim: calls $6
*** RIVER *** [Ad 4h 8s As] [6s]
tuvim: checks
VolkovDmitri: bets $6
HAL9QQQ joins the table at seat #6
tuvim: folds
Uncalled bet ($6) returned to VolkovDmitri
VolkovDmitri collected $29.50 from pot
VolkovDmitri: doesn't show hand
*** SUMMARY ***
Total pot $30 | Rake $0.50
Board [Ad 4h 8s As 6s]
Seat 2: tuvim (big blind) folded on the River
Seat 4: VolkovDmitri (button) (small blind) collected ($29.50)


PokerStars Hand #170713001716:  Hold'em Limit ($3/$6 USD) - 2017/05/21 8:29:29 ET
Table 'Fama II' 6-max Seat #5 is the button
Seat 1: aloven ($125.08 in chips)
Seat 5: Krazy90 ($120 in chips)
Krazy90: posts small blind $1
HAL9QQQ: is sitting out
aloven: posts big blind $3
*** HOLE CARDS ***
Krazy90: raises $3 to $6
aloven: calls $3
*** FLOP *** [9s 5h Qh]
aloven: checks
Krazy90: bets $3
aloven: calls $3
*** TURN *** [9s 5h Qh] [Td]
aloven: checks
Krazy90: bets $6
aloven: calls $6
*** RIVER *** [9s 5h Qh Td] [3h]
aloven: checks
Krazy90: checks
*** SHOW DOWN ***
aloven: shows [8s Ah] (high card Ace)
Krazy90: shows [4d 4s] (a pair of Fours)
Krazy90 collected $29.50 from pot
*** SUMMARY ***
Total pot $30 | Rake $0.50
Board [9s 5h Qh Td 3h]
Seat 1: aloven (big blind) showed [8s Ah] and lost with high card Ace
Seat 5: Krazy90 (button) (small blind) showed [4d 4s] and won ($29.50) with a pair of Fours


