PokerStars Hand #161902167039:  Hold'em Limit ($3/$6 USD) - 2016/11/24 15:01:39 ET
Table 'Fama' 6-max Seat #4 is the button
Seat 1: laubes04 ($72 in chips)
Seat 4: Actionni13 ($196.64 in chips)
Actionni13: posts small blind $1
laubes04: posts big blind $3
*** HOLE CARDS ***
Actionni13: raises $3 to $6
laubes04: calls $3
*** FLOP *** [9s 4d Kh]
laubes04: checks
Actionni13: bets $3
laubes04: raises $3 to $6
Actionni13: folds
Uncalled bet ($3) returned to laubes04
laubes04 collected $17.64 from pot
laubes04: doesn't show hand
*** SUMMARY ***
Total pot $18 | Rake $0.36
Board [9s 4d Kh]
Seat 1: laubes04 (big blind) collected ($17.64)
Seat 4: Actionni13 (button) (small blind) folded on the Flop


PokerStars Hand #161902152818:  Hold'em Limit ($3/$6 USD) - 2016/11/24 15:01:22 ET
Table 'Fama' 6-max Seat #1 is the button
Seat 1: laubes04 ($96 in chips)
Seat 4: Actionni13 ($173.14 in chips)
laubes04: posts small blind $1
Actionni13: posts big blind $3
*** HOLE CARDS ***
laubes04: raises $3 to $6
Actionni13: calls $3
*** FLOP *** [Ad 9h 5h]
Actionni13: checks
laubes04: bets $3
Actionni13: raises $3 to $6
laubes04: calls $3
*** TURN *** [Ad 9h 5h] [4s]
Actionni13: bets $6
laubes04: calls $6
*** RIVER *** [Ad 9h 5h 4s] [4d]
Actionni13: bets $6
laubes04: calls $6
*** SHOW DOWN ***
Actionni13: shows [Ah 2h] (two pair, Aces and Fours)
laubes04: mucks hand
Actionni13 collected $47.50 from pot
*** SUMMARY ***
Total pot $48 | Rake $0.50
Board [Ad 9h 5h 4s 4d]
Seat 1: laubes04 (button) (small blind) mucked
Seat 4: Actionni13 (big blind) showed [Ah 2h] and won ($47.50) with two pair, Aces and Fours


PokerStars Hand #161902128043:  Hold'em Limit ($3/$6 USD) - 2016/11/24 15:00:53 ET
Table 'Fama' 6-max Seat #4 is the button
Seat 1: laubes04 ($111 in chips)
Seat 4: Actionni13 ($158.64 in chips)
Actionni13: posts small blind $1
laubes04: posts big blind $3
*** HOLE CARDS ***
Actionni13: raises $3 to $6
laubes04: calls $3
*** FLOP *** [3d 3h Jd]
laubes04: checks
Actionni13: bets $3
laubes04: calls $3
*** TURN *** [3d 3h Jd] [5h]
laubes04: checks
Actionni13: bets $6
laubes04: calls $6
*** RIVER *** [3d 3h Jd 5h] [As]
laubes04: checks
Actionni13: checks
*** SHOW DOWN ***
laubes04: shows [7d Kh] (a pair of Threes)
Actionni13: shows [Jc 6h] (two pair, Jacks and Threes)
Actionni13 collected $29.50 from pot
*** SUMMARY ***
Total pot $30 | Rake $0.50
Board [3d 3h Jd 5h As]
Seat 1: laubes04 (big blind) showed [7d Kh] and lost with a pair of Threes
Seat 4: Actionni13 (button) (small blind) showed [Jc 6h] and won ($29.50) with two pair, Jacks and Threes


PokerStars Hand #161902148367:  Hold'em Limit ($3/$6 USD) - 2016/11/24 15:01:17 ET
Table 'Fama' 6-max Seat #4 is the button
Seat 1: laubes04 ($99 in chips)
Seat 4: Actionni13 ($170.14 in chips)
Actionni13: posts small blind $1
laubes04: posts big blind $3
*** HOLE CARDS ***
Actionni13: raises $3 to $6
laubes04: folds
Uncalled bet ($3) returned to Actionni13
Actionni13 collected $6 from pot
Actionni13: doesn't show hand
*** SUMMARY ***
Total pot $6 | Rake $0
Seat 1: laubes04 (big blind) folded before Flop
Seat 4: Actionni13 (button) (small blind) collected ($6)


PokerStars Hand #161902143739:  Hold'em Limit ($3/$6 USD) - 2016/11/24 15:01:12 ET
Table 'Fama' 6-max Seat #1 is the button
Seat 1: laubes04 ($96 in chips)
Seat 4: Actionni13 ($173.14 in chips)
laubes04: posts small blind $1
Actionni13: posts big blind $3
*** HOLE CARDS ***
laubes04: raises $3 to $6
Actionni13: folds
Uncalled bet ($3) returned to laubes04
laubes04 collected $6 from pot
laubes04: doesn't show hand
*** SUMMARY ***
Total pot $6 | Rake $0
Seat 1: laubes04 (button) (small blind) collected ($6)
Seat 4: Actionni13 (big blind) folded before Flop


PokerStars Hand #161902182555:  Hold'em Limit ($3/$6 USD) - 2016/11/24 15:01:56 ET
Table 'Fama' 6-max Seat #4 is the button
Seat 1: laubes04 ($79.64 in chips)
Seat 4: Actionni13 ($188.64 in chips)
Actionni13: posts small blind $1
laubes04: posts big blind $3
*** HOLE CARDS ***
Actionni13: raises $3 to $6
laubes04: calls $3
*** FLOP *** [Qs 4d Ah]
laubes04: checks
Actionni13: bets $3
laubes04: calls $3
*** TURN *** [Qs 4d Ah] [Qh]
laubes04: checks
Actionni13: checks
*** RIVER *** [Qs 4d Ah Qh] [6d]
laubes04: bets $6
Actionni13: folds
Uncalled bet ($6) returned to laubes04
laubes04 collected $17.64 from pot
laubes04: doesn't show hand
*** SUMMARY ***
Total pot $18 | Rake $0.36
Board [Qs 4d Ah Qh 6d]
Seat 1: laubes04 (big blind) collected ($17.64)
Seat 4: Actionni13 (button) (small blind) folded on the River


PokerStars Hand #161902195882:  Hold'em Limit ($3/$6 USD) - 2016/11/24 15:02:10 ET
Table 'Fama' 6-max Seat #1 is the button
Seat 1: laubes04 ($88.28 in chips)
Seat 4: Actionni13 ($179.64 in chips)
laubes04: posts small blind $1
Actionni13: posts big blind $3
*** HOLE CARDS ***
TinaTurner72 joins the table at seat #2
laubes04: raises $3 to $6
Actionni13: calls $3
*** FLOP *** [Th Ks 9h]
Actionni13: checks
laubes04: bets $3
Actionni13: calls $3
*** TURN *** [Th Ks 9h] [Ac]
Actionni13: checks
laubes04: bets $6
Actionni13: folds
Uncalled bet ($6) returned to laubes04
laubes04 collected $17.64 from pot
laubes04: doesn't show hand
*** SUMMARY ***
Total pot $18 | Rake $0.36
Board [Th Ks 9h Ac]
Seat 1: laubes04 (button) (small blind) collected ($17.64)
Seat 4: Actionni13 (big blind) folded on the Turn


PokerStars Hand #161902208525:  Hold'em Limit ($3/$6 USD) - 2016/11/24 15:02:23 ET
Table 'Fama' 6-max Seat #4 is the button
Seat 1: laubes04 ($96.92 in chips)
Seat 4: Actionni13 ($170.64 in chips)
Actionni13: posts small blind $1
laubes04: posts big blind $3
*** HOLE CARDS ***
Actionni13: folds
Uncalled bet ($2) returned to laubes04
laubes04 collected $2 from pot
laubes04: doesn't show hand
*** SUMMARY ***
Total pot $2 | Rake $0
Seat 1: laubes04 (big blind) collected ($2)
Seat 4: Actionni13 (button) (small blind) folded before Flop


PokerStars Hand #161902176222:  Hold'em Limit ($3/$6 USD) - 2016/11/24 15:01:49 ET
Table 'Fama' 6-max Seat #1 is the button
Seat 1: laubes04 ($80.64 in chips)
Seat 4: Actionni13 ($187.64 in chips)
laubes04: posts small blind $1
Actionni13: posts big blind $3
*** HOLE CARDS ***
laubes04: folds
Uncalled bet ($2) returned to Actionni13
Actionni13 collected $2 from pot
Actionni13: doesn't show hand
*** SUMMARY ***
Total pot $2 | Rake $0
Seat 1: laubes04 (button) (small blind) folded before Flop
Seat 4: Actionni13 (big blind) collected ($2)


PokerStars Hand #161902239127:  Hold'em Limit ($3/$6 USD) - 2016/11/24 15:02:57 ET
Table 'Fama' 6-max Seat #1 is the button
Seat 1: laubes04 ($78.92 in chips)
Seat 2: TinaTurner72 ($138.50 in chips)
laubes04: posts small blind $1
TinaTurner72: posts big blind $3
*** HOLE CARDS ***
laubes04: raises $3 to $6
TinaTurner72: calls $3
*** FLOP *** [Ad 8h 4s]
TinaTurner72: checks
laubes04: bets $3
TinaTurner72: raises $3 to $6
laubes04: calls $3
*** TURN *** [Ad 8h 4s] [Jc]
TinaTurner72: checks
laubes04: bets $6
TinaTurner72: calls $6
*** RIVER *** [Ad 8h 4s Jc] [5s]
TinaTurner72: checks
laubes04: bets $6
TinaTurner72: calls $6
*** SHOW DOWN ***
laubes04: shows [Kh Kc] (a pair of Kings)
TinaTurner72: mucks hand
laubes04 collected $47.50 from pot
*** SUMMARY ***
Total pot $48 | Rake $0.50
Board [Ad 8h 4s Jc 5s]
Seat 1: laubes04 (button) (small blind) showed [Kh Kc] and won ($47.50) with a pair of Kings
Seat 2: TinaTurner72 (big blind) mucked


PokerStars Hand #161902218352:  Hold'em Limit ($3/$6 USD) - 2016/11/24 15:02:34 ET
Table 'Fama' 6-max Seat #2 is the button
Seat 1: laubes04 ($96.92 in chips)
Seat 2: TinaTurner72 ($121 in chips)
TinaTurner72: posts small blind $1
Actionni13: is sitting out
laubes04: posts big blind $3
*** HOLE CARDS ***
TinaTurner72: raises $3 to $6
Actionni13 leaves the table
laubes04: calls $3
*** FLOP *** [Kc Qd 3h]
laubes04: checks
TinaTurner72: checks
*** TURN *** [Kc Qd 3h] [5h]
laubes04: checks
TinaTurner72: bets $6
laubes04: calls $6
*** RIVER *** [Kc Qd 3h 5h] [Qc]
laubes04: checks
TinaTurner72: bets $6
laubes04: calls $6
*** SHOW DOWN ***
TinaTurner72: shows [Jc Js] (two pair, Queens and Jacks)
laubes04: mucks hand
TinaTurner72 collected $35.50 from pot
*** SUMMARY ***
Total pot $36 | Rake $0.50
Board [Kc Qd 3h 5h Qc]
Seat 1: laubes04 (big blind) mucked
Seat 2: TinaTurner72 (button) (small blind) showed [Jc Js] and won ($35.50) with two pair, Queens and Jacks


PokerStars Hand #161902269122:  Hold'em Limit ($3/$6 USD) - 2016/11/24 15:03:29 ET
Table 'Fama' 6-max Seat #2 is the button
Seat 1: laubes04 ($102.42 in chips)
Seat 2: TinaTurner72 ($114.50 in chips)
TinaTurner72: posts small blind $1
laubes04: posts big blind $3
*** HOLE CARDS ***
TinaTurner72: raises $3 to $6
laubes04: calls $3
*** FLOP *** [4c Kd 2h]
laubes04: checks
TinaTurner72: bets $3
laubes04: calls $3
*** TURN *** [4c Kd 2h] [6d]
laubes04: checks
TinaTurner72: checks
*** RIVER *** [4c Kd 2h 6d] [6c]
laubes04: bets $6
TinaTurner72: calls $6
*** SHOW DOWN ***
laubes04: shows [Kc 5d] (two pair, Kings and Sixes)
TinaTurner72: mucks hand
laubes04 collected $29.50 from pot
*** SUMMARY ***
Total pot $30 | Rake $0.50
Board [4c Kd 2h 6d 6c]
Seat 1: laubes04 (big blind) showed [Kc 5d] and won ($29.50) with two pair, Kings and Sixes
Seat 2: TinaTurner72 (button) (small blind) mucked


PokerStars Hand #161902295164:  Hold'em Limit ($3/$6 USD) - 2016/11/24 15:03:56 ET
Table 'Fama' 6-max Seat #1 is the button
Seat 1: laubes04 ($116.92 in chips)
Seat 2: TinaTurner72 ($99.50 in chips)
laubes04: posts small blind $1
TinaTurner72: posts big blind $3
*** HOLE CARDS ***
laubes04: raises $3 to $6
TinaTurner72: raises $3 to $9
laubes04: calls $3
*** FLOP *** [8d Kc 8s]
TinaTurner72: bets $3
laubes04: folds
Uncalled bet ($3) returned to TinaTurner72
TinaTurner72 collected $17.64 from pot
TinaTurner72: doesn't show hand
*** SUMMARY ***
Total pot $18 | Rake $0.36
Board [8d Kc 8s]
Seat 1: laubes04 (button) (small blind) folded on the Flop
Seat 2: TinaTurner72 (big blind) collected ($17.64)


PokerStars Hand #161902308805:  Hold'em Limit ($3/$6 USD) - 2016/11/24 15:04:11 ET
Table 'Fama' 6-max Seat #2 is the button
Seat 1: laubes04 ($107.92 in chips)
Seat 2: TinaTurner72 ($108.14 in chips)
TinaTurner72: posts small blind $1
laubes04: posts big blind $3
*** HOLE CARDS ***
TinaTurner72: raises $3 to $6
laubes04: calls $3
*** FLOP *** [5c 4s 9c]
laubes04: checks
TinaTurner72: checks
*** TURN *** [5c 4s 9c] [6d]
laubes04: bets $6
TinaTurner72: folds
Uncalled bet ($6) returned to laubes04
laubes04 collected $11.76 from pot
laubes04: doesn't show hand
*** SUMMARY ***
Total pot $12 | Rake $0.24
Board [5c 4s 9c 6d]
Seat 1: laubes04 (big blind) collected ($11.76)
Seat 2: TinaTurner72 (button) (small blind) folded on the Turn


PokerStars Hand #161902321183:  Hold'em Limit ($3/$6 USD) - 2016/11/24 15:04:24 ET
Table 'Fama' 6-max Seat #1 is the button
Seat 1: laubes04 ($113.68 in chips)
Seat 2: TinaTurner72 ($102.14 in chips)
laubes04: posts small blind $1
TinaTurner72: posts big blind $3
*** HOLE CARDS ***
laubes04: raises $3 to $6
TinaTurner72: raises $3 to $9
laubes04: calls $3
*** FLOP *** [9c 6d 9s]
TinaTurner72: bets $3
laubes04: calls $3
*** TURN *** [9c 6d 9s] [Jc]
TinaTurner72: bets $6
laubes04: raises $6 to $12
TinaTurner72: calls $6
*** RIVER *** [9c 6d 9s Jc] [Tc]
TinaTurner72: checks
laubes04: checks
*** SHOW DOWN ***
TinaTurner72: shows [Ts Qh] (two pair, Tens and Nines)
laubes04: mucks hand
TinaTurner72 collected $47.50 from pot
*** SUMMARY ***
Total pot $48 | Rake $0.50
Board [9c 6d 9s Jc Tc]
Seat 1: laubes04 (button) (small blind) mucked
Seat 2: TinaTurner72 (big blind) showed [Ts Qh] and won ($47.50) with two pair, Tens and Nines


PokerStars Hand #161902371060:  Hold'em Limit ($3/$6 USD) - 2016/11/24 15:05:16 ET
Table 'Fama' 6-max Seat #1 is the button
Seat 1: laubes04 ($83.68 in chips)
Seat 2: TinaTurner72 ($131.40 in chips)
laubes04: posts small blind $1
TinaTurner72: posts big blind $3
*** HOLE CARDS ***
laubes04: raises $3 to $6
TinaTurner72: folds
Uncalled bet ($3) returned to laubes04
laubes04 collected $6 from pot
laubes04: doesn't show hand
*** SUMMARY ***
Total pot $6 | Rake $0
Seat 1: laubes04 (button) (small blind) collected ($6)
Seat 2: TinaTurner72 (big blind) folded before Flop


PokerStars Hand #161902352352:  Hold'em Limit ($3/$6 USD) - 2016/11/24 15:04:57 ET
Table 'Fama' 6-max Seat #2 is the button
Seat 1: laubes04 ($89.68 in chips)
Seat 2: TinaTurner72 ($125.64 in chips)
TinaTurner72: posts small blind $1
laubes04: posts big blind $3
*** HOLE CARDS ***
TinaTurner72: raises $3 to $6
laubes04: calls $3
*** FLOP *** [Kd Qc 2s]
laubes04: checks
TinaTurner72: bets $3
laubes04: folds
Uncalled bet ($3) returned to TinaTurner72
TinaTurner72 collected $11.76 from pot
TinaTurner72: doesn't show hand
*** SUMMARY ***
Total pot $12 | Rake $0.24
Board [Kd Qc 2s]
Seat 1: laubes04 (big blind) folded on the Flop
Seat 2: TinaTurner72 (button) (small blind) collected ($11.76)


PokerStars Hand #161902379205:  Hold'em Limit ($3/$6 USD) - 2016/11/24 15:05:25 ET
Table 'Fama' 6-max Seat #2 is the button
Seat 1: laubes04 ($86.68 in chips)
Seat 2: TinaTurner72 ($128.40 in chips)
TinaTurner72: posts small blind $1
laubes04: posts big blind $3
*** HOLE CARDS ***
TinaTurner72: folds
Uncalled bet ($2) returned to laubes04
laubes04 collected $2 from pot
laubes04: doesn't show hand
*** SUMMARY ***
Total pot $2 | Rake $0
Seat 1: laubes04 (big blind) collected ($2)
Seat 2: TinaTurner72 (button) (small blind) folded before Flop


PokerStars Hand #161902429864:  Hold'em Limit ($3/$6 USD) - 2016/11/24 15:06:17 ET
Table 'Fama' 6-max Seat #1 is the button
Seat 1: laubes04 ($125.68 in chips)
Seat 2: TinaTurner72 ($88.40 in chips)
laubes04: posts small blind $1
TinaTurner72: posts big blind $3
*** HOLE CARDS ***
laubes04: folds
Uncalled bet ($2) returned to TinaTurner72
TinaTurner72 collected $2 from pot
TinaTurner72: doesn't show hand
*** SUMMARY ***
Total pot $2 | Rake $0
Seat 1: laubes04 (button) (small blind) folded before Flop
Seat 2: TinaTurner72 (big blind) collected ($2)


PokerStars Hand #161902403345:  Hold'em Limit ($3/$6 USD) - 2016/11/24 15:05:50 ET
Table 'Fama' 6-max Seat #2 is the button
Seat 1: laubes04 ($102.18 in chips)
Seat 2: TinaTurner72 ($112.40 in chips)
TinaTurner72: posts small blind $1
laubes04: posts big blind $3
*** HOLE CARDS ***
TinaTurner72: raises $3 to $6
laubes04: calls $3
*** FLOP *** [2c 9h 8h]
laubes04: checks
TinaTurner72: bets $3
laubes04: raises $3 to $6
TinaTurner72: calls $3
*** TURN *** [2c 9h 8h] [Qd]
laubes04: bets $6
TinaTurner72: calls $6
*** RIVER *** [2c 9h 8h Qd] [6s]
laubes04: bets $6
TinaTurner72: calls $6
*** SHOW DOWN ***
laubes04: shows [Ah 8s] (a pair of Eights)
TinaTurner72: mucks hand
laubes04 collected $47.50 from pot
*** SUMMARY ***
Total pot $48 | Rake $0.50
Board [2c 9h 8h Qd 6s]
Seat 1: laubes04 (big blind) showed [Ah 8s] and won ($47.50) with a pair of Eights
Seat 2: TinaTurner72 (button) (small blind) mucked


PokerStars Hand #161902384421:  Hold'em Limit ($3/$6 USD) - 2016/11/24 15:05:30 ET
Table 'Fama' 6-max Seat #1 is the button
Seat 1: laubes04 ($87.68 in chips)
Seat 2: TinaTurner72 ($127.40 in chips)
laubes04: posts small blind $1
TinaTurner72: posts big blind $3
*** HOLE CARDS ***
laubes04: raises $3 to $6
TinaTurner72: raises $3 to $9
laubes04: calls $3
*** FLOP *** [5d Qc Ts]
TinaTurner72: bets $3
laubes04: raises $3 to $6
TinaTurner72: calls $3
*** TURN *** [5d Qc Ts] [7s]
TinaTurner72: checks
laubes04: bets $6
TinaTurner72: folds
Uncalled bet ($6) returned to laubes04
laubes04 collected $29.50 from pot
laubes04: doesn't show hand
*** SUMMARY ***
Total pot $30 | Rake $0.50
Board [5d Qc Ts 7s]
Seat 1: laubes04 (button) (small blind) collected ($29.50)
Seat 2: TinaTurner72 (big blind) folded on the Turn


PokerStars Hand #161902434695:  Hold'em Limit ($3/$6 USD) - 2016/11/24 15:06:23 ET
Table 'Fama' 6-max Seat #2 is the button
Seat 1: laubes04 ($124.68 in chips)
Seat 2: TinaTurner72 ($89.40 in chips)
TinaTurner72: posts small blind $1
laubes04: posts big blind $3
*** HOLE CARDS ***
TinaTurner72: raises $3 to $6
laubes04: calls $3
*** FLOP *** [Ks Kh 8c]
laubes04: checks
TinaTurner72: bets $3
laubes04: folds
Uncalled bet ($3) returned to TinaTurner72
TinaTurner72 collected $11.76 from pot
TinaTurner72: doesn't show hand
*** SUMMARY ***
Total pot $12 | Rake $0.24
Board [Ks Kh 8c]
Seat 1: laubes04 (big blind) folded on the Flop
Seat 2: TinaTurner72 (button) (small blind) collected ($11.76)


PokerStars Hand #161902447476:  Hold'em Limit ($3/$6 USD) - 2016/11/24 15:06:36 ET
Table 'Fama' 6-max Seat #1 is the button
Seat 1: laubes04 ($118.68 in chips)
Seat 2: TinaTurner72 ($95.16 in chips)
laubes04: posts small blind $1
TinaTurner72: posts big blind $3
*** HOLE CARDS ***
laubes04: raises $3 to $6
TinaTurner72: calls $3
*** FLOP *** [Td 9h 6h]
TinaTurner72: checks
laubes04: bets $3
TinaTurner72: folds
Uncalled bet ($3) returned to laubes04
laubes04 collected $11.76 from pot
laubes04: doesn't show hand
*** SUMMARY ***
Total pot $12 | Rake $0.24
Board [Td 9h 6h]
Seat 1: laubes04 (button) (small blind) collected ($11.76)
Seat 2: TinaTurner72 (big blind) folded on the Flop


PokerStars Hand #161902472077:  Hold'em Limit ($3/$6 USD) - 2016/11/24 15:07:02 ET
Table 'Fama' 6-max Seat #2 is the button
Seat 1: laubes04 ($124.44 in chips)
Seat 2: TinaTurner72 ($89.16 in chips)
TinaTurner72: posts small blind $1
laubes04: posts big blind $3
*** HOLE CARDS ***
TinaTurner72: raises $3 to $6
laubes04: calls $3
*** FLOP *** [2d 2s 7h]
laubes04: checks
TinaTurner72: bets $3
laubes04: calls $3
*** TURN *** [2d 2s 7h] [9d]
laubes04: checks
TinaTurner72: checks
*** RIVER *** [2d 2s 7h 9d] [Jh]
laubes04: checks
TinaTurner72: checks
*** SHOW DOWN ***
laubes04: shows [3s 6s] (a pair of Deuces)
TinaTurner72: shows [Ts 6c] (a pair of Deuces - Jack+Ten kicker)
TinaTurner72 collected $17.64 from pot
*** SUMMARY ***
Total pot $18 | Rake $0.36
Board [2d 2s 7h 9d Jh]
Seat 1: laubes04 (big blind) showed [3s 6s] and lost with a pair of Deuces
Seat 2: TinaTurner72 (button) (small blind) showed [Ts 6c] and won ($17.64) with a pair of Deuces


PokerStars Hand #161902499441:  Hold'em Limit ($3/$6 USD) - 2016/11/24 15:07:30 ET
Table 'Fama' 6-max Seat #1 is the button
Seat 1: laubes04 ($115.44 in chips)
Seat 2: TinaTurner72 ($97.80 in chips)
laubes04: posts small blind $1
TinaTurner72: posts big blind $3
*** HOLE CARDS ***
laubes04: raises $3 to $6
TinaTurner72: raises $3 to $9
laubes04: calls $3
*** FLOP *** [7c Tc 8h]
TinaTurner72: bets $3
laubes04: raises $3 to $6
TinaTurner72: raises $3 to $9
laubes04: raises $3 to $12
Betting is capped
TinaTurner72: calls $3
*** TURN *** [7c Tc 8h] [Js]
TinaTurner72: checks
laubes04: bets $6
TinaTurner72: calls $6
*** RIVER *** [7c Tc 8h Js] [Th]
TinaTurner72: checks
laubes04: bets $6
TinaTurner72: calls $6
*** SHOW DOWN ***
laubes04: shows [Jd Ts] (a full house, Tens full of Jacks)
TinaTurner72: mucks hand
laubes04 collected $65.50 from pot
*** SUMMARY ***
Total pot $66 | Rake $0.50
Board [7c Tc 8h Js Th]
Seat 1: laubes04 (button) (small blind) showed [Jd Ts] and won ($65.50) with a full house, Tens full of Jacks
Seat 2: TinaTurner72 (big blind) mucked


PokerStars Hand #161902534750:  Hold'em Limit ($3/$6 USD) - 2016/11/24 15:08:07 ET
Table 'Fama' 6-max Seat #2 is the button
Seat 1: laubes04 ($147.94 in chips)
Seat 2: TinaTurner72 ($64.80 in chips)
TinaTurner72: posts small blind $1
laubes04: posts big blind $3
*** HOLE CARDS ***
TinaTurner72: raises $3 to $6
laubes04: calls $3
*** FLOP *** [5s 3s 8c]
laubes04: checks
TinaTurner72: checks
*** TURN *** [5s 3s 8c] [4h]
laubes04: bets $6
TinaTurner72: calls $6
*** RIVER *** [5s 3s 8c 4h] [Qc]
laubes04: bets $6
TinaTurner72: raises $6 to $12
laubes04: raises $6 to $18
TinaTurner72: calls $6
*** SHOW DOWN ***
laubes04: shows [Ad 2s] (a straight, Ace to Five)
TinaTurner72: mucks hand
laubes04 collected $59.50 from pot
*** SUMMARY ***
Total pot $60 | Rake $0.50
Board [5s 3s 8c 4h Qc]
Seat 1: laubes04 (big blind) showed [Ad 2s] and won ($59.50) with a straight, Ace to Five
Seat 2: TinaTurner72 (button) (small blind) mucked


PokerStars Hand #161902567010:  Hold'em Limit ($3/$6 USD) - 2016/11/24 15:08:41 ET
Table 'Fama' 6-max Seat #1 is the button
Seat 1: laubes04 ($177.44 in chips)
Seat 2: TinaTurner72 ($34.80 in chips)
laubes04: posts small blind $1
TinaTurner72: posts big blind $3
*** HOLE CARDS ***
laubes04: raises $3 to $6
TinaTurner72: calls $3
*** FLOP *** [3h 2c 3c]
TinaTurner72: checks
laubes04: bets $3
TinaTurner72: calls $3
*** TURN *** [3h 2c 3c] [9d]
TinaTurner72: checks
laubes04: bets $6
TinaTurner72: folds
Uncalled bet ($6) returned to laubes04
laubes04 collected $17.64 from pot
laubes04: doesn't show hand
*** SUMMARY ***
Total pot $18 | Rake $0.36
Board [3h 2c 3c 9d]
Seat 1: laubes04 (button) (small blind) collected ($17.64)
Seat 2: TinaTurner72 (big blind) folded on the Turn


PokerStars Hand #161902587057:  Hold'em Limit ($3/$6 USD) - 2016/11/24 15:09:02 ET
Table 'Fama' 6-max Seat #2 is the button
Seat 1: laubes04 ($186.08 in chips)
Seat 2: TinaTurner72 ($85.80 in chips)
TinaTurner72: posts small blind $1
laubes04: posts big blind $3
*** HOLE CARDS ***
TinaTurner72: raises $3 to $6
laubes04: calls $3
*** FLOP *** [8h Js As]
laubes04: checks
TinaTurner72: bets $3
laubes04: raises $3 to $6
TinaTurner72: calls $3
*** TURN *** [8h Js As] [Jh]
laubes04: bets $6
TinaTurner72: calls $6
*** RIVER *** [8h Js As Jh] [Ts]
laubes04: checks
TinaTurner72: bets $6
laubes04: calls $6
*** SHOW DOWN ***
TinaTurner72: shows [5s 7s] (a flush, Ace high)
laubes04: mucks hand
TinaTurner72 collected $47.50 from pot
*** SUMMARY ***
Total pot $48 | Rake $0.50
Board [8h Js As Jh Ts]
Seat 1: laubes04 (big blind) mucked
Seat 2: TinaTurner72 (button) (small blind) showed [5s 7s] and won ($47.50) with a flush, Ace high


PokerStars Hand #161902660399:  Hold'em Limit ($3/$6 USD) - 2016/11/24 15:10:19 ET
Table 'Fama' 6-max Seat #2 is the button
Seat 1: laubes04 ($170.72 in chips)
Seat 2: TinaTurner72 ($100.30 in chips)
TinaTurner72: posts small blind $1
laubes04: posts big blind $3
*** HOLE CARDS ***
TinaTurner72: raises $3 to $6
laubes04: folds
Uncalled bet ($3) returned to TinaTurner72
TinaTurner72 collected $6 from pot
TinaTurner72: doesn't show hand
*** SUMMARY ***
Total pot $6 | Rake $0
Seat 1: laubes04 (big blind) folded before Flop
Seat 2: TinaTurner72 (button) (small blind) collected ($6)


PokerStars Hand #161902619842:  Hold'em Limit ($3/$6 USD) - 2016/11/24 15:09:37 ET
Table 'Fama' 6-max Seat #1 is the button
Seat 1: laubes04 ($162.08 in chips)
Seat 2: TinaTurner72 ($109.30 in chips)
laubes04: posts small blind $1
TinaTurner72: posts big blind $3
*** HOLE CARDS ***
laubes04: raises $3 to $6
TinaTurner72: calls $3
*** FLOP *** [3c 3h 6h]
TinaTurner72: checks
laubes04: bets $3
TinaTurner72: calls $3
*** TURN *** [3c 3h 6h] [Kc]
TinaTurner72: checks
laubes04: bets $6
TinaTurner72: folds
Uncalled bet ($6) returned to laubes04
laubes04 collected $17.64 from pot
laubes04: doesn't show hand
*** SUMMARY ***
Total pot $18 | Rake $0.36
Board [3c 3h 6h Kc]
Seat 1: laubes04 (button) (small blind) collected ($17.64)
Seat 2: TinaTurner72 (big blind) folded on the Turn


PokerStars Hand #161902667135:  Hold'em Limit ($3/$6 USD) - 2016/11/24 15:10:26 ET
Table 'Fama' 6-max Seat #1 is the button
Seat 1: laubes04 ($167.72 in chips)
Seat 2: TinaTurner72 ($103.30 in chips)
laubes04: posts small blind $1
TinaTurner72: posts big blind $3
*** HOLE CARDS ***
laubes04: folds
Uncalled bet ($2) returned to TinaTurner72
TinaTurner72 collected $2 from pot
TinaTurner72: doesn't show hand
*** SUMMARY ***
Total pot $2 | Rake $0
Seat 1: laubes04 (button) (small blind) folded before Flop
Seat 2: TinaTurner72 (big blind) collected ($2)


PokerStars Hand #161902672099:  Hold'em Limit ($3/$6 USD) - 2016/11/24 15:10:31 ET
Table 'Fama' 6-max Seat #2 is the button
Seat 1: laubes04 ($166.72 in chips)
Seat 2: TinaTurner72 ($104.30 in chips)
TinaTurner72: posts small blind $1
laubes04: posts big blind $3
*** HOLE CARDS ***
TinaTurner72: raises $3 to $6
laubes04: calls $3
*** FLOP *** [5d 2d Kd]
laubes04: checks
TinaTurner72: bets $3
laubes04: raises $3 to $6
TinaTurner72: raises $3 to $9
laubes04: calls $3
*** TURN *** [5d 2d Kd] [6c]
laubes04: checks
TinaTurner72: bets $6
laubes04: calls $6
*** RIVER *** [5d 2d Kd 6c] [Jd]
laubes04: bets $6
TinaTurner72: calls $6
*** SHOW DOWN ***
laubes04: shows [Qd 2c] (a flush, King high)
TinaTurner72: mucks hand
laubes04 collected $53.50 from pot
*** SUMMARY ***
Total pot $54 | Rake $0.50
Board [5d 2d Kd 6c Jd]
Seat 1: laubes04 (big blind) showed [Qd 2c] and won ($53.50) with a flush, King high
Seat 2: TinaTurner72 (button) (small blind) mucked


PokerStars Hand #161902717511:  Hold'em Limit ($3/$6 USD) - 2016/11/24 15:11:14 ET
Table 'Fama' 6-max Seat #1 is the button
Seat 1: laubes04 ($193.22 in chips)
Seat 2: TinaTurner72 ($77.30 in chips)
laubes04: posts small blind $1
TinaTurner72: posts big blind $3
*** HOLE CARDS ***
laubes04: raises $3 to $6
TinaTurner72: calls $3
*** FLOP *** [As 4h Kh]
TinaTurner72: checks
laubes04: bets $3
TinaTurner72: folds
Uncalled bet ($3) returned to laubes04
laubes04 collected $11.76 from pot
laubes04: doesn't show hand
*** SUMMARY ***
Total pot $12 | Rake $0.24
Board [As 4h Kh]
Seat 1: laubes04 (button) (small blind) collected ($11.76)
Seat 2: TinaTurner72 (big blind) folded on the Flop


PokerStars Hand #161902735084:  Hold'em Limit ($3/$6 USD) - 2016/11/24 15:11:32 ET
Table 'Fama' 6-max Seat #2 is the button
Seat 1: laubes04 ($198.98 in chips)
Seat 2: TinaTurner72 ($71.30 in chips)
TinaTurner72: posts small blind $1
laubes04: posts big blind $3
*** HOLE CARDS ***
TinaTurner72: raises $3 to $6
laubes04: folds
Uncalled bet ($3) returned to TinaTurner72
TinaTurner72 collected $6 from pot
TinaTurner72: doesn't show hand
*** SUMMARY ***
Total pot $6 | Rake $0
Seat 1: laubes04 (big blind) folded before Flop
Seat 2: TinaTurner72 (button) (small blind) collected ($6)


PokerStars Hand #161902752685:  Hold'em Limit ($3/$6 USD) - 2016/11/24 15:11:51 ET
Table 'Fama' 6-max Seat #2 is the button
Seat 1: laubes04 ($194.98 in chips)
Seat 2: TinaTurner72 ($75.30 in chips)
TinaTurner72: posts small blind $1
laubes04: posts big blind $3
*** HOLE CARDS ***
TinaTurner72: raises $3 to $6
laubes04: calls $3
*** FLOP *** [9h Qd 7h]
laubes04: checks
TinaTurner72: bets $3
laubes04: calls $3
*** TURN *** [9h Qd 7h] [Jd]
laubes04: checks
TinaTurner72: bets $6
laubes04: calls $6
*** RIVER *** [9h Qd 7h Jd] [Kc]
laubes04: checks
TinaTurner72: checks
*** SHOW DOWN ***
laubes04: shows [5d Th] (a straight, Nine to King)
TinaTurner72: mucks hand
laubes04 collected $29.50 from pot
*** SUMMARY ***
Total pot $30 | Rake $0.50
Board [9h Qd 7h Jd Kc]
Seat 1: laubes04 (big blind) showed [5d Th] and won ($29.50) with a straight, Nine to King
Seat 2: TinaTurner72 (button) (small blind) mucked


PokerStars Hand #161902747541:  Hold'em Limit ($3/$6 USD) - 2016/11/24 15:11:45 ET
Table 'Fama' 6-max Seat #1 is the button
Seat 1: laubes04 ($195.98 in chips)
Seat 2: TinaTurner72 ($74.30 in chips)
laubes04: posts small blind $1
TinaTurner72: posts big blind $3
*** HOLE CARDS ***
laubes04: folds
Uncalled bet ($2) returned to TinaTurner72
TinaTurner72 collected $2 from pot
TinaTurner72: doesn't show hand
*** SUMMARY ***
Total pot $2 | Rake $0
Seat 1: laubes04 (button) (small blind) folded before Flop
Seat 2: TinaTurner72 (big blind) collected ($2)


PokerStars Hand #161902784813:  Hold'em Limit ($3/$6 USD) - 2016/11/24 15:12:24 ET
Table 'Fama' 6-max Seat #1 is the button
Seat 1: laubes04 ($209.48 in chips)
Seat 2: TinaTurner72 ($60.30 in chips)
laubes04: posts small blind $1
TinaTurner72: posts big blind $3
*** HOLE CARDS ***
laubes04: raises $3 to $6
TinaTurner72: calls $3
*** FLOP *** [5h 5s Jc]
TinaTurner72: checks
laubes04: bets $3
TinaTurner72: folds
Uncalled bet ($3) returned to laubes04
laubes04 collected $11.76 from pot
laubes04: doesn't show hand
*** SUMMARY ***
Total pot $12 | Rake $0.24
Board [5h 5s Jc]
Seat 1: laubes04 (button) (small blind) collected ($11.76)
Seat 2: TinaTurner72 (big blind) folded on the Flop


PokerStars Hand #161902836159:  Hold'em Limit ($3/$6 USD) - 2016/11/24 15:13:18 ET
Table 'Fama' 6-max Seat #1 is the button
Seat 1: laubes04 ($185.24 in chips)
Seat 2: TinaTurner72 ($83.80 in chips)
laubes04: posts small blind $1
TinaTurner72: posts big blind $3
*** HOLE CARDS ***
laubes04: folds
Uncalled bet ($2) returned to TinaTurner72
TinaTurner72 collected $2 from pot
TinaTurner72: doesn't show hand
*** SUMMARY ***
Total pot $2 | Rake $0
Seat 1: laubes04 (button) (small blind) folded before Flop
Seat 2: TinaTurner72 (big blind) collected ($2)


PokerStars Hand #161902799608:  Hold'em Limit ($3/$6 USD) - 2016/11/24 15:12:39 ET
Table 'Fama' 6-max Seat #2 is the button
Seat 1: laubes04 ($215.24 in chips)
Seat 2: TinaTurner72 ($54.30 in chips)
TinaTurner72: posts small blind $1
laubes04: posts big blind $3
*** HOLE CARDS ***
TinaTurner72: raises $3 to $6
laubes04: raises $3 to $9
TinaTurner72: raises $3 to $12
Betting is capped
laubes04: calls $3
*** FLOP *** [8c Th 5c]
laubes04: checks
TinaTurner72: bets $3
laubes04: raises $3 to $6
TinaTurner72: calls $3
*** TURN *** [8c Th 5c] [7d]
laubes04: bets $6
TinaTurner72: calls $6
*** RIVER *** [8c Th 5c 7d] [Ks]
laubes04: bets $6
TinaTurner72: calls $6
*** SHOW DOWN ***
laubes04: shows [3c 3s] (a pair of Threes)
TinaTurner72: shows [5h 4d] (a pair of Fives)
TinaTurner72 collected $59.50 from pot
*** SUMMARY ***
Total pot $60 | Rake $0.50
Board [8c Th 5c 7d Ks]
Seat 1: laubes04 (big blind) showed [3c 3s] and lost with a pair of Threes
Seat 2: TinaTurner72 (button) (small blind) showed [5h 4d] and won ($59.50) with a pair of Fives


PokerStars Hand #161902841972:  Hold'em Limit ($3/$6 USD) - 2016/11/24 15:13:23 ET
Table 'Fama' 6-max Seat #2 is the button
Seat 1: laubes04 ($184.24 in chips)
Seat 2: TinaTurner72 ($84.80 in chips)
TinaTurner72: posts small blind $1
laubes04: posts big blind $3
*** HOLE CARDS ***
TinaTurner72: raises $3 to $6
laubes04: calls $3
*** FLOP *** [Jh 5d 9s]
laubes04: checks
TinaTurner72: checks
*** TURN *** [Jh 5d 9s] [7h]
Zensor666 joins the table at seat #6
laubes04: bets $6
TinaTurner72: folds
Uncalled bet ($6) returned to laubes04
laubes04 collected $11.76 from pot
laubes04: doesn't show hand
*** SUMMARY ***
Total pot $12 | Rake $0.24
Board [Jh 5d 9s 7h]
Seat 1: laubes04 (big blind) collected ($11.76)
Seat 2: TinaTurner72 (button) (small blind) folded on the Turn


PokerStars Hand #161902861890:  Hold'em Limit ($3/$6 USD) - 2016/11/24 15:13:44 ET
Table 'Fama' 6-max Seat #1 is the button
Seat 1: laubes04 ($190 in chips)
Seat 2: TinaTurner72 ($78.80 in chips)
laubes04: posts small blind $1
TinaTurner72: posts big blind $3
*** HOLE CARDS ***
laubes04: raises $3 to $6
TinaTurner72: calls $3
*** FLOP *** [4s 6s Ah]
TinaTurner72: checks
laubes04: bets $3
TinaTurner72: raises $3 to $6
laubes04: calls $3
*** TURN *** [4s 6s Ah] [5s]
TinaTurner72: bets $6
laubes04: raises $6 to $12
TinaTurner72: calls $6
*** RIVER *** [4s 6s Ah 5s] [2c]
TinaTurner72: checks
laubes04: bets $6
TinaTurner72: calls $6
*** SHOW DOWN ***
laubes04: shows [Ad Kc] (a pair of Aces)
TinaTurner72: shows [4d Ac] (two pair, Aces and Fours)
TinaTurner72 collected $59.50 from pot
*** SUMMARY ***
Total pot $60 | Rake $0.50
Board [4s 6s Ah 5s 2c]
Seat 1: laubes04 (button) (small blind) showed [Ad Kc] and lost with a pair of Aces
Seat 2: TinaTurner72 (big blind) showed [4d Ac] and won ($59.50) with two pair, Aces and Fours


PokerStars Hand #161908622806:  Hold'em Limit ($3/$6 USD) - 2016/11/24 16:59:50 ET
Table 'Fama' 6-max Seat #4 is the button
Seat 1: laubes04 ($221.84 in chips)
Seat 4: DECAlpha ($91.98 in chips)
Pandakey will be allowed to play after the button
DECAlpha: posts small blind $1
laubes04: posts big blind $3
*** HOLE CARDS ***
DECAlpha: raises $3 to $6
laubes04: folds
Uncalled bet ($3) returned to DECAlpha
DECAlpha collected $6 from pot
DECAlpha: doesn't show hand
*** SUMMARY ***
Total pot $6 | Rake $0
Seat 1: laubes04 (big blind) folded before Flop
Seat 4: DECAlpha (button) (small blind) collected ($6)


PokerStars Hand #161908884347:  Hold'em Limit ($3/$6 USD) - 2016/11/24 17:05:11 ET
Table 'Fama' 6-max Seat #1 is the button
Seat 1: laubes04 ($190.16 in chips)
Seat 4: DECAlpha ($84.55 in chips)
laubes04: posts small blind $1
2GEDDY1 joins the table at seat #3
Pandakey has timed out
Pandakey: is sitting out
DECAlpha: posts big blind $3
*** HOLE CARDS ***
laubes04: raises $3 to $6
DECAlpha: calls $3
*** FLOP *** [7c 5h Qs]
DECAlpha: checks
laubes04: bets $3
DECAlpha: folds
Uncalled bet ($3) returned to laubes04
assitoni joins the table at seat #5
laubes04 collected $11.76 from pot
laubes04: doesn't show hand
*** SUMMARY ***
Total pot $12 | Rake $0.24
Board [7c 5h Qs]
Seat 1: laubes04 (button) (small blind) collected ($11.76)
Seat 4: DECAlpha (big blind) folded on the Flop


PokerStars Hand #161909150419:  Hold'em Limit ($3/$6 USD) - 2016/11/24 17:10:25 ET
Table 'Fama' 6-max Seat #1 is the button
Seat 1: laubes04 ($144.38 in chips)
Seat 4: DECAlpha ($55.55 in chips)
laubes04: posts small blind $1
DECAlpha: posts big blind $3
*** HOLE CARDS ***
laubes04: folds
Uncalled bet ($2) returned to DECAlpha
DECAlpha collected $2 from pot
DECAlpha: doesn't show hand
*** SUMMARY ***
Total pot $2 | Rake $0
Seat 1: laubes04 (button) (small blind) folded before Flop
Seat 4: DECAlpha (big blind) collected ($2)


PokerStars Hand #161909146011:  Hold'em Limit ($3/$6 USD) - 2016/11/24 17:10:20 ET
Table 'Fama' 6-max Seat #4 is the button
Seat 1: laubes04 ($143.38 in chips)
Seat 4: DECAlpha ($56.55 in chips)
DECAlpha: posts small blind $1
assitoni: is sitting out
ede56: is sitting out
laubes04: posts big blind $3
*** HOLE CARDS ***
DECAlpha: folds
Uncalled bet ($2) returned to laubes04
assitoni leaves the table
laubes04 collected $2 from pot
ede56 leaves the table
laubes04: doesn't show hand
*** SUMMARY ***
Total pot $2 | Rake $0
Seat 1: laubes04 (big blind) collected ($2)
Seat 4: DECAlpha (button) (small blind) folded before Flop


PokerStars Hand #161909183024:  Hold'em Limit ($3/$6 USD) - 2016/11/24 17:11:04 ET
Table 'Fama' 6-max Seat #4 is the button
Seat 1: laubes04 ($155.02 in chips)
Seat 4: DECAlpha ($44.55 in chips)
DECAlpha: posts small blind $1
laubes04: posts big blind $3
*** HOLE CARDS ***
DECAlpha: folds
Uncalled bet ($2) returned to laubes04
laubes04 collected $2 from pot
laubes04: doesn't show hand
*** SUMMARY ***
Total pot $2 | Rake $0
Seat 1: laubes04 (big blind) collected ($2)
Seat 4: DECAlpha (button) (small blind) folded before Flop


PokerStars Hand #161909175913:  Hold'em Limit ($3/$6 USD) - 2016/11/24 17:10:56 ET
Table 'Fama' 6-max Seat #1 is the button
Seat 1: laubes04 ($152.02 in chips)
Seat 4: DECAlpha ($47.55 in chips)
laubes04: posts small blind $1
DECAlpha: posts big blind $3
*** HOLE CARDS ***
laubes04: raises $3 to $6
DECAlpha: folds
Uncalled bet ($3) returned to laubes04
laubes04 collected $6 from pot
laubes04: doesn't show hand
*** SUMMARY ***
Total pot $6 | Rake $0
Seat 1: laubes04 (button) (small blind) collected ($6)
Seat 4: DECAlpha (big blind) folded before Flop


PokerStars Hand #161909154368:  Hold'em Limit ($3/$6 USD) - 2016/11/24 17:10:30 ET
Table 'Fama' 6-max Seat #4 is the button
Seat 1: laubes04 ($143.38 in chips)
Seat 4: DECAlpha ($56.55 in chips)
DECAlpha: posts small blind $1
laubes04: posts big blind $3
*** HOLE CARDS ***
DECAlpha: raises $3 to $6
laubes04: calls $3
*** FLOP *** [Qd Ks Ah]
laubes04: bets $3
DECAlpha: calls $3
*** TURN *** [Qd Ks Ah] [8s]
laubes04: bets $6
DECAlpha: folds
Uncalled bet ($6) returned to laubes04
laubes04 collected $17.64 from pot
laubes04: doesn't show hand
*** SUMMARY ***
Total pot $18 | Rake $0.36
Board [Qd Ks Ah 8s]
Seat 1: laubes04 (big blind) collected ($17.64)
Seat 4: DECAlpha (button) (small blind) folded on the Turn


PokerStars Hand #161909194870:  Hold'em Limit ($3/$6 USD) - 2016/11/24 17:11:18 ET
Table 'Fama' 6-max Seat #4 is the button
Seat 1: laubes04 ($161.78 in chips)
Seat 4: DECAlpha ($37.55 in chips)
DECAlpha: posts small blind $1
laubes04: posts big blind $3
*** HOLE CARDS ***
DECAlpha: folds
Uncalled bet ($2) returned to laubes04
laubes04 collected $2 from pot
laubes04: doesn't show hand
*** SUMMARY ***
Total pot $2 | Rake $0
Seat 1: laubes04 (big blind) collected ($2)
Seat 4: DECAlpha (button) (small blind) folded before Flop


PokerStars Hand #161909186766:  Hold'em Limit ($3/$6 USD) - 2016/11/24 17:11:08 ET
Table 'Fama' 6-max Seat #1 is the button
Seat 1: laubes04 ($156.02 in chips)
Seat 4: DECAlpha ($43.55 in chips)
laubes04: posts small blind $1
DECAlpha: posts big blind $3
*** HOLE CARDS ***
laubes04: raises $3 to $6
DECAlpha: calls $3
*** FLOP *** [5h Kd 6c]
DECAlpha: checks
laubes04: bets $3
DECAlpha: folds
Uncalled bet ($3) returned to laubes04
laubes04 collected $11.76 from pot
laubes04: doesn't show hand
*** SUMMARY ***
Total pot $12 | Rake $0.24
Board [5h Kd 6c]
Seat 1: laubes04 (button) (small blind) collected ($11.76)
Seat 4: DECAlpha (big blind) folded on the Flop


PokerStars Hand #161909209188:  Hold'em Limit ($3/$6 USD) - 2016/11/24 17:11:35 ET
Table 'Fama' 6-max Seat #4 is the button
Seat 1: laubes04 ($168.54 in chips)
Seat 4: DECAlpha ($30.55 in chips)
DECAlpha: posts small blind $1
laubes04: posts big blind $3
*** HOLE CARDS ***
DECAlpha: raises $3 to $6
laubes04: calls $3
*** FLOP *** [9c 6c Kd]
laubes04: checks
DECAlpha: bets $3
laubes04: calls $3
*** TURN *** [9c 6c Kd] [4h]
laubes04: checks
DECAlpha: bets $6
laubes04: folds
Uncalled bet ($6) returned to DECAlpha
DECAlpha collected $17.64 from pot
DECAlpha: doesn't show hand
*** SUMMARY ***
Total pot $18 | Rake $0.36
Board [9c 6c Kd 4h]
Seat 1: laubes04 (big blind) folded on the Turn
Seat 4: DECAlpha (button) (small blind) collected ($17.64)


PokerStars Hand #161909198368:  Hold'em Limit ($3/$6 USD) - 2016/11/24 17:11:22 ET
Table 'Fama' 6-max Seat #1 is the button
Seat 1: laubes04 ($162.78 in chips)
Seat 4: DECAlpha ($36.55 in chips)
laubes04: posts small blind $1
DECAlpha: posts big blind $3
*** HOLE CARDS ***
laubes04: raises $3 to $6
DECAlpha: calls $3
*** FLOP *** [Td 9d 7h]
DECAlpha: checks
laubes04: bets $3
DECAlpha: folds
Uncalled bet ($3) returned to laubes04
laubes04 collected $11.76 from pot
laubes04: doesn't show hand
*** SUMMARY ***
Total pot $12 | Rake $0.24
Board [Td 9d 7h]
Seat 1: laubes04 (button) (small blind) collected ($11.76)
Seat 4: DECAlpha (big blind) folded on the Flop


PokerStars Hand #161909232245:  Hold'em Limit ($3/$6 USD) - 2016/11/24 17:12:02 ET
Table 'Fama' 6-max Seat #1 is the button
Seat 1: laubes04 ($159.54 in chips)
Seat 4: DECAlpha ($39.19 in chips)
laubes04: posts small blind $1
DECAlpha: posts big blind $3
*** HOLE CARDS ***
laubes04: raises $3 to $6
DECAlpha: calls $3
*** FLOP *** [3s 2s Ac]
DECAlpha: checks
laubes04: bets $3
DECAlpha: calls $3
*** TURN *** [3s 2s Ac] [Js]
DECAlpha: checks
laubes04: bets $6
DECAlpha: calls $6
*** RIVER *** [3s 2s Ac Js] [6s]
DECAlpha: checks
laubes04: bets $6
DECAlpha: calls $6
*** SHOW DOWN ***
laubes04: shows [8c 8s] (a flush, Jack high)
DECAlpha: mucks hand
laubes04 collected $41.50 from pot
*** SUMMARY ***
Total pot $42 | Rake $0.50
Board [3s 2s Ac Js 6s]
Seat 1: laubes04 (button) (small blind) showed [8c 8s] and won ($41.50) with a flush, Jack high
Seat 4: DECAlpha (big blind) mucked


PokerStars Hand #161909259728:  Hold'em Limit ($3/$6 USD) - 2016/11/24 17:12:34 ET
Table 'Fama' 6-max Seat #1 is the button
Seat 1: laubes04 ($185.80 in chips)
Seat 4: DECAlpha ($72.19 in chips)
laubes04: posts small blind $1
DECAlpha: posts big blind $3
*** HOLE CARDS ***
laubes04: folds
Uncalled bet ($2) returned to DECAlpha
DECAlpha collected $2 from pot
DECAlpha: doesn't show hand
*** SUMMARY ***
Total pot $2 | Rake $0
Seat 1: laubes04 (button) (small blind) folded before Flop
Seat 4: DECAlpha (big blind) collected ($2)


PokerStars Hand #161909249635:  Hold'em Limit ($3/$6 USD) - 2016/11/24 17:12:22 ET
Table 'Fama' 6-max Seat #4 is the button
Seat 1: laubes04 ($180.04 in chips)
Seat 4: DECAlpha ($18.19 in chips)
DECAlpha: posts small blind $1
laubes04: posts big blind $3
*** HOLE CARDS ***
DECAlpha: raises $3 to $6
laubes04: calls $3
*** FLOP *** [7d Td 2d]
laubes04: bets $3
DECAlpha: folds
Uncalled bet ($3) returned to laubes04
laubes04 collected $11.76 from pot
laubes04: doesn't show hand
*** SUMMARY ***
Total pot $12 | Rake $0.24
Board [7d Td 2d]
Seat 1: laubes04 (big blind) collected ($11.76)
Seat 4: DECAlpha (button) (small blind) folded on the Flop


PokerStars Hand #161909292906:  Hold'em Limit ($3/$6 USD) - 2016/11/24 17:13:13 ET
Table 'Fama' 6-max Seat #1 is the button
Seat 1: laubes04 ($172.80 in chips)
Seat 4: DECAlpha ($84.71 in chips)
laubes04: posts small blind $1
DECAlpha: posts big blind $3
*** HOLE CARDS ***
laubes04: raises $3 to $6
DECAlpha: folds
Uncalled bet ($3) returned to laubes04
laubes04 collected $6 from pot
laubes04: doesn't show hand
*** SUMMARY ***
Total pot $6 | Rake $0
Seat 1: laubes04 (button) (small blind) collected ($6)
Seat 4: DECAlpha (big blind) folded before Flop


PokerStars Hand #161909263755:  Hold'em Limit ($3/$6 USD) - 2016/11/24 17:12:39 ET
Table 'Fama' 6-max Seat #4 is the button
Seat 1: laubes04 ($184.80 in chips)
Seat 4: DECAlpha ($73.19 in chips)
DECAlpha: posts small blind $1
laubes04: posts big blind $3
*** HOLE CARDS ***
DECAlpha: raises $3 to $6
laubes04: calls $3
*** FLOP *** [4h 9h 5h]
laubes04: checks
DECAlpha: bets $3
laubes04: raises $3 to $6
DECAlpha: calls $3
*** TURN *** [4h 9h 5h] [8d]
laubes04: checks
DECAlpha: checks
*** RIVER *** [4h 9h 5h 8d] [Ah]
laubes04: checks
DECAlpha: checks
*** SHOW DOWN ***
laubes04: shows [5d Kc] (a pair of Fives)
DECAlpha: shows [Ac 3h] (a flush, Ace high)
DECAlpha collected $23.52 from pot
*** SUMMARY ***
Total pot $24 | Rake $0.48
Board [4h 9h 5h 8d Ah]
Seat 1: laubes04 (big blind) showed [5d Kc] and lost with a pair of Fives
Seat 4: DECAlpha (button) (small blind) showed [Ac 3h] and won ($23.52) with a flush, Ace high


PokerStars Hand #161909328305:  Hold'em Limit ($3/$6 USD) - 2016/11/24 17:13:55 ET
Table 'Fama' 6-max Seat #1 is the button
Seat 1: laubes04 ($199.30 in chips)
Seat 4: DECAlpha ($57.71 in chips)
laubes04: posts small blind $1
DECAlpha: posts big blind $3
*** HOLE CARDS ***
laubes04: raises $3 to $6
DECAlpha: folds
Uncalled bet ($3) returned to laubes04
laubes04 collected $6 from pot
laubes04: doesn't show hand
*** SUMMARY ***
Total pot $6 | Rake $0
Seat 1: laubes04 (button) (small blind) collected ($6)
Seat 4: DECAlpha (big blind) folded before Flop


PokerStars Hand #161909298434:  Hold'em Limit ($3/$6 USD) - 2016/11/24 17:13:20 ET
Table 'Fama' 6-max Seat #4 is the button
Seat 1: laubes04 ($175.80 in chips)
Seat 4: DECAlpha ($81.71 in chips)
DECAlpha: posts small blind $1
laubes04: posts big blind $3
*** HOLE CARDS ***
DECAlpha: raises $3 to $6
laubes04: calls $3
*** FLOP *** [4s Qs 4d]
laubes04: checks
DECAlpha: bets $3
laubes04: raises $3 to $6
DECAlpha: calls $3
*** TURN *** [4s Qs 4d] [6s]
laubes04: bets $6
DECAlpha: calls $6
*** RIVER *** [4s Qs 4d 6s] [6h]
laubes04: bets $6
DECAlpha: calls $6
*** SHOW DOWN ***
laubes04: shows [2s Qh] (two pair, Queens and Sixes)
DECAlpha: mucks hand
laubes04 collected $47.50 from pot
*** SUMMARY ***
Total pot $48 | Rake $0.50
Board [4s Qs 4d 6s 6h]
Seat 1: laubes04 (big blind) showed [2s Qh] and won ($47.50) with two pair, Queens and Sixes
Seat 4: DECAlpha (button) (small blind) mucked


PokerStars Hand #161909347955:  Hold'em Limit ($3/$6 USD) - 2016/11/24 17:14:19 ET
Table 'Fama' 6-max Seat #4 is the button
Seat 1: laubes04 ($209.06 in chips)
Seat 4: DECAlpha ($47.71 in chips)
DECAlpha: posts small blind $1
laubes04: posts big blind $3
*** HOLE CARDS ***
DECAlpha: raises $3 to $6
laubes04: calls $3
*** FLOP *** [9s Th 7h]
laubes04: checks
DECAlpha: bets $3
laubes04: folds
Uncalled bet ($3) returned to DECAlpha
DECAlpha collected $11.76 from pot
DECAlpha: doesn't show hand
*** SUMMARY ***
Total pot $12 | Rake $0.24
Board [9s Th 7h]
Seat 1: laubes04 (big blind) folded on the Flop
Seat 4: DECAlpha (button) (small blind) collected ($11.76)


PokerStars Hand #161909338476:  Hold'em Limit ($3/$6 USD) - 2016/11/24 17:14:07 ET
Table 'Fama' 6-max Seat #1 is the button
Seat 1: laubes04 ($203.30 in chips)
Seat 4: DECAlpha ($53.71 in chips)
laubes04: posts small blind $1
DECAlpha: posts big blind $3
*** HOLE CARDS ***
laubes04: raises $3 to $6
DECAlpha: calls $3
*** FLOP *** [4h 3c 3s]
DECAlpha: checks
laubes04: bets $3
DECAlpha: folds
Uncalled bet ($3) returned to laubes04
laubes04 collected $11.76 from pot
laubes04: doesn't show hand
*** SUMMARY ***
Total pot $12 | Rake $0.24
Board [4h 3c 3s]
Seat 1: laubes04 (button) (small blind) collected ($11.76)
Seat 4: DECAlpha (big blind) folded on the Flop


PokerStars Hand #161909334857:  Hold'em Limit ($3/$6 USD) - 2016/11/24 17:14:03 ET
Table 'Fama' 6-max Seat #4 is the button
Seat 1: laubes04 ($202.30 in chips)
Seat 4: DECAlpha ($54.71 in chips)
DECAlpha: posts small blind $1
laubes04: posts big blind $3
*** HOLE CARDS ***
DECAlpha: folds
Uncalled bet ($2) returned to laubes04
laubes04 collected $2 from pot
laubes04: doesn't show hand
*** SUMMARY ***
Total pot $2 | Rake $0
Seat 1: laubes04 (big blind) collected ($2)
Seat 4: DECAlpha (button) (small blind) folded before Flop


PokerStars Hand #161909363277:  Hold'em Limit ($3/$6 USD) - 2016/11/24 17:14:37 ET
Table 'Fama' 6-max Seat #4 is the button
Seat 1: laubes04 ($202.06 in chips)
Seat 4: DECAlpha ($54.47 in chips)
DECAlpha: posts small blind $1
laubes04: posts big blind $3
*** HOLE CARDS ***
DECAlpha: raises $3 to $6
laubes04: calls $3
*** FLOP *** [Ah Tc 7c]
laubes04: checks
DECAlpha: bets $3
laubes04: raises $3 to $6
DECAlpha: calls $3
*** TURN *** [Ah Tc 7c] [8d]
laubes04: bets $6
DECAlpha: calls $6
*** RIVER *** [Ah Tc 7c 8d] [3h]
laubes04: bets $6
DECAlpha: folds
Uncalled bet ($6) returned to laubes04
laubes04 collected $35.50 from pot
laubes04: doesn't show hand
*** SUMMARY ***
Total pot $36 | Rake $0.50
Board [Ah Tc 7c 8d 3h]
Seat 1: laubes04 (big blind) collected ($35.50)
Seat 4: DECAlpha (button) (small blind) folded on the River


PokerStars Hand #161909359265:  Hold'em Limit ($3/$6 USD) - 2016/11/24 17:14:32 ET
Table 'Fama' 6-max Seat #1 is the button
Seat 1: laubes04 ($203.06 in chips)
Seat 4: DECAlpha ($53.47 in chips)
laubes04: posts small blind $1
DECAlpha: posts big blind $3
*** HOLE CARDS ***
laubes04: folds
Uncalled bet ($2) returned to DECAlpha
DECAlpha collected $2 from pot
DECAlpha: doesn't show hand
*** SUMMARY ***
Total pot $2 | Rake $0
Seat 1: laubes04 (button) (small blind) folded before Flop
Seat 4: DECAlpha (big blind) collected ($2)


PokerStars Hand #161909402682:  Hold'em Limit ($3/$6 USD) - 2016/11/24 17:15:14 ET
Table 'Fama' 6-max Seat #1 is the button
Seat 1: laubes04 ($219.56 in chips)
Seat 4: DECAlpha ($36.47 in chips)
laubes04: posts small blind $1
DECAlpha: posts big blind $3
*** HOLE CARDS ***
laubes04: raises $3 to $6
DECAlpha: calls $3
*** FLOP *** [2s 7c 6d]
DECAlpha: checks
laubes04: checks
*** TURN *** [2s 7c 6d] [9h]
DECAlpha: bets $6
laubes04: calls $6
*** RIVER *** [2s 7c 6d 9h] [Jh]
DECAlpha: checks
laubes04: bets $6
DECAlpha: calls $6
*** SHOW DOWN ***
laubes04: shows [Jc 8d] (a pair of Jacks)
DECAlpha: mucks hand
laubes04 collected $35.50 from pot
*** SUMMARY ***
Total pot $36 | Rake $0.50
Board [2s 7c 6d 9h Jh]
Seat 1: laubes04 (button) (small blind) showed [Jc 8d] and won ($35.50) with a pair of Jacks
Seat 4: DECAlpha (big blind) mucked


PokerStars Hand #161909396443:  Hold'em Limit ($3/$6 USD) - 2016/11/24 17:15:06 ET
Table 'Fama' 6-max Seat #4 is the button
Seat 1: laubes04 ($222.56 in chips)
Seat 4: DECAlpha ($33.47 in chips)
DECAlpha: posts small blind $1
laubes04: posts big blind $3
*** HOLE CARDS ***
DECAlpha: raises $3 to $6
laubes04: folds
Uncalled bet ($3) returned to DECAlpha
DECAlpha collected $6 from pot
DECAlpha: doesn't show hand
*** SUMMARY ***
Total pot $6 | Rake $0
Seat 1: laubes04 (big blind) folded before Flop
Seat 4: DECAlpha (button) (small blind) collected ($6)


PokerStars Hand #161909390559:  Hold'em Limit ($3/$6 USD) - 2016/11/24 17:14:59 ET
Table 'Fama' 6-max Seat #1 is the button
Seat 1: laubes04 ($219.56 in chips)
Seat 4: DECAlpha ($36.47 in chips)
laubes04: posts small blind $1
DECAlpha: posts big blind $3
*** HOLE CARDS ***
laubes04: raises $3 to $6
DECAlpha: folds
Uncalled bet ($3) returned to laubes04
laubes04 collected $6 from pot
laubes04: doesn't show hand
*** SUMMARY ***
Total pot $6 | Rake $0
Seat 1: laubes04 (button) (small blind) collected ($6)
Seat 4: DECAlpha (big blind) folded before Flop


PokerStars Hand #161909468052:  Hold'em Limit ($3/$6 USD) - 2016/11/24 17:16:32 ET
Table 'Fama' 6-max Seat #4 is the button
Seat 1: laubes04 ($260.79 in chips)
Seat 4: DECAlpha ($63.58 in chips)
DECAlpha: posts small blind $1
laubes04: posts big blind $3
*** HOLE CARDS ***
DECAlpha: raises $3 to $6
laubes04: calls $3
*** FLOP *** [Js 9h 3d]
laubes04: bets $3
DECAlpha: calls $3
*** TURN *** [Js 9h 3d] [3h]
laubes04: checks
DECAlpha: checks
*** RIVER *** [Js 9h 3d 3h] [5d]
laubes04: bets $6
DECAlpha: folds
Uncalled bet ($6) returned to laubes04
laubes04 collected $17.64 from pot
laubes04: doesn't show hand
*** SUMMARY ***
Total pot $18 | Rake $0.36
Board [Js 9h 3d 3h 5d]
Seat 1: laubes04 (big blind) collected ($17.64)
Seat 4: DECAlpha (button) (small blind) folded on the River


PokerStars Hand #161909458365:  Hold'em Limit ($3/$6 USD) - 2016/11/24 17:16:20 ET
Table 'Fama' 6-max Seat #1 is the button
Seat 1: laubes04 ($255.03 in chips)
Seat 4: DECAlpha ($69.58 in chips)
laubes04: posts small blind $1
DECAlpha: posts big blind $3
*** HOLE CARDS ***
laubes04: raises $3 to $6
DECAlpha: calls $3
*** FLOP *** [6c Jh 3s]
DECAlpha: checks
laubes04: bets $3
DECAlpha: folds
Uncalled bet ($3) returned to laubes04
laubes04 collected $11.76 from pot
laubes04: doesn't show hand
*** SUMMARY ***
Total pot $12 | Rake $0.24
Board [6c Jh 3s]
Seat 1: laubes04 (button) (small blind) collected ($11.76)
Seat 4: DECAlpha (big blind) folded on the Flop


PokerStars Hand #161909421470:  Hold'em Limit ($3/$6 USD) - 2016/11/24 17:15:36 ET
Table 'Fama' 6-max Seat #4 is the button
Seat 1: laubes04 ($237.06 in chips)
Seat 4: DECAlpha ($18.47 in chips)
DECAlpha: posts small blind $1
laubes04: posts big blind $3
*** HOLE CARDS ***
DECAlpha: raises $3 to $6
laubes04: calls $3
*** FLOP *** [2d 3s Th]
laubes04: checks
DECAlpha: bets $3
laubes04: calls $3
*** TURN *** [2d 3s Th] [6h]
laubes04: checks
DECAlpha: bets $6
laubes04: calls $6
*** RIVER *** [2d 3s Th 6h] [4c]
laubes04: checks
DECAlpha: bets $3.47 and is all-in
laubes04: calls $3.47
*** SHOW DOWN ***
DECAlpha: shows [9c 9d] (a pair of Nines)
laubes04: shows [Kh 5c] (a straight, Deuce to Six)
laubes04 collected $36.44 from pot
*** SUMMARY ***
Total pot $36.94 | Rake $0.50
Board [2d 3s Th 6h 4c]
Seat 1: laubes04 (big blind) showed [Kh 5c] and won ($36.44) with a straight, Deuce to Six
Seat 4: DECAlpha (button) (small blind) showed [9c 9d] and lost with a pair of Nines


PokerStars Hand #161909540407:  Hold'em Limit ($3/$6 USD) - 2016/11/24 17:17:59 ET
Table 'Fama' 6-max Seat #4 is the button
Seat 1: laubes04 ($237.43 in chips)
Seat 4: DECAlpha ($85.72 in chips)
DECAlpha: posts small blind $1
laubes04: posts big blind $3
*** HOLE CARDS ***
DECAlpha: folds
Uncalled bet ($2) returned to laubes04
laubes04 collected $2 from pot
laubes04: doesn't show hand
*** SUMMARY ***
Total pot $2 | Rake $0
Seat 1: laubes04 (big blind) collected ($2)
Seat 4: DECAlpha (button) (small blind) folded before Flop


PokerStars Hand #161909525441:  Hold'em Limit ($3/$6 USD) - 2016/11/24 17:17:40 ET
Table 'Fama' 6-max Seat #1 is the button
Seat 1: laubes04 ($246.43 in chips)
Seat 4: DECAlpha ($77.08 in chips)
laubes04: posts small blind $1
DECAlpha: posts big blind $3
*** HOLE CARDS ***
laubes04: raises $3 to $6
DECAlpha: raises $3 to $9
laubes04: calls $3
*** FLOP *** [Qh 8s 9h]
DECAlpha: bets $3
laubes04: folds
Uncalled bet ($3) returned to DECAlpha
DECAlpha collected $17.64 from pot
DECAlpha: doesn't show hand
*** SUMMARY ***
Total pot $18 | Rake $0.36
Board [Qh 8s 9h]
Seat 1: laubes04 (button) (small blind) folded on the Flop
Seat 4: DECAlpha (big blind) collected ($17.64)


PokerStars Hand #161909484112:  Hold'em Limit ($3/$6 USD) - 2016/11/24 17:16:51 ET
Table 'Fama' 6-max Seat #1 is the button
Seat 1: laubes04 ($269.43 in chips)
Seat 4: DECAlpha ($54.58 in chips)
laubes04: posts small blind $1
DECAlpha: posts big blind $3
*** HOLE CARDS ***
laubes04: raises $3 to $6
DECAlpha: calls $3
*** FLOP *** [3d Ks 8h]
DECAlpha: checks
laubes04: bets $3
DECAlpha: raises $3 to $6
laubes04: calls $3
*** TURN *** [3d Ks 8h] [Ac]
DECAlpha: bets $6
laubes04: raises $6 to $12
DECAlpha: calls $6
*** RIVER *** [3d Ks 8h Ac] [6s]
DECAlpha: checks
laubes04: checks
*** SHOW DOWN ***
DECAlpha: shows [4s Kd] (a pair of Kings)
laubes04: mucks hand
DECAlpha collected $47.50 from pot
*** SUMMARY ***
Total pot $48 | Rake $0.50
Board [3d Ks 8h Ac 6s]
Seat 1: laubes04 (button) (small blind) mucked
Seat 4: DECAlpha (big blind) showed [4s Kd] and won ($47.50) with a pair of Kings


PokerStars Hand #161909512245:  Hold'em Limit ($3/$6 USD) - 2016/11/24 17:17:25 ET
Table 'Fama' 6-max Seat #4 is the button
Seat 1: laubes04 ($245.43 in chips)
Seat 4: DECAlpha ($78.08 in chips)
DECAlpha: posts small blind $1
laubes04: posts big blind $3
*** HOLE CARDS ***
DECAlpha: folds
Uncalled bet ($2) returned to laubes04
laubes04 collected $2 from pot
laubes04: doesn't show hand
*** SUMMARY ***
Total pot $2 | Rake $0
Seat 1: laubes04 (big blind) collected ($2)
Seat 4: DECAlpha (button) (small blind) folded before Flop


PokerStars Hand #161909566539:  Hold'em Limit ($3/$6 USD) - 2016/11/24 17:18:30 ET
Table 'Fama' 6-max Seat #4 is the button
Seat 1: laubes04 ($230.43 in chips)
Seat 4: DECAlpha ($92.24 in chips)
DECAlpha: posts small blind $1
laubes04: posts big blind $3
*** HOLE CARDS ***
DECAlpha: raises $3 to $6
laubes04: calls $3
*** FLOP *** [3d 2h Ts]
laubes04: checks
DECAlpha: checks
*** TURN *** [3d 2h Ts] [Ks]
laubes04: bets $6
DECAlpha: folds
Uncalled bet ($6) returned to laubes04
laubes04 collected $11.76 from pot
laubes04: doesn't show hand
*** SUMMARY ***
Total pot $12 | Rake $0.24
Board [3d 2h Ts Ks]
Seat 1: laubes04 (big blind) collected ($11.76)
Seat 4: DECAlpha (button) (small blind) folded on the Turn


PokerStars Hand #161909549074:  Hold'em Limit ($3/$6 USD) - 2016/11/24 17:18:09 ET
Table 'Fama' 6-max Seat #4 is the button
Seat 1: laubes04 ($241.43 in chips)
Seat 4: DECAlpha ($81.72 in chips)
DECAlpha: posts small blind $1
laubes04: posts big blind $3
*** HOLE CARDS ***
DECAlpha: folds
Uncalled bet ($2) returned to laubes04
laubes04 collected $2 from pot
laubes04: doesn't show hand
*** SUMMARY ***
Total pot $2 | Rake $0
Seat 1: laubes04 (big blind) collected ($2)
Seat 4: DECAlpha (button) (small blind) folded before Flop


PokerStars Hand #161909544388:  Hold'em Limit ($3/$6 USD) - 2016/11/24 17:18:04 ET
Table 'Fama' 6-max Seat #1 is the button
Seat 1: laubes04 ($238.43 in chips)
Seat 4: DECAlpha ($84.72 in chips)
laubes04: posts small blind $1
DECAlpha: posts big blind $3
*** HOLE CARDS ***
laubes04: raises $3 to $6
DECAlpha: folds
Uncalled bet ($3) returned to laubes04
laubes04 collected $6 from pot
laubes04: doesn't show hand
*** SUMMARY ***
Total pot $6 | Rake $0
Seat 1: laubes04 (button) (small blind) collected ($6)
Seat 4: DECAlpha (big blind) folded before Flop


PokerStars Hand #161909552701:  Hold'em Limit ($3/$6 USD) - 2016/11/24 17:18:14 ET
Table 'Fama' 6-max Seat #1 is the button
Seat 1: laubes04 ($242.43 in chips)
Seat 4: DECAlpha ($80.72 in chips)
laubes04: posts small blind $1
DECAlpha: posts big blind $3
*** HOLE CARDS ***
laubes04: raises $3 to $6
DECAlpha: raises $3 to $9
laubes04: calls $3
*** FLOP *** [Th 3d 2d]
DECAlpha: bets $3
laubes04: calls $3
*** TURN *** [Th 3d 2d] [5h]
DECAlpha: bets $6
laubes04: folds
Uncalled bet ($6) returned to DECAlpha
DECAlpha collected $23.52 from pot
DECAlpha: doesn't show hand
*** SUMMARY ***
Total pot $24 | Rake $0.48
Board [Th 3d 2d 5h]
Seat 1: laubes04 (button) (small blind) folded on the Turn
Seat 4: DECAlpha (big blind) collected ($23.52)


PokerStars Hand #161909583187:  Hold'em Limit ($3/$6 USD) - 2016/11/24 17:18:50 ET
Table 'Fama' 6-max Seat #1 is the button
Seat 1: laubes04 ($236.19 in chips)
Seat 4: DECAlpha ($86.24 in chips)
laubes04: posts small blind $1
DECAlpha: posts big blind $3
*** HOLE CARDS ***
laubes04: raises $3 to $6
DECAlpha: raises $3 to $9
laubes04: calls $3
*** FLOP *** [6h Qc Ac]
DECAlpha: bets $3
laubes04: folds
Uncalled bet ($3) returned to DECAlpha
DECAlpha collected $17.64 from pot
DECAlpha: doesn't show hand
*** SUMMARY ***
Total pot $18 | Rake $0.36
Board [6h Qc Ac]
Seat 1: laubes04 (button) (small blind) folded on the Flop
Seat 4: DECAlpha (big blind) collected ($17.64)


PokerStars Hand #161909628647:  Hold'em Limit ($3/$6 USD) - 2016/11/24 17:19:45 ET
Table 'Fama' 6-max Seat #1 is the button
Seat 1: laubes04 ($242.69 in chips)
Seat 4: DECAlpha ($78.64 in chips)
laubes04: posts small blind $1
DECAlpha: posts big blind $3
*** HOLE CARDS ***
laubes04: folds
Uncalled bet ($2) returned to DECAlpha
DECAlpha collected $2 from pot
DECAlpha: doesn't show hand
*** SUMMARY ***
Total pot $2 | Rake $0
Seat 1: laubes04 (button) (small blind) folded before Flop
Seat 4: DECAlpha (big blind) collected ($2)


PokerStars Hand #161909625154:  Hold'em Limit ($3/$6 USD) - 2016/11/24 17:19:41 ET
Table 'Fama' 6-max Seat #4 is the button
Seat 1: laubes04 ($241.69 in chips)
Seat 4: DECAlpha ($79.64 in chips)
DECAlpha: posts small blind $1
laubes04: posts big blind $3
*** HOLE CARDS ***
DECAlpha: folds
Uncalled bet ($2) returned to laubes04
laubes04 collected $2 from pot
laubes04: doesn't show hand
*** SUMMARY ***
Total pot $2 | Rake $0
Seat 1: laubes04 (big blind) collected ($2)
Seat 4: DECAlpha (button) (small blind) folded before Flop


PokerStars Hand #161909608090:  Hold'em Limit ($3/$6 USD) - 2016/11/24 17:19:20 ET
Table 'Fama' 6-max Seat #1 is the button
Seat 1: laubes04 ($221.19 in chips)
Seat 4: DECAlpha ($100.64 in chips)
laubes04: posts small blind $1
DECAlpha: posts big blind $3
*** HOLE CARDS ***
laubes04: raises $3 to $6
DECAlpha: calls $3
*** FLOP *** [7c 8c 8h]
DECAlpha: checks
laubes04: bets $3
DECAlpha: calls $3
*** TURN *** [7c 8c 8h] [9d]
DECAlpha: checks
laubes04: checks
*** RIVER *** [7c 8c 8h 9d] [6c]
DECAlpha: bets $6
laubes04: raises $6 to $12
DECAlpha: calls $6
*** SHOW DOWN ***
laubes04: shows [Qh Tc] (a straight, Six to Ten)
DECAlpha: mucks hand
laubes04 collected $41.50 from pot
*** SUMMARY ***
Total pot $42 | Rake $0.50
Board [7c 8c 8h 9d 6c]
Seat 1: laubes04 (button) (small blind) showed [Qh Tc] and won ($41.50) with a straight, Six to Ten
Seat 4: DECAlpha (big blind) mucked


PokerStars Hand #161909595047:  Hold'em Limit ($3/$6 USD) - 2016/11/24 17:19:05 ET
Table 'Fama' 6-max Seat #4 is the button
Seat 1: laubes04 ($227.19 in chips)
Seat 4: DECAlpha ($94.88 in chips)
DECAlpha: posts small blind $1
laubes04: posts big blind $3
*** HOLE CARDS ***
DECAlpha: raises $3 to $6
laubes04: calls $3
*** FLOP *** [Qs Ts As]
laubes04: checks
DECAlpha: bets $3
laubes04: folds
Uncalled bet ($3) returned to DECAlpha
DECAlpha collected $11.76 from pot
DECAlpha: doesn't show hand
*** SUMMARY ***
Total pot $12 | Rake $0.24
Board [Qs Ts As]
Seat 1: laubes04 (big blind) folded on the Flop
Seat 4: DECAlpha (button) (small blind) collected ($11.76)


PokerStars Hand #161909633726:  Hold'em Limit ($3/$6 USD) - 2016/11/24 17:19:51 ET
Table 'Fama' 6-max Seat #4 is the button
Seat 1: laubes04 ($241.69 in chips)
Seat 4: DECAlpha ($79.64 in chips)
DECAlpha: posts small blind $1
laubes04: posts big blind $3
*** HOLE CARDS ***
DECAlpha: raises $3 to $6
laubes04: calls $3
*** FLOP *** [Qc 9c 8h]
laubes04: checks
DECAlpha: bets $3
laubes04: folds
Uncalled bet ($3) returned to DECAlpha
DECAlpha collected $11.76 from pot
DECAlpha: doesn't show hand
*** SUMMARY ***
Total pot $12 | Rake $0.24
Board [Qc 9c 8h]
Seat 1: laubes04 (big blind) folded on the Flop
Seat 4: DECAlpha (button) (small blind) collected ($11.76)


PokerStars Hand #161909665919:  Hold'em Limit ($3/$6 USD) - 2016/11/24 17:20:30 ET
Table 'Fama' 6-max Seat #4 is the button
Seat 1: laubes04 ($250.19 in chips)
Seat 4: DECAlpha ($70.40 in chips)
DECAlpha: posts small blind $1
laubes04: posts big blind $3
*** HOLE CARDS ***
DECAlpha: folds
Uncalled bet ($2) returned to laubes04
Bubman78 joins the table at seat #2
laubes04 collected $2 from pot
laubes04: doesn't show hand
*** SUMMARY ***
Total pot $2 | Rake $0
Seat 1: laubes04 (big blind) collected ($2)
Seat 4: DECAlpha (button) (small blind) folded before Flop


PokerStars Hand #161909653134:  Hold'em Limit ($3/$6 USD) - 2016/11/24 17:20:14 ET
Table 'Fama' 6-max Seat #1 is the button
Seat 1: laubes04 ($235.69 in chips)
Seat 4: DECAlpha ($85.40 in chips)
laubes04: posts small blind $1
DECAlpha: posts big blind $3
*** HOLE CARDS ***
laubes04: raises $3 to $6
DECAlpha: calls $3
*** FLOP *** [Kd Ac Jc]
DECAlpha: checks
laubes04: bets $3
DECAlpha: calls $3
*** TURN *** [Kd Ac Jc] [3h]
DECAlpha: checks
laubes04: bets $6
DECAlpha: calls $6
*** RIVER *** [Kd Ac Jc 3h] [6h]
DECAlpha: checks
laubes04: checks
*** SHOW DOWN ***
DECAlpha: shows [Jd 2h] (a pair of Jacks)
laubes04: shows [Ks 2d] (a pair of Kings)
laubes04 collected $29.50 from pot
*** SUMMARY ***
Total pot $30 | Rake $0.50
Board [Kd Ac Jc 3h 6h]
Seat 1: laubes04 (button) (small blind) showed [Ks 2d] and won ($29.50) with a pair of Kings
Seat 4: DECAlpha (big blind) showed [Jd 2h] and lost with a pair of Jacks


PokerStars Hand #161909649173:  Hold'em Limit ($3/$6 USD) - 2016/11/24 17:20:10 ET
Table 'Fama' 6-max Seat #4 is the button
Seat 1: laubes04 ($234.69 in chips)
Seat 4: DECAlpha ($86.40 in chips)
DECAlpha: posts small blind $1
laubes04: posts big blind $3
*** HOLE CARDS ***
DECAlpha: folds
Uncalled bet ($2) returned to laubes04
laubes04 collected $2 from pot
laubes04: doesn't show hand
*** SUMMARY ***
Total pot $2 | Rake $0
Seat 1: laubes04 (big blind) collected ($2)
Seat 4: DECAlpha (button) (small blind) folded before Flop


PokerStars Hand #161909643921:  Hold'em Limit ($3/$6 USD) - 2016/11/24 17:20:03 ET
Table 'Fama' 6-max Seat #1 is the button
Seat 1: laubes04 ($235.69 in chips)
Seat 4: DECAlpha ($85.40 in chips)
laubes04: posts small blind $1
DECAlpha: posts big blind $3
*** HOLE CARDS ***
laubes04: folds
Uncalled bet ($2) returned to DECAlpha
DECAlpha collected $2 from pot
DECAlpha: doesn't show hand
*** SUMMARY ***
Total pot $2 | Rake $0
Seat 1: laubes04 (button) (small blind) folded before Flop
Seat 4: DECAlpha (big blind) collected ($2)


PokerStars Hand #161910033500:  Hold'em Limit ($3/$6 USD) - 2016/11/24 17:26:29 ET
Table 'Fama' 6-max Seat #2 is the button
Seat 1: laubes04 ($214.76 in chips)
Seat 2: Bubman78 ($212.06 in chips)
Bubman78: posts small blind $1
laubes04: posts big blind $3
*** HOLE CARDS ***
Bubman78: raises $3 to $6
laubes04: calls $3
*** FLOP *** [2c 4s 3h]
laubes04: checks
Bubman78: bets $3
laubes04: raises $3 to $6
Bubman78: calls $3
*** TURN *** [2c 4s 3h] [2s]
laubes04: bets $6
Bubman78: raises $6 to $12
laubes04: calls $6
*** RIVER *** [2c 4s 3h 2s] [9d]
laubes04: checks
Bubman78: bets $6
laubes04: calls $6
*** SHOW DOWN ***
Bubman78: shows [Ah 3s] (two pair, Threes and Deuces)
laubes04: shows [As 4d] (two pair, Fours and Deuces)
laubes04 collected $59.50 from pot
*** SUMMARY ***
Total pot $60 | Rake $0.50
Board [2c 4s 3h 2s 9d]
Seat 1: laubes04 (big blind) showed [As 4d] and won ($59.50) with two pair, Fours and Deuces
Seat 2: Bubman78 (button) (small blind) showed [Ah 3s] and lost with two pair, Threes and Deuces


PokerStars Hand #161910027983:  Hold'em Limit ($3/$6 USD) - 2016/11/24 17:26:24 ET
Table 'Fama' 6-max Seat #1 is the button
Seat 1: laubes04 ($215.76 in chips)
Seat 2: Bubman78 ($211.06 in chips)
laubes04: posts small blind $1
Bubman78: posts big blind $3
*** HOLE CARDS ***
laubes04: folds
Uncalled bet ($2) returned to Bubman78
Bubman78 collected $2 from pot
Bubman78: doesn't show hand
*** SUMMARY ***
Total pot $2 | Rake $0
Seat 1: laubes04 (button) (small blind) folded before Flop
Seat 2: Bubman78 (big blind) collected ($2)


PokerStars Hand #161910058968:  Hold'em Limit ($3/$6 USD) - 2016/11/24 17:26:54 ET
Table 'Fama' 6-max Seat #1 is the button
Seat 1: laubes04 ($244.26 in chips)
Seat 2: Bubman78 ($182.06 in chips)
laubes04: posts small blind $1
Bubman78: posts big blind $3
*** HOLE CARDS ***
laubes04: raises $3 to $6
Bubman78: calls $3
*** FLOP *** [Ad Ts 3d]
Bubman78: checks
laubes04: bets $3
Bubman78: raises $3 to $6
laubes04: calls $3
*** TURN *** [Ad Ts 3d] [5c]
Bubman78: bets $6
laubes04: calls $6
*** RIVER *** [Ad Ts 3d 5c] [4s]
Bubman78: bets $6
laubes04: calls $6
*** SHOW DOWN ***
Bubman78: shows [Tc 7c] (a pair of Tens)
laubes04: mucks hand
Bubman78 collected $47.50 from pot
*** SUMMARY ***
Total pot $48 | Rake $0.50
Board [Ad Ts 3d 5c 4s]
Seat 1: laubes04 (button) (small blind) mucked
Seat 2: Bubman78 (big blind) showed [Tc 7c] and won ($47.50) with a pair of Tens


PokerStars Hand #161910703579:  Hold'em Limit ($3/$6 USD) - 2016/11/24 17:39:40 ET
Table 'Fama' 6-max Seat #4 is the button
Seat 1: laubes04 ($295.64 in chips)
Seat 4: DECAlpha ($92.74 in chips)
DECAlpha: posts small blind $1
laubes04: posts big blind $3
*** HOLE CARDS ***
DECAlpha: raises $3 to $6
laubes04: calls $3
*** FLOP *** [Ts Kh Qh]
laubes04: checks
DECAlpha: bets $3
laubes04: folds
Uncalled bet ($3) returned to DECAlpha
DECAlpha collected $11.76 from pot
DECAlpha: doesn't show hand
*** SUMMARY ***
Total pot $12 | Rake $0.24
Board [Ts Kh Qh]
Seat 1: laubes04 (big blind) folded on the Flop
Seat 4: DECAlpha (button) (small blind) collected ($11.76)


PokerStars Hand #161910695332:  Hold'em Limit ($3/$6 USD) - 2016/11/24 17:39:29 ET
Table 'Fama' 6-max Seat #1 is the button
Seat 1: laubes04 ($304.64 in chips)
Seat 4: DECAlpha ($84.10 in chips)
laubes04: posts small blind $1
DECAlpha: posts big blind $3
*** HOLE CARDS ***
Bubman78 leaves the table
laubes04: raises $3 to $6
DECAlpha: raises $3 to $9
laubes04: calls $3
*** FLOP *** [Td Qd Ah]
DECAlpha: bets $3
laubes04: folds
Uncalled bet ($3) returned to DECAlpha
DECAlpha collected $17.64 from pot
DECAlpha: doesn't show hand
*** SUMMARY ***
Total pot $18 | Rake $0.36
Board [Td Qd Ah]
Seat 1: laubes04 (button) (small blind) folded on the Flop
Seat 4: DECAlpha (big blind) collected ($17.64)


PokerStars Hand #161910712524:  Hold'em Limit ($3/$6 USD) - 2016/11/24 17:39:51 ET
Table 'Fama' 6-max Seat #1 is the button
Seat 1: laubes04 ($289.64 in chips)
Seat 4: DECAlpha ($98.50 in chips)
laubes04: posts small blind $1
DECAlpha: posts big blind $3
*** HOLE CARDS ***
laubes04: raises $3 to $6
DECAlpha: calls $3
*** FLOP *** [Th Ah Js]
DECAlpha: checks
laubes04: bets $3
DECAlpha: calls $3
*** TURN *** [Th Ah Js] [9s]
DECAlpha: checks
laubes04: bets $6
DECAlpha: calls $6
*** RIVER *** [Th Ah Js 9s] [2h]
DECAlpha: checks
laubes04: bets $6
DECAlpha: calls $6
*** SHOW DOWN ***
laubes04: shows [Kh 3h] (a flush, Ace high)
DECAlpha: mucks hand
laubes04 collected $41.50 from pot
*** SUMMARY ***
Total pot $42 | Rake $0.50
Board [Th Ah Js 9s 2h]
Seat 1: laubes04 (button) (small blind) showed [Kh 3h] and won ($41.50) with a flush, Ace high
Seat 4: DECAlpha (big blind) mucked


PokerStars Hand #161910724967:  Hold'em Limit ($3/$6 USD) - 2016/11/24 17:40:06 ET
Table 'Fama' 6-max Seat #4 is the button
Seat 1: laubes04 ($310.14 in chips)
Seat 4: DECAlpha ($77.50 in chips)
DECAlpha: posts small blind $1
laubes04: posts big blind $3
*** HOLE CARDS ***
DECAlpha: raises $3 to $6
laubes04: calls $3
*** FLOP *** [Kd 7h Ks]
laubes04: checks
DECAlpha: bets $3
laubes04: raises $3 to $6
DECAlpha: raises $3 to $9
laubes04: calls $3
*** TURN *** [Kd 7h Ks] [2c]
laubes04: checks
DECAlpha: checks
*** RIVER *** [Kd 7h Ks 2c] [Kc]
laubes04: bets $6
DECAlpha: calls $6
*** SHOW DOWN ***
laubes04: shows [9c 7s] (a full house, Kings full of Sevens)
DECAlpha: mucks hand
laubes04 collected $41.50 from pot
*** SUMMARY ***
Total pot $42 | Rake $0.50
Board [Kd 7h Ks 2c Kc]
Seat 1: laubes04 (big blind) showed [9c 7s] and won ($41.50) with a full house, Kings full of Sevens
Seat 4: DECAlpha (button) (small blind) mucked


PokerStars Hand #161910769590:  Hold'em Limit ($3/$6 USD) - 2016/11/24 17:41:02 ET
Table 'Fama' 6-max Seat #4 is the button
Seat 1: laubes04 ($322.28 in chips)
Seat 4: DECAlpha ($187.51 in chips)
DECAlpha: posts small blind $1
laubes04: posts big blind $3
*** HOLE CARDS ***
DECAlpha: raises $3 to $6
laubes04: folds
Uncalled bet ($3) returned to DECAlpha
DECAlpha collected $6 from pot
DECAlpha: doesn't show hand
*** SUMMARY ***
Total pot $6 | Rake $0
Seat 1: laubes04 (big blind) folded before Flop
Seat 4: DECAlpha (button) (small blind) collected ($6)


PokerStars Hand #161910757911:  Hold'em Limit ($3/$6 USD) - 2016/11/24 17:40:47 ET
Table 'Fama' 6-max Seat #4 is the button
Seat 1: laubes04 ($312.64 in chips)
Seat 4: DECAlpha ($197.51 in chips)
DECAlpha: posts small blind $1
laubes04: posts big blind $3
*** HOLE CARDS ***
DECAlpha: folds
Uncalled bet ($2) returned to laubes04
laubes04 collected $2 from pot
laubes04: doesn't show hand
*** SUMMARY ***
Total pot $2 | Rake $0
Seat 1: laubes04 (big blind) collected ($2)
Seat 4: DECAlpha (button) (small blind) folded before Flop


PokerStars Hand #161910737861:  Hold'em Limit ($3/$6 USD) - 2016/11/24 17:40:22 ET
Table 'Fama' 6-max Seat #1 is the button
Seat 1: laubes04 ($330.64 in chips)
Seat 4: DECAlpha ($56.50 in chips)
laubes04: posts small blind $1
DECAlpha: posts big blind $3
*** HOLE CARDS ***
laubes04: raises $3 to $6
DECAlpha: raises $3 to $9
laubes04: calls $3
*** FLOP *** [6s 8s 4c]
DECAlpha: bets $3
laubes04: calls $3
*** TURN *** [6s 8s 4c] [7h]
DECAlpha: bets $6
laubes04: calls $6
*** RIVER *** [6s 8s 4c 7h] [5s]
DECAlpha: checks
laubes04: checks
*** SHOW DOWN ***
DECAlpha: shows [9c Kd] (a straight, Five to Nine)
laubes04: mucks hand
DECAlpha collected $35.50 from pot
*** SUMMARY ***
Total pot $36 | Rake $0.50
Board [6s 8s 4c 7h 5s]
Seat 1: laubes04 (button) (small blind) mucked
Seat 4: DECAlpha (big blind) showed [9c Kd] and won ($35.50) with a straight, Five to Nine


PokerStars Hand #161910761160:  Hold'em Limit ($3/$6 USD) - 2016/11/24 17:40:51 ET
Table 'Fama' 6-max Seat #1 is the button
Seat 1: laubes04 ($313.64 in chips)
Seat 4: DECAlpha ($196.51 in chips)
laubes04: posts small blind $1
DECAlpha: posts big blind $3
*** HOLE CARDS ***
laubes04: raises $3 to $6
DECAlpha: raises $3 to $9
laubes04: calls $3
*** FLOP *** [9d Qd 6d]
DECAlpha: checks
laubes04: bets $3
DECAlpha: folds
Uncalled bet ($3) returned to laubes04
laubes04 collected $17.64 from pot
laubes04: doesn't show hand
*** SUMMARY ***
Total pot $18 | Rake $0.36
Board [9d Qd 6d]
Seat 1: laubes04 (button) (small blind) collected ($17.64)
Seat 4: DECAlpha (big blind) folded on the Flop


PokerStars Hand #161910787075:  Hold'em Limit ($3/$6 USD) - 2016/11/24 17:41:23 ET
Table 'Fama' 6-max Seat #4 is the button
Seat 1: laubes04 ($336.78 in chips)
Seat 4: DECAlpha ($172.51 in chips)
DECAlpha: posts small blind $1
laubes04: posts big blind $3
*** HOLE CARDS ***
DECAlpha: raises $3 to $6
laubes04: calls $3
*** FLOP *** [3s 3h 9s]
laubes04: checks
DECAlpha: bets $3
laubes04: calls $3
*** TURN *** [3s 3h 9s] [Qc]
laubes04: checks
DECAlpha: checks
*** RIVER *** [3s 3h 9s Qc] [7d]
laubes04: bets $6
DECAlpha: calls $6
*** SHOW DOWN ***
laubes04: shows [Qd 4c] (two pair, Queens and Threes)
DECAlpha: mucks hand
laubes04 collected $29.50 from pot
*** SUMMARY ***
Total pot $30 | Rake $0.50
Board [3s 3h 9s Qc 7d]
Seat 1: laubes04 (big blind) showed [Qd 4c] and won ($29.50) with two pair, Queens and Threes
Seat 4: DECAlpha (button) (small blind) mucked


PokerStars Hand #161910774138:  Hold'em Limit ($3/$6 USD) - 2016/11/24 17:41:07 ET
Table 'Fama' 6-max Seat #1 is the button
Seat 1: laubes04 ($319.28 in chips)
Seat 4: DECAlpha ($190.51 in chips)
laubes04: posts small blind $1
DECAlpha: posts big blind $3
*** HOLE CARDS ***
laubes04: raises $3 to $6
DECAlpha: calls $3
*** FLOP *** [3c 3h 9c]
DECAlpha: checks
laubes04: checks
*** TURN *** [3c 3h 9c] [Td]
DECAlpha: bets $6
laubes04: raises $6 to $12
DECAlpha: calls $6
*** RIVER *** [3c 3h 9c Td] [5d]
DECAlpha: checks
laubes04: bets $6
DECAlpha: folds
Uncalled bet ($6) returned to laubes04
laubes04 collected $35.50 from pot
laubes04: doesn't show hand
*** SUMMARY ***
Total pot $36 | Rake $0.50
Board [3c 3h 9c Td 5d]
Seat 1: laubes04 (button) (small blind) collected ($35.50)
Seat 4: DECAlpha (big blind) folded on the River


PokerStars Hand #161910804795:  Hold'em Limit ($3/$6 USD) - 2016/11/24 17:41:45 ET
Table 'Fama' 6-max Seat #4 is the button
Seat 1: laubes04 ($354.28 in chips)
Seat 4: DECAlpha ($154.51 in chips)
DECAlpha: posts small blind $1
laubes04: posts big blind $3
*** HOLE CARDS ***
DECAlpha: folds
Uncalled bet ($2) returned to laubes04
laubes04 collected $2 from pot
laubes04: doesn't show hand
*** SUMMARY ***
Total pot $2 | Rake $0
Seat 1: laubes04 (big blind) collected ($2)
Seat 4: DECAlpha (button) (small blind) folded before Flop


PokerStars Hand #161910798415:  Hold'em Limit ($3/$6 USD) - 2016/11/24 17:41:37 ET
Table 'Fama' 6-max Seat #1 is the button
Seat 1: laubes04 ($351.28 in chips)
Seat 4: DECAlpha ($157.51 in chips)
laubes04: posts small blind $1
DECAlpha: posts big blind $3
*** HOLE CARDS ***
laubes04: raises $3 to $6
DECAlpha: folds
Uncalled bet ($3) returned to laubes04
laubes04 collected $6 from pot
laubes04: doesn't show hand
*** SUMMARY ***
Total pot $6 | Rake $0
Seat 1: laubes04 (button) (small blind) collected ($6)
Seat 4: DECAlpha (big blind) folded before Flop


PokerStars Hand #161910812197:  Hold'em Limit ($3/$6 USD) - 2016/11/24 17:41:55 ET
Table 'Fama' 6-max Seat #4 is the button
Seat 1: laubes04 ($354.28 in chips)
Seat 4: DECAlpha ($154.51 in chips)
DECAlpha: posts small blind $1
laubes04: posts big blind $3
*** HOLE CARDS ***
DECAlpha: folds
Uncalled bet ($2) returned to laubes04
laubes04 collected $2 from pot
laubes04: doesn't show hand
*** SUMMARY ***
Total pot $2 | Rake $0
Seat 1: laubes04 (big blind) collected ($2)
Seat 4: DECAlpha (button) (small blind) folded before Flop


PokerStars Hand #161910807920:  Hold'em Limit ($3/$6 USD) - 2016/11/24 17:41:49 ET
Table 'Fama' 6-max Seat #1 is the button
Seat 1: laubes04 ($355.28 in chips)
Seat 4: DECAlpha ($153.51 in chips)
laubes04: posts small blind $1
DECAlpha: posts big blind $3
*** HOLE CARDS ***
laubes04: folds
Uncalled bet ($2) returned to DECAlpha
DECAlpha collected $2 from pot
DECAlpha: doesn't show hand
*** SUMMARY ***
Total pot $2 | Rake $0
Seat 1: laubes04 (button) (small blind) folded before Flop
Seat 4: DECAlpha (big blind) collected ($2)


PokerStars Hand #161910815437:  Hold'em Limit ($3/$6 USD) - 2016/11/24 17:41:59 ET
Table 'Fama' 6-max Seat #1 is the button
Seat 1: laubes04 ($355.28 in chips)
Seat 4: DECAlpha ($153.51 in chips)
laubes04: posts small blind $1
DECAlpha: posts big blind $3
*** HOLE CARDS ***
laubes04: raises $3 to $6
DECAlpha: raises $3 to $9
laubes04: calls $3
*** FLOP *** [8h Th Jh]
DECAlpha: bets $3
laubes04: raises $3 to $6
DECAlpha: raises $3 to $9
laubes04: raises $3 to $12
Betting is capped
DECAlpha: calls $3
*** TURN *** [8h Th Jh] [9d]
DECAlpha: bets $6
laubes04: calls $6
*** RIVER *** [8h Th Jh 9d] [Ad]
DECAlpha: bets $6
laubes04: calls $6
*** SHOW DOWN ***
DECAlpha: shows [Ah Qc] (a straight, Eight to Queen)
laubes04: mucks hand
DECAlpha collected $65.50 from pot
*** SUMMARY ***
Total pot $66 | Rake $0.50
Board [8h Th Jh 9d Ad]
Seat 1: laubes04 (button) (small blind) mucked
Seat 4: DECAlpha (big blind) showed [Ah Qc] and won ($65.50) with a straight, Eight to Queen


PokerStars Hand #161910831451:  Hold'em Limit ($3/$6 USD) - 2016/11/24 17:42:19 ET
Table 'Fama' 6-max Seat #4 is the button
Seat 1: laubes04 ($322.28 in chips)
Seat 4: DECAlpha ($186.01 in chips)
DECAlpha: posts small blind $1
laubes04: posts big blind $3
*** HOLE CARDS ***
DECAlpha: raises $3 to $6
laubes04: raises $3 to $9
DECAlpha: raises $3 to $12
Betting is capped
laubes04: calls $3
*** FLOP *** [Td 6h 3h]
laubes04: checks
DECAlpha: checks
*** TURN *** [Td 6h 3h] [8h]
laubes04: bets $6
DECAlpha: calls $6
*** RIVER *** [Td 6h 3h 8h] [9s]
laubes04: bets $6
DECAlpha: calls $6
*** SHOW DOWN ***
laubes04: shows [Qd Ac] (high card Ace)
DECAlpha: shows [9c Ad] (a pair of Nines)
DECAlpha collected $47.50 from pot
*** SUMMARY ***
Total pot $48 | Rake $0.50
Board [Td 6h 3h 8h 9s]
Seat 1: laubes04 (big blind) showed [Qd Ac] and lost with high card Ace
Seat 4: DECAlpha (button) (small blind) showed [9c Ad] and won ($47.50) with a pair of Nines


PokerStars Hand #161910867264:  Hold'em Limit ($3/$6 USD) - 2016/11/24 17:43:03 ET
Table 'Fama' 6-max Seat #1 is the button
Seat 1: laubes04 ($268.04 in chips)
Seat 4: DECAlpha ($239.01 in chips)
laubes04: posts small blind $1
DECAlpha: posts big blind $3
*** HOLE CARDS ***
laubes04: raises $3 to $6
DECAlpha: folds
Uncalled bet ($3) returned to laubes04
laubes04 collected $6 from pot
laubes04: doesn't show hand
*** SUMMARY ***
Total pot $6 | Rake $0
Seat 1: laubes04 (button) (small blind) collected ($6)
Seat 4: DECAlpha (big blind) folded before Flop


PokerStars Hand #161910860138:  Hold'em Limit ($3/$6 USD) - 2016/11/24 17:42:54 ET
Table 'Fama' 6-max Seat #4 is the button
Seat 1: laubes04 ($262.28 in chips)
Seat 4: DECAlpha ($245.01 in chips)
DECAlpha: posts small blind $1
laubes04: posts big blind $3
*** HOLE CARDS ***
DECAlpha: calls $2
laubes04: raises $3 to $6
DECAlpha: calls $3
*** FLOP *** [5h Td Kc]
laubes04: bets $3
DECAlpha: folds
Uncalled bet ($3) returned to laubes04
laubes04 collected $11.76 from pot
laubes04: doesn't show hand
*** SUMMARY ***
Total pot $12 | Rake $0.24
Board [5h Td Kc]
Seat 1: laubes04 (big blind) collected ($11.76)
Seat 4: DECAlpha (button) (small blind) folded on the Flop


PokerStars Hand #161910845391:  Hold'em Limit ($3/$6 USD) - 2016/11/24 17:42:36 ET
Table 'Fama' 6-max Seat #1 is the button
Seat 1: laubes04 ($298.28 in chips)
Seat 4: DECAlpha ($209.51 in chips)
laubes04: posts small blind $1
DECAlpha: posts big blind $3
*** HOLE CARDS ***
laubes04: raises $3 to $6
DECAlpha: calls $3
*** FLOP *** [As 8h 3s]
DECAlpha: checks
laubes04: bets $3
DECAlpha: raises $3 to $6
laubes04: calls $3
*** TURN *** [As 8h 3s] [Kh]
DECAlpha: bets $6
laubes04: raises $6 to $12
DECAlpha: calls $6
*** RIVER *** [As 8h 3s Kh] [5s]
DECAlpha: bets $6
laubes04: raises $6 to $12
DECAlpha: raises $6 to $18
laubes04: folds
Uncalled bet ($6) returned to DECAlpha
DECAlpha collected $71.50 from pot
DECAlpha: doesn't show hand
*** SUMMARY ***
Total pot $72 | Rake $0.50
Board [As 8h 3s Kh 5s]
Seat 1: laubes04 (button) (small blind) folded on the River
Seat 4: DECAlpha (big blind) collected ($71.50)


PokerStars Hand #161910900078:  Hold'em Limit ($3/$6 USD) - 2016/11/24 17:43:45 ET
Table 'Fama' 6-max Seat #1 is the button
Seat 1: laubes04 ($245.04 in chips)
Seat 4: DECAlpha ($261.51 in chips)
laubes04: posts small blind $1
DECAlpha: posts big blind $3
*** HOLE CARDS ***
laubes04: raises $3 to $6
DECAlpha: folds
Uncalled bet ($3) returned to laubes04
laubes04 collected $6 from pot
laubes04: doesn't show hand
*** SUMMARY ***
Total pot $6 | Rake $0
Seat 1: laubes04 (button) (small blind) collected ($6)
Seat 4: DECAlpha (big blind) folded before Flop


PokerStars Hand #161910895877:  Hold'em Limit ($3/$6 USD) - 2016/11/24 17:43:40 ET
Table 'Fama' 6-max Seat #4 is the button
Seat 1: laubes04 ($248.04 in chips)
Seat 4: DECAlpha ($258.51 in chips)
DECAlpha: posts small blind $1
laubes04: posts big blind $3
*** HOLE CARDS ***
DECAlpha: raises $3 to $6
laubes04: folds
Uncalled bet ($3) returned to DECAlpha
DECAlpha collected $6 from pot
DECAlpha: doesn't show hand
*** SUMMARY ***
Total pot $6 | Rake $0
Seat 1: laubes04 (big blind) folded before Flop
Seat 4: DECAlpha (button) (small blind) collected ($6)


PokerStars Hand #161910881699:  Hold'em Limit ($3/$6 USD) - 2016/11/24 17:43:22 ET
Table 'Fama' 6-max Seat #4 is the button
Seat 1: laubes04 ($271.04 in chips)
Seat 4: DECAlpha ($236.01 in chips)
DECAlpha: posts small blind $1
laubes04: posts big blind $3
*** HOLE CARDS ***
DECAlpha: folds
Uncalled bet ($2) returned to laubes04
laubes04 collected $2 from pot
laubes04: doesn't show hand
*** SUMMARY ***
Total pot $2 | Rake $0
Seat 1: laubes04 (big blind) collected ($2)
Seat 4: DECAlpha (button) (small blind) folded before Flop


PokerStars Hand #161910875959:  Hold'em Limit ($3/$6 USD) - 2016/11/24 17:43:14 ET
Table 'Fama' 6-max Seat #1 is the button
Seat 1: laubes04 ($272.04 in chips)
Seat 4: DECAlpha ($235.01 in chips)
laubes04: posts small blind $1
DECAlpha: posts big blind $3
*** HOLE CARDS ***
laubes04: folds
Uncalled bet ($2) returned to DECAlpha
DECAlpha collected $2 from pot
DECAlpha: doesn't show hand
*** SUMMARY ***
Total pot $2 | Rake $0
Seat 1: laubes04 (button) (small blind) folded before Flop
Seat 4: DECAlpha (big blind) collected ($2)


PokerStars Hand #161910872628:  Hold'em Limit ($3/$6 USD) - 2016/11/24 17:43:10 ET
Table 'Fama' 6-max Seat #4 is the button
Seat 1: laubes04 ($271.04 in chips)
Seat 4: DECAlpha ($236.01 in chips)
DECAlpha: posts small blind $1
laubes04: posts big blind $3
*** HOLE CARDS ***
DECAlpha: folds
Uncalled bet ($2) returned to laubes04
laubes04 collected $2 from pot
laubes04: doesn't show hand
*** SUMMARY ***
Total pot $2 | Rake $0
Seat 1: laubes04 (big blind) collected ($2)
Seat 4: DECAlpha (button) (small blind) folded before Flop


PokerStars Hand #161910918840:  Hold'em Limit ($3/$6 USD) - 2016/11/24 17:44:09 ET
Table 'Fama' 6-max Seat #4 is the button
Seat 1: laubes04 ($234.04 in chips)
Seat 4: DECAlpha ($272.01 in chips)
DECAlpha: posts small blind $1
laubes04: posts big blind $3
*** HOLE CARDS ***
DECAlpha: folds
Uncalled bet ($2) returned to laubes04
laubes04 collected $2 from pot
laubes04: doesn't show hand
*** SUMMARY ***
Total pot $2 | Rake $0
Seat 1: laubes04 (big blind) collected ($2)
Seat 4: DECAlpha (button) (small blind) folded before Flop


PokerStars Hand #161910907456:  Hold'em Limit ($3/$6 USD) - 2016/11/24 17:43:54 ET
Table 'Fama' 6-max Seat #1 is the button
Seat 1: laubes04 ($249.04 in chips)
Seat 4: DECAlpha ($257.51 in chips)
laubes04: posts small blind $1
DECAlpha: posts big blind $3
*** HOLE CARDS ***
laubes04: raises $3 to $6
DECAlpha: calls $3
*** FLOP *** [8d Jd 4d]
DECAlpha: checks
laubes04: bets $3
DECAlpha: calls $3
*** TURN *** [8d Jd 4d] [3d]
DECAlpha: checks
laubes04: checks
*** RIVER *** [8d Jd 4d 3d] [6c]
DECAlpha: bets $6
laubes04: calls $6
*** SHOW DOWN ***
DECAlpha: shows [9d 6s] (a flush, Jack high)
laubes04: mucks hand
DECAlpha collected $29.50 from pot
*** SUMMARY ***
Total pot $30 | Rake $0.50
Board [8d Jd 4d 3d 6c]
Seat 1: laubes04 (button) (small blind) mucked
Seat 4: DECAlpha (big blind) showed [9d 6s] and won ($29.50) with a flush, Jack high


PokerStars Hand #161910904256:  Hold'em Limit ($3/$6 USD) - 2016/11/24 17:43:50 ET
Table 'Fama' 6-max Seat #4 is the button
Seat 1: laubes04 ($248.04 in chips)
Seat 4: DECAlpha ($258.51 in chips)
DECAlpha: posts small blind $1
laubes04: posts big blind $3
*** HOLE CARDS ***
DECAlpha: folds
Uncalled bet ($2) returned to laubes04
laubes04 collected $2 from pot
laubes04: doesn't show hand
*** SUMMARY ***
Total pot $2 | Rake $0
Seat 1: laubes04 (big blind) collected ($2)
Seat 4: DECAlpha (button) (small blind) folded before Flop


PokerStars Hand #161910885198:  Hold'em Limit ($3/$6 USD) - 2016/11/24 17:43:26 ET
Table 'Fama' 6-max Seat #1 is the button
Seat 1: laubes04 ($272.04 in chips)
Seat 4: DECAlpha ($235.01 in chips)
laubes04: posts small blind $1
DECAlpha: posts big blind $3
*** HOLE CARDS ***
laubes04: raises $3 to $6
DECAlpha: raises $3 to $9
laubes04: calls $3
*** FLOP *** [Qs 8s 3h]
DECAlpha: bets $3
laubes04: calls $3
*** TURN *** [Qs 8s 3h] [2h]
DECAlpha: bets $6
laubes04: calls $6
*** RIVER *** [Qs 8s 3h 2h] [5s]
DECAlpha: bets $6
laubes04: calls $6
*** SHOW DOWN ***
DECAlpha: shows [5d As] (a pair of Fives)
laubes04: mucks hand
DECAlpha collected $47.50 from pot
*** SUMMARY ***
Total pot $48 | Rake $0.50
Board [Qs 8s 3h 2h 5s]
Seat 1: laubes04 (button) (small blind) mucked
Seat 4: DECAlpha (big blind) showed [5d As] and won ($47.50) with a pair of Fives


PokerStars Hand #161910949147:  Hold'em Limit ($3/$6 USD) - 2016/11/24 17:44:47 ET
Table 'Fama' 6-max Seat #4 is the button
Seat 1: laubes04 ($220.04 in chips)
Seat 4: DECAlpha ($285.51 in chips)
DECAlpha: posts small blind $1
laubes04: posts big blind $3
*** HOLE CARDS ***
DECAlpha: folds
Uncalled bet ($2) returned to laubes04
laubes04 collected $2 from pot
laubes04: doesn't show hand
*** SUMMARY ***
Total pot $2 | Rake $0
Seat 1: laubes04 (big blind) collected ($2)
Seat 4: DECAlpha (button) (small blind) folded before Flop


PokerStars Hand #161910944512:  Hold'em Limit ($3/$6 USD) - 2016/11/24 17:44:41 ET
Table 'Fama' 6-max Seat #1 is the button
Seat 1: laubes04 ($217.04 in chips)
Seat 4: DECAlpha ($288.51 in chips)
laubes04: posts small blind $1
DECAlpha: posts big blind $3
*** HOLE CARDS ***
laubes04: raises $3 to $6
DECAlpha: folds
Uncalled bet ($3) returned to laubes04
laubes04 collected $6 from pot
laubes04: doesn't show hand
*** SUMMARY ***
Total pot $6 | Rake $0
Seat 1: laubes04 (button) (small blind) collected ($6)
Seat 4: DECAlpha (big blind) folded before Flop


PokerStars Hand #161910932690:  Hold'em Limit ($3/$6 USD) - 2016/11/24 17:44:26 ET
Table 'Fama' 6-max Seat #4 is the button
Seat 1: laubes04 ($220.04 in chips)
Seat 4: DECAlpha ($285.51 in chips)
DECAlpha: posts small blind $1
laubes04: posts big blind $3
*** HOLE CARDS ***
DECAlpha: raises $3 to $6
laubes04: folds
Uncalled bet ($3) returned to DECAlpha
DECAlpha collected $6 from pot
DECAlpha: doesn't show hand
*** SUMMARY ***
Total pot $6 | Rake $0
Seat 1: laubes04 (big blind) folded before Flop
Seat 4: DECAlpha (button) (small blind) collected ($6)


PokerStars Hand #161910922086:  Hold'em Limit ($3/$6 USD) - 2016/11/24 17:44:13 ET
Table 'Fama' 6-max Seat #1 is the button
Seat 1: laubes04 ($235.04 in chips)
Seat 4: DECAlpha ($271.01 in chips)
laubes04: posts small blind $1
DECAlpha: posts big blind $3
*** HOLE CARDS ***
laubes04: raises $3 to $6
DECAlpha: calls $3
*** FLOP *** [3s 5s 2d]
DECAlpha: checks
laubes04: bets $3
DECAlpha: calls $3
*** TURN *** [3s 5s 2d] [Js]
DECAlpha: checks
laubes04: bets $6
DECAlpha: calls $6
*** RIVER *** [3s 5s 2d Js] [4h]
DECAlpha: checks
laubes04: checks
*** SHOW DOWN ***
DECAlpha: shows [2c Qd] (a pair of Deuces)
laubes04: mucks hand
DECAlpha collected $29.50 from pot
*** SUMMARY ***
Total pot $30 | Rake $0.50
Board [3s 5s 2d Js 4h]
Seat 1: laubes04 (button) (small blind) mucked
Seat 4: DECAlpha (big blind) showed [2c Qd] and won ($29.50) with a pair of Deuces


PokerStars Hand #161910941408:  Hold'em Limit ($3/$6 USD) - 2016/11/24 17:44:37 ET
Table 'Fama' 6-max Seat #4 is the button
Seat 1: laubes04 ($216.04 in chips)
Seat 4: DECAlpha ($289.51 in chips)
DECAlpha: posts small blind $1
laubes04: posts big blind $3
*** HOLE CARDS ***
DECAlpha: folds
Uncalled bet ($2) returned to laubes04
laubes04 collected $2 from pot
laubes04: doesn't show hand
*** SUMMARY ***
Total pot $2 | Rake $0
Seat 1: laubes04 (big blind) collected ($2)
Seat 4: DECAlpha (button) (small blind) folded before Flop


PokerStars Hand #161910936873:  Hold'em Limit ($3/$6 USD) - 2016/11/24 17:44:31 ET
Table 'Fama' 6-max Seat #1 is the button
Seat 1: laubes04 ($217.04 in chips)
Seat 4: DECAlpha ($288.51 in chips)
laubes04: posts small blind $1
DECAlpha: posts big blind $3
*** HOLE CARDS ***
laubes04: folds
Uncalled bet ($2) returned to DECAlpha
DECAlpha collected $2 from pot
DECAlpha: doesn't show hand
*** SUMMARY ***
Total pot $2 | Rake $0
Seat 1: laubes04 (button) (small blind) folded before Flop
Seat 4: DECAlpha (big blind) collected ($2)


PokerStars Hand #161910991702:  Hold'em Limit ($3/$6 USD) - 2016/11/24 17:45:41 ET
Table 'Fama' 6-max Seat #1 is the button
Seat 1: laubes04 ($215.44 in chips)
Seat 4: DECAlpha ($289.01 in chips)
laubes04: posts small blind $1
DECAlpha: posts big blind $3
*** HOLE CARDS ***
laubes04: folds
Uncalled bet ($2) returned to DECAlpha
DECAlpha collected $2 from pot
DECAlpha: doesn't show hand
*** SUMMARY ***
Total pot $2 | Rake $0
Seat 1: laubes04 (button) (small blind) folded before Flop
Seat 4: DECAlpha (big blind) collected ($2)


PokerStars Hand #161910995837:  Hold'em Limit ($3/$6 USD) - 2016/11/24 17:45:46 ET
Table 'Fama' 6-max Seat #4 is the button
Seat 1: laubes04 ($214.44 in chips)
Seat 4: DECAlpha ($290.01 in chips)
DECAlpha: posts small blind $1
laubes04: posts big blind $3
*** HOLE CARDS ***
DECAlpha: raises $3 to $6
laubes04: calls $3
*** FLOP *** [5h 4c Jc]
laubes04: checks
DECAlpha: checks
*** TURN *** [5h 4c Jc] [Kd]
laubes04: checks
DECAlpha: checks
*** RIVER *** [5h 4c Jc Kd] [Js]
laubes04: bets $6
DECAlpha: folds
Uncalled bet ($6) returned to laubes04
laubes04 collected $11.76 from pot
*** SUMMARY ***
Total pot $12 | Rake $0.24
Board [5h 4c Jc Kd Js]
Seat 1: laubes04 (big blind) collected ($11.76)
Seat 4: DECAlpha (button) (small blind) folded on the River


PokerStars Hand #161910982975:  Hold'em Limit ($3/$6 USD) - 2016/11/24 17:45:30 ET
Table 'Fama' 6-max Seat #4 is the button
Seat 1: laubes04 ($206.80 in chips)
Seat 4: DECAlpha ($298.01 in chips)
DECAlpha: posts small blind $1
laubes04: posts big blind $3
*** HOLE CARDS ***
DECAlpha: raises $3 to $6
laubes04: raises $3 to $9
DECAlpha: calls $3
*** FLOP *** [Ad Kh 3d]
laubes04: bets $3
DECAlpha: folds
Uncalled bet ($3) returned to laubes04
laubes04 collected $17.64 from pot
laubes04: doesn't show hand
*** SUMMARY ***
Total pot $18 | Rake $0.36
Board [Ad Kh 3d]
Seat 1: laubes04 (big blind) collected ($17.64)
Seat 4: DECAlpha (button) (small blind) folded on the Flop


PokerStars Hand #161910976546:  Hold'em Limit ($3/$6 USD) - 2016/11/24 17:45:22 ET
Table 'Fama' 6-max Seat #1 is the button
Seat 1: laubes04 ($201.04 in chips)
Seat 4: DECAlpha ($304.01 in chips)
laubes04: posts small blind $1
DECAlpha: posts big blind $3
*** HOLE CARDS ***
laubes04: raises $3 to $6
DECAlpha: calls $3
*** FLOP *** [2h Tc 2s]
DECAlpha: checks
laubes04: bets $3
DECAlpha: folds
Uncalled bet ($3) returned to laubes04
laubes04 collected $11.76 from pot
laubes04: doesn't show hand
*** SUMMARY ***
Total pot $12 | Rake $0.24
Board [2h Tc 2s]
Seat 1: laubes04 (button) (small blind) collected ($11.76)
Seat 4: DECAlpha (big blind) folded on the Flop


PokerStars Hand #161910973467:  Hold'em Limit ($3/$6 USD) - 2016/11/24 17:45:18 ET
Table 'Fama' 6-max Seat #4 is the button
Seat 1: laubes04 ($200.04 in chips)
Seat 4: DECAlpha ($305.01 in chips)
DECAlpha: posts small blind $1
laubes04: posts big blind $3
*** HOLE CARDS ***
DECAlpha: folds
Uncalled bet ($2) returned to laubes04
laubes04 collected $2 from pot
laubes04: doesn't show hand
*** SUMMARY ***
Total pot $2 | Rake $0
Seat 1: laubes04 (big blind) collected ($2)
Seat 4: DECAlpha (button) (small blind) folded before Flop


PokerStars Hand #161910952226:  Hold'em Limit ($3/$6 USD) - 2016/11/24 17:44:51 ET
Table 'Fama' 6-max Seat #1 is the button
Seat 1: laubes04 ($221.04 in chips)
Seat 4: DECAlpha ($284.51 in chips)
laubes04: posts small blind $1
DECAlpha: posts big blind $3
*** HOLE CARDS ***
laubes04: raises $3 to $6
DECAlpha: raises $3 to $9
laubes04: calls $3
*** FLOP *** [6s 5s 3d]
DECAlpha: bets $3
laubes04: raises $3 to $6
DECAlpha: calls $3
*** TURN *** [6s 5s 3d] [Ah]
DECAlpha: checks
laubes04: checks
*** RIVER *** [6s 5s 3d Ah] [Js]
DECAlpha: bets $6
laubes04: calls $6
*** SHOW DOWN ***
DECAlpha: shows [5d Ac] (two pair, Aces and Fives)
laubes04: mucks hand
DECAlpha collected $41.50 from pot
*** SUMMARY ***
Total pot $42 | Rake $0.50
Board [6s 5s 3d Ah Js]
Seat 1: laubes04 (button) (small blind) mucked
Seat 4: DECAlpha (big blind) showed [5d Ac] and won ($41.50) with two pair, Aces and Fives


PokerStars Hand #161911044638:  Hold'em Limit ($3/$6 USD) - 2016/11/24 17:46:47 ET
Table 'Fama' 6-max Seat #1 is the button
Seat 1: laubes04 ($218.70 in chips)
Seat 4: DECAlpha ($284.51 in chips)
laubes04: posts small blind $1
DECAlpha: posts big blind $3
*** HOLE CARDS ***
laubes04: folds
Uncalled bet ($2) returned to DECAlpha
DECAlpha collected $2 from pot
DECAlpha: doesn't show hand
*** SUMMARY ***
Total pot $2 | Rake $0
Seat 1: laubes04 (button) (small blind) folded before Flop
Seat 4: DECAlpha (big blind) collected ($2)


PokerStars Hand #161911041366:  Hold'em Limit ($3/$6 USD) - 2016/11/24 17:46:43 ET
Table 'Fama' 6-max Seat #4 is the button
Seat 1: laubes04 ($217.70 in chips)
Seat 4: DECAlpha ($285.51 in chips)
DECAlpha: posts small blind $1
laubes04: posts big blind $3
*** HOLE CARDS ***
DECAlpha: folds
Uncalled bet ($2) returned to laubes04
laubes04 collected $2 from pot
laubes04: doesn't show hand
*** SUMMARY ***
Total pot $2 | Rake $0
Seat 1: laubes04 (big blind) collected ($2)
Seat 4: DECAlpha (button) (small blind) folded before Flop


PokerStars Hand #161911027627:  Hold'em Limit ($3/$6 USD) - 2016/11/24 17:46:26 ET
Table 'Fama' 6-max Seat #1 is the button
Seat 1: laubes04 ($197.20 in chips)
Seat 4: DECAlpha ($306.51 in chips)
laubes04: posts small blind $1
DECAlpha: posts big blind $3
*** HOLE CARDS ***
laubes04: raises $3 to $6
DECAlpha: calls $3
*** FLOP *** [6s 2s Ks]
DECAlpha: checks
laubes04: bets $3
DECAlpha: calls $3
*** TURN *** [6s 2s Ks] [As]
DECAlpha: checks
laubes04: bets $6
DECAlpha: calls $6
*** RIVER *** [6s 2s Ks As] [Qs]
DECAlpha: checks
laubes04: bets $6
DECAlpha: calls $6
*** SHOW DOWN ***
laubes04: shows [9s Kc] (a flush, Ace high)
DECAlpha: mucks hand
laubes04 collected $41.50 from pot
*** SUMMARY ***
Total pot $42 | Rake $0.50
Board [6s 2s Ks As Qs]
Seat 1: laubes04 (button) (small blind) showed [9s Kc] and won ($41.50) with a flush, Ace high
Seat 4: DECAlpha (big blind) mucked


PokerStars Hand #161911024480:  Hold'em Limit ($3/$6 USD) - 2016/11/24 17:46:22 ET
Table 'Fama' 6-max Seat #4 is the button
Seat 1: laubes04 ($196.20 in chips)
Seat 4: DECAlpha ($307.51 in chips)
DECAlpha: posts small blind $1
laubes04: posts big blind $3
*** HOLE CARDS ***
DECAlpha: folds
Uncalled bet ($2) returned to laubes04
laubes04 collected $2 from pot
laubes04: doesn't show hand
*** SUMMARY ***
Total pot $2 | Rake $0
Seat 1: laubes04 (big blind) collected ($2)
Seat 4: DECAlpha (button) (small blind) folded before Flop


PokerStars Hand #161911007296:  Hold'em Limit ($3/$6 USD) - 2016/11/24 17:46:00 ET
Table 'Fama' 6-max Seat #1 is the button
Seat 1: laubes04 ($220.20 in chips)
Seat 4: DECAlpha ($284.01 in chips)
laubes04: posts small blind $1
DECAlpha: posts big blind $3
*** HOLE CARDS ***
laubes04: raises $3 to $6
DECAlpha: calls $3
*** FLOP *** [Js Td 4s]
DECAlpha: checks
laubes04: bets $3
DECAlpha: raises $3 to $6
laubes04: calls $3
*** TURN *** [Js Td 4s] [3s]
DECAlpha: checks
laubes04: bets $6
DECAlpha: calls $6
*** RIVER *** [Js Td 4s 3s] [3h]
DECAlpha: checks
laubes04: bets $6
DECAlpha: calls $6
*** SHOW DOWN ***
laubes04: shows [6d Tc] (two pair, Tens and Threes)
DECAlpha: shows [9h Jd] (two pair, Jacks and Threes)
DECAlpha collected $47.50 from pot
*** SUMMARY ***
Total pot $48 | Rake $0.50
Board [Js Td 4s 3s 3h]
Seat 1: laubes04 (button) (small blind) showed [6d Tc] and lost with two pair, Tens and Threes
Seat 4: DECAlpha (big blind) showed [9h Jd] and won ($47.50) with two pair, Jacks and Threes


PokerStars Hand #161911057778:  Hold'em Limit ($3/$6 USD) - 2016/11/24 17:47:04 ET
Table 'Fama' 6-max Seat #1 is the button
Seat 1: laubes04 ($223.46 in chips)
Seat 4: DECAlpha ($279.51 in chips)
laubes04: posts small blind $1
DECAlpha: posts big blind $3
*** HOLE CARDS ***
laubes04: raises $3 to $6
DECAlpha: calls $3
*** FLOP *** [5s Th Ks]
DECAlpha: checks
laubes04: bets $3
DECAlpha: folds
Uncalled bet ($3) returned to laubes04
laubes04 collected $11.76 from pot
laubes04: doesn't show hand
*** SUMMARY ***
Total pot $12 | Rake $0.24
Board [5s Th Ks]
Seat 1: laubes04 (button) (small blind) collected ($11.76)
Seat 4: DECAlpha (big blind) folded on the Flop


PokerStars Hand #161911048357:  Hold'em Limit ($3/$6 USD) - 2016/11/24 17:46:52 ET
Table 'Fama' 6-max Seat #4 is the button
Seat 1: laubes04 ($217.70 in chips)
Seat 4: DECAlpha ($285.51 in chips)
DECAlpha: posts small blind $1
laubes04: posts big blind $3
*** HOLE CARDS ***
DECAlpha: raises $3 to $6
laubes04: calls $3
*** FLOP *** [6h Jh 4h]
laubes04: checks
DECAlpha: checks
*** TURN *** [6h Jh 4h] [2h]
laubes04: bets $6
DECAlpha: folds
Uncalled bet ($6) returned to laubes04
laubes04 collected $11.76 from pot
laubes04: doesn't show hand
*** SUMMARY ***
Total pot $12 | Rake $0.24
Board [6h Jh 4h 2h]
Seat 1: laubes04 (big blind) collected ($11.76)
Seat 4: DECAlpha (button) (small blind) folded on the Turn


PokerStars Hand #161911097975:  Hold'em Limit ($3/$6 USD) - 2016/11/24 17:47:55 ET
Table 'Fama' 6-max Seat #4 is the button
Seat 1: laubes04 ($212.98 in chips)
Seat 4: DECAlpha ($289.01 in chips)
DECAlpha: posts small blind $1
laubes04: posts big blind $3
*** HOLE CARDS ***
DECAlpha: raises $3 to $6
laubes04: calls $3
*** FLOP *** [3s 6h Js]
laubes04: checks
DECAlpha: checks
*** TURN *** [3s 6h Js] [Ac]
laubes04: bets $6
DECAlpha: folds
Uncalled bet ($6) returned to laubes04
laubes04 collected $11.76 from pot
laubes04: doesn't show hand
*** SUMMARY ***
Total pot $12 | Rake $0.24
Board [3s 6h Js Ac]
Seat 1: laubes04 (big blind) collected ($11.76)
Seat 4: DECAlpha (button) (small blind) folded on the Turn


PokerStars Hand #161911091822:  Hold'em Limit ($3/$6 USD) - 2016/11/24 17:47:47 ET
Table 'Fama' 6-max Seat #1 is the button
Seat 1: laubes04 ($207.22 in chips)
Seat 4: DECAlpha ($295.01 in chips)
laubes04: posts small blind $1
DECAlpha: posts big blind $3
*** HOLE CARDS ***
laubes04: raises $3 to $6
DECAlpha: calls $3
*** FLOP *** [Js Ad As]
DECAlpha: folds
laubes04 collected $11.76 from pot
laubes04: doesn't show hand
*** SUMMARY ***
Total pot $12 | Rake $0.24
Board [Js Ad As]
Seat 1: laubes04 (button) (small blind) collected ($11.76)
Seat 4: DECAlpha (big blind) folded on the Flop


PokerStars Hand #161911088619:  Hold'em Limit ($3/$6 USD) - 2016/11/24 17:47:43 ET
Table 'Fama' 6-max Seat #4 is the button
Seat 1: laubes04 ($206.22 in chips)
Seat 4: DECAlpha ($296.01 in chips)
DECAlpha: posts small blind $1
laubes04: posts big blind $3
*** HOLE CARDS ***
DECAlpha: folds
Uncalled bet ($2) returned to laubes04
laubes04 collected $2 from pot
laubes04: doesn't show hand
*** SUMMARY ***
Total pot $2 | Rake $0
Seat 1: laubes04 (big blind) collected ($2)
Seat 4: DECAlpha (button) (small blind) folded before Flop


PokerStars Hand #161911067887:  Hold'em Limit ($3/$6 USD) - 2016/11/24 17:47:17 ET
Table 'Fama' 6-max Seat #1 is the button
Seat 1: laubes04 ($230.22 in chips)
Seat 4: DECAlpha ($272.51 in chips)
laubes04: posts small blind $1
DECAlpha: posts big blind $3
*** HOLE CARDS ***
laubes04: raises $3 to $6
DECAlpha: raises $3 to $9
laubes04: calls $3
*** FLOP *** [8h 6s Qh]
DECAlpha: bets $3
laubes04: calls $3
*** TURN *** [8h 6s Qh] [8s]
DECAlpha: bets $6
laubes04: calls $6
*** RIVER *** [8h 6s Qh 8s] [Qd]
DECAlpha: bets $6
laubes04: calls $6
*** SHOW DOWN ***
DECAlpha: shows [Td Th] (two pair, Queens and Tens)
laubes04: mucks hand
DECAlpha collected $47.50 from pot
*** SUMMARY ***
Total pot $48 | Rake $0.50
Board [8h 6s Qh 8s Qd]
Seat 1: laubes04 (button) (small blind) mucked
Seat 4: DECAlpha (big blind) showed [Td Th] and won ($47.50) with two pair, Queens and Tens


PokerStars Hand #161911064514:  Hold'em Limit ($3/$6 USD) - 2016/11/24 17:47:13 ET
Table 'Fama' 6-max Seat #4 is the button
Seat 1: laubes04 ($229.22 in chips)
Seat 4: DECAlpha ($273.51 in chips)
DECAlpha: posts small blind $1
laubes04: posts big blind $3
*** HOLE CARDS ***
DECAlpha: folds
Uncalled bet ($2) returned to laubes04
laubes04 collected $2 from pot
laubes04: doesn't show hand
*** SUMMARY ***
Total pot $2 | Rake $0
Seat 1: laubes04 (big blind) collected ($2)
Seat 4: DECAlpha (button) (small blind) folded before Flop


PokerStars Hand #161911084111:  Hold'em Limit ($3/$6 USD) - 2016/11/24 17:47:38 ET
Table 'Fama' 6-max Seat #1 is the button
Seat 1: laubes04 ($203.22 in chips)
Seat 4: DECAlpha ($299.01 in chips)
laubes04: posts small blind $1
DECAlpha: posts big blind $3
*** HOLE CARDS ***
laubes04: raises $3 to $6
DECAlpha: folds
Uncalled bet ($3) returned to laubes04
laubes04 collected $6 from pot
laubes04: doesn't show hand
*** SUMMARY ***
Total pot $6 | Rake $0
Seat 1: laubes04 (button) (small blind) collected ($6)
Seat 4: DECAlpha (big blind) folded before Flop


PokerStars Hand #161911080385:  Hold'em Limit ($3/$6 USD) - 2016/11/24 17:47:33 ET
Table 'Fama' 6-max Seat #4 is the button
Seat 1: laubes04 ($206.22 in chips)
Seat 4: DECAlpha ($296.01 in chips)
DECAlpha: posts small blind $1
laubes04: posts big blind $3
*** HOLE CARDS ***
DECAlpha: raises $3 to $6
laubes04: folds
Uncalled bet ($3) returned to DECAlpha
DECAlpha collected $6 from pot
DECAlpha: doesn't show hand
*** SUMMARY ***
Total pot $6 | Rake $0
Seat 1: laubes04 (big blind) folded before Flop
Seat 4: DECAlpha (button) (small blind) collected ($6)


PokerStars Hand #161911128790:  Hold'em Limit ($3/$6 USD) - 2016/11/24 17:48:34 ET
Table 'Fama' 6-max Seat #4 is the button
Seat 1: laubes04 ($242.88 in chips)
Seat 4: DECAlpha ($258.01 in chips)
DECAlpha: posts small blind $1
laubes04: posts big blind $3
*** HOLE CARDS ***
DECAlpha: raises $3 to $6
laubes04: folds
Uncalled bet ($3) returned to DECAlpha
DECAlpha collected $6 from pot
DECAlpha: doesn't show hand
*** SUMMARY ***
Total pot $6 | Rake $0
Seat 1: laubes04 (big blind) folded before Flop
Seat 4: DECAlpha (button) (small blind) collected ($6)


PokerStars Hand #161911117840:  Hold'em Limit ($3/$6 USD) - 2016/11/24 17:48:20 ET
Table 'Fama' 6-max Seat #1 is the button
Seat 1: laubes04 ($228.38 in chips)
Seat 4: DECAlpha ($273.01 in chips)
laubes04: posts small blind $1
DECAlpha: posts big blind $3
*** HOLE CARDS ***
laubes04: raises $3 to $6
DECAlpha: calls $3
*** FLOP *** [As Qd Ts]
DECAlpha: checks
laubes04: bets $3
DECAlpha: calls $3
*** TURN *** [As Qd Ts] [3s]
DECAlpha: checks
laubes04: bets $6
DECAlpha: calls $6
*** RIVER *** [As Qd Ts 3s] [9c]
DECAlpha: checks
laubes04: bets $6
DECAlpha: folds
Uncalled bet ($6) returned to laubes04
laubes04 collected $29.50 from pot
laubes04: doesn't show hand
*** SUMMARY ***
Total pot $30 | Rake $0.50
Board [As Qd Ts 3s 9c]
Seat 1: laubes04 (button) (small blind) collected ($29.50)
Seat 4: DECAlpha (big blind) folded on the River


PokerStars Hand #161911114701:  Hold'em Limit ($3/$6 USD) - 2016/11/24 17:48:16 ET
Table 'Fama' 6-max Seat #4 is the button
Seat 1: laubes04 ($227.38 in chips)
Seat 4: DECAlpha ($274.01 in chips)
DECAlpha: posts small blind $1
laubes04: posts big blind $3
*** HOLE CARDS ***
DECAlpha: folds
Uncalled bet ($2) returned to laubes04
laubes04 collected $2 from pot
laubes04: doesn't show hand
*** SUMMARY ***
Total pot $2 | Rake $0
Seat 1: laubes04 (big blind) collected ($2)
Seat 4: DECAlpha (button) (small blind) folded before Flop


PokerStars Hand #161911106471:  Hold'em Limit ($3/$6 USD) - 2016/11/24 17:48:06 ET
Table 'Fama' 6-max Seat #1 is the button
Seat 1: laubes04 ($218.74 in chips)
Seat 4: DECAlpha ($283.01 in chips)
laubes04: posts small blind $1
DECAlpha: posts big blind $3
*** HOLE CARDS ***
laubes04: raises $3 to $6
DECAlpha: calls $3
*** FLOP *** [8h 8d 2d]
DECAlpha: checks
laubes04: bets $3
DECAlpha: calls $3
*** TURN *** [8h 8d 2d] [Kh]
DECAlpha: checks
laubes04: bets $6
DECAlpha: folds
Uncalled bet ($6) returned to laubes04
laubes04 collected $17.64 from pot
laubes04: doesn't show hand
*** SUMMARY ***
Total pot $18 | Rake $0.36
Board [8h 8d 2d Kh]
Seat 1: laubes04 (button) (small blind) collected ($17.64)
Seat 4: DECAlpha (big blind) folded on the Turn


PokerStars Hand #161911137754:  Hold'em Limit ($3/$6 USD) - 2016/11/24 17:48:46 ET
Table 'Fama' 6-max Seat #1 is the button
Seat 1: laubes04 ($239.88 in chips)
Seat 4: DECAlpha ($261.01 in chips)
laubes04: posts small blind $1
DECAlpha: posts big blind $3
*** HOLE CARDS ***
laubes04: raises $3 to $6
DECAlpha: calls $3
*** FLOP *** [Qh 7h 9c]
DECAlpha: checks
laubes04: bets $3
DECAlpha: folds
Uncalled bet ($3) returned to laubes04
laubes04 collected $11.76 from pot
laubes04: doesn't show hand
*** SUMMARY ***
Total pot $12 | Rake $0.24
Board [Qh 7h 9c]
Seat 1: laubes04 (button) (small blind) collected ($11.76)
Seat 4: DECAlpha (big blind) folded on the Flop


PokerStars Hand #161911150210:  Hold'em Limit ($3/$6 USD) - 2016/11/24 17:49:02 ET
Table 'Fama' 6-max Seat #4 is the button
Seat 1: laubes04 ($245.64 in chips)
Seat 4: DECAlpha ($255.01 in chips)
DECAlpha: posts small blind $1
laubes04: posts big blind $3
*** HOLE CARDS ***
DECAlpha: folds
Uncalled bet ($2) returned to laubes04
laubes04 collected $2 from pot
laubes04: doesn't show hand
*** SUMMARY ***
Total pot $2 | Rake $0
Seat 1: laubes04 (big blind) collected ($2)
Seat 4: DECAlpha (button) (small blind) folded before Flop


PokerStars Hand #161911186214:  Hold'em Limit ($3/$6 USD) - 2016/11/24 17:49:48 ET
Table 'Fama' 6-max Seat #1 is the button
Seat 1: laubes04 ($216.28 in chips)
Seat 4: DECAlpha ($283.15 in chips)
laubes04: posts small blind $1
DECAlpha: posts big blind $3
*** HOLE CARDS ***
laubes04: raises $3 to $6
DECAlpha: folds
Uncalled bet ($3) returned to laubes04
laubes04 collected $6 from pot
laubes04: doesn't show hand
*** SUMMARY ***
Total pot $6 | Rake $0
Seat 1: laubes04 (button) (small blind) collected ($6)
Seat 4: DECAlpha (big blind) folded before Flop


PokerStars Hand #161911173852:  Hold'em Limit ($3/$6 USD) - 2016/11/24 17:49:32 ET
Table 'Fama' 6-max Seat #4 is the button
Seat 1: laubes04 ($243.28 in chips)
Seat 4: DECAlpha ($256.65 in chips)
DECAlpha: posts small blind $1
laubes04: posts big blind $3
*** HOLE CARDS ***
DECAlpha: raises $3 to $6
laubes04: raises $3 to $9
DECAlpha: raises $3 to $12
Betting is capped
laubes04: calls $3
*** FLOP *** [3h 2s 8s]
laubes04: checks
DECAlpha: bets $3
laubes04: calls $3
*** TURN *** [3h 2s 8s] [2d]
laubes04: checks
DECAlpha: bets $6
laubes04: calls $6
*** RIVER *** [3h 2s 8s 2d] [4h]
laubes04: checks
DECAlpha: bets $6
laubes04: calls $6
*** SHOW DOWN ***
DECAlpha: shows [Ts Td] (two pair, Tens and Deuces)
laubes04: mucks hand
DECAlpha collected $53.50 from pot
*** SUMMARY ***
Total pot $54 | Rake $0.50
Board [3h 2s 8s 2d 4h]
Seat 1: laubes04 (big blind) mucked
Seat 4: DECAlpha (button) (small blind) showed [Ts Td] and won ($53.50) with two pair, Tens and Deuces


PokerStars Hand #161911164638:  Hold'em Limit ($3/$6 USD) - 2016/11/24 17:49:20 ET
Table 'Fama' 6-max Seat #1 is the button
Seat 1: laubes04 ($234.64 in chips)
Seat 4: DECAlpha ($265.65 in chips)
laubes04: posts small blind $1
DECAlpha: posts big blind $3
*** HOLE CARDS ***
laubes04: raises $3 to $6
DECAlpha: calls $3
*** FLOP *** [2c Qs 8s]
DECAlpha: checks
laubes04: bets $3
DECAlpha: calls $3
*** TURN *** [2c Qs 8s] [Qd]
DECAlpha: checks
laubes04: bets $6
DECAlpha: folds
Uncalled bet ($6) returned to laubes04
laubes04 collected $17.64 from pot
laubes04: doesn't show hand
*** SUMMARY ***
Total pot $18 | Rake $0.36
Board [2c Qs 8s Qd]
Seat 1: laubes04 (button) (small blind) collected ($17.64)
Seat 4: DECAlpha (big blind) folded on the Turn


PokerStars Hand #161911197801:  Hold'em Limit ($3/$6 USD) - 2016/11/24 17:50:03 ET
Table 'Fama' 6-max Seat #4 is the button
Seat 1: laubes04 ($219.28 in chips)
Seat 4: DECAlpha ($280.15 in chips)
DECAlpha: posts small blind $1
laubes04: posts big blind $3
*** HOLE CARDS ***
DECAlpha: folds
Uncalled bet ($2) returned to laubes04
laubes04 collected $2 from pot
laubes04: doesn't show hand
*** SUMMARY ***
Total pot $2 | Rake $0
Seat 1: laubes04 (big blind) collected ($2)
Seat 4: DECAlpha (button) (small blind) folded before Flop


PokerStars Hand #161911160787:  Hold'em Limit ($3/$6 USD) - 2016/11/24 17:49:15 ET
Table 'Fama' 6-max Seat #4 is the button
Seat 1: laubes04 ($237.64 in chips)
Seat 4: DECAlpha ($262.65 in chips)
DECAlpha: posts small blind $1
laubes04: posts big blind $3
*** HOLE CARDS ***
DECAlpha: raises $3 to $6
laubes04: folds
Uncalled bet ($3) returned to DECAlpha
DECAlpha collected $6 from pot
DECAlpha: doesn't show hand
*** SUMMARY ***
Total pot $6 | Rake $0
Seat 1: laubes04 (big blind) folded before Flop
Seat 4: DECAlpha (button) (small blind) collected ($6)


PokerStars Hand #161911153377:  Hold'em Limit ($3/$6 USD) - 2016/11/24 17:49:06 ET
Table 'Fama' 6-max Seat #1 is the button
Seat 1: laubes04 ($246.64 in chips)
Seat 4: DECAlpha ($254.01 in chips)
laubes04: posts small blind $1
DECAlpha: posts big blind $3
*** HOLE CARDS ***
laubes04: raises $3 to $6
DECAlpha: raises $3 to $9
laubes04: calls $3
*** FLOP *** [Ah 4c 6s]
DECAlpha: bets $3
laubes04: folds
Uncalled bet ($3) returned to DECAlpha
DECAlpha collected $17.64 from pot
DECAlpha: doesn't show hand
*** SUMMARY ***
Total pot $18 | Rake $0.36
Board [Ah 4c 6s]
Seat 1: laubes04 (button) (small blind) folded on the Flop
Seat 4: DECAlpha (big blind) collected ($17.64)


PokerStars Hand #161911193803:  Hold'em Limit ($3/$6 USD) - 2016/11/24 17:49:58 ET
Table 'Fama' 6-max Seat #1 is the button
Seat 1: laubes04 ($220.28 in chips)
Seat 4: DECAlpha ($279.15 in chips)
laubes04: posts small blind $1
DECAlpha: posts big blind $3
*** HOLE CARDS ***
laubes04: folds
Uncalled bet ($2) returned to DECAlpha
DECAlpha collected $2 from pot
DECAlpha: doesn't show hand
*** SUMMARY ***
Total pot $2 | Rake $0
Seat 1: laubes04 (button) (small blind) folded before Flop
Seat 4: DECAlpha (big blind) collected ($2)


PokerStars Hand #161911190771:  Hold'em Limit ($3/$6 USD) - 2016/11/24 17:49:54 ET
Table 'Fama' 6-max Seat #4 is the button
Seat 1: laubes04 ($219.28 in chips)
Seat 4: DECAlpha ($280.15 in chips)
DECAlpha: posts small blind $1
laubes04: posts big blind $3
*** HOLE CARDS ***
DECAlpha: folds
Uncalled bet ($2) returned to laubes04
laubes04 collected $2 from pot
laubes04: doesn't show hand
*** SUMMARY ***
Total pot $2 | Rake $0
Seat 1: laubes04 (big blind) collected ($2)
Seat 4: DECAlpha (button) (small blind) folded before Flop


PokerStars Hand #161911227996:  Hold'em Limit ($3/$6 USD) - 2016/11/24 17:50:42 ET
Table 'Fama' 6-max Seat #1 is the button
Seat 1: laubes04 ($217.92 in chips)
Seat 4: DECAlpha ($280.65 in chips)
laubes04: posts small blind $1
DECAlpha: posts big blind $3
*** HOLE CARDS ***
laubes04: raises $3 to $6
DECAlpha: folds
Uncalled bet ($3) returned to laubes04
laubes04 collected $6 from pot
laubes04: doesn't show hand
*** SUMMARY ***
Total pot $6 | Rake $0
Seat 1: laubes04 (button) (small blind) collected ($6)
Seat 4: DECAlpha (big blind) folded before Flop


PokerStars Hand #161911213510:  Hold'em Limit ($3/$6 USD) - 2016/11/24 17:50:23 ET
Table 'Fama' 6-max Seat #1 is the button
Seat 1: laubes04 ($229.92 in chips)
Seat 4: DECAlpha ($269.15 in chips)
laubes04: posts small blind $1
DECAlpha: posts big blind $3
*** HOLE CARDS ***
laubes04: raises $3 to $6
DECAlpha: folds
Uncalled bet ($3) returned to laubes04
laubes04 collected $6 from pot
laubes04: doesn't show hand
*** SUMMARY ***
Total pot $6 | Rake $0
Seat 1: laubes04 (button) (small blind) collected ($6)
Seat 4: DECAlpha (big blind) folded before Flop


PokerStars Hand #161911210401:  Hold'em Limit ($3/$6 USD) - 2016/11/24 17:50:19 ET
Table 'Fama' 6-max Seat #4 is the button
Seat 1: laubes04 ($228.92 in chips)
Seat 4: DECAlpha ($270.15 in chips)
DECAlpha: posts small blind $1
laubes04: posts big blind $3
*** HOLE CARDS ***
DECAlpha: folds
Uncalled bet ($2) returned to laubes04
laubes04 collected $2 from pot
laubes04: doesn't show hand
*** SUMMARY ***
Total pot $2 | Rake $0
Seat 1: laubes04 (big blind) collected ($2)
Seat 4: DECAlpha (button) (small blind) folded before Flop


PokerStars Hand #161911200880:  Hold'em Limit ($3/$6 USD) - 2016/11/24 17:50:07 ET
Table 'Fama' 6-max Seat #1 is the button
Seat 1: laubes04 ($220.28 in chips)
Seat 4: DECAlpha ($279.15 in chips)
laubes04: posts small blind $1
DECAlpha: posts big blind $3
*** HOLE CARDS ***
laubes04: raises $3 to $6
DECAlpha: calls $3
*** FLOP *** [8d 4d 9h]
DECAlpha: checks
laubes04: bets $3
DECAlpha: calls $3
*** TURN *** [8d 4d 9h] [9d]
DECAlpha: checks
laubes04: bets $6
DECAlpha: folds
Uncalled bet ($6) returned to laubes04
laubes04 collected $17.64 from pot
laubes04: doesn't show hand
*** SUMMARY ***
Total pot $18 | Rake $0.36
Board [8d 4d 9h 9d]
Seat 1: laubes04 (button) (small blind) collected ($17.64)
Seat 4: DECAlpha (big blind) folded on the Turn


PokerStars Hand #161911217373:  Hold'em Limit ($3/$6 USD) - 2016/11/24 17:50:28 ET
Table 'Fama' 6-max Seat #4 is the button
Seat 1: laubes04 ($232.92 in chips)
Seat 4: DECAlpha ($266.15 in chips)
DECAlpha: posts small blind $1
laubes04: posts big blind $3
*** HOLE CARDS ***
DECAlpha: raises $3 to $6
laubes04: calls $3
*** FLOP *** [4d 5d Th]
laubes04: checks
DECAlpha: bets $3
laubes04: calls $3
*** TURN *** [4d 5d Th] [Ts]
laubes04: checks
DECAlpha: bets $6
laubes04: calls $6
*** RIVER *** [4d 5d Th Ts] [4s]
laubes04: checks
DECAlpha: checks
*** SHOW DOWN ***
laubes04: shows [Kc 2c] (two pair, Tens and Fours)
DECAlpha: shows [8c 8d] (two pair, Tens and Eights)
DECAlpha collected $29.50 from pot
*** SUMMARY ***
Total pot $30 | Rake $0.50
Board [4d 5d Th Ts 4s]
Seat 1: laubes04 (big blind) showed [Kc 2c] and lost with two pair, Tens and Fours
Seat 4: DECAlpha (button) (small blind) showed [8c 8d] and won ($29.50) with two pair, Tens and Eights


PokerStars Hand #161911239493:  Hold'em Limit ($3/$6 USD) - 2016/11/24 17:50:57 ET
Table 'Fama' 6-max Seat #1 is the button
Seat 1: laubes04 ($229.56 in chips)
Seat 4: DECAlpha ($268.65 in chips)
laubes04: posts small blind $1
DECAlpha: posts big blind $3
*** HOLE CARDS ***
laubes04: raises $3 to $6
DECAlpha: calls $3
*** FLOP *** [5h 2h 7s]
DECAlpha: checks
laubes04: checks
*** TURN *** [5h 2h 7s] [6c]
DECAlpha: checks
laubes04: bets $6
DECAlpha: calls $6
*** RIVER *** [5h 2h 7s 6c] [7h]
DECAlpha: checks
laubes04: bets $6
DECAlpha: calls $6
*** SHOW DOWN ***
laubes04: shows [Jh 9s] (a pair of Sevens)
DECAlpha: shows [Tc Ks] (a pair of Sevens - King kicker)
DECAlpha collected $35.50 from pot
*** SUMMARY ***
Total pot $36 | Rake $0.50
Board [5h 2h 7s 6c 7h]
Seat 1: laubes04 (button) (small blind) showed [Jh 9s] and lost with a pair of Sevens
Seat 4: DECAlpha (big blind) showed [Tc Ks] and won ($35.50) with a pair of Sevens


PokerStars Hand #161911231636:  Hold'em Limit ($3/$6 USD) - 2016/11/24 17:50:47 ET
Table 'Fama' 6-max Seat #4 is the button
Seat 1: laubes04 ($220.92 in chips)
Seat 4: DECAlpha ($277.65 in chips)
DECAlpha: posts small blind $1
laubes04: posts big blind $3
*** HOLE CARDS ***
DECAlpha: raises $3 to $6
laubes04: raises $3 to $9
DECAlpha: calls $3
*** FLOP *** [7d 7h 9s]
laubes04: bets $3
DECAlpha: folds
Uncalled bet ($3) returned to laubes04
laubes04 collected $17.64 from pot
laubes04: doesn't show hand
*** SUMMARY ***
Total pot $18 | Rake $0.36
Board [7d 7h 9s]
Seat 1: laubes04 (big blind) collected ($17.64)
Seat 4: DECAlpha (button) (small blind) folded on the Flop


PokerStars Hand #161911273319:  Hold'em Limit ($3/$6 USD) - 2016/11/24 17:51:40 ET
Table 'Fama' 6-max Seat #1 is the button
Seat 1: laubes04 ($240.82 in chips)
Seat 4: DECAlpha ($256.15 in chips)
laubes04: posts small blind $1
DECAlpha: posts big blind $3
*** HOLE CARDS ***
laubes04: raises $3 to $6
DECAlpha: calls $3
*** FLOP *** [Kh 3s 9c]
DECAlpha: checks
laubes04: bets $3
DECAlpha: calls $3
*** TURN *** [Kh 3s 9c] [9h]
DECAlpha: checks
laubes04: bets $6
DECAlpha: raises $6 to $12
laubes04: folds
Uncalled bet ($6) returned to DECAlpha
DECAlpha collected $29.50 from pot
DECAlpha: doesn't show hand
*** SUMMARY ***
Total pot $30 | Rake $0.50
Board [Kh 3s 9c 9h]
Seat 1: laubes04 (button) (small blind) folded on the Turn
Seat 4: DECAlpha (big blind) collected ($29.50)


PokerStars Hand #161911269110:  Hold'em Limit ($3/$6 USD) - 2016/11/24 17:51:35 ET
Table 'Fama' 6-max Seat #4 is the button
Seat 1: laubes04 ($243.82 in chips)
Seat 4: DECAlpha ($253.15 in chips)
DECAlpha: posts small blind $1
laubes04: posts big blind $3
*** HOLE CARDS ***
DECAlpha: raises $3 to $6
laubes04: folds
Uncalled bet ($3) returned to DECAlpha
DECAlpha collected $6 from pot
DECAlpha: doesn't show hand
*** SUMMARY ***
Total pot $6 | Rake $0
Seat 1: laubes04 (big blind) folded before Flop
Seat 4: DECAlpha (button) (small blind) collected ($6)


PokerStars Hand #161911291673:  Hold'em Limit ($3/$6 USD) - 2016/11/24 17:52:04 ET
Table 'Fama' 6-max Seat #1 is the button
Seat 1: laubes04 ($234.46 in chips)
Seat 4: DECAlpha ($261.65 in chips)
laubes04: posts small blind $1
DECAlpha: posts big blind $3
*** HOLE CARDS ***
laubes04: folds
Uncalled bet ($2) returned to DECAlpha
DECAlpha collected $2 from pot
DECAlpha: doesn't show hand
*** SUMMARY ***
Total pot $2 | Rake $0
Seat 1: laubes04 (button) (small blind) folded before Flop
Seat 4: DECAlpha (big blind) collected ($2)


PokerStars Hand #161911282530:  Hold'em Limit ($3/$6 USD) - 2016/11/24 17:51:52 ET
Table 'Fama' 6-max Seat #4 is the button
Seat 1: laubes04 ($225.82 in chips)
Seat 4: DECAlpha ($270.65 in chips)
DECAlpha: posts small blind $1
laubes04: posts big blind $3
*** HOLE CARDS ***
DECAlpha: raises $3 to $6
laubes04: calls $3
*** FLOP *** [As 8d Js]
laubes04: checks
DECAlpha: bets $3
laubes04: calls $3
*** TURN *** [As 8d Js] [Ts]
laubes04: checks
DECAlpha: checks
*** RIVER *** [As 8d Js Ts] [2s]
laubes04: bets $6
DECAlpha: folds
Uncalled bet ($6) returned to laubes04
laubes04 collected $17.64 from pot
laubes04: doesn't show hand
*** SUMMARY ***
Total pot $18 | Rake $0.36
Board [As 8d Js Ts 2s]
Seat 1: laubes04 (big blind) collected ($17.64)
Seat 4: DECAlpha (button) (small blind) folded on the River


PokerStars Hand #161911256704:  Hold'em Limit ($3/$6 USD) - 2016/11/24 17:51:19 ET
Table 'Fama' 6-max Seat #1 is the button
Seat 1: laubes04 ($217.32 in chips)
Seat 4: DECAlpha ($280.15 in chips)
laubes04: posts small blind $1
DECAlpha: posts big blind $3
*** HOLE CARDS ***
laubes04: raises $3 to $6
DECAlpha: calls $3
*** FLOP *** [4h 2s 9s]
DECAlpha: checks
laubes04: bets $3
DECAlpha: calls $3
*** TURN *** [4h 2s 9s] [Jh]
DECAlpha: checks
laubes04: bets $6
DECAlpha: raises $6 to $12
laubes04: raises $6 to $18
DECAlpha: calls $6
*** RIVER *** [4h 2s 9s Jh] [4c]
DECAlpha: checks
laubes04: bets $6
DECAlpha: folds
Uncalled bet ($6) returned to laubes04
laubes04 collected $53.50 from pot
laubes04: doesn't show hand
*** SUMMARY ***
Total pot $54 | Rake $0.50
Board [4h 2s 9s Jh 4c]
Seat 1: laubes04 (button) (small blind) collected ($53.50)
Seat 4: DECAlpha (big blind) folded on the River


PokerStars Hand #161911250224:  Hold'em Limit ($3/$6 USD) - 2016/11/24 17:51:11 ET
Table 'Fama' 6-max Seat #4 is the button
Seat 1: laubes04 ($211.56 in chips)
Seat 4: DECAlpha ($286.15 in chips)
DECAlpha: posts small blind $1
laubes04: posts big blind $3
*** HOLE CARDS ***
DECAlpha: calls $2
laubes04: raises $3 to $6
DECAlpha: calls $3
*** FLOP *** [9s 3s 2s]
laubes04: bets $3
DECAlpha: folds
Uncalled bet ($3) returned to laubes04
laubes04 collected $11.76 from pot
laubes04: doesn't show hand
*** SUMMARY ***
Total pot $12 | Rake $0.24
Board [9s 3s 2s]
Seat 1: laubes04 (big blind) collected ($11.76)
Seat 4: DECAlpha (button) (small blind) folded on the Flop


PokerStars Hand #161911314381:  Hold'em Limit ($3/$6 USD) - 2016/11/24 17:52:34 ET
Table 'Fama' 6-max Seat #4 is the button
Seat 1: laubes04 ($229.98 in chips)
Seat 4: DECAlpha ($265.15 in chips)
DECAlpha: posts small blind $1
laubes04: posts big blind $3
*** HOLE CARDS ***
DECAlpha: raises $3 to $6
laubes04: raises $3 to $9
DECAlpha: calls $3
*** FLOP *** [6s 6h Jc]
laubes04: bets $3
DECAlpha: calls $3
*** TURN *** [6s 6h Jc] [8d]
laubes04: bets $6
DECAlpha: calls $6
*** RIVER *** [6s 6h Jc 8d] [4s]
laubes04: bets $6
DECAlpha: calls $6
*** SHOW DOWN ***
laubes04: shows [Jd Kd] (two pair, Jacks and Sixes)
DECAlpha: mucks hand
laubes04 collected $47.50 from pot
*** SUMMARY ***
Total pot $48 | Rake $0.50
Board [6s 6h Jc 8d 4s]
Seat 1: laubes04 (big blind) showed [Jd Kd] and won ($47.50) with two pair, Jacks and Sixes
Seat 4: DECAlpha (button) (small blind) mucked


PokerStars Hand #161911325618:  Hold'em Limit ($3/$6 USD) - 2016/11/24 17:52:49 ET
Table 'Fama' 6-max Seat #1 is the button
Seat 1: laubes04 ($253.48 in chips)
Seat 4: DECAlpha ($241.15 in chips)
laubes04: posts small blind $1
DECAlpha: posts big blind $3
*** HOLE CARDS ***
laubes04: raises $3 to $6
DECAlpha: raises $3 to $9
laubes04: calls $3
*** FLOP *** [Qh 5h 3c]
DECAlpha: bets $3
laubes04: calls $3
*** TURN *** [Qh 5h 3c] [8h]
DECAlpha: bets $6
laubes04: calls $6
*** RIVER *** [Qh 5h 3c 8h] [Jd]
DECAlpha: bets $6
laubes04: raises $6 to $12
DECAlpha: calls $6
*** SHOW DOWN ***
laubes04: shows [Js 7h] (a pair of Jacks)
DECAlpha: shows [Kh Ks] (a pair of Kings)
DECAlpha collected $59.50 from pot
*** SUMMARY ***
Total pot $60 | Rake $0.50
Board [Qh 5h 3c 8h Jd]
Seat 1: laubes04 (button) (small blind) showed [Js 7h] and lost with a pair of Jacks
Seat 4: DECAlpha (big blind) showed [Kh Ks] and won ($59.50) with a pair of Kings


PokerStars Hand #161911304309:  Hold'em Limit ($3/$6 USD) - 2016/11/24 17:52:21 ET
Table 'Fama' 6-max Seat #1 is the button
Seat 1: laubes04 ($244.98 in chips)
Seat 4: DECAlpha ($250.65 in chips)
laubes04: posts small blind $1
DECAlpha: posts big blind $3
*** HOLE CARDS ***
laubes04: raises $3 to $6
DECAlpha: calls $3
*** FLOP *** [5d 8c 6c]
DECAlpha: checks
laubes04: bets $3
DECAlpha: calls $3
*** TURN *** [5d 8c 6c] [7h]
DECAlpha: checks
laubes04: checks
*** RIVER *** [5d 8c 6c 7h] [Ks]
DECAlpha: bets $6
laubes04: calls $6
*** SHOW DOWN ***
DECAlpha: shows [9d 3d] (a straight, Five to Nine)
laubes04: mucks hand
DECAlpha collected $29.50 from pot
*** SUMMARY ***
Total pot $30 | Rake $0.50
Board [5d 8c 6c 7h Ks]
Seat 1: laubes04 (button) (small blind) mucked
Seat 4: DECAlpha (big blind) showed [9d 3d] and won ($29.50) with a straight, Five to Nine


PokerStars Hand #161911295163:  Hold'em Limit ($3/$6 USD) - 2016/11/24 17:52:09 ET
Table 'Fama' 6-max Seat #4 is the button
Seat 1: laubes04 ($233.46 in chips)
Seat 4: DECAlpha ($262.65 in chips)
DECAlpha: posts small blind $1
laubes04: posts big blind $3
*** HOLE CARDS ***
DECAlpha: raises $3 to $6
laubes04: calls $3
*** FLOP *** [5h Ts Js]
laubes04: checks
DECAlpha: checks
*** TURN *** [5h Ts Js] [4d]
laubes04: bets $6
DECAlpha: calls $6
*** RIVER *** [5h Ts Js 4d] [Td]
laubes04: bets $6
DECAlpha: folds
Uncalled bet ($6) returned to laubes04
laubes04 collected $23.52 from pot
laubes04: doesn't show hand
*** SUMMARY ***
Total pot $24 | Rake $0.48
Board [5h Ts Js 4d Td]
Seat 1: laubes04 (big blind) collected ($23.52)
Seat 4: DECAlpha (button) (small blind) folded on the River


PokerStars Hand #161911347146:  Hold'em Limit ($3/$6 USD) - 2016/11/24 17:53:16 ET
Table 'Fama' 6-max Seat #1 is the button
Seat 1: laubes04 ($229.24 in chips)
Seat 4: DECAlpha ($264.65 in chips)
laubes04: posts small blind $1
DECAlpha: posts big blind $3
*** HOLE CARDS ***
laubes04: raises $3 to $6
DECAlpha: calls $3
*** FLOP *** [As Ah 5h]
DECAlpha: checks
laubes04: bets $3
DECAlpha: folds
Uncalled bet ($3) returned to laubes04
laubes04 collected $11.76 from pot
laubes04: doesn't show hand
*** SUMMARY ***
Total pot $12 | Rake $0.24
Board [As Ah 5h]
Seat 1: laubes04 (button) (small blind) collected ($11.76)
Seat 4: DECAlpha (big blind) folded on the Flop


PokerStars Hand #161911366877:  Hold'em Limit ($3/$6 USD) - 2016/11/24 17:53:42 ET
Table 'Fama' 6-max Seat #4 is the button
Seat 1: laubes04 ($235 in chips)
Seat 4: DECAlpha ($258.65 in chips)
DECAlpha: posts small blind $1
laubes04: posts big blind $3
*** HOLE CARDS ***
DECAlpha: raises $3 to $6
laubes04: calls $3
*** FLOP *** [Ts Tc 9s]
laubes04: checks
DECAlpha: bets $3
laubes04: calls $3
*** TURN *** [Ts Tc 9s] [6h]
laubes04: bets $6
DECAlpha: calls $6
*** RIVER *** [Ts Tc 9s 6h] [4s]
laubes04: bets $6
DECAlpha: folds
Uncalled bet ($6) returned to laubes04
laubes04 collected $29.50 from pot
laubes04: doesn't show hand
*** SUMMARY ***
Total pot $30 | Rake $0.50
Board [Ts Tc 9s 6h 4s]
Seat 1: laubes04 (big blind) collected ($29.50)
Seat 4: DECAlpha (button) (small blind) folded on the River


PokerStars Hand #161911336761:  Hold'em Limit ($3/$6 USD) - 2016/11/24 17:53:03 ET
Table 'Fama' 6-max Seat #4 is the button
Seat 1: laubes04 ($223.48 in chips)
Seat 4: DECAlpha ($270.65 in chips)
DECAlpha: posts small blind $1
laubes04: posts big blind $3
*** HOLE CARDS ***
DECAlpha: raises $3 to $6
laubes04: calls $3
*** FLOP *** [Qc Jd 6s]
laubes04: checks
DECAlpha: checks
*** TURN *** [Qc Jd 6s] [Js]
laubes04: bets $6
DECAlpha: folds
Uncalled bet ($6) returned to laubes04
laubes04 collected $11.76 from pot
laubes04: doesn't show hand
*** SUMMARY ***
Total pot $12 | Rake $0.24
Board [Qc Jd 6s Js]
Seat 1: laubes04 (big blind) collected ($11.76)
Seat 4: DECAlpha (button) (small blind) folded on the Turn


PokerStars Hand #161911388452:  Hold'em Limit ($3/$6 USD) - 2016/11/24 17:54:10 ET
Table 'Fama' 6-max Seat #4 is the button
Seat 1: laubes04 ($252.50 in chips)
Seat 4: DECAlpha ($240.65 in chips)
DECAlpha: posts small blind $1
laubes04: posts big blind $3
*** HOLE CARDS ***
DECAlpha: folds
Uncalled bet ($2) returned to laubes04
laubes04 collected $2 from pot
laubes04: doesn't show hand
*** SUMMARY ***
Total pot $2 | Rake $0
Seat 1: laubes04 (big blind) collected ($2)
Seat 4: DECAlpha (button) (small blind) folded before Flop


PokerStars Hand #161911381535:  Hold'em Limit ($3/$6 USD) - 2016/11/24 17:54:01 ET
Table 'Fama' 6-max Seat #1 is the button
Seat 1: laubes04 ($249.50 in chips)
Seat 4: DECAlpha ($243.65 in chips)
laubes04: posts small blind $1
DECAlpha: posts big blind $3
*** HOLE CARDS ***
laubes04: raises $3 to $6
DECAlpha: folds
Uncalled bet ($3) returned to laubes04
laubes04 collected $6 from pot
laubes04: doesn't show hand
*** SUMMARY ***
Total pot $6 | Rake $0
Seat 1: laubes04 (button) (small blind) collected ($6)
Seat 4: DECAlpha (big blind) folded before Flop


PokerStars Hand #161911391615:  Hold'em Limit ($3/$6 USD) - 2016/11/24 17:54:14 ET
Table 'Fama' 6-max Seat #1 is the button
Seat 1: laubes04 ($253.50 in chips)
Seat 4: DECAlpha ($239.65 in chips)
laubes04: posts small blind $1
DECAlpha: posts big blind $3
*** HOLE CARDS ***
laubes04: raises $3 to $6
DECAlpha: raises $3 to $9
laubes04: calls $3
*** FLOP *** [Jd 4c 2d]
DECAlpha: bets $3
laubes04: calls $3
*** TURN *** [Jd 4c 2d] [3h]
DECAlpha: bets $6
laubes04: folds
Uncalled bet ($6) returned to DECAlpha
DECAlpha collected $23.52 from pot
DECAlpha: doesn't show hand
*** SUMMARY ***
Total pot $24 | Rake $0.48
Board [Jd 4c 2d 3h]
Seat 1: laubes04 (button) (small blind) folded on the Turn
Seat 4: DECAlpha (big blind) collected ($23.52)


PokerStars Hand #161911408380:  Hold'em Limit ($3/$6 USD) - 2016/11/24 17:54:36 ET
Table 'Fama' 6-max Seat #4 is the button
Seat 1: laubes04 ($241.50 in chips)
Seat 4: DECAlpha ($251.17 in chips)
DECAlpha: posts small blind $1
laubes04: posts big blind $3
*** HOLE CARDS ***
DECAlpha: raises $3 to $6
laubes04: calls $3
*** FLOP *** [2s 3h 2c]
laubes04: checks
DECAlpha: checks
*** TURN *** [2s 3h 2c] [9h]
laubes04: bets $6
DECAlpha: calls $6
*** RIVER *** [2s 3h 2c 9h] [8s]
laubes04: bets $6
DECAlpha: calls $6
*** SHOW DOWN ***
laubes04: shows [7s As] (a pair of Deuces)
DECAlpha: mucks hand
laubes04 collected $35.50 from pot
*** SUMMARY ***
Total pot $36 | Rake $0.50
Board [2s 3h 2c 9h 8s]
Seat 1: laubes04 (big blind) showed [7s As] and won ($35.50) with a pair of Deuces
Seat 4: DECAlpha (button) (small blind) mucked


PokerStars Hand #161911420927:  Hold'em Limit ($3/$6 USD) - 2016/11/24 17:54:52 ET
Table 'Fama' 6-max Seat #1 is the button
Seat 1: laubes04 ($259 in chips)
Seat 4: DECAlpha ($233.17 in chips)
laubes04: posts small blind $1
DECAlpha: posts big blind $3
*** HOLE CARDS ***
laubes04: raises $3 to $6
DECAlpha: calls $3
*** FLOP *** [4h 2h Ac]
DECAlpha: checks
laubes04: bets $3
DECAlpha: calls $3
*** TURN *** [4h 2h Ac] [9s]
DECAlpha: checks
laubes04: bets $6
DECAlpha: calls $6
*** RIVER *** [4h 2h Ac 9s] [Ad]
DECAlpha: checks
laubes04: bets $6
DECAlpha: calls $6
*** SHOW DOWN ***
laubes04: shows [7s Ts] (a pair of Aces)
DECAlpha: shows [4d Jc] (two pair, Aces and Fours)
DECAlpha collected $41.50 from pot
*** SUMMARY ***
Total pot $42 | Rake $0.50
Board [4h 2h Ac 9s Ad]
Seat 1: laubes04 (button) (small blind) showed [7s Ts] and lost with a pair of Aces
Seat 4: DECAlpha (big blind) showed [4d Jc] and won ($41.50) with two pair, Aces and Fours


PokerStars Hand #161911456663:  Hold'em Limit ($3/$6 USD) - 2016/11/24 17:55:46 ET
Table 'Fama' 6-max Seat #4 is the button
Seat 1: laubes04 ($193 in chips)
Seat 4: DECAlpha ($297.67 in chips)
DECAlpha: posts small blind $1
laubes04: posts big blind $3
*** HOLE CARDS ***
DECAlpha: raises $3 to $6
laubes04: folds
Uncalled bet ($3) returned to DECAlpha
DECAlpha collected $6 from pot
DECAlpha: doesn't show hand
*** SUMMARY ***
Total pot $6 | Rake $0
Seat 1: laubes04 (big blind) folded before Flop
Seat 4: DECAlpha (button) (small blind) collected ($6)


PokerStars Hand #161911459805:  Hold'em Limit ($3/$6 USD) - 2016/11/24 17:55:51 ET
Table 'Fama' 6-max Seat #1 is the button
Seat 1: laubes04 ($190 in chips)
Seat 4: DECAlpha ($300.67 in chips)
laubes04: posts small blind $1
DECAlpha: posts big blind $3
*** HOLE CARDS ***
laubes04: raises $3 to $6
DECAlpha: calls $3
*** FLOP *** [8d 9s Qs]
DECAlpha: checks
laubes04: bets $3
DECAlpha: raises $3 to $6
laubes04: calls $3
*** TURN *** [8d 9s Qs] [Qh]
DECAlpha: bets $6
laubes04: calls $6
*** RIVER *** [8d 9s Qs Qh] [4d]
DECAlpha: bets $6
laubes04: calls $6
*** SHOW DOWN ***
DECAlpha: shows [7s 8s] (two pair, Queens and Eights)
laubes04: mucks hand
DECAlpha collected $47.50 from pot
*** SUMMARY ***
Total pot $48 | Rake $0.50
Board [8d 9s Qs Qh 4d]
Seat 1: laubes04 (button) (small blind) mucked
Seat 4: DECAlpha (big blind) showed [7s 8s] and won ($47.50) with two pair, Queens and Eights


PokerStars Hand #161911447653:  Hold'em Limit ($3/$6 USD) - 2016/11/24 17:55:31 ET
Table 'Fama' 6-max Seat #1 is the button
Seat 1: laubes04 ($217 in chips)
Seat 4: DECAlpha ($274.17 in chips)
laubes04: posts small blind $1
DECAlpha: posts big blind $3
*** HOLE CARDS ***
laubes04: raises $3 to $6
DECAlpha: calls $3
*** FLOP *** [2s 3d 9h]
DECAlpha: checks
laubes04: bets $3
DECAlpha: raises $3 to $6
laubes04: calls $3
*** TURN *** [2s 3d 9h] [7s]
DECAlpha: bets $6
laubes04: calls $6
*** RIVER *** [2s 3d 9h 7s] [3s]
DECAlpha: bets $6
laubes04: calls $6
*** SHOW DOWN ***
DECAlpha: shows [9d 8d] (two pair, Nines and Threes)
laubes04: mucks hand
DECAlpha collected $47.50 from pot
*** SUMMARY ***
Total pot $48 | Rake $0.50
Board [2s 3d 9h 7s 3s]
Seat 1: laubes04 (button) (small blind) mucked
Seat 4: DECAlpha (big blind) showed [9d 8d] and won ($47.50) with two pair, Nines and Threes


PokerStars Hand #161911436838:  Hold'em Limit ($3/$6 USD) - 2016/11/24 17:55:14 ET
Table 'Fama' 6-max Seat #4 is the button
Seat 1: laubes04 ($238 in chips)
Seat 4: DECAlpha ($253.67 in chips)
DECAlpha: posts small blind $1
laubes04: posts big blind $3
*** HOLE CARDS ***
DECAlpha: raises $3 to $6
laubes04: raises $3 to $9
DECAlpha: raises $3 to $12
Betting is capped
laubes04: calls $3
*** FLOP *** [8d 5c 8s]
laubes04: checks
DECAlpha: bets $3
laubes04: calls $3
*** TURN *** [8d 5c 8s] [8c]
laubes04: checks
DECAlpha: bets $6
laubes04: calls $6
*** RIVER *** [8d 5c 8s 8c] [Kh]
laubes04: checks
DECAlpha: checks
*** SHOW DOWN ***
laubes04: shows [Th Ah] (three of a kind, Eights)
DECAlpha: shows [Qc Qd] (a full house, Eights full of Queens)
DECAlpha collected $41.50 from pot
*** SUMMARY ***
Total pot $42 | Rake $0.50
Board [8d 5c 8s 8c Kh]
Seat 1: laubes04 (big blind) showed [Th Ah] and lost with three of a kind, Eights
Seat 4: DECAlpha (button) (small blind) showed [Qc Qd] and won ($41.50) with a full house, Eights full of Queens


PokerStars Hand #161911487022:  Hold'em Limit ($3/$6 USD) - 2016/11/24 17:56:33 ET
Table 'Fama' 6-max Seat #1 is the button
Seat 1: laubes04 ($178.52 in chips)
Seat 4: DECAlpha ($311.17 in chips)
laubes04: posts small blind $1
DECAlpha: posts big blind $3
*** HOLE CARDS ***
laubes04: raises $3 to $6
DECAlpha: raises $3 to $9
laubes04: calls $3
*** FLOP *** [7s 7d 7h]
DECAlpha: bets $3
laubes04: calls $3
*** TURN *** [7s 7d 7h] [Qs]
DECAlpha: bets $6
laubes04: calls $6
*** RIVER *** [7s 7d 7h Qs] [Jh]
DECAlpha: checks
laubes04: bets $6
DECAlpha: calls $6
*** SHOW DOWN ***
laubes04: shows [Jc Kd] (a full house, Sevens full of Jacks)
DECAlpha: mucks hand
laubes04 collected $47.50 from pot
*** SUMMARY ***
Total pot $48 | Rake $0.50
Board [7s 7d 7h Qs Jh]
Seat 1: laubes04 (button) (small blind) showed [Jc Kd] and won ($47.50) with a full house, Sevens full of Jacks
Seat 4: DECAlpha (big blind) mucked


PokerStars Hand #161911496333:  Hold'em Limit ($3/$6 USD) - 2016/11/24 17:56:48 ET
Table 'Fama' 6-max Seat #4 is the button
Seat 1: laubes04 ($202.02 in chips)
Seat 4: DECAlpha ($287.17 in chips)
DECAlpha: posts small blind $1
laubes04: posts big blind $3
*** HOLE CARDS ***
DECAlpha: raises $3 to $6
laubes04: calls $3
*** FLOP *** [8h Jd 7d]
laubes04: checks
DECAlpha: checks
*** TURN *** [8h Jd 7d] [2h]
laubes04: bets $6
DECAlpha: folds
Uncalled bet ($6) returned to laubes04
laubes04 collected $11.76 from pot
laubes04: doesn't show hand
*** SUMMARY ***
Total pot $12 | Rake $0.24
Board [8h Jd 7d 2h]
Seat 1: laubes04 (big blind) collected ($11.76)
Seat 4: DECAlpha (button) (small blind) folded on the Turn


PokerStars Hand #161911469770:  Hold'em Limit ($3/$6 USD) - 2016/11/24 17:56:06 ET
Table 'Fama' 6-max Seat #4 is the button
Seat 1: laubes04 ($166 in chips)
Seat 4: DECAlpha ($324.17 in chips)
DECAlpha: posts small blind $1
laubes04: posts big blind $3
*** HOLE CARDS ***
DECAlpha: calls $2
laubes04: raises $3 to $6
DECAlpha: calls $3
*** FLOP *** [5h 3s Qd]
laubes04: bets $3
DECAlpha: folds
Uncalled bet ($3) returned to laubes04
laubes04 collected $11.76 from pot
laubes04: doesn't show hand
*** SUMMARY ***
Total pot $12 | Rake $0.24
Board [5h 3s Qd]
Seat 1: laubes04 (big blind) collected ($11.76)
Seat 4: DECAlpha (button) (small blind) folded on the Flop


PokerStars Hand #161911503618:  Hold'em Limit ($3/$6 USD) - 2016/11/24 17:56:59 ET
Table 'Fama' 6-max Seat #1 is the button
Seat 1: laubes04 ($207.78 in chips)
Seat 4: DECAlpha ($281.17 in chips)
laubes04: posts small blind $1
DECAlpha: posts big blind $3
*** HOLE CARDS ***
laubes04: raises $3 to $6
DECAlpha: calls $3
*** FLOP *** [3c 5h 2c]
DECAlpha: checks
laubes04: bets $3
DECAlpha: calls $3
*** TURN *** [3c 5h 2c] [8c]
DECAlpha: checks
laubes04: bets $6
DECAlpha: calls $6
*** RIVER *** [3c 5h 2c 8c] [Jc]
DECAlpha: checks
laubes04: bets $6
DECAlpha: folds
Uncalled bet ($6) returned to laubes04
laubes04 collected $29.50 from pot
laubes04: doesn't show hand
*** SUMMARY ***
Total pot $30 | Rake $0.50
Board [3c 5h 2c 8c Jc]
Seat 1: laubes04 (button) (small blind) collected ($29.50)
Seat 4: DECAlpha (big blind) folded on the River


PokerStars Hand #161911484421:  Hold'em Limit ($3/$6 USD) - 2016/11/24 17:56:29 ET
Table 'Fama' 6-max Seat #4 is the button
Seat 1: laubes04 ($177.52 in chips)
Seat 4: DECAlpha ($312.17 in chips)
DECAlpha: posts small blind $1
laubes04: posts big blind $3
*** HOLE CARDS ***
DECAlpha: folds
Uncalled bet ($2) returned to laubes04
laubes04 collected $2 from pot
laubes04: doesn't show hand
*** SUMMARY ***
Total pot $2 | Rake $0
Seat 1: laubes04 (big blind) collected ($2)
Seat 4: DECAlpha (button) (small blind) folded before Flop


PokerStars Hand #161911477907:  Hold'em Limit ($3/$6 USD) - 2016/11/24 17:56:19 ET
Table 'Fama' 6-max Seat #1 is the button
Seat 1: laubes04 ($171.76 in chips)
Seat 4: DECAlpha ($318.17 in chips)
laubes04: posts small blind $1
DECAlpha: posts big blind $3
*** HOLE CARDS ***
laubes04: raises $3 to $6
DECAlpha: calls $3
*** FLOP *** [Qh 2c 5s]
DECAlpha: checks
laubes04: bets $3
DECAlpha: folds
Uncalled bet ($3) returned to laubes04
laubes04 collected $11.76 from pot
laubes04: doesn't show hand
*** SUMMARY ***
Total pot $12 | Rake $0.24
Board [Qh 2c 5s]
Seat 1: laubes04 (button) (small blind) collected ($11.76)
Seat 4: DECAlpha (big blind) folded on the Flop


PokerStars Hand #161911549582:  Hold'em Limit ($3/$6 USD) - 2016/11/24 17:58:10 ET
Table 'Fama' 6-max Seat #4 is the button
Seat 1: laubes04 ($221.54 in chips)
Seat 4: DECAlpha ($265.31 in chips)
DECAlpha: posts small blind $1
laubes04: posts big blind $3
*** HOLE CARDS ***
DECAlpha: folds
Uncalled bet ($2) returned to laubes04
laubes04 collected $2 from pot
laubes04: doesn't show hand
*** SUMMARY ***
Total pot $2 | Rake $0
Seat 1: laubes04 (big blind) collected ($2)
Seat 4: DECAlpha (button) (small blind) folded before Flop


PokerStars Hand #161911538182:  Hold'em Limit ($3/$6 USD) - 2016/11/24 17:57:52 ET
Table 'Fama' 6-max Seat #1 is the button
Seat 1: laubes04 ($198.04 in chips)
Seat 4: DECAlpha ($289.31 in chips)
laubes04: posts small blind $1
DECAlpha: posts big blind $3
*** HOLE CARDS ***
laubes04: raises $3 to $6
DECAlpha: calls $3
*** FLOP *** [Jd 9c 7d]
DECAlpha: checks
laubes04: bets $3
DECAlpha: raises $3 to $6
laubes04: calls $3
*** TURN *** [Jd 9c 7d] [6c]
DECAlpha: checks
laubes04: bets $6
DECAlpha: calls $6
*** RIVER *** [Jd 9c 7d 6c] [2c]
DECAlpha: checks
laubes04: bets $6
DECAlpha: calls $6
*** SHOW DOWN ***
laubes04: shows [Ts 7s] (a pair of Sevens)
DECAlpha: mucks hand
laubes04 collected $47.50 from pot
*** SUMMARY ***
Total pot $48 | Rake $0.50
Board [Jd 9c 7d 6c 2c]
Seat 1: laubes04 (button) (small blind) showed [Ts 7s] and won ($47.50) with a pair of Sevens
Seat 4: DECAlpha (big blind) mucked


PokerStars Hand #161911523183:  Hold'em Limit ($3/$6 USD) - 2016/11/24 17:57:29 ET
Table 'Fama' 6-max Seat #1 is the button
Seat 1: laubes04 ($201.28 in chips)
Seat 4: DECAlpha ($286.67 in chips)
laubes04: posts small blind $1
DECAlpha: posts big blind $3
*** HOLE CARDS ***
laubes04: raises $3 to $6
DECAlpha: calls $3
*** FLOP *** [Jd Kd 4d]
DECAlpha: checks
laubes04: bets $3
DECAlpha: calls $3
*** TURN *** [Jd Kd 4d] [Kc]
DECAlpha: checks
laubes04: checks
*** RIVER *** [Jd Kd 4d Kc] [Kh]
DECAlpha: checks
laubes04: checks
*** SHOW DOWN ***
DECAlpha: shows [4s 3s] (a full house, Kings full of Fours)
laubes04: mucks hand
DECAlpha collected $17.64 from pot
*** SUMMARY ***
Total pot $18 | Rake $0.36
Board [Jd Kd 4d Kc Kh]
Seat 1: laubes04 (button) (small blind) mucked
Seat 4: DECAlpha (big blind) showed [4s 3s] and won ($17.64) with a full house, Kings full of Fours


PokerStars Hand #161911531339:  Hold'em Limit ($3/$6 USD) - 2016/11/24 17:57:42 ET
Table 'Fama' 6-max Seat #4 is the button
Seat 1: laubes04 ($192.28 in chips)
Seat 4: DECAlpha ($295.31 in chips)
DECAlpha: posts small blind $1
laubes04: posts big blind $3
*** HOLE CARDS ***
DECAlpha: raises $3 to $6
laubes04: calls $3
*** FLOP *** [Js 9s 9h]
laubes04: checks
DECAlpha: checks
*** TURN *** [Js 9s 9h] [5d]
laubes04: bets $6
DECAlpha: folds
Uncalled bet ($6) returned to laubes04
laubes04 collected $11.76 from pot
laubes04: doesn't show hand
*** SUMMARY ***
Total pot $12 | Rake $0.24
Board [Js 9s 9h 5d]
Seat 1: laubes04 (big blind) collected ($11.76)
Seat 4: DECAlpha (button) (small blind) folded on the Turn


PokerStars Hand #161911512410:  Hold'em Limit ($3/$6 USD) - 2016/11/24 17:57:12 ET
Table 'Fama' 6-max Seat #4 is the button
Seat 1: laubes04 ($222.28 in chips)
Seat 4: DECAlpha ($266.17 in chips)
DECAlpha: posts small blind $1
laubes04: posts big blind $3
*** HOLE CARDS ***
DECAlpha: raises $3 to $6
laubes04: calls $3
*** FLOP *** [Js 8c Qc]
laubes04: checks
DECAlpha: bets $3
laubes04: calls $3
*** TURN *** [Js 8c Qc] [2c]
laubes04: checks
DECAlpha: checks
*** RIVER *** [Js 8c Qc 2c] [Jh]
laubes04: bets $6
DECAlpha: raises $6 to $12
laubes04: calls $6
*** SHOW DOWN ***
DECAlpha: shows [Td Jd] (three of a kind, Jacks)
laubes04: mucks hand
DECAlpha collected $41.50 from pot
*** SUMMARY ***
Total pot $42 | Rake $0.50
Board [Js 8c Qc 2c Jh]
Seat 1: laubes04 (big blind) mucked
Seat 4: DECAlpha (button) (small blind) showed [Td Jd] and won ($41.50) with three of a kind, Jacks


PokerStars Hand #161911580747:  Hold'em Limit ($3/$6 USD) - 2016/11/24 17:58:58 ET
Table 'Fama' 6-max Seat #4 is the button
Seat 1: laubes04 ($173.54 in chips)
Seat 4: DECAlpha ($312.31 in chips)
DECAlpha: posts small blind $1
laubes04: posts big blind $3
*** HOLE CARDS ***
DECAlpha: folds
Uncalled bet ($2) returned to laubes04
laubes04 collected $2 from pot
laubes04: doesn't show hand
*** SUMMARY ***
Total pot $2 | Rake $0
Seat 1: laubes04 (big blind) collected ($2)
Seat 4: DECAlpha (button) (small blind) folded before Flop


PokerStars Hand #161911564979:  Hold'em Limit ($3/$6 USD) - 2016/11/24 17:58:34 ET
Table 'Fama' 6-max Seat #1 is the button
Seat 1: laubes04 ($197.54 in chips)
Seat 4: DECAlpha ($288.81 in chips)
laubes04: posts small blind $1
DECAlpha: posts big blind $3
*** HOLE CARDS ***
laubes04: raises $3 to $6
DECAlpha: calls $3
*** FLOP *** [4s 2s 6d]
DECAlpha: checks
laubes04: bets $3
DECAlpha: raises $3 to $6
laubes04: raises $3 to $9
DECAlpha: raises $3 to $12
Betting is capped
laubes04: calls $3
*** TURN *** [4s 2s 6d] [8c]
DECAlpha: bets $6
laubes04: calls $6
*** RIVER *** [4s 2s 6d 8c] [6c]
DECAlpha: bets $6
laubes04: folds
Uncalled bet ($6) returned to DECAlpha
DECAlpha collected $47.50 from pot
DECAlpha: doesn't show hand
*** SUMMARY ***
Total pot $48 | Rake $0.50
Board [4s 2s 6d 8c 6c]
Seat 1: laubes04 (button) (small blind) folded on the River
Seat 4: DECAlpha (big blind) collected ($47.50)


PokerStars Hand #161911552428:  Hold'em Limit ($3/$6 USD) - 2016/11/24 17:58:14 ET
Table 'Fama' 6-max Seat #1 is the button
Seat 1: laubes04 ($222.54 in chips)
Seat 4: DECAlpha ($264.31 in chips)
laubes04: posts small blind $1
DECAlpha: posts big blind $3
*** HOLE CARDS ***
laubes04: folds
Uncalled bet ($2) returned to DECAlpha
DECAlpha collected $2 from pot
DECAlpha: doesn't show hand
*** SUMMARY ***
Total pot $2 | Rake $0
Seat 1: laubes04 (button) (small blind) folded before Flop
Seat 4: DECAlpha (big blind) collected ($2)


PokerStars Hand #161911555766:  Hold'em Limit ($3/$6 USD) - 2016/11/24 17:58:19 ET
Table 'Fama' 6-max Seat #4 is the button
Seat 1: laubes04 ($221.54 in chips)
Seat 4: DECAlpha ($265.31 in chips)
DECAlpha: posts small blind $1
laubes04: posts big blind $3
*** HOLE CARDS ***
DECAlpha: raises $3 to $6
laubes04: calls $3
*** FLOP *** [Tc 7s 8c]
laubes04: checks
DECAlpha: bets $3
laubes04: raises $3 to $6
DECAlpha: calls $3
*** TURN *** [Tc 7s 8c] [Qh]
laubes04: bets $6
DECAlpha: calls $6
*** RIVER *** [Tc 7s 8c Qh] [Th]
laubes04: bets $6
DECAlpha: calls $6
*** SHOW DOWN ***
laubes04: shows [Js 8d] (two pair, Tens and Eights)
DECAlpha: shows [Jh Qc] (two pair, Queens and Tens)
DECAlpha collected $47.50 from pot
*** SUMMARY ***
Total pot $48 | Rake $0.50
Board [Tc 7s 8c Qh Th]
Seat 1: laubes04 (big blind) showed [Js 8d] and lost with two pair, Tens and Eights
Seat 4: DECAlpha (button) (small blind) showed [Jh Qc] and won ($47.50) with two pair, Queens and Tens


PokerStars Hand #161911606251:  Hold'em Limit ($3/$6 USD) - 2016/11/24 17:59:37 ET
Table 'Fama' 6-max Seat #1 is the button
Seat 1: laubes04 ($165.18 in chips)
Seat 4: DECAlpha ($319.81 in chips)
laubes04: posts small blind $1
DECAlpha: posts big blind $3
*** HOLE CARDS ***
laubes04: folds
Uncalled bet ($2) returned to DECAlpha
DECAlpha collected $2 from pot
DECAlpha: doesn't show hand
*** SUMMARY ***
Total pot $2 | Rake $0
Seat 1: laubes04 (button) (small blind) folded before Flop
Seat 4: DECAlpha (big blind) collected ($2)


PokerStars Hand #161911597532:  Hold'em Limit ($3/$6 USD) - 2016/11/24 17:59:24 ET
Table 'Fama' 6-max Seat #4 is the button
Seat 1: laubes04 ($183.18 in chips)
Seat 4: DECAlpha ($302.31 in chips)
DECAlpha: posts small blind $1
laubes04: posts big blind $3
*** HOLE CARDS ***
DECAlpha: raises $3 to $6
laubes04: calls $3
*** FLOP *** [4h Qs Jc]
laubes04: checks
DECAlpha: checks
*** TURN *** [4h Qs Jc] [7d]
laubes04: bets $6
DECAlpha: calls $6
*** RIVER *** [4h Qs Jc 7d] [Js]
laubes04: bets $6
DECAlpha: calls $6
*** SHOW DOWN ***
laubes04: shows [8s 7h] (two pair, Jacks and Sevens)
DECAlpha: shows [As 7c] (two pair, Jacks and Sevens - Ace kicker)
DECAlpha collected $35.50 from pot
*** SUMMARY ***
Total pot $36 | Rake $0.50
Board [4h Qs Jc 7d Js]
Seat 1: laubes04 (big blind) showed [8s 7h] and lost with two pair, Jacks and Sevens
Seat 4: DECAlpha (button) (small blind) showed [As 7c] and won ($35.50) with two pair, Jacks and Sevens


PokerStars Hand #161911616689:  Hold'em Limit ($3/$6 USD) - 2016/11/24 17:59:54 ET
Table 'Fama' 6-max Seat #1 is the button
Seat 1: laubes04 ($172.82 in chips)
Seat 4: DECAlpha ($311.81 in chips)
laubes04: posts small blind $1
DECAlpha: posts big blind $3
*** HOLE CARDS ***
laubes04: raises $3 to $6
DECAlpha: raises $3 to $9
laubes04: calls $3
*** FLOP *** [9s Kc 8h]
DECAlpha: bets $3
laubes04: calls $3
*** TURN *** [9s Kc 8h] [5c]
DECAlpha: checks
laubes04: bets $6
DECAlpha: folds
Uncalled bet ($6) returned to laubes04
laubes04 collected $23.52 from pot
laubes04: doesn't show hand
*** SUMMARY ***
Total pot $24 | Rake $0.48
Board [9s Kc 8h 5c]
Seat 1: laubes04 (button) (small blind) collected ($23.52)
Seat 4: DECAlpha (big blind) folded on the Turn


PokerStars Hand #161911625168:  Hold'em Limit ($3/$6 USD) - 2016/11/24 18:00:06 ET
Table 'Fama' 6-max Seat #4 is the button
Seat 1: laubes04 ($184.34 in chips)
Seat 4: DECAlpha ($299.81 in chips)
DECAlpha: posts small blind $1
laubes04: posts big blind $3
*** HOLE CARDS ***
DECAlpha: folds
Uncalled bet ($2) returned to laubes04
laubes04 collected $2 from pot
laubes04: doesn't show hand
*** SUMMARY ***
Total pot $2 | Rake $0
Seat 1: laubes04 (big blind) collected ($2)
Seat 4: DECAlpha (button) (small blind) folded before Flop


PokerStars Hand #161911583454:  Hold'em Limit ($3/$6 USD) - 2016/11/24 17:59:02 ET
Table 'Fama' 6-max Seat #1 is the button
Seat 1: laubes04 ($174.54 in chips)
Seat 4: DECAlpha ($311.31 in chips)
laubes04: posts small blind $1
DECAlpha: posts big blind $3
*** HOLE CARDS ***
laubes04: raises $3 to $6
DECAlpha: calls $3
*** FLOP *** [6d 8s Jc]
DECAlpha: checks
laubes04: bets $3
DECAlpha: calls $3
*** TURN *** [6d 8s Jc] [Jd]
DECAlpha: checks
laubes04: bets $6
DECAlpha: folds
Uncalled bet ($6) returned to laubes04
laubes04 collected $17.64 from pot
laubes04: doesn't show hand
*** SUMMARY ***
Total pot $18 | Rake $0.36
Board [6d 8s Jc Jd]
Seat 1: laubes04 (button) (small blind) collected ($17.64)
Seat 4: DECAlpha (big blind) folded on the Turn


PokerStars Hand #161911609248:  Hold'em Limit ($3/$6 USD) - 2016/11/24 17:59:42 ET
Table 'Fama' 6-max Seat #4 is the button
Seat 1: laubes04 ($164.18 in chips)
Seat 4: DECAlpha ($320.81 in chips)
DECAlpha: posts small blind $1
laubes04: posts big blind $3
*** HOLE CARDS ***
DECAlpha: raises $3 to $6
laubes04: raises $3 to $9
DECAlpha: calls $3
*** FLOP *** [Jc 4s 6d]
laubes04: bets $3
DECAlpha: folds
Uncalled bet ($3) returned to laubes04
laubes04 collected $17.64 from pot
laubes04: doesn't show hand
*** SUMMARY ***
Total pot $18 | Rake $0.36
Board [Jc 4s 6d]
Seat 1: laubes04 (big blind) collected ($17.64)
Seat 4: DECAlpha (button) (small blind) folded on the Flop


PokerStars Hand #161911649275:  Hold'em Limit ($3/$6 USD) - 2016/11/24 18:00:42 ET
Table 'Fama' 6-max Seat #1 is the button
Seat 1: laubes04 ($193.73 in chips)
Seat 4: DECAlpha ($289.56 in chips)
laubes04: posts small blind $1
DECAlpha: posts big blind $3
*** HOLE CARDS ***
laubes04: raises $3 to $6
DECAlpha: folds
Uncalled bet ($3) returned to laubes04
laubes04 collected $6 from pot
laubes04: doesn't show hand
*** SUMMARY ***
Total pot $6 | Rake $0
Seat 1: laubes04 (button) (small blind) collected ($6)
Seat 4: DECAlpha (big blind) folded before Flop


PokerStars Hand #161911640978:  Hold'em Limit ($3/$6 USD) - 2016/11/24 18:00:30 ET
Table 'Fama' 6-max Seat #4 is the button
Seat 1: laubes04 ($185.09 in chips)
Seat 4: DECAlpha ($298.56 in chips)
DECAlpha: posts small blind $1
laubes04: posts big blind $3
*** HOLE CARDS ***
DECAlpha: raises $3 to $6
laubes04: calls $3
*** FLOP *** [9d Ks As]
laubes04: checks
DECAlpha: bets $3
laubes04: calls $3
*** TURN *** [9d Ks As] [3s]
laubes04: checks
DECAlpha: checks
*** RIVER *** [9d Ks As 3s] [6h]
laubes04: bets $6
DECAlpha: folds
Uncalled bet ($6) returned to laubes04
laubes04 collected $17.64 from pot
laubes04: doesn't show hand
*** SUMMARY ***
Total pot $18 | Rake $0.36
Board [9d Ks As 3s 6h]
Seat 1: laubes04 (big blind) collected ($17.64)
Seat 4: DECAlpha (button) (small blind) folded on the River


PokerStars Hand #161911627807:  Hold'em Limit ($3/$6 USD) - 2016/11/24 18:00:10 ET
Table 'Fama' 6-max Seat #1 is the button
Seat 1: laubes04 ($185.34 in chips)
Seat 4: DECAlpha ($298.81 in chips)
laubes04: posts small blind $1
DECAlpha: posts big blind $3
*** HOLE CARDS ***
laubes04: raises $3 to $6
DECAlpha: calls $3
*** FLOP *** [3h Qd 7h]
DECAlpha: checks
laubes04: bets $3
DECAlpha: raises $3 to $6
laubes04: calls $3
*** TURN *** [3h Qd 7h] [7s]
DECAlpha: bets $6
laubes04: raises $6 to $12
DECAlpha: calls $6
*** RIVER *** [3h Qd 7h 7s] [Qc]
DECAlpha: bets $6
laubes04: raises $6 to $12
DECAlpha: raises $6 to $18
laubes04: raises $6 to $24
Betting is capped
DECAlpha: calls $6
*** SHOW DOWN ***
laubes04: shows [Qs 3s] (a full house, Queens full of Sevens)
DECAlpha: shows [Qh 8s] (a full house, Queens full of Sevens)
DECAlpha collected $47.75 from pot
laubes04 collected $47.75 from pot
*** SUMMARY ***
Total pot $96 | Rake $0.50
Board [3h Qd 7h 7s Qc]
Seat 1: laubes04 (button) (small blind) showed [Qs 3s] and won ($47.75) with a full house, Queens full of Sevens
Seat 4: DECAlpha (big blind) showed [Qh 8s] and won ($47.75) with a full house, Queens full of Sevens


PokerStars Hand #161911655294:  Hold'em Limit ($3/$6 USD) - 2016/11/24 18:00:51 ET
Table 'Fama' 6-max Seat #1 is the button
Seat 1: laubes04 ($197.73 in chips)
Seat 4: DECAlpha ($285.56 in chips)
laubes04: posts small blind $1
DECAlpha: posts big blind $3
*** HOLE CARDS ***
laubes04: folds
Uncalled bet ($2) returned to DECAlpha
DECAlpha collected $2 from pot
DECAlpha: doesn't show hand
*** SUMMARY ***
Total pot $2 | Rake $0
Seat 1: laubes04 (button) (small blind) folded before Flop
Seat 4: DECAlpha (big blind) collected ($2)


PokerStars Hand #161911652413:  Hold'em Limit ($3/$6 USD) - 2016/11/24 18:00:47 ET
Table 'Fama' 6-max Seat #4 is the button
Seat 1: laubes04 ($196.73 in chips)
Seat 4: DECAlpha ($286.56 in chips)
DECAlpha: posts small blind $1
laubes04: posts big blind $3
*** HOLE CARDS ***
DECAlpha: folds
Uncalled bet ($2) returned to laubes04
laubes04 collected $2 from pot
laubes04: doesn't show hand
*** SUMMARY ***
Total pot $2 | Rake $0
Seat 1: laubes04 (big blind) collected ($2)
Seat 4: DECAlpha (button) (small blind) folded before Flop


PokerStars Hand #161911658546:  Hold'em Limit ($3/$6 USD) - 2016/11/24 18:00:55 ET
Table 'Fama' 6-max Seat #4 is the button
Seat 1: laubes04 ($196.73 in chips)
Seat 4: DECAlpha ($286.56 in chips)
DECAlpha: posts small blind $1
laubes04: posts big blind $3
*** HOLE CARDS ***
DECAlpha: folds
Uncalled bet ($2) returned to laubes04
laubes04 collected $2 from pot
laubes04: doesn't show hand
*** SUMMARY ***
Total pot $2 | Rake $0
Seat 1: laubes04 (big blind) collected ($2)
Seat 4: DECAlpha (button) (small blind) folded before Flop


PokerStars Hand #161911661601:  Hold'em Limit ($3/$6 USD) - 2016/11/24 18:01:00 ET
Table 'Fama' 6-max Seat #1 is the button
Seat 1: laubes04 ($197.73 in chips)
Seat 4: DECAlpha ($285.56 in chips)
laubes04: posts small blind $1
DECAlpha: posts big blind $3
*** HOLE CARDS ***
laubes04: raises $3 to $6
DECAlpha: raises $3 to $9
laubes04: calls $3
*** FLOP *** [7c 5c 4s]
DECAlpha: bets $3
laubes04: raises $3 to $6
DECAlpha: raises $3 to $9
laubes04: raises $3 to $12
Betting is capped
DECAlpha: calls $3
*** TURN *** [7c 5c 4s] [3s]
DECAlpha: bets $6
laubes04: raises $6 to $12
DECAlpha: calls $6
*** RIVER *** [7c 5c 4s 3s] [6c]
DECAlpha: checks
laubes04: checks
*** SHOW DOWN ***
DECAlpha: shows [Ac 7s] (a straight, Three to Seven)
laubes04: shows [6d Ks] (a straight, Three to Seven)
DECAlpha collected $32.75 from pot
laubes04 collected $32.75 from pot
*** SUMMARY ***
Total pot $66 | Rake $0.50
Board [7c 5c 4s 3s 6c]
Seat 1: laubes04 (button) (small blind) showed [6d Ks] and won ($32.75) with a straight, Three to Seven
Seat 4: DECAlpha (big blind) showed [Ac 7s] and won ($32.75) with a straight, Three to Seven


PokerStars Hand #161911690844:  Hold'em Limit ($3/$6 USD) - 2016/11/24 18:01:40 ET
Table 'Fama' 6-max Seat #4 is the button
Seat 1: laubes04 ($226.74 in chips)
Seat 4: DECAlpha ($255.31 in chips)
DECAlpha: posts small blind $1
laubes04: posts big blind $3
*** HOLE CARDS ***
DECAlpha: folds
Uncalled bet ($2) returned to laubes04
laubes04 collected $2 from pot
laubes04: doesn't show hand
*** SUMMARY ***
Total pot $2 | Rake $0
Seat 1: laubes04 (big blind) collected ($2)
Seat 4: DECAlpha (button) (small blind) folded before Flop


PokerStars Hand #161911681667:  Hold'em Limit ($3/$6 USD) - 2016/11/24 18:01:27 ET
Table 'Fama' 6-max Seat #1 is the button
Seat 1: laubes04 ($203.24 in chips)
Seat 4: DECAlpha ($279.31 in chips)
laubes04: posts small blind $1
DECAlpha: posts big blind $3
*** HOLE CARDS ***
laubes04: raises $3 to $6
DECAlpha: raises $3 to $9
laubes04: calls $3
*** FLOP *** [Kc 7s Th]
DECAlpha: bets $3
laubes04: calls $3
*** TURN *** [Kc 7s Th] [Jd]
DECAlpha: bets $6
laubes04: calls $6
*** RIVER *** [Kc 7s Th Jd] [6s]
DECAlpha: bets $6
laubes04: calls $6
*** SHOW DOWN ***
DECAlpha: shows [4s As] (high card Ace)
laubes04: shows [8s 7h] (a pair of Sevens)
laubes04 collected $47.50 from pot
*** SUMMARY ***
Total pot $48 | Rake $0.50
Board [Kc 7s Th Jd 6s]
Seat 1: laubes04 (button) (small blind) showed [8s 7h] and won ($47.50) with a pair of Sevens
Seat 4: DECAlpha (big blind) showed [4s As] and lost with high card Ace


PokerStars Hand #161911693772:  Hold'em Limit ($3/$6 USD) - 2016/11/24 18:01:44 ET
Table 'Fama' 6-max Seat #1 is the button
Seat 1: laubes04 ($227.74 in chips)
Seat 4: DECAlpha ($254.31 in chips)
laubes04: posts small blind $1
DECAlpha: posts big blind $3
*** HOLE CARDS ***
DECAlpha said, "bingo fish....."
laubes04: raises $3 to $6
DECAlpha: raises $3 to $9
laubes04: calls $3
*** FLOP *** [Kc 3h 2h]
Mackeral joins the table at seat #6
DECAlpha: bets $3
laubes04: raises $3 to $6
DECAlpha: calls $3
*** TURN *** [Kc 3h 2h] [Qc]
DECAlpha: bets $6
laubes04: raises $6 to $12
DECAlpha: calls $6
*** RIVER *** [Kc 3h 2h Qc] [Qd]
DECAlpha: checks
laubes04: bets $6
DECAlpha: folds
Uncalled bet ($6) returned to laubes04
laubes04 collected $53.50 from pot
laubes04: doesn't show hand
*** SUMMARY ***
Total pot $54 | Rake $0.50
Board [Kc 3h 2h Qc Qd]
Seat 1: laubes04 (button) (small blind) collected ($53.50)
Seat 4: DECAlpha (big blind) folded on the River


PokerStars Hand #161911673909:  Hold'em Limit ($3/$6 USD) - 2016/11/24 18:01:17 ET
Table 'Fama' 6-max Seat #4 is the button
Seat 1: laubes04 ($197.48 in chips)
Seat 4: DECAlpha ($285.31 in chips)
DECAlpha: posts small blind $1
laubes04: posts big blind $3
*** HOLE CARDS ***
DECAlpha: raises $3 to $6
laubes04: calls $3
*** FLOP *** [Jd 8h Ah]
laubes04: checks
DECAlpha: checks
*** TURN *** [Jd 8h Ah] [4c]
laubes04: bets $6
DECAlpha: folds
Uncalled bet ($6) returned to laubes04
laubes04 collected $11.76 from pot
laubes04: doesn't show hand
*** SUMMARY ***
Total pot $12 | Rake $0.24
Board [Jd 8h Ah 4c]
Seat 1: laubes04 (big blind) collected ($11.76)
Seat 4: DECAlpha (button) (small blind) folded on the Turn


PokerStars Hand #161913203118:  Hold'em Limit ($3/$6 USD) - 2016/11/24 18:35:07 ET
Table 'Fama' 6-max Seat #4 is the button
Seat 4: DECAlpha ($173.05 in chips)
Seat 5: italianhero4 ($27.10 in chips)
DECAlpha: posts small blind $1
italianhero4: posts big blind $3
*** HOLE CARDS ***
DECAlpha: raises $3 to $6
italianhero4: folds
Uncalled bet ($3) returned to DECAlpha
DECAlpha collected $6 from pot
DECAlpha: doesn't show hand
*** SUMMARY ***
Total pot $6 | Rake $0
Seat 4: DECAlpha (button) (small blind) collected ($6)
Seat 5: italianhero4 (big blind) folded before Flop


PokerStars Hand #161913193147:  Hold'em Limit ($3/$6 USD) - 2016/11/24 18:34:52 ET
Table 'Fama' 6-max Seat #5 is the button
Seat 4: DECAlpha ($186.85 in chips)
Seat 5: italianhero4 ($13.80 in chips)
italianhero4: posts small blind $1
ToDaFelt: is sitting out
DECAlpha: posts big blind $3
*** HOLE CARDS ***
italianhero4: raises $3 to $6
ToDaFelt leaves the table
DECAlpha: calls $3
*** FLOP *** [6d 5h 4s]
DECAlpha: checks
italianhero4: bets $3
DECAlpha: calls $3
*** TURN *** [6d 5h 4s] [2h]
DECAlpha: checks
italianhero4: bets $4.80 and is all-in
DECAlpha: calls $4.80
*** RIVER *** [6d 5h 4s 2h] [7c]
*** SHOW DOWN ***
DECAlpha: shows [Qs 2s] (a pair of Deuces)
italianhero4: shows [Kd 7d] (a pair of Sevens)
italianhero4 collected $27.10 from pot
*** SUMMARY ***
Total pot $27.60 | Rake $0.50
Board [6d 5h 4s 2h 7c]
Seat 4: DECAlpha (big blind) showed [Qs 2s] and lost with a pair of Deuces
Seat 5: italianhero4 (button) (small blind) showed [Kd 7d] and won ($27.10) with a pair of Sevens


PokerStars Hand #161913206664:  Hold'em Limit ($3/$6 USD) - 2016/11/24 18:35:12 ET
Table 'Fama' 6-max Seat #5 is the button
Seat 4: DECAlpha ($176.05 in chips)
Seat 5: italianhero4 ($24.10 in chips)
italianhero4: posts small blind $1
DECAlpha: posts big blind $3
*** HOLE CARDS ***
italianhero4: raises $3 to $6
DECAlpha: calls $3
*** FLOP *** [Ks Qh Qs]
DECAlpha: checks
italianhero4: bets $3
DECAlpha: folds
Uncalled bet ($3) returned to italianhero4
italianhero4 collected $11.76 from pot
italianhero4: doesn't show hand
sismos404 joins the table at seat #6
*** SUMMARY ***
Total pot $12 | Rake $0.24
Board [Ks Qh Qs]
Seat 4: DECAlpha (big blind) folded on the Flop
Seat 5: italianhero4 (button) (small blind) collected ($11.76)


PokerStars Hand #161913212010:  Hold'em Limit ($3/$6 USD) - 2016/11/24 18:35:20 ET
Table 'Fama' 6-max Seat #4 is the button
Seat 4: DECAlpha ($170.05 in chips)
Seat 5: italianhero4 ($29.86 in chips)
DECAlpha: posts small blind $1
italianhero4: posts big blind $3
*** HOLE CARDS ***
DECAlpha: raises $3 to $6
italianhero4: calls $3
*** FLOP *** [7c 7h Ad]
italianhero4: checks
DECAlpha: bets $3
italianhero4: calls $3
*** TURN *** [7c 7h Ad] [4c]
italianhero4: checks
DECAlpha: bets $6
italianhero4: folds
Uncalled bet ($6) returned to DECAlpha
DECAlpha collected $17.64 from pot
DECAlpha: doesn't show hand
*** SUMMARY ***
Total pot $18 | Rake $0.36
Board [7c 7h Ad 4c]
Seat 4: DECAlpha (button) (small blind) collected ($17.64)
Seat 5: italianhero4 (big blind) folded on the Turn


PokerStars Hand #161913261329:  Hold'em Limit ($3/$6 USD) - 2016/11/24 18:36:32 ET
Table 'Fama' 6-max Seat #4 is the button
Seat 4: DECAlpha ($194.79 in chips)
Seat 6: sismos404 ($36.84 in chips)
DECAlpha: posts small blind $1
sismos404: posts big blind $3
*** HOLE CARDS ***
DECAlpha: raises $3 to $6
sismos404: folds
Uncalled bet ($3) returned to DECAlpha
DECAlpha collected $6 from pot
DECAlpha: doesn't show hand
*** SUMMARY ***
Total pot $6 | Rake $0
Seat 4: DECAlpha (button) (small blind) collected ($6)
Seat 6: sismos404 (big blind) folded before Flop


PokerStars Hand #161913521007:  Hold'em Limit ($3/$6 USD) - 2016/11/24 18:42:44 ET
Table 'Fama' 6-max Seat #1 is the button
Seat 1: ToDaFelt ($104.46 in chips)
Seat 5: italianhero4 ($106.13 in chips)
ToDaFelt: posts small blind $1
DECAlpha: is sitting out
italianhero4: posts big blind $3
*** HOLE CARDS ***
DECAlpha leaves the table
ToDaFelt: raises $3 to $6
italianhero4: folds
Uncalled bet ($3) returned to ToDaFelt
ToDaFelt collected $6 from pot
ToDaFelt: doesn't show hand
*** SUMMARY ***
Total pot $6 | Rake $0
Seat 1: ToDaFelt (button) (small blind) collected ($6)
Seat 5: italianhero4 (big blind) folded before Flop


