PokerStars Hand #162901966123:  Hold'em Limit ($3/$6 USD) - 2016/12/13 17:20:51 ET
Table 'Fama' 6-max Seat #5 is the button
Seat 2: pompier40 ($104.44 in chips)
Seat 5: DirtyDouble2 ($178.16 in chips)
DirtyDouble2: posts small blind $1
pompier40: posts big blind $3
*** HOLE CARDS ***
DirtyDouble2: folds
Uncalled bet ($2) returned to pompier40
pompier40 collected $2 from pot
*** SUMMARY ***
Total pot $2 | Rake $0
Seat 2: pompier40 (big blind) collected ($2)
Seat 5: DirtyDouble2 (button) (small blind) folded before Flop


PokerStars Hand #162901930992:  Hold'em Limit ($3/$6 USD) - 2016/12/13 17:20:13 ET
Table 'Fama' 6-max Seat #5 is the button
Seat 2: pompier40 ($107.94 in chips)
Seat 5: DirtyDouble2 ($175.66 in chips)
DirtyDouble2: posts small blind $1
GRAILKO: is sitting out
pompier40: posts big blind $3
*** HOLE CARDS ***
DirtyDouble2: raises $3 to $6
GRAILKO leaves the table
pompier40: calls $3
*** FLOP *** [Jh 6d Jc]
pompier40: checks
DirtyDouble2: bets $3
pompier40: calls $3
*** TURN *** [Jh 6d Jc] [Qd]
pompier40: checks
DirtyDouble2: checks
*** RIVER *** [Jh 6d Jc Qd] [Kd]
pompier40: bets $6
DirtyDouble2: raises $6 to $12
pompier40: calls $6
*** SHOW DOWN ***
DirtyDouble2: shows [Kh 3c] (two pair, Kings and Jacks)
pompier40: shows [9c Tc] (a straight, Nine to King)
pompier40 collected $41.50 from pot
*** SUMMARY ***
Total pot $42 | Rake $0.50
Board [Jh 6d Jc Qd Kd]
Seat 2: pompier40 (big blind) showed [9c Tc] and won ($41.50) with a straight, Nine to King
Seat 5: DirtyDouble2 (button) (small blind) showed [Kh 3c] and lost with two pair, Kings and Jacks


PokerStars Hand #162902011376:  Hold'em Limit ($3/$6 USD) - 2016/12/13 17:21:39 ET
Table 'Fama' 6-max Seat #5 is the button
Seat 2: pompier40 ($124.94 in chips)
Seat 5: DirtyDouble2 ($157.16 in chips)
DirtyDouble2: posts small blind $1
pompier40: posts big blind $3
*** HOLE CARDS ***
DirtyDouble2: folds
Uncalled bet ($2) returned to pompier40
pompier40 collected $2 from pot
*** SUMMARY ***
Total pot $2 | Rake $0
Seat 2: pompier40 (big blind) collected ($2)
Seat 5: DirtyDouble2 (button) (small blind) folded before Flop


PokerStars Hand #162901975603:  Hold'em Limit ($3/$6 USD) - 2016/12/13 17:21:01 ET
Table 'Fama' 6-max Seat #5 is the button
Seat 2: pompier40 ($104.44 in chips)
Seat 5: DirtyDouble2 ($178.16 in chips)
DirtyDouble2: posts small blind $1
pompier40: posts big blind $3
*** HOLE CARDS ***
DirtyDouble2: raises $3 to $6
pompier40: folds
Uncalled bet ($3) returned to DirtyDouble2
DirtyDouble2 collected $6 from pot
DirtyDouble2: doesn't show hand
*** SUMMARY ***
Total pot $6 | Rake $0
Seat 2: pompier40 (big blind) folded before Flop
Seat 5: DirtyDouble2 (button) (small blind) collected ($6)


PokerStars Hand #162901983809:  Hold'em Limit ($3/$6 USD) - 2016/12/13 17:21:10 ET
Table 'Fama' 6-max Seat #2 is the button
Seat 2: pompier40 ($101.44 in chips)
Seat 5: DirtyDouble2 ($181.16 in chips)
pompier40: posts small blind $1
DirtyDouble2: posts big blind $3
*** HOLE CARDS ***
pompier40: raises $3 to $6
DirtyDouble2: raises $3 to $9
pompier40: calls $3
*** FLOP *** [5d Ks 8s]
DirtyDouble2: bets $3
pompier40: calls $3
*** TURN *** [5d Ks 8s] [Jd]
DirtyDouble2: bets $6
pompier40: calls $6
*** RIVER *** [5d Ks 8s Jd] [Td]
DirtyDouble2: checks
pompier40: bets $6
DirtyDouble2: calls $6
*** SHOW DOWN ***
pompier40: shows [3d 7d] (a flush, Jack high)
DirtyDouble2: mucks hand
pompier40 collected $47.50 from pot
*** SUMMARY ***
Total pot $48 | Rake $0.50
Board [5d Ks 8s Jd Td]
Seat 2: pompier40 (button) (small blind) showed [3d 7d] and won ($47.50) with a flush, Jack high
Seat 5: DirtyDouble2 (big blind) mucked


PokerStars Hand #162902043535:  Hold'em Limit ($3/$6 USD) - 2016/12/13 17:22:13 ET
Table 'Fama' 6-max Seat #5 is the button
Seat 2: pompier40 ($92.94 in chips)
Seat 5: DirtyDouble2 ($188.66 in chips)
DirtyDouble2: posts small blind $1
pompier40: posts big blind $3
*** HOLE CARDS ***
DirtyDouble2: raises $3 to $6
pompier40: folds
Uncalled bet ($3) returned to DirtyDouble2
DirtyDouble2 collected $6 from pot
DirtyDouble2: doesn't show hand
*** SUMMARY ***
Total pot $6 | Rake $0
Seat 2: pompier40 (big blind) folded before Flop
Seat 5: DirtyDouble2 (button) (small blind) collected ($6)


PokerStars Hand #162902016198:  Hold'em Limit ($3/$6 USD) - 2016/12/13 17:21:44 ET
Table 'Fama' 6-max Seat #2 is the button
Seat 2: pompier40 ($125.94 in chips)
Seat 5: DirtyDouble2 ($156.16 in chips)
pompier40: posts small blind $1
DirtyDouble2: posts big blind $3
*** HOLE CARDS ***
pompier40: raises $3 to $6
DirtyDouble2: raises $3 to $9
pompier40: calls $3
*** FLOP *** [7c 5h 5s]
DirtyDouble2: bets $3
pompier40: raises $3 to $6
DirtyDouble2: calls $3
*** TURN *** [7c 5h 5s] [Ts]
DirtyDouble2: checks
pompier40: bets $6
DirtyDouble2: raises $6 to $12
pompier40: calls $6
*** RIVER *** [7c 5h 5s Ts] [6h]
DirtyDouble2: bets $6
pompier40: calls $6
*** SHOW DOWN ***
DirtyDouble2: shows [Qc Qs] (two pair, Queens and Fives)
pompier40: mucks hand
DirtyDouble2 collected $65.50 from pot
*** SUMMARY ***
Total pot $66 | Rake $0.50
Board [7c 5h 5s Ts 6h]
Seat 2: pompier40 (button) (small blind) mucked
Seat 5: DirtyDouble2 (big blind) showed [Qc Qs] and won ($65.50) with two pair, Queens and Fives


