PokerStars Hand #151870651076:  Hold'em Limit ($3/$6 USD) - 2016/04/13 15:38:22 ET
Table 'Fanatica II' 6-max Seat #4 is the button
Seat 3: 19woody58 ($111 in chips)
Seat 4: helder adore ($128.64 in chips)
helder adore: posts small blind $1
19woody58: posts big blind $3
*** HOLE CARDS ***
helder adore: calls $2
19woody58: checks
*** FLOP *** [8h 5c Ts]
19woody58: checks
helder adore: checks
*** TURN *** [8h 5c Ts] [Qh]
19woody58: checks
helder adore: checks
*** RIVER *** [8h 5c Ts Qh] [4h]
19woody58: bets $6
helder adore: calls $6
*** SHOW DOWN ***
19woody58: shows [7s 6d] (a straight, Four to Eight)
helder adore: mucks hand
19woody58 collected $17.64 from pot
*** SUMMARY ***
Total pot $18 | Rake $0.36
Board [8h 5c Ts Qh 4h]
Seat 3: 19woody58 (big blind) showed [7s 6d] and won ($17.64) with a straight, Four to Eight
Seat 4: helder adore (button) (small blind) mucked


PokerStars Hand #151870674267:  Hold'em Limit ($3/$6 USD) - 2016/04/13 15:38:49 ET
Table 'Fanatica II' 6-max Seat #3 is the button
Seat 3: 19woody58 ($119.64 in chips)
Seat 4: helder adore ($119.64 in chips)
19woody58: posts small blind $1
helder adore: posts big blind $3
*** HOLE CARDS ***
19woody58: raises $3 to $6
helder adore: calls $3
*** FLOP *** [6d 8h Qs]
helder adore: bets $3
19woody58: calls $3
*** TURN *** [6d 8h Qs] [8d]
helder adore: bets $6
19woody58: folds
Uncalled bet ($6) returned to helder adore
helder adore collected $17.64 from pot
helder adore: doesn't show hand
*** SUMMARY ***
Total pot $18 | Rake $0.36
Board [6d 8h Qs 8d]
Seat 3: 19woody58 (button) (small blind) folded on the Turn
Seat 4: helder adore (big blind) collected ($17.64)


PokerStars Hand #151870692167:  Hold'em Limit ($3/$6 USD) - 2016/04/13 15:39:09 ET
Table 'Fanatica II' 6-max Seat #4 is the button
Seat 3: 19woody58 ($110.64 in chips)
Seat 4: helder adore ($128.28 in chips)
helder adore: posts small blind $1
19woody58: posts big blind $3
*** HOLE CARDS ***
helder adore: raises $3 to $6
19woody58: folds
Uncalled bet ($3) returned to helder adore
helder adore collected $6 from pot
helder adore: doesn't show hand
*** SUMMARY ***
Total pot $6 | Rake $0
Seat 3: 19woody58 (big blind) folded before Flop
Seat 4: helder adore (button) (small blind) collected ($6)


PokerStars Hand #151870697787:  Hold'em Limit ($3/$6 USD) - 2016/04/13 15:39:16 ET
Table 'Fanatica II' 6-max Seat #3 is the button
Seat 3: 19woody58 ($107.64 in chips)
Seat 4: helder adore ($131.28 in chips)
19woody58: posts small blind $1
helder adore: posts big blind $3
*** HOLE CARDS ***
19woody58: calls $2
helder adore: raises $3 to $6
19woody58: calls $3
*** FLOP *** [Th Kh 7s]
helder adore: bets $3
19woody58: calls $3
*** TURN *** [Th Kh 7s] [Js]
helder adore: bets $6
19woody58: calls $6
*** RIVER *** [Th Kh 7s Js] [8d]
helder adore: bets $6
19woody58: calls $6
*** SHOW DOWN ***
helder adore: shows [As Kd] (a pair of Kings)
19woody58: shows [Jc 7c] (two pair, Jacks and Sevens)
19woody58 collected $41.50 from pot
*** SUMMARY ***
Total pot $42 | Rake $0.50
Board [Th Kh 7s Js 8d]
Seat 3: 19woody58 (button) (small blind) showed [Jc 7c] and won ($41.50) with two pair, Jacks and Sevens
Seat 4: helder adore (big blind) showed [As Kd] and lost with a pair of Kings


PokerStars Hand #151870721244:  Hold'em Limit ($3/$6 USD) - 2016/04/13 15:39:42 ET
Table 'Fanatica II' 6-max Seat #4 is the button
Seat 3: 19woody58 ($128.14 in chips)
Seat 4: helder adore ($110.28 in chips)
helder adore: posts small blind $1
FCB0401 joins the table at seat #2
19woody58: posts big blind $3
*** HOLE CARDS ***
helder adore: calls $2
19woody58: checks
*** FLOP *** [7d 8c Td]
19woody58: checks
helder adore: bets $3
19woody58: folds
Uncalled bet ($3) returned to helder adore
helder adore collected $5.88 from pot
helder adore: doesn't show hand
*** SUMMARY ***
Total pot $6 | Rake $0.12
Board [7d 8c Td]
Seat 3: 19woody58 (big blind) folded on the Flop
Seat 4: helder adore (button) (small blind) collected ($5.88)


PokerStars Hand #151870737546:  Hold'em Limit ($3/$6 USD) - 2016/04/13 15:40:01 ET
Table 'Fanatica II' 6-max Seat #3 is the button
Seat 3: 19woody58 ($125.14 in chips)
Seat 4: helder adore ($113.16 in chips)
19woody58: posts small blind $1
helder adore: posts big blind $3
*** HOLE CARDS ***
19woody58: folds
Uncalled bet ($2) returned to helder adore
helder adore collected $2 from pot
helder adore: doesn't show hand
*** SUMMARY ***
Total pot $2 | Rake $0
Seat 3: 19woody58 (button) (small blind) folded before Flop
Seat 4: helder adore (big blind) collected ($2)


PokerStars Hand #151870816252:  Hold'em Limit ($3/$6 USD) - 2016/04/13 15:41:31 ET
Table 'Fanatica II' 6-max Seat #3 is the button
Seat 2: FCB0401 ($197.78 in chips)
Seat 3: 19woody58 ($184.97 in chips)
19woody58: posts small blind $1
FCB0401: posts big blind $3
*** HOLE CARDS ***
helder adore leaves the table
19woody58: folds
Uncalled bet ($2) returned to FCB0401
FCB0401 collected $2 from pot
FCB0401: doesn't show hand
*** SUMMARY ***
Total pot $2 | Rake $0
Seat 2: FCB0401 (big blind) collected ($2)
Seat 3: 19woody58 (button) (small blind) folded before Flop


PokerStars Hand #151870841477:  Hold'em Limit ($3/$6 USD) - 2016/04/13 15:42:00 ET
Table 'Fanatica II' 6-max Seat #3 is the button
Seat 2: FCB0401 ($189.78 in chips)
Seat 3: 19woody58 ($192.61 in chips)
19woody58: posts small blind $1
FCB0401: posts big blind $3
*** HOLE CARDS ***
Mind90 joins the table at seat #6
19woody58: raises $3 to $6
FCB0401: calls $3
*** FLOP *** [7h 5s 2c]
hasorer joins the table at seat #4
FCB0401: checks
19woody58: bets $3
FCB0401: calls $3
*** TURN *** [7h 5s 2c] [Kc]
FCB0401: checks
19woody58: bets $6
FCB0401: raises $6 to $12
19woody58: calls $6
*** RIVER *** [7h 5s 2c Kc] [Jh]
FCB0401: bets $6
19woody58: calls $6
*** SHOW DOWN ***
FCB0401: shows [Ks 7d] (two pair, Kings and Sevens)
19woody58: mucks hand
FCB0401 collected $53.50 from pot
*** SUMMARY ***
Total pot $54 | Rake $0.50
Board [7h 5s 2c Kc Jh]
Seat 2: FCB0401 (big blind) showed [Ks 7d] and won ($53.50) with two pair, Kings and Sevens
Seat 3: 19woody58 (button) (small blind) mucked


PokerStars Hand #151870821190:  Hold'em Limit ($3/$6 USD) - 2016/04/13 15:41:37 ET
Table 'Fanatica II' 6-max Seat #2 is the button
Seat 2: FCB0401 ($198.78 in chips)
Seat 3: 19woody58 ($183.97 in chips)
FCB0401: posts small blind $1
19woody58: posts big blind $3
*** HOLE CARDS ***
FCB0401: raises $3 to $6
19woody58: calls $3
*** FLOP *** [As Kc Kd]
19woody58: checks
FCB0401: bets $3
19woody58: calls $3
*** TURN *** [As Kc Kd] [2d]
19woody58: checks
FCB0401: checks
*** RIVER *** [As Kc Kd 2d] [6h]
19woody58: bets $6
FCB0401: folds
Uncalled bet ($6) returned to 19woody58
19woody58 collected $17.64 from pot
*** SUMMARY ***
Total pot $18 | Rake $0.36
Board [As Kc Kd 2d 6h]
Seat 2: FCB0401 (button) (small blind) folded on the River
Seat 3: 19woody58 (big blind) collected ($17.64)


PokerStars Hand #151870862212:  Hold'em Limit ($3/$6 USD) - 2016/04/13 15:42:24 ET
Table 'Fanatica II' 6-max Seat #2 is the button
Seat 2: FCB0401 ($216.28 in chips)
Seat 3: 19woody58 ($165.61 in chips)
FCB0401: posts small blind $1
19woody58: posts big blind $3
*** HOLE CARDS ***
FCB0401: calls $2
19woody58: raises $3 to $6
FCB0401: calls $3
*** FLOP *** [2h 4h 8c]
19woody58: bets $3
FCB0401: calls $3
*** TURN *** [2h 4h 8c] [Jc]
19woody58: checks
FCB0401: bets $6
19woody58: calls $6
*** RIVER *** [2h 4h 8c Jc] [Tc]
ValeryRon joins the table at seat #1
19woody58: checks
FCB0401: bets $6
19woody58: raises $6 to $12
FCB0401: calls $6
*** SHOW DOWN ***
19woody58: shows [Qd 9h] (a straight, Eight to Queen)
FCB0401: mucks hand
19woody58 collected $53.50 from pot
*** SUMMARY ***
Total pot $54 | Rake $0.50
Board [2h 4h 8c Jc Tc]
Seat 2: FCB0401 (button) (small blind) mucked
Seat 3: 19woody58 (big blind) showed [Qd 9h] and won ($53.50) with a straight, Eight to Queen


