PokerStars Hand #176142167673:  Hold'em Limit ($3/$6 USD) - 2017/09/26 8:33:19 ET
Table 'Fanatica' 6-max Seat #4 is the button
Seat 1: japachess ($119 in chips)
Seat 4: Agrotait ($67 in chips)
Agrotait: posts small blind $1
japachess: posts big blind $3
*** HOLE CARDS ***
Agrotait: raises $3 to $6
japachess: folds
Uncalled bet ($3) returned to Agrotait
Psynto joins the table at seat #2
Agrotait collected $6 from pot
Agrotait: doesn't show hand
*** SUMMARY ***
Total pot $6 | Rake $0
Seat 1: japachess (big blind) folded before Flop
Seat 4: Agrotait (button) (small blind) collected ($6)


PokerStars Hand #176142163679:  Hold'em Limit ($3/$6 USD) - 2017/09/26 8:33:10 ET
Table 'Fanatica' 6-max Seat #1 is the button
Seat 1: japachess ($120 in chips)
Seat 4: Agrotait ($66 in chips)
japachess: posts small blind $1
Agrotait: posts big blind $3
*** HOLE CARDS ***
japachess: folds
Uncalled bet ($2) returned to Agrotait
Agrotait collected $2 from pot
Agrotait: doesn't show hand
*** SUMMARY ***
Total pot $2 | Rake $0
Seat 1: japachess (button) (small blind) folded before Flop
Seat 4: Agrotait (big blind) collected ($2)


PokerStars Hand #176142239018:  Hold'em Limit ($3/$6 USD) - 2017/09/26 8:35:57 ET
Table 'Fanatica' 6-max Seat #1 is the button
Seat 1: japachess ($126.19 in chips)
Seat 2: Psynto ($99.71 in chips)
japachess: posts small blind $1
Psynto: posts big blind $3
*** HOLE CARDS ***
japachess: folds
Uncalled bet ($2) returned to Psynto
Psynto collected $2 from pot
Psynto: doesn't show hand
*** SUMMARY ***
Total pot $2 | Rake $0
Seat 1: japachess (button) (small blind) folded before Flop
Seat 2: Psynto (big blind) collected ($2)


PokerStars Hand #176142235846:  Hold'em Limit ($3/$6 USD) - 2017/09/26 8:35:50 ET
Table 'Fanatica' 6-max Seat #2 is the button
Seat 1: japachess ($129.19 in chips)
Seat 2: Psynto ($96.71 in chips)
Psynto: posts small blind $1
Agrotait: is sitting out
japachess: posts big blind $3
*** HOLE CARDS ***
Psynto: raises $3 to $6
Agrotait leaves the table
japachess: folds
Uncalled bet ($3) returned to Psynto
Psynto collected $6 from pot
Psynto: doesn't show hand
*** SUMMARY ***
Total pot $6 | Rake $0
Seat 1: japachess (big blind) folded before Flop
Seat 2: Psynto (button) (small blind) collected ($6)


PokerStars Hand #176142241492:  Hold'em Limit ($3/$6 USD) - 2017/09/26 8:36:02 ET
Table 'Fanatica' 6-max Seat #2 is the button
Seat 1: japachess ($125.19 in chips)
Seat 2: Psynto ($100.71 in chips)
Psynto: posts small blind $1
japachess: posts big blind $3
*** HOLE CARDS ***
Psynto: raises $3 to $6
japachess: calls $3
*** FLOP *** [8s Ts 4c]
japachess: checks
Psynto: bets $3
japachess: calls $3
*** TURN *** [8s Ts 4c] [Jh]
japachess: checks
Psynto: checks
*** RIVER *** [8s Ts 4c Jh] [8h]
japachess: bets $6
Psynto: calls $6
*** SHOW DOWN ***
japachess: shows [Qc 9h] (a straight, Eight to Queen)
Psynto: mucks hand
japachess collected $29.50 from pot
*** SUMMARY ***
Total pot $30 | Rake $0.50
Board [8s Ts 4c Jh 8h]
Seat 1: japachess (big blind) showed [Qc 9h] and won ($29.50) with a straight, Eight to Queen
Seat 2: Psynto (button) (small blind) mucked


PokerStars Hand #176142251614:  Hold'em Limit ($3/$6 USD) - 2017/09/26 8:36:24 ET
Table 'Fanatica' 6-max Seat #1 is the button
Seat 1: japachess ($139.69 in chips)
Seat 2: Psynto ($85.71 in chips)
japachess: posts small blind $1
Psynto: posts big blind $3
*** HOLE CARDS ***
japachess: raises $3 to $6
Psynto: calls $3
*** FLOP *** [6s Kd 4h]
Psynto: checks
japachess: bets $3
Psynto: calls $3
*** TURN *** [6s Kd 4h] [3h]
Psynto: checks
japachess: bets $6
Psynto: folds
Uncalled bet ($6) returned to japachess
japachess collected $17.64 from pot
japachess: doesn't show hand
*** SUMMARY ***
Total pot $18 | Rake $0.36
Board [6s Kd 4h 3h]
Seat 1: japachess (button) (small blind) collected ($17.64)
Seat 2: Psynto (big blind) folded on the Turn


PokerStars Hand #176142273974:  Hold'em Limit ($3/$6 USD) - 2017/09/26 8:37:14 ET
Table 'Fanatica' 6-max Seat #1 is the button
Seat 1: japachess ($118.33 in chips)
Seat 2: Psynto ($106.21 in chips)
japachess: posts small blind $1
Psynto: posts big blind $3
*** HOLE CARDS ***
japachess: raises $3 to $6
Psynto: calls $3
*** FLOP *** [3c 2d Kc]
Psynto: checks
japachess: bets $3
Psynto: calls $3
*** TURN *** [3c 2d Kc] [Qs]
Psynto: checks
japachess: bets $6
Psynto: calls $6
*** RIVER *** [3c 2d Kc Qs] [8h]
Psynto: checks
japachess: bets $6
Psynto: calls $6
*** SHOW DOWN ***
japachess: shows [2h Kd] (two pair, Kings and Deuces)
Psynto: mucks hand
japachess collected $41.50 from pot
*** SUMMARY ***
Total pot $42 | Rake $0.50
Board [3c 2d Kc Qs 8h]
Seat 1: japachess (button) (small blind) showed [2h Kd] and won ($41.50) with two pair, Kings and Deuces
Seat 2: Psynto (big blind) mucked


PokerStars Hand #176142260788:  Hold'em Limit ($3/$6 USD) - 2017/09/26 8:36:45 ET
Table 'Fanatica' 6-max Seat #2 is the button
Seat 1: japachess ($148.33 in chips)
Seat 2: Psynto ($76.71 in chips)
Psynto: posts small blind $1
japachess: posts big blind $3
*** HOLE CARDS ***
Psynto: raises $3 to $6
japachess: calls $3
*** FLOP *** [6c 3s 5d]
japachess: checks
Psynto: bets $3
japachess: raises $3 to $6
Psynto: calls $3
*** TURN *** [6c 3s 5d] [Kd]
japachess: checks
Psynto: bets $6
japachess: calls $6
*** RIVER *** [6c 3s 5d Kd] [6d]
japachess: checks
Psynto: bets $6
japachess: raises $6 to $12
Psynto: raises $6 to $18
japachess: folds
Uncalled bet ($6) returned to Psynto
Psynto collected $59.50 from pot
Psynto: doesn't show hand
*** SUMMARY ***
Total pot $60 | Rake $0.50
Board [6c 3s 5d Kd 6d]
Seat 1: japachess (big blind) folded on the River
Seat 2: Psynto (button) (small blind) collected ($59.50)


PokerStars Hand #176142298203:  Hold'em Limit ($3/$6 USD) - 2017/09/26 8:38:07 ET
Table 'Fanatica' 6-max Seat #1 is the button
Seat 1: japachess ($153.33 in chips)
Seat 2: Psynto ($72 in chips)
japachess: posts small blind $1
Psynto: posts big blind $3
*** HOLE CARDS ***
japachess: raises $3 to $6
Psynto: calls $3
*** FLOP *** [3h 5h 3s]
Psynto: checks
japachess: bets $3
Psynto: raises $3 to $6
japachess: calls $3
*** TURN *** [3h 5h 3s] [5c]
Psynto: bets $6
japachess: calls $6
*** RIVER *** [3h 5h 3s 5c] [Jc]
Psynto: bets $6
japachess: calls $6
*** SHOW DOWN ***
Psynto: shows [5d As] (a full house, Fives full of Threes)
japachess: mucks hand
Psynto collected $47.50 from pot
*** SUMMARY ***
Total pot $48 | Rake $0.50
Board [3h 5h 3s 5c Jc]
Seat 1: japachess (button) (small blind) mucked
Seat 2: Psynto (big blind) showed [5d As] and won ($47.50) with a full house, Fives full of Threes


PokerStars Hand #176142282680:  Hold'em Limit ($3/$6 USD) - 2017/09/26 8:37:33 ET
Table 'Fanatica' 6-max Seat #2 is the button
Seat 1: japachess ($138.83 in chips)
Seat 2: Psynto ($85.21 in chips)
Psynto: posts small blind $1
japachess: posts big blind $3
*** HOLE CARDS ***
Psynto: raises $3 to $6
japachess: calls $3
*** FLOP *** [5c 3d 7d]
japachess: bets $3
Psynto: calls $3
*** TURN *** [5c 3d 7d] [9d]
japachess: checks
Psynto: checks
*** RIVER *** [5c 3d 7d 9d] [8h]
japachess: bets $6
Psynto: calls $6
*** SHOW DOWN ***
japachess: shows [Jc 6d] (a straight, Five to Nine)
Psynto: mucks hand
japachess collected $29.50 from pot
*** SUMMARY ***
Total pot $30 | Rake $0.50
Board [5c 3d 7d 9d 8h]
Seat 1: japachess (big blind) showed [Jc 6d] and won ($29.50) with a straight, Five to Nine
Seat 2: Psynto (button) (small blind) mucked


PokerStars Hand #176142328402:  Hold'em Limit ($3/$6 USD) - 2017/09/26 8:39:13 ET
Table 'Fanatica' 6-max Seat #1 is the button
Seat 1: japachess ($163.33 in chips)
Seat 2: Psynto ($72 in chips)
japachess: posts small blind $1
Psynto: posts big blind $3
*** HOLE CARDS ***
japachess: raises $3 to $6
Psynto: calls $3
*** FLOP *** [As 6c Jh]
Psynto: checks
japachess: bets $3
Psynto: calls $3
*** TURN *** [As 6c Jh] [8h]
Psynto: checks
japachess: bets $6
Psynto: calls $6
*** RIVER *** [As 6c Jh 8h] [6s]
Psynto: checks
japachess: bets $6
Psynto: calls $6
*** SHOW DOWN ***
japachess: shows [8c 8d] (a full house, Eights full of Sixes)
Psynto: mucks hand
japachess collected $41.50 from pot
*** SUMMARY ***
Total pot $42 | Rake $0.50
Board [As 6c Jh 8h 6s]
Seat 1: japachess (button) (small blind) showed [8c 8d] and won ($41.50) with a full house, Eights full of Sixes
Seat 2: Psynto (big blind) mucked


PokerStars Hand #176142307813:  Hold'em Limit ($3/$6 USD) - 2017/09/26 8:38:28 ET
Table 'Fanatica' 6-max Seat #2 is the button
Seat 1: japachess ($129.33 in chips)
Seat 2: Psynto ($95.50 in chips)
Psynto: posts small blind $1
japachess: posts big blind $3
*** HOLE CARDS ***
Psynto: raises $3 to $6
japachess: calls $3
*** FLOP *** [5d 2s 9d]
japachess: checks
Psynto: bets $3
japachess: calls $3
*** TURN *** [5d 2s 9d] [8c]
japachess: checks
Psynto: checks
*** RIVER *** [5d 2s 9d 8c] [Ks]
japachess: bets $6
Psynto: calls $6
*** SHOW DOWN ***
japachess: shows [2c 3h] (a pair of Deuces)
Psynto: mucks hand
japachess collected $29.50 from pot
*** SUMMARY ***
Total pot $30 | Rake $0.50
Board [5d 2s 9d 8c Ks]
Seat 1: japachess (big blind) showed [2c 3h] and won ($29.50) with a pair of Deuces
Seat 2: Psynto (button) (small blind) mucked


PokerStars Hand #176142314927:  Hold'em Limit ($3/$6 USD) - 2017/09/26 8:38:43 ET
Table 'Fanatica' 6-max Seat #1 is the button
Seat 1: japachess ($143.83 in chips)
Seat 2: Psynto ($80.50 in chips)
japachess: posts small blind $1
Psynto: posts big blind $3
*** HOLE CARDS ***
japachess: folds
Uncalled bet ($2) returned to Psynto
Psynto collected $2 from pot
Psynto: doesn't show hand
*** SUMMARY ***
Total pot $2 | Rake $0
Seat 1: japachess (button) (small blind) folded before Flop
Seat 2: Psynto (big blind) collected ($2)


PokerStars Hand #176142317318:  Hold'em Limit ($3/$6 USD) - 2017/09/26 8:38:49 ET
Table 'Fanatica' 6-max Seat #2 is the button
Seat 1: japachess ($142.83 in chips)
Seat 2: Psynto ($81.50 in chips)
Psynto: posts small blind $1
japachess: posts big blind $3
*** HOLE CARDS ***
Psynto: raises $3 to $6
japachess: calls $3
*** FLOP *** [8d 4h 9h]
japachess: checks
Psynto: bets $3
japachess: calls $3
*** TURN *** [8d 4h 9h] [2s]
japachess: checks
Psynto: bets $6
japachess: calls $6
*** RIVER *** [8d 4h 9h 2s] [Jd]
japachess: checks
Psynto: bets $6
japachess: calls $6
*** SHOW DOWN ***
Psynto: shows [6h Td] (high card Jack)
japachess: shows [4s As] (a pair of Fours)
japachess collected $41.50 from pot
*** SUMMARY ***
Total pot $42 | Rake $0.50
Board [8d 4h 9h 2s Jd]
Seat 1: japachess (big blind) showed [4s As] and won ($41.50) with a pair of Fours
Seat 2: Psynto (button) (small blind) showed [6h Td] and lost with high card Jack


PokerStars Hand #176142337729:  Hold'em Limit ($3/$6 USD) - 2017/09/26 8:39:33 ET
Table 'Fanatica' 6-max Seat #2 is the button
Seat 1: japachess ($183.83 in chips)
Seat 2: Psynto ($72 in chips)
Psynto: posts small blind $1
japachess: posts big blind $3
*** HOLE CARDS ***
Psynto: raises $3 to $6
japachess: calls $3
*** FLOP *** [5d Th Kh]
japachess: checks
Psynto: bets $3
japachess: folds
Uncalled bet ($3) returned to Psynto
Psynto collected $11.76 from pot
Psynto: doesn't show hand
*** SUMMARY ***
Total pot $12 | Rake $0.24
Board [5d Th Kh]
Seat 1: japachess (big blind) folded on the Flop
Seat 2: Psynto (button) (small blind) collected ($11.76)


PokerStars Hand #176142344906:  Hold'em Limit ($3/$6 USD) - 2017/09/26 8:39:49 ET
Table 'Fanatica' 6-max Seat #1 is the button
Seat 1: japachess ($177.83 in chips)
Seat 2: Psynto ($77.76 in chips)
japachess: posts small blind $1
Psynto: posts big blind $3
*** HOLE CARDS ***
japachess: raises $3 to $6
Psynto: calls $3
*** FLOP *** [7c 9h 8h]
Psynto: checks
japachess: bets $3
Psynto: calls $3
*** TURN *** [7c 9h 8h] [6h]
Psynto: checks
japachess: bets $6
Psynto: calls $6
*** RIVER *** [7c 9h 8h 6h] [2s]
Psynto: checks
japachess: bets $6
Psynto: calls $6
*** SHOW DOWN ***
japachess: shows [Qc Th] (a straight, Six to Ten)
Psynto: mucks hand
japachess collected $41.50 from pot
*** SUMMARY ***
Total pot $42 | Rake $0.50
Board [7c 9h 8h 6h 2s]
Seat 1: japachess (button) (small blind) showed [Qc Th] and won ($41.50) with a straight, Six to Ten
Seat 2: Psynto (big blind) mucked


PokerStars Hand #176142375827:  Hold'em Limit ($3/$6 USD) - 2017/09/26 8:40:56 ET
Table 'Fanatica' 6-max Seat #1 is the button
Seat 1: japachess ($174.33 in chips)
Seat 2: Psynto ($95.50 in chips)
japachess: posts small blind $1
Psynto: posts big blind $3
*** HOLE CARDS ***
japachess: folds
Uncalled bet ($2) returned to Psynto
Psynto collected $2 from pot
Psynto: doesn't show hand
*** SUMMARY ***
Total pot $2 | Rake $0
Seat 1: japachess (button) (small blind) folded before Flop
Seat 2: Psynto (big blind) collected ($2)


PokerStars Hand #176142377913:  Hold'em Limit ($3/$6 USD) - 2017/09/26 8:41:00 ET
Table 'Fanatica' 6-max Seat #2 is the button
Seat 1: japachess ($173.33 in chips)
Seat 2: Psynto ($96.50 in chips)
Psynto: posts small blind $1
japachess: posts big blind $3
*** HOLE CARDS ***
Psynto: raises $3 to $6
japachess: calls $3
*** FLOP *** [2h Tc Th]
japachess: checks
Psynto: bets $3
japachess: calls $3
*** TURN *** [2h Tc Th] [Jc]
japachess: checks
Psynto: bets $6
japachess: calls $6
*** RIVER *** [2h Tc Th Jc] [Kd]
japachess: checks
Psynto: bets $6
japachess: raises $6 to $12
Psynto: raises $6 to $18
japachess: calls $6
*** SHOW DOWN ***
Psynto: shows [Td Ac] (three of a kind, Tens)
japachess: mucks hand
Psynto collected $65.50 from pot
*** SUMMARY ***
Total pot $66 | Rake $0.50
Board [2h Tc Th Jc Kd]
Seat 1: japachess (big blind) mucked
Seat 2: Psynto (button) (small blind) showed [Td Ac] and won ($65.50) with three of a kind, Tens


PokerStars Hand #176142420398:  Hold'em Limit ($3/$6 USD) - 2017/09/26 8:42:31 ET
Table 'Fanatica' 6-max Seat #1 is the button
Seat 1: japachess ($119.97 in chips)
Seat 2: Psynto ($148.26 in chips)
japachess: posts small blind $1
Psynto: posts big blind $3
*** HOLE CARDS ***
japachess: folds
Uncalled bet ($2) returned to Psynto
Psynto collected $2 from pot
Psynto: doesn't show hand
*** SUMMARY ***
Total pot $2 | Rake $0
Seat 1: japachess (button) (small blind) folded before Flop
Seat 2: Psynto (big blind) collected ($2)


PokerStars Hand #176142417273:  Hold'em Limit ($3/$6 USD) - 2017/09/26 8:42:25 ET
Table 'Fanatica' 6-max Seat #2 is the button
Seat 1: japachess ($118.97 in chips)
Seat 2: Psynto ($149.26 in chips)
Psynto: posts small blind $1
japachess: posts big blind $3
*** HOLE CARDS ***
Psynto: folds
Uncalled bet ($2) returned to japachess
japachess collected $2 from pot
japachess: doesn't show hand
*** SUMMARY ***
Total pot $2 | Rake $0
Seat 1: japachess (big blind) collected ($2)
Seat 2: Psynto (button) (small blind) folded before Flop


PokerStars Hand #176142400343:  Hold'em Limit ($3/$6 USD) - 2017/09/26 8:41:48 ET
Table 'Fanatica' 6-max Seat #2 is the button
Seat 1: japachess ($148.97 in chips)
Seat 2: Psynto ($120 in chips)
Psynto: posts small blind $1
japachess: posts big blind $3
*** HOLE CARDS ***
Psynto: raises $3 to $6
japachess: calls $3
*** FLOP *** [2d Kc 8h]
japachess: checks
Psynto: bets $3
japachess: folds
Uncalled bet ($3) returned to Psynto
Psynto collected $11.76 from pot
Psynto: doesn't show hand
*** SUMMARY ***
Total pot $12 | Rake $0.24
Board [2d Kc 8h]
Seat 1: japachess (big blind) folded on the Flop
Seat 2: Psynto (button) (small blind) collected ($11.76)


PokerStars Hand #176142389280:  Hold'em Limit ($3/$6 USD) - 2017/09/26 8:41:25 ET
Table 'Fanatica' 6-max Seat #1 is the button
Seat 1: japachess ($140.33 in chips)
Seat 2: Psynto ($129 in chips)
japachess: posts small blind $1
Psynto: posts big blind $3
*** HOLE CARDS ***
japachess: raises $3 to $6
Psynto: calls $3
*** FLOP *** [Js 5d Jc]
Psynto: checks
japachess: bets $3
Psynto: calls $3
*** TURN *** [Js 5d Jc] [2d]
Psynto: checks
japachess: checks
*** RIVER *** [Js 5d Jc 2d] [Qc]
Psynto: checks
japachess: bets $6
Psynto: folds
Uncalled bet ($6) returned to japachess
japachess collected $17.64 from pot
japachess: doesn't show hand
*** SUMMARY ***
Total pot $18 | Rake $0.36
Board [Js 5d Jc 2d Qc]
Seat 1: japachess (button) (small blind) collected ($17.64)
Seat 2: Psynto (big blind) folded on the River


PokerStars Hand #176142405560:  Hold'em Limit ($3/$6 USD) - 2017/09/26 8:41:59 ET
Table 'Fanatica' 6-max Seat #1 is the button
Seat 1: japachess ($142.97 in chips)
Seat 2: Psynto ($125.76 in chips)
japachess: posts small blind $1
Psynto: posts big blind $3
*** HOLE CARDS ***
japachess: raises $3 to $6
Psynto: raises $3 to $9
japachess: calls $3
*** FLOP *** [Kc 2h 2s]
Psynto: bets $3
japachess: calls $3
*** TURN *** [Kc 2h 2s] [Ks]
Psynto: bets $6
japachess: calls $6
*** RIVER *** [Kc 2h 2s Ks] [Td]
Psynto: bets $6
japachess: calls $6
*** SHOW DOWN ***
Psynto: shows [Kh Ah] (a full house, Kings full of Deuces)
japachess: mucks hand
Psynto collected $47.50 from pot
*** SUMMARY ***
Total pot $48 | Rake $0.50
Board [Kc 2h 2s Ks Td]
Seat 1: japachess (button) (small blind) mucked
Seat 2: Psynto (big blind) showed [Kh Ah] and won ($47.50) with a full house, Kings full of Deuces


PokerStars Hand #176142432993:  Hold'em Limit ($3/$6 USD) - 2017/09/26 8:42:58 ET
Table 'Fanatica' 6-max Seat #1 is the button
Seat 1: japachess ($142.47 in chips)
Seat 2: Psynto ($125.26 in chips)
japachess: posts small blind $1
Psynto: posts big blind $3
*** HOLE CARDS ***
japachess: raises $3 to $6
Psynto: calls $3
*** FLOP *** [4d 3d 6c]
Psynto: checks
japachess: bets $3
Psynto: calls $3
*** TURN *** [4d 3d 6c] [3c]
Psynto: checks
japachess: checks
*** RIVER *** [4d 3d 6c 3c] [5c]
NewRocker joins the table at seat #4
Psynto: bets $6
japachess: folds
Uncalled bet ($6) returned to Psynto
Psynto collected $17.64 from pot
Psynto: doesn't show hand
*** SUMMARY ***
Total pot $18 | Rake $0.36
Board [4d 3d 6c 3c 5c]
Seat 1: japachess (button) (small blind) folded on the River
Seat 2: Psynto (big blind) collected ($17.64)


PokerStars Hand #176142422683:  Hold'em Limit ($3/$6 USD) - 2017/09/26 8:42:36 ET
Table 'Fanatica' 6-max Seat #2 is the button
Seat 1: japachess ($118.97 in chips)
Seat 2: Psynto ($149.26 in chips)
Psynto: posts small blind $1
japachess: posts big blind $3
*** HOLE CARDS ***
Psynto: raises $3 to $6
japachess: calls $3
*** FLOP *** [9h 8s Jc]
japachess: checks
Psynto: bets $3
japachess: raises $3 to $6
Psynto: calls $3
*** TURN *** [9h 8s Jc] [Th]
japachess: bets $6
Psynto: raises $6 to $12
japachess: calls $6
*** RIVER *** [9h 8s Jc Th] [3h]
japachess: checks
Psynto: checks
*** SHOW DOWN ***
japachess: shows [8c 7h] (a straight, Seven to Jack)
Psynto: mucks hand
japachess collected $47.50 from pot
*** SUMMARY ***
Total pot $48 | Rake $0.50
Board [9h 8s Jc Th 3h]
Seat 1: japachess (big blind) showed [8c 7h] and won ($47.50) with a straight, Seven to Jack
Seat 2: Psynto (button) (small blind) mucked


PokerStars Hand #176143039878:  Hold'em Limit ($3/$6 USD) - 2017/09/26 9:05:10 ET
Table 'Fanatica' 6-max Seat #2 is the button
Seat 2: Psynto ($261.27 in chips)
Seat 6: HAOYUN88888 ($79.25 in chips)
Psynto: posts small blind $1
B_loJkl: is sitting out
HAOYUN88888: posts big blind $3
*** HOLE CARDS ***
Psynto: raises $3 to $6
HAOYUN88888: calls $3
*** FLOP *** [3s Jh Ac]
HAOYUN88888: checks
Psynto: bets $3
HAOYUN88888: calls $3
*** TURN *** [3s Jh Ac] [Qh]
HAOYUN88888: checks
Psynto: bets $6
HAOYUN88888: calls $6
*** RIVER *** [3s Jh Ac Qh] [5h]
HAOYUN88888: checks
Psynto: bets $6
HAOYUN88888: folds
Uncalled bet ($6) returned to Psynto
Psynto collected $29.50 from pot
Psynto: doesn't show hand
*** SUMMARY ***
Total pot $30 | Rake $0.50
Board [3s Jh Ac Qh 5h]
Seat 2: Psynto (button) (small blind) collected ($29.50)
Seat 6: HAOYUN88888 (big blind) folded on the River


PokerStars Hand #176143061531:  Hold'em Limit ($3/$6 USD) - 2017/09/26 9:05:55 ET
Table 'Fanatica' 6-max Seat #2 is the button
Seat 2: Psynto ($248.77 in chips)
Seat 6: HAOYUN88888 ($90.75 in chips)
Psynto: posts small blind $1
HAOYUN88888: posts big blind $3
*** HOLE CARDS ***
Psynto: raises $3 to $6
HAOYUN88888: raises $3 to $9
Psynto: calls $3
*** FLOP *** [Jc 2s 9d]
HAOYUN88888: bets $3
Psynto: calls $3
*** TURN *** [Jc 2s 9d] [Jd]
HAOYUN88888: bets $6
Psynto: raises $6 to $12
HAOYUN88888: calls $6
*** RIVER *** [Jc 2s 9d Jd] [9c]
HAOYUN88888: checks
Psynto: bets $6
HAOYUN88888: folds
Uncalled bet ($6) returned to Psynto
Psynto collected $47.50 from pot
Psynto: doesn't show hand
*** SUMMARY ***
Total pot $48 | Rake $0.50
Board [Jc 2s 9d Jd 9c]
Seat 2: Psynto (button) (small blind) collected ($47.50)
Seat 6: HAOYUN88888 (big blind) folded on the River


PokerStars Hand #176143052562:  Hold'em Limit ($3/$6 USD) - 2017/09/26 9:05:37 ET
Table 'Fanatica' 6-max Seat #6 is the button
Seat 2: Psynto ($275.77 in chips)
Seat 6: HAOYUN88888 ($64.25 in chips)
HAOYUN88888: posts small blind $1
Psynto: posts big blind $3
*** HOLE CARDS ***
HAOYUN88888: raises $3 to $6
Psynto: calls $3
*** FLOP *** [Ac Tc 4h]
Psynto: checks
HAOYUN88888: bets $3
Psynto: raises $3 to $6
HAOYUN88888: raises $3 to $9
Psynto: calls $3
*** TURN *** [Ac Tc 4h] [Kc]
Psynto: checks
HAOYUN88888: bets $6
Psynto: calls $6
*** RIVER *** [Ac Tc 4h Kc] [Kd]
Psynto: checks
HAOYUN88888: bets $6
Psynto: calls $6
*** SHOW DOWN ***
HAOYUN88888: shows [7c 9c] (a flush, Ace high)
Psynto: mucks hand
HAOYUN88888 collected $53.50 from pot
*** SUMMARY ***
Total pot $54 | Rake $0.50
Board [Ac Tc 4h Kc Kd]
Seat 2: Psynto (big blind) mucked
Seat 6: HAOYUN88888 (button) (small blind) showed [7c 9c] and won ($53.50) with a flush, Ace high


PokerStars Hand #176143074463:  Hold'em Limit ($3/$6 USD) - 2017/09/26 9:06:21 ET
Table 'Fanatica' 6-max Seat #6 is the button
Seat 2: Psynto ($272.27 in chips)
Seat 6: HAOYUN88888 ($66.75 in chips)
HAOYUN88888: posts small blind $1
Psynto: posts big blind $3
*** HOLE CARDS ***
HAOYUN88888: raises $3 to $6
Psynto: calls $3
*** FLOP *** [Kh 4c 9s]
Psynto: checks
HAOYUN88888: bets $3
LouisB joins the table at seat #1
Psynto: folds
Uncalled bet ($3) returned to HAOYUN88888
HAOYUN88888 collected $11.76 from pot
HAOYUN88888: doesn't show hand
*** SUMMARY ***
Total pot $12 | Rake $0.24
Board [Kh 4c 9s]
Seat 2: Psynto (big blind) folded on the Flop
Seat 6: HAOYUN88888 (button) (small blind) collected ($11.76)


PokerStars Hand #176143079996:  Hold'em Limit ($3/$6 USD) - 2017/09/26 9:06:32 ET
Table 'Fanatica' 6-max Seat #2 is the button
Seat 2: Psynto ($266.27 in chips)
Seat 6: HAOYUN88888 ($72.51 in chips)
Psynto: posts small blind $1
HAOYUN88888: posts big blind $3
*** HOLE CARDS ***
Psynto: raises $3 to $6
HAOYUN88888: raises $3 to $9
Psynto: calls $3
*** FLOP *** [5s 4d 6h]
HAOYUN88888: bets $3
Psynto: raises $3 to $6
HAOYUN88888: calls $3
*** TURN *** [5s 4d 6h] [4c]
HAOYUN88888: checks
Psynto: bets $6
HAOYUN88888: calls $6
*** RIVER *** [5s 4d 6h 4c] [6s]
HAOYUN88888: checks
Psynto: bets $6
HAOYUN88888: calls $6
*** SHOW DOWN ***
Psynto: shows [Jh 6c] (a full house, Sixes full of Fours)
HAOYUN88888: mucks hand
Psynto collected $53.50 from pot
*** SUMMARY ***
Total pot $54 | Rake $0.50
Board [5s 4d 6h 4c 6s]
Seat 2: Psynto (button) (small blind) showed [Jh 6c] and won ($53.50) with a full house, Sixes full of Fours
Seat 6: HAOYUN88888 (big blind) mucked


PokerStars Hand #176143141799:  Hold'em Limit ($3/$6 USD) - 2017/09/26 9:08:36 ET
Table 'Fanatica' 6-max Seat #2 is the button
Seat 2: Psynto ($336.62 in chips)
Seat 6: HAOYUN88888 ($39.27 in chips)
Psynto: posts small blind $1
HAOYUN88888: posts big blind $3
*** HOLE CARDS ***
Psynto: folds
Uncalled bet ($2) returned to HAOYUN88888
HAOYUN88888 collected $2 from pot
HAOYUN88888: doesn't show hand
*** SUMMARY ***
Total pot $2 | Rake $0
Seat 2: Psynto (button) (small blind) folded before Flop
Seat 6: HAOYUN88888 (big blind) collected ($2)


PokerStars Hand #176143131298:  Hold'em Limit ($3/$6 USD) - 2017/09/26 9:08:15 ET
Table 'Fanatica' 6-max Seat #6 is the button
Seat 2: Psynto ($307.12 in chips)
Seat 6: HAOYUN88888 ($69.27 in chips)
HAOYUN88888: posts small blind $1
Psynto: posts big blind $3
*** HOLE CARDS ***
HAOYUN88888: raises $3 to $6
Psynto: calls $3
*** FLOP *** [2d 6c 5s]
Psynto: checks
HAOYUN88888: bets $3
Psynto: raises $3 to $6
HAOYUN88888: calls $3
*** TURN *** [2d 6c 5s] [Qs]
Psynto: bets $6
HAOYUN88888: raises $6 to $12
Psynto: calls $6
*** RIVER *** [2d 6c 5s Qs] [Kd]
Psynto: checks
HAOYUN88888: bets $6
Psynto: calls $6
*** SHOW DOWN ***
HAOYUN88888: shows [4s 9s] (high card King)
Psynto: shows [4c 5d] (a pair of Fives)
Psynto collected $59.50 from pot
*** SUMMARY ***
Total pot $60 | Rake $0.50
Board [2d 6c 5s Qs Kd]
Seat 2: Psynto (big blind) showed [4c 5d] and won ($59.50) with a pair of Fives
Seat 6: HAOYUN88888 (button) (small blind) showed [4s 9s] and lost with high card King


PokerStars Hand #176143127193:  Hold'em Limit ($3/$6 USD) - 2017/09/26 9:08:07 ET
Table 'Fanatica' 6-max Seat #2 is the button
Seat 2: Psynto ($304.12 in chips)
Seat 6: HAOYUN88888 ($72.27 in chips)
Psynto: posts small blind $1
HAOYUN88888: posts big blind $3
*** HOLE CARDS ***
Psynto: raises $3 to $6
HAOYUN88888: folds
Uncalled bet ($3) returned to Psynto
Psynto collected $6 from pot
Psynto: doesn't show hand
*** SUMMARY ***
Total pot $6 | Rake $0
Seat 2: Psynto (button) (small blind) collected ($6)
Seat 6: HAOYUN88888 (big blind) folded before Flop


PokerStars Hand #176143161658:  Hold'em Limit ($3/$6 USD) - 2017/09/26 9:09:09 ET
Table 'Fanatica' 6-max Seat #2 is the button
Seat 2: Psynto ($375.39 in chips)
Seat 6: HAOYUN88888 ($120 in chips)
Psynto: posts small blind $1
HAOYUN88888: posts big blind $3
*** HOLE CARDS ***
Psynto: raises $3 to $6
HAOYUN88888: raises $3 to $9
Psynto: calls $3
*** FLOP *** [Ac Ad 9s]
HAOYUN88888: bets $3
Psynto: calls $3
*** TURN *** [Ac Ad 9s] [Js]
HAOYUN88888: checks
Psynto: checks
*** RIVER *** [Ac Ad 9s Js] [Th]
HAOYUN88888: checks
Psynto: checks
*** SHOW DOWN ***
HAOYUN88888: shows [4d 2d] (a pair of Aces)
Psynto: shows [Ks 2s] (a pair of Aces - King kicker)
Psynto collected $23.52 from pot
*** SUMMARY ***
Total pot $24 | Rake $0.48
Board [Ac Ad 9s Js Th]
Seat 2: Psynto (button) (small blind) showed [Ks 2s] and won ($23.52) with a pair of Aces
Seat 6: HAOYUN88888 (big blind) showed [4d 2d] and lost with a pair of Aces


PokerStars Hand #176143143950:  Hold'em Limit ($3/$6 USD) - 2017/09/26 9:08:40 ET
Table 'Fanatica' 6-max Seat #6 is the button
Seat 2: Psynto ($335.62 in chips)
Seat 6: HAOYUN88888 ($40.27 in chips)
HAOYUN88888: posts small blind $1
Psynto: posts big blind $3
*** HOLE CARDS ***
HAOYUN88888: raises $3 to $6
Psynto: raises $3 to $9
HAOYUN88888: raises $3 to $12
Betting is capped
Psynto: calls $3
*** FLOP *** [8h 9h 7c]
Psynto: checks
HAOYUN88888: checks
*** TURN *** [8h 9h 7c] [Ac]
Psynto: bets $6
HAOYUN88888: raises $6 to $12
Psynto: raises $6 to $18
HAOYUN88888: raises $6 to $24
Betting is capped
Psynto: calls $6
*** RIVER *** [8h 9h 7c Ac] [8d]
Psynto: bets $6
HAOYUN88888: calls $4.27 and is all-in
Uncalled bet ($1.73) returned to Psynto
*** SHOW DOWN ***
Psynto: shows [Js Ts] (a straight, Seven to Jack)
HAOYUN88888: shows [5s Ad] (two pair, Aces and Eights)
Psynto collected $80.04 from pot
*** SUMMARY ***
Total pot $80.54 | Rake $0.50
Board [8h 9h 7c Ac 8d]
Seat 2: Psynto (big blind) showed [Js Ts] and won ($80.04) with a straight, Seven to Jack
Seat 6: HAOYUN88888 (button) (small blind) showed [5s Ad] and lost with two pair, Aces and Eights


PokerStars Hand #176143169390:  Hold'em Limit ($3/$6 USD) - 2017/09/26 9:09:25 ET
Table 'Fanatica' 6-max Seat #6 is the button
Seat 2: Psynto ($386.91 in chips)
Seat 6: HAOYUN88888 ($108 in chips)
HAOYUN88888: posts small blind $1
Psynto: posts big blind $3
*** HOLE CARDS ***
HAOYUN88888: raises $3 to $6
Psynto: raises $3 to $9
HAOYUN88888: calls $3
*** FLOP *** [4s Qh Ah]
Psynto: bets $3
HAOYUN88888: calls $3
*** TURN *** [4s Qh Ah] [4h]
Psynto: bets $6
HAOYUN88888: calls $6
*** RIVER *** [4s Qh Ah 4h] [Jc]
Psynto: bets $6
HAOYUN88888: calls $6
*** SHOW DOWN ***
Psynto: shows [Ac Kd] (two pair, Aces and Fours)
HAOYUN88888: mucks hand
Psynto collected $47.50 from pot
*** SUMMARY ***
Total pot $48 | Rake $0.50
Board [4s Qh Ah 4h Jc]
Seat 2: Psynto (big blind) showed [Ac Kd] and won ($47.50) with two pair, Aces and Fours
Seat 6: HAOYUN88888 (button) (small blind) mucked


PokerStars Hand #176143185658:  Hold'em Limit ($3/$6 USD) - 2017/09/26 9:09:58 ET
Table 'Fanatica' 6-max Seat #2 is the button
Seat 2: Psynto ($399.41 in chips)
Seat 6: HAOYUN88888 ($94.52 in chips)
Psynto: posts small blind $1
HAOYUN88888: posts big blind $3
*** HOLE CARDS ***
Psynto: raises $3 to $6
HAOYUN88888: calls $3
*** FLOP *** [9h 5d 4d]
HAOYUN88888: checks
Psynto: bets $3
HAOYUN88888: calls $3
*** TURN *** [9h 5d 4d] [8c]
HAOYUN88888: checks
Psynto: bets $6
HAOYUN88888: raises $6 to $12
Psynto: raises $6 to $18
HAOYUN88888: calls $6
*** RIVER *** [9h 5d 4d 8c] [Kd]
HAOYUN88888: checks
Psynto: checks
*** SHOW DOWN ***
HAOYUN88888: shows [Th 6h] (high card King)
Psynto: shows [9c 3c] (a pair of Nines)
Psynto collected $53.50 from pot
*** SUMMARY ***
Total pot $54 | Rake $0.50
Board [9h 5d 4d 8c Kd]
Seat 2: Psynto (button) (small blind) showed [9c 3c] and won ($53.50) with a pair of Nines
Seat 6: HAOYUN88888 (big blind) showed [Th 6h] and lost with high card King


PokerStars Hand #176143183392:  Hold'em Limit ($3/$6 USD) - 2017/09/26 9:09:53 ET
Table 'Fanatica' 6-max Seat #6 is the button
Seat 2: Psynto ($398.41 in chips)
Seat 6: HAOYUN88888 ($95.52 in chips)
HAOYUN88888: posts small blind $1
Psynto: posts big blind $3
*** HOLE CARDS ***
HAOYUN88888: folds
Uncalled bet ($2) returned to Psynto
Psynto collected $2 from pot
Psynto: doesn't show hand
*** SUMMARY ***
Total pot $2 | Rake $0
Seat 2: Psynto (big blind) collected ($2)
Seat 6: HAOYUN88888 (button) (small blind) folded before Flop


PokerStars Hand #176143177071:  Hold'em Limit ($3/$6 USD) - 2017/09/26 9:09:40 ET
Table 'Fanatica' 6-max Seat #2 is the button
Seat 2: Psynto ($410.41 in chips)
Seat 6: HAOYUN88888 ($84 in chips)
Psynto: posts small blind $1
HAOYUN88888: posts big blind $3
*** HOLE CARDS ***
Psynto: raises $3 to $6
HAOYUN88888: calls $3
*** FLOP *** [9s Qh 3s]
HAOYUN88888: checks
Psynto: bets $3
HAOYUN88888: raises $3 to $6
Psynto: calls $3
*** TURN *** [9s Qh 3s] [5s]
HAOYUN88888: bets $6
Psynto: folds
Uncalled bet ($6) returned to HAOYUN88888
HAOYUN88888 collected $23.52 from pot
HAOYUN88888: doesn't show hand
*** SUMMARY ***
Total pot $24 | Rake $0.48
Board [9s Qh 3s 5s]
Seat 2: Psynto (button) (small blind) folded on the Turn
Seat 6: HAOYUN88888 (big blind) collected ($23.52)


PokerStars Hand #176143207315:  Hold'em Limit ($3/$6 USD) - 2017/09/26 9:10:41 ET
Table 'Fanatica' 6-max Seat #2 is the button
Seat 2: Psynto ($434.55 in chips)
Seat 6: HAOYUN88888 ($58.52 in chips)
Psynto: posts small blind $1
HAOYUN88888: posts big blind $3
*** HOLE CARDS ***
Psynto: raises $3 to $6
HAOYUN88888: calls $3
*** FLOP *** [6d 3d 8d]
HAOYUN88888: checks
Psynto: bets $3
HAOYUN88888: raises $3 to $6
Psynto: calls $3
*** TURN *** [6d 3d 8d] [9s]
HAOYUN88888: bets $6
Psynto: calls $6
*** RIVER *** [6d 3d 8d 9s] [Ts]
HAOYUN88888: checks
Psynto: bets $6
HAOYUN88888: calls $6
*** SHOW DOWN ***
Psynto: shows [7h Ah] (a straight, Six to Ten)
HAOYUN88888: mucks hand
Psynto collected $47.50 from pot
*** SUMMARY ***
Total pot $48 | Rake $0.50
Board [6d 3d 8d 9s Ts]
Seat 2: Psynto (button) (small blind) showed [7h Ah] and won ($47.50) with a straight, Six to Ten
Seat 6: HAOYUN88888 (big blind) mucked


PokerStars Hand #176143218224:  Hold'em Limit ($3/$6 USD) - 2017/09/26 9:11:03 ET
Table 'Fanatica' 6-max Seat #6 is the button
Seat 2: Psynto ($458.05 in chips)
Seat 6: HAOYUN88888 ($34.52 in chips)
HAOYUN88888: posts small blind $1
Psynto: posts big blind $3
*** HOLE CARDS ***
HAOYUN88888: folds
Uncalled bet ($2) returned to Psynto
Psynto collected $2 from pot
Psynto: doesn't show hand
*** SUMMARY ***
Total pot $2 | Rake $0
Seat 2: Psynto (big blind) collected ($2)
Seat 6: HAOYUN88888 (button) (small blind) folded before Flop


PokerStars Hand #176143220478:  Hold'em Limit ($3/$6 USD) - 2017/09/26 9:11:07 ET
Table 'Fanatica' 6-max Seat #2 is the button
Seat 2: Psynto ($459.05 in chips)
Seat 6: HAOYUN88888 ($33.52 in chips)
Psynto: posts small blind $1
HAOYUN88888: posts big blind $3
*** HOLE CARDS ***
Psynto: raises $3 to $6
BelSv joins the table at seat #1
B_loJkl leaves the table
HAOYUN88888: raises $3 to $9
Psynto: calls $3
*** FLOP *** [7d 4d Jh]
HAOYUN88888: bets $3
Psynto: calls $3
*** TURN *** [7d 4d Jh] [Ts]
HAOYUN88888: bets $6
Psynto: calls $6
*** RIVER *** [7d 4d Jh Ts] [Qd]
HAOYUN88888: bets $6
Psynto: calls $6
*** SHOW DOWN ***
HAOYUN88888: shows [Kh Ac] (a straight, Ten to Ace)
Psynto: mucks hand
HAOYUN88888 collected $47.50 from pot
*** SUMMARY ***
Total pot $48 | Rake $0.50
Board [7d 4d Jh Ts Qd]
Seat 2: Psynto (button) (small blind) mucked
Seat 6: HAOYUN88888 (big blind) showed [Kh Ac] and won ($47.50) with a straight, Ten to Ace


PokerStars Hand #176143433257:  Hold'em Limit ($3/$6 USD) - 2017/09/26 9:18:11 ET
Table 'Fanatica' 6-max Seat #2 is the button
Seat 1: BelSv ($102.38 in chips)
Seat 2: Psynto ($457.66 in chips)
Psynto: posts small blind $1
HAOYUN88888: is sitting out
BelSv: posts big blind $3
*** HOLE CARDS ***
Psynto: raises $3 to $6
BelSv: calls $3
*** FLOP *** [Ks Kc 7c]
BelSv: checks
Psynto: bets $3
BelSv: calls $3
*** TURN *** [Ks Kc 7c] [8c]
BelSv: checks
Psynto: bets $6
BelSv: calls $6
*** RIVER *** [Ks Kc 7c 8c] [Ad]
BelSv: checks
Psynto: bets $6
BelSv: calls $6
*** SHOW DOWN ***
Psynto: shows [Qd Kh] (three of a kind, Kings)
BelSv: mucks hand
Psynto collected $41.50 from pot
*** SUMMARY ***
Total pot $42 | Rake $0.50
Board [Ks Kc 7c 8c Ad]
Seat 1: BelSv (big blind) mucked
Seat 2: Psynto (button) (small blind) showed [Qd Kh] and won ($41.50) with three of a kind, Kings


