PokerStars Hand #160335811138:  Hold'em Limit ($3/$6 USD) - 2016/10/23 14:03:04 ET
Table 'Fantasia' 6-max Seat #1 is the button
Seat 1: Azrarn ($145.50 in chips)
Seat 5: mogoallin ($94 in chips)
Azrarn: posts small blind $1
mogoallin: posts big blind $3
*** HOLE CARDS ***
Azrarn: raises $3 to $6
mogoallin: folds
Uncalled bet ($3) returned to Azrarn
Azrarn collected $6 from pot
*** SUMMARY ***
Total pot $6 | Rake $0
Seat 1: Azrarn (button) (small blind) collected ($6)
Seat 5: mogoallin (big blind) folded before Flop


PokerStars Hand #160335781915:  Hold'em Limit ($3/$6 USD) - 2016/10/23 14:02:35 ET
Table 'Fantasia' 6-max Seat #5 is the button
Seat 1: Azrarn ($119 in chips)
Seat 5: mogoallin ($121 in chips)
mogoallin: posts small blind $1
Azrarn: posts big blind $3
*** HOLE CARDS ***
mogoallin: raises $3 to $6
Azrarn: raises $3 to $9
mogoallin: calls $3
*** FLOP *** [6h 8c 5d]
Azrarn: checks
mogoallin: bets $3
Azrarn: raises $3 to $6
mogoallin: raises $3 to $9
Azrarn: raises $3 to $12
Betting is capped
mogoallin: calls $3
*** TURN *** [6h 8c 5d] [Qh]
Azrarn: bets $6
mogoallin: calls $6
*** RIVER *** [6h 8c 5d Qh] [9d]
Azrarn: checks
mogoallin: checks
*** SHOW DOWN ***
Azrarn: shows [Qs Qc] (three of a kind, Queens)
mogoallin: mucks hand
Azrarn collected $53.50 from pot
*** SUMMARY ***
Total pot $54 | Rake $0.50
Board [6h 8c 5d Qh 9d]
Seat 1: Azrarn (big blind) showed [Qs Qc] and won ($53.50) with three of a kind, Queens
Seat 5: mogoallin (button) (small blind) mucked


PokerStars Hand #160335854310:  Hold'em Limit ($3/$6 USD) - 2016/10/23 14:03:50 ET
Table 'Fantasia' 6-max Seat #5 is the button
Seat 1: Azrarn ($145 in chips)
Seat 5: mogoallin ($241.24 in chips)
mogoallin: posts small blind $1
Azrarn: posts big blind $3
*** HOLE CARDS ***
mogoallin: raises $3 to $6
Azrarn: folds
Uncalled bet ($3) returned to mogoallin
mogoallin collected $6 from pot
*** SUMMARY ***
Total pot $6 | Rake $0
Seat 1: Azrarn (big blind) folded before Flop
Seat 5: mogoallin (button) (small blind) collected ($6)


PokerStars Hand #160335837928:  Hold'em Limit ($3/$6 USD) - 2016/10/23 14:03:33 ET
Table 'Fantasia' 6-max Seat #1 is the button
Seat 1: Azrarn ($169 in chips)
Seat 5: mogoallin ($217.74 in chips)
Azrarn: posts small blind $1
mogoallin: posts big blind $3
*** HOLE CARDS ***
Azrarn: raises $3 to $6
mogoallin: raises $3 to $9
Azrarn: calls $3
*** FLOP *** [Jc 5d 6c]
mogoallin: bets $3
Azrarn: calls $3
*** TURN *** [Jc 5d 6c] [9d]
mogoallin: bets $6
Azrarn: calls $6
*** RIVER *** [Jc 5d 6c 9d] [Ah]
mogoallin: bets $6
Azrarn: calls $6
*** SHOW DOWN ***
mogoallin: shows [9s 9c] (three of a kind, Nines)
Azrarn: mucks hand
mogoallin collected $47.50 from pot
*** SUMMARY ***
Total pot $48 | Rake $0.50
Board [Jc 5d 6c 9d Ah]
Seat 1: Azrarn (button) (small blind) mucked
Seat 5: mogoallin (big blind) showed [9s 9c] and won ($47.50) with three of a kind, Nines


PokerStars Hand #160335817362:  Hold'em Limit ($3/$6 USD) - 2016/10/23 14:03:11 ET
Table 'Fantasia' 6-max Seat #5 is the button
Seat 1: Azrarn ($148.50 in chips)
Seat 5: mogoallin ($238.74 in chips)
mogoallin: posts small blind $1
Azrarn: posts big blind $3
*** HOLE CARDS ***
mogoallin: raises $3 to $6
Azrarn: calls $3
*** FLOP *** [9h 9d 6c]
Azrarn: checks
mogoallin: bets $3
Azrarn: calls $3
*** TURN *** [9h 9d 6c] [Ks]
Azrarn: bets $6
mogoallin: raises $6 to $12
Azrarn: calls $6
*** RIVER *** [9h 9d 6c Ks] [8c]
Azrarn: checks
mogoallin: checks
*** SHOW DOWN ***
Azrarn: shows [7s 8h] (two pair, Nines and Eights)
mogoallin: mucks hand
Azrarn collected $41.50 from pot
*** SUMMARY ***
Total pot $42 | Rake $0.50
Board [9h 9d 6c Ks 8c]
Seat 1: Azrarn (big blind) showed [7s 8h] and won ($41.50) with two pair, Nines and Eights
Seat 5: mogoallin (button) (small blind) mucked


PokerStars Hand #160335924675:  Hold'em Limit ($3/$6 USD) - 2016/10/23 14:05:03 ET
Table 'Fantasia' 6-max Seat #5 is the button
Seat 1: Azrarn ($147.50 in chips)
Seat 5: mogoallin ($237.28 in chips)
mogoallin: posts small blind $1
Azrarn: posts big blind $3
*** HOLE CARDS ***
mogoallin: raises $3 to $6
Azrarn: calls $3
*** FLOP *** [4d 3c 6s]
Azrarn: checks
mogoallin: checks
*** TURN *** [4d 3c 6s] [As]
Azrarn: checks
mogoallin: bets $6
Azrarn: calls $6
*** RIVER *** [4d 3c 6s As] [4s]
Azrarn: checks
mogoallin: checks
*** SHOW DOWN ***
Azrarn: shows [Kd Th] (a pair of Fours)
mogoallin: mucks hand
Azrarn collected $23.52 from pot
*** SUMMARY ***
Total pot $24 | Rake $0.48
Board [4d 3c 6s As 4s]
Seat 1: Azrarn (big blind) showed [Kd Th] and won ($23.52) with a pair of Fours
Seat 5: mogoallin (button) (small blind) mucked


PokerStars Hand #160335919638:  Hold'em Limit ($3/$6 USD) - 2016/10/23 14:04:58 ET
Table 'Fantasia' 6-max Seat #1 is the button
Seat 1: Azrarn ($144.50 in chips)
Seat 5: mogoallin ($240.28 in chips)
Azrarn: posts small blind $1
mogoallin: posts big blind $3
*** HOLE CARDS ***
Azrarn: raises $3 to $6
mogoallin: folds
Uncalled bet ($3) returned to Azrarn
Azrarn collected $6 from pot
*** SUMMARY ***
Total pot $6 | Rake $0
Seat 1: Azrarn (button) (small blind) collected ($6)
Seat 5: mogoallin (big blind) folded before Flop


PokerStars Hand #160335907720:  Hold'em Limit ($3/$6 USD) - 2016/10/23 14:04:45 ET
Table 'Fantasia' 6-max Seat #5 is the button
Seat 1: Azrarn ($150.50 in chips)
Seat 5: mogoallin ($234.52 in chips)
mogoallin: posts small blind $1
Azrarn: posts big blind $3
*** HOLE CARDS ***
mogoallin: raises $3 to $6
Azrarn: calls $3
*** FLOP *** [Ks Jh 7d]
Azrarn: checks
mogoallin: bets $3
Azrarn: folds
Uncalled bet ($3) returned to mogoallin
mogoallin collected $11.76 from pot
mogoallin: doesn't show hand
*** SUMMARY ***
Total pot $12 | Rake $0.24
Board [Ks Jh 7d]
Seat 1: Azrarn (big blind) folded on the Flop
Seat 5: mogoallin (button) (small blind) collected ($11.76)


PokerStars Hand #160335888401:  Hold'em Limit ($3/$6 USD) - 2016/10/23 14:04:25 ET
Table 'Fantasia' 6-max Seat #1 is the button
Seat 1: Azrarn ($124 in chips)
Seat 5: mogoallin ($261.52 in chips)
Azrarn: posts small blind $1
mogoallin: posts big blind $3
*** HOLE CARDS ***
Azrarn: raises $3 to $6
mogoallin: raises $3 to $9
Azrarn: raises $3 to $12
Betting is capped
mogoallin: calls $3
*** FLOP *** [3d 4d 3h]
mogoallin: checks
Azrarn: bets $3
mogoallin: calls $3
*** TURN *** [3d 4d 3h] [7h]
mogoallin: checks
Azrarn: bets $6
mogoallin: calls $6
*** RIVER *** [3d 4d 3h 7h] [5d]
mogoallin: checks
Azrarn: bets $6
mogoallin: calls $6
*** SHOW DOWN ***
Azrarn: shows [Kh Kd] (two pair, Kings and Threes)
mogoallin: mucks hand
Azrarn collected $53.50 from pot
*** SUMMARY ***
Total pot $54 | Rake $0.50
Board [3d 4d 3h 7h 5d]
Seat 1: Azrarn (button) (small blind) showed [Kh Kd] and won ($53.50) with two pair, Kings and Threes
Seat 5: mogoallin (big blind) mucked


PokerStars Hand #160335880445:  Hold'em Limit ($3/$6 USD) - 2016/10/23 14:04:17 ET
Table 'Fantasia' 6-max Seat #5 is the button
Seat 1: Azrarn ($130 in chips)
Seat 5: mogoallin ($255.76 in chips)
mogoallin: posts small blind $1
Azrarn: posts big blind $3
*** HOLE CARDS ***
mogoallin: raises $3 to $6
Azrarn: calls $3
*** FLOP *** [9c Qd 2c]
Azrarn: checks
mogoallin: bets $3
Azrarn: folds
Uncalled bet ($3) returned to mogoallin
mogoallin collected $11.76 from pot
mogoallin: doesn't show hand
*** SUMMARY ***
Total pot $12 | Rake $0.24
Board [9c Qd 2c]
Seat 1: Azrarn (big blind) folded on the Flop
Seat 5: mogoallin (button) (small blind) collected ($11.76)


PokerStars Hand #160335859855:  Hold'em Limit ($3/$6 USD) - 2016/10/23 14:03:56 ET
Table 'Fantasia' 6-max Seat #1 is the button
Seat 1: Azrarn ($142 in chips)
Seat 5: mogoallin ($244.24 in chips)
Azrarn: posts small blind $1
mogoallin: posts big blind $3
*** HOLE CARDS ***
Azrarn: raises $3 to $6
mogoallin: calls $3
*** FLOP *** [3h 9d 6s]
mogoallin: checks
Azrarn: bets $3
mogoallin: raises $3 to $6
Azrarn: calls $3
*** TURN *** [3h 9d 6s] [7d]
mogoallin: bets $6
Azrarn: folds
Uncalled bet ($6) returned to mogoallin
mogoallin collected $23.52 from pot
mogoallin: doesn't show hand
*** SUMMARY ***
Total pot $24 | Rake $0.48
Board [3h 9d 6s 7d]
Seat 1: Azrarn (button) (small blind) folded on the Turn
Seat 5: mogoallin (big blind) collected ($23.52)


PokerStars Hand #160335983701:  Hold'em Limit ($3/$6 USD) - 2016/10/23 14:06:03 ET
Table 'Fantasia' 6-max Seat #1 is the button
Seat 1: Azrarn ($134.78 in chips)
Seat 5: mogoallin ($248.28 in chips)
Azrarn: posts small blind $1
mogoallin: posts big blind $3
*** HOLE CARDS ***
Azrarn: raises $3 to $6
mogoallin: calls $3
*** FLOP *** [2s 7c Kh]
mogoallin: checks
Azrarn: bets $3
mogoallin: raises $3 to $6
Azrarn: folds
Uncalled bet ($3) returned to mogoallin
mogoallin collected $17.64 from pot
mogoallin: doesn't show hand
*** SUMMARY ***
Total pot $18 | Rake $0.36
Board [2s 7c Kh]
Seat 1: Azrarn (button) (small blind) folded on the Flop
Seat 5: mogoallin (big blind) collected ($17.64)


PokerStars Hand #160335974101:  Hold'em Limit ($3/$6 USD) - 2016/10/23 14:05:53 ET
Table 'Fantasia' 6-max Seat #5 is the button
Seat 1: Azrarn ($129.02 in chips)
Seat 5: mogoallin ($254.28 in chips)
mogoallin: posts small blind $1
Azrarn: posts big blind $3
*** HOLE CARDS ***
mogoallin: raises $3 to $6
Azrarn: calls $3
*** FLOP *** [Jd Kd 4h]
Azrarn: checks
mogoallin: checks
*** TURN *** [Jd Kd 4h] [2h]
Azrarn: bets $6
mogoallin: folds
Uncalled bet ($6) returned to Azrarn
Azrarn collected $11.76 from pot
*** SUMMARY ***
Total pot $12 | Rake $0.24
Board [Jd Kd 4h 2h]
Seat 1: Azrarn (big blind) collected ($11.76)
Seat 5: mogoallin (button) (small blind) folded on the Turn


PokerStars Hand #160335969121:  Hold'em Limit ($3/$6 USD) - 2016/10/23 14:05:48 ET
Table 'Fantasia' 6-max Seat #1 is the button
Seat 1: Azrarn ($126.02 in chips)
Seat 5: mogoallin ($257.28 in chips)
Azrarn: posts small blind $1
mogoallin: posts big blind $3
*** HOLE CARDS ***
Azrarn: raises $3 to $6
mogoallin: folds
Uncalled bet ($3) returned to Azrarn
Azrarn collected $6 from pot
*** SUMMARY ***
Total pot $6 | Rake $0
Seat 1: Azrarn (button) (small blind) collected ($6)
Seat 5: mogoallin (big blind) folded before Flop


PokerStars Hand #160335951763:  Hold'em Limit ($3/$6 USD) - 2016/10/23 14:05:30 ET
Table 'Fantasia' 6-max Seat #5 is the button
Seat 1: Azrarn ($141.02 in chips)
Seat 5: mogoallin ($242.78 in chips)
mogoallin: posts small blind $1
Azrarn: posts big blind $3
*** HOLE CARDS ***
mogoallin: raises $3 to $6
Azrarn: calls $3
*** FLOP *** [Td Qc 4c]
Azrarn: checks
mogoallin: bets $3
Azrarn: calls $3
*** TURN *** [Td Qc 4c] [8s]
Azrarn: checks
mogoallin: bets $6
Azrarn: calls $6
*** RIVER *** [Td Qc 4c 8s] [5c]
Azrarn: checks
mogoallin: bets $6
Azrarn: folds
Uncalled bet ($6) returned to mogoallin
mogoallin collected $29.50 from pot
mogoallin: doesn't show hand
*** SUMMARY ***
Total pot $30 | Rake $0.50
Board [Td Qc 4c 8s 5c]
Seat 1: Azrarn (big blind) folded on the River
Seat 5: mogoallin (button) (small blind) collected ($29.50)


PokerStars Hand #160335937799:  Hold'em Limit ($3/$6 USD) - 2016/10/23 14:05:16 ET
Table 'Fantasia' 6-max Seat #1 is the button
Seat 1: Azrarn ($159.02 in chips)
Seat 5: mogoallin ($225.28 in chips)
Azrarn: posts small blind $1
mogoallin: posts big blind $3
*** HOLE CARDS ***
Azrarn: raises $3 to $6
mogoallin: raises $3 to $9
Azrarn: calls $3
*** FLOP *** [Jd 3s 6s]
mogoallin: bets $3
Azrarn: calls $3
*** TURN *** [Jd 3s 6s] [5h]
mogoallin: bets $6
Azrarn: calls $6
*** RIVER *** [Jd 3s 6s 5h] [Th]
mogoallin: bets $6
Azrarn: folds
Uncalled bet ($6) returned to mogoallin
mogoallin collected $35.50 from pot
mogoallin: doesn't show hand
*** SUMMARY ***
Total pot $36 | Rake $0.50
Board [Jd 3s 6s 5h Th]
Seat 1: Azrarn (button) (small blind) folded on the River
Seat 5: mogoallin (big blind) collected ($35.50)


PokerStars Hand #160336033294:  Hold'em Limit ($3/$6 USD) - 2016/10/23 14:06:54 ET
Table 'Fantasia' 6-max Seat #5 is the button
Seat 1: Azrarn ($152.04 in chips)
Seat 5: mogoallin ($229.68 in chips)
mogoallin: posts small blind $1
Azrarn: posts big blind $3
*** HOLE CARDS ***
mogoallin: raises $3 to $6
Azrarn: calls $3
*** FLOP *** [Kd Jh Ks]
Azrarn: checks
mogoallin: bets $3
Azrarn: calls $3
*** TURN *** [Kd Jh Ks] [2c]
Azrarn: checks
mogoallin: checks
*** RIVER *** [Kd Jh Ks 2c] [Jc]
Azrarn: checks
mogoallin: checks
*** SHOW DOWN ***
Azrarn: shows [3h Qh] (two pair, Kings and Jacks)
mogoallin: mucks hand
Azrarn collected $17.64 from pot
*** SUMMARY ***
Total pot $18 | Rake $0.36
Board [Kd Jh Ks 2c Jc]
Seat 1: Azrarn (big blind) showed [3h Qh] and won ($17.64) with two pair, Kings and Jacks
Seat 5: mogoallin (button) (small blind) mucked


PokerStars Hand #160336028300:  Hold'em Limit ($3/$6 USD) - 2016/10/23 14:06:49 ET
Table 'Fantasia' 6-max Seat #1 is the button
Seat 1: Azrarn ($149.04 in chips)
Seat 5: mogoallin ($232.68 in chips)
Azrarn: posts small blind $1
mogoallin: posts big blind $3
*** HOLE CARDS ***
Azrarn: raises $3 to $6
mogoallin: folds
Uncalled bet ($3) returned to Azrarn
Azrarn collected $6 from pot
*** SUMMARY ***
Total pot $6 | Rake $0
Seat 1: Azrarn (button) (small blind) collected ($6)
Seat 5: mogoallin (big blind) folded before Flop


PokerStars Hand #160336020894:  Hold'em Limit ($3/$6 USD) - 2016/10/23 14:06:41 ET
Table 'Fantasia' 6-max Seat #5 is the button
Seat 1: Azrarn ($155.04 in chips)
Seat 5: mogoallin ($226.92 in chips)
mogoallin: posts small blind $1
Azrarn: posts big blind $3
*** HOLE CARDS ***
mogoallin: raises $3 to $6
Azrarn: calls $3
*** FLOP *** [Qd 3h 3d]
Azrarn: checks
mogoallin: bets $3
Azrarn: folds
Uncalled bet ($3) returned to mogoallin
mogoallin collected $11.76 from pot
mogoallin: doesn't show hand
*** SUMMARY ***
Total pot $12 | Rake $0.24
Board [Qd 3h 3d]
Seat 1: Azrarn (big blind) folded on the Flop
Seat 5: mogoallin (button) (small blind) collected ($11.76)


PokerStars Hand #160336007134:  Hold'em Limit ($3/$6 USD) - 2016/10/23 14:06:27 ET
Table 'Fantasia' 6-max Seat #1 is the button
Seat 1: Azrarn ($131.54 in chips)
Seat 5: mogoallin ($250.92 in chips)
Azrarn: posts small blind $1
mogoallin: posts big blind $3
*** HOLE CARDS ***
Azrarn: raises $3 to $6
mogoallin: raises $3 to $9
Azrarn: calls $3
*** FLOP *** [6c 6s Ks]
mogoallin: bets $3
Azrarn: calls $3
*** TURN *** [6c 6s Ks] [5h]
mogoallin: bets $6
Azrarn: calls $6
*** RIVER *** [6c 6s Ks 5h] [Qs]
mogoallin: bets $6
Azrarn: calls $6
*** SHOW DOWN ***
mogoallin: shows [3h Ac] (a pair of Sixes)
Azrarn: shows [Qc 3s] (two pair, Queens and Sixes)
Azrarn collected $47.50 from pot
*** SUMMARY ***
Total pot $48 | Rake $0.50
Board [6c 6s Ks 5h Qs]
Seat 1: Azrarn (button) (small blind) showed [Qc 3s] and won ($47.50) with two pair, Queens and Sixes
Seat 5: mogoallin (big blind) showed [3h Ac] and lost with a pair of Sixes


PokerStars Hand #160335996030:  Hold'em Limit ($3/$6 USD) - 2016/10/23 14:06:15 ET
Table 'Fantasia' 6-max Seat #5 is the button
Seat 1: Azrarn ($125.78 in chips)
Seat 5: mogoallin ($256.92 in chips)
mogoallin: posts small blind $1
Azrarn: posts big blind $3
*** HOLE CARDS ***
mogoallin: raises $3 to $6
Azrarn: calls $3
*** FLOP *** [Ts 2d 4s]
Azrarn: checks
mogoallin: checks
*** TURN *** [Ts 2d 4s] [8s]
Azrarn: bets $6
mogoallin: folds
Uncalled bet ($6) returned to Azrarn
Azrarn collected $11.76 from pot
*** SUMMARY ***
Total pot $12 | Rake $0.24
Board [Ts 2d 4s 8s]
Seat 1: Azrarn (big blind) collected ($11.76)
Seat 5: mogoallin (button) (small blind) folded on the Turn


PokerStars Hand #160336098828:  Hold'em Limit ($3/$6 USD) - 2016/10/23 14:08:02 ET
Table 'Fantasia' 6-max Seat #5 is the button
Seat 1: Azrarn ($139.43 in chips)
Seat 5: mogoallin ($240.93 in chips)
mogoallin: posts small blind $1
Azrarn: posts big blind $3
*** HOLE CARDS ***
mogoallin: folds
Uncalled bet ($2) returned to Azrarn
Azrarn collected $2 from pot
*** SUMMARY ***
Total pot $2 | Rake $0
Seat 1: Azrarn (big blind) collected ($2)
Seat 5: mogoallin (button) (small blind) folded before Flop


PokerStars Hand #160336093101:  Hold'em Limit ($3/$6 USD) - 2016/10/23 14:07:56 ET
Table 'Fantasia' 6-max Seat #1 is the button
Seat 1: Azrarn ($136.43 in chips)
Seat 5: mogoallin ($243.93 in chips)
Azrarn: posts small blind $1
mogoallin: posts big blind $3
*** HOLE CARDS ***
Azrarn: raises $3 to $6
mogoallin: folds
Uncalled bet ($3) returned to Azrarn
Azrarn collected $6 from pot
*** SUMMARY ***
Total pot $6 | Rake $0
Seat 1: Azrarn (button) (small blind) collected ($6)
Seat 5: mogoallin (big blind) folded before Flop


PokerStars Hand #160336077311:  Hold'em Limit ($3/$6 USD) - 2016/10/23 14:07:40 ET
Table 'Fantasia' 6-max Seat #5 is the button
Seat 1: Azrarn ($136.68 in chips)
Seat 5: mogoallin ($244.18 in chips)
mogoallin: posts small blind $1
Azrarn: posts big blind $3
*** HOLE CARDS ***
mogoallin: raises $3 to $6
Azrarn: calls $3
*** FLOP *** [Qh Td 2c]
Azrarn: checks
mogoallin: bets $3
Azrarn: calls $3
*** TURN *** [Qh Td 2c] [7h]
Azrarn: checks
mogoallin: bets $6
Azrarn: raises $6 to $12
mogoallin: raises $6 to $18
Azrarn: calls $6
*** RIVER *** [Qh Td 2c 7h] [7c]
Azrarn: checks
mogoallin: bets $6
Azrarn: calls $6
*** SHOW DOWN ***
mogoallin: shows [Qc 4s] (two pair, Queens and Sevens)
Azrarn: shows [Qd 4d] (two pair, Queens and Sevens)
Azrarn collected $32.75 from pot
mogoallin collected $32.75 from pot
*** SUMMARY ***
Total pot $66 | Rake $0.50
Board [Qh Td 2c 7h 7c]
Seat 1: Azrarn (big blind) showed [Qd 4d] and won ($32.75) with two pair, Queens and Sevens
Seat 5: mogoallin (button) (small blind) showed [Qc 4s] and won ($32.75) with two pair, Queens and Sevens


PokerStars Hand #160336053542:  Hold'em Limit ($3/$6 USD) - 2016/10/23 14:07:15 ET
Table 'Fantasia' 6-max Seat #1 is the button
Seat 1: Azrarn ($160.68 in chips)
Seat 5: mogoallin ($220.68 in chips)
Azrarn: posts small blind $1
mogoallin: posts big blind $3
*** HOLE CARDS ***
Azrarn: raises $3 to $6
mogoallin: raises $3 to $9
Azrarn: calls $3
*** FLOP *** [4d Qs 6c]
mogoallin: bets $3
Azrarn: calls $3
*** TURN *** [4d Qs 6c] [6h]
mogoallin: bets $6
Azrarn: raises $6 to $12
mogoallin: raises $6 to $18
Azrarn: folds
Uncalled bet ($6) returned to mogoallin
mogoallin collected $47.50 from pot
mogoallin: doesn't show hand
*** SUMMARY ***
Total pot $48 | Rake $0.50
Board [4d Qs 6c 6h]
Seat 1: Azrarn (button) (small blind) folded on the Turn
Seat 5: mogoallin (big blind) collected ($47.50)


PokerStars Hand #160336141981:  Hold'em Limit ($3/$6 USD) - 2016/10/23 14:08:46 ET
Table 'Fantasia' 6-max Seat #5 is the button
Seat 1: Azrarn ($104.43 in chips)
Seat 5: mogoallin ($274.93 in chips)
mogoallin: posts small blind $1
Azrarn: posts big blind $3
*** HOLE CARDS ***
mogoallin: raises $3 to $6
Azrarn: raises $3 to $9
mogoallin: calls $3
*** FLOP *** [Ac 3d 5c]
Azrarn: bets $3
mogoallin: calls $3
*** TURN *** [Ac 3d 5c] [9h]
Azrarn: bets $6
mogoallin: calls $6
*** RIVER *** [Ac 3d 5c 9h] [Tc]
Azrarn: checks
mogoallin: checks
*** SHOW DOWN ***
Azrarn: shows [4h 4d] (a pair of Fours)
mogoallin: mucks hand
Azrarn collected $35.50 from pot
*** SUMMARY ***
Total pot $36 | Rake $0.50
Board [Ac 3d 5c 9h Tc]
Seat 1: Azrarn (big blind) showed [4h 4d] and won ($35.50) with a pair of Fours
Seat 5: mogoallin (button) (small blind) mucked


PokerStars Hand #160336136869:  Hold'em Limit ($3/$6 USD) - 2016/10/23 14:08:41 ET
Table 'Fantasia' 6-max Seat #1 is the button
Seat 1: Azrarn ($101.43 in chips)
Seat 5: mogoallin ($277.93 in chips)
Azrarn: posts small blind $1
mogoallin: posts big blind $3
*** HOLE CARDS ***
Azrarn: raises $3 to $6
mogoallin: folds
Uncalled bet ($3) returned to Azrarn
Azrarn collected $6 from pot
*** SUMMARY ***
Total pot $6 | Rake $0
Seat 1: Azrarn (button) (small blind) collected ($6)
Seat 5: mogoallin (big blind) folded before Flop


PokerStars Hand #160336123212:  Hold'em Limit ($3/$6 USD) - 2016/10/23 14:08:27 ET
Table 'Fantasia' 6-max Seat #5 is the button
Seat 1: Azrarn ($122.43 in chips)
Seat 5: mogoallin ($257.43 in chips)
mogoallin: posts small blind $1
Azrarn: posts big blind $3
*** HOLE CARDS ***
mogoallin: raises $3 to $6
Azrarn: raises $3 to $9
mogoallin: calls $3
*** FLOP *** [Qc 9c 8c]
Azrarn: bets $3
mogoallin: raises $3 to $6
Azrarn: calls $3
*** TURN *** [Qc 9c 8c] [3d]
Azrarn: checks
mogoallin: bets $6
Azrarn: calls $6
*** RIVER *** [Qc 9c 8c 3d] [Tc]
Azrarn: checks
mogoallin: checks
*** SHOW DOWN ***
Azrarn: shows [9h Th] (two pair, Tens and Nines)
mogoallin: shows [9d Qh] (two pair, Queens and Nines)
mogoallin collected $41.50 from pot
*** SUMMARY ***
Total pot $42 | Rake $0.50
Board [Qc 9c 8c 3d Tc]
Seat 1: Azrarn (big blind) showed [9h Th] and lost with two pair, Tens and Nines
Seat 5: mogoallin (button) (small blind) showed [9d Qh] and won ($41.50) with two pair, Queens and Nines


PokerStars Hand #160336104291:  Hold'em Limit ($3/$6 USD) - 2016/10/23 14:08:07 ET
Table 'Fantasia' 6-max Seat #1 is the button
Seat 1: Azrarn ($140.43 in chips)
Seat 5: mogoallin ($239.93 in chips)
Azrarn: posts small blind $1
mogoallin: posts big blind $3
*** HOLE CARDS ***
Azrarn: raises $3 to $6
mogoallin: calls $3
*** FLOP *** [6c 3h 9h]
mogoallin: checks
Azrarn: bets $3
mogoallin: raises $3 to $6
Azrarn: raises $3 to $9
mogoallin: raises $3 to $12
Betting is capped
Azrarn: calls $3
*** TURN *** [6c 3h 9h] [5h]
mogoallin: checks
Azrarn: checks
*** RIVER *** [6c 3h 9h 5h] [Ah]
mogoallin: checks
Azrarn: checks
*** SHOW DOWN ***
mogoallin: shows [5s 7h] (a flush, Ace high)
Azrarn: mucks hand
mogoallin collected $35.50 from pot
*** SUMMARY ***
Total pot $36 | Rake $0.50
Board [6c 3h 9h 5h Ah]
Seat 1: Azrarn (button) (small blind) mucked
Seat 5: mogoallin (big blind) showed [5s 7h] and won ($35.50) with a flush, Ace high


PokerStars Hand #160336214024:  Hold'em Limit ($3/$6 USD) - 2016/10/23 14:10:00 ET
Table 'Fantasia' 6-max Seat #5 is the button
Seat 1: Azrarn ($153.93 in chips)
Seat 5: mogoallin ($223.57 in chips)
mogoallin: posts small blind $1
Azrarn: posts big blind $3
*** HOLE CARDS ***
mogoallin: raises $3 to $6
Azrarn: calls $3
*** FLOP *** [4h 5d As]
Azrarn: checks
mogoallin: bets $3
Azrarn: calls $3
*** TURN *** [4h 5d As] [3d]
Azrarn: checks
mogoallin: bets $6
Azrarn: raises $6 to $12
mogoallin: calls $6
*** RIVER *** [4h 5d As 3d] [Ts]
Azrarn: bets $6
mogoallin: calls $6
*** SHOW DOWN ***
Azrarn: shows [2h 6h] (a straight, Deuce to Six)
mogoallin: mucks hand
Azrarn collected $53.50 from pot
*** SUMMARY ***
Total pot $54 | Rake $0.50
Board [4h 5d As 3d Ts]
Seat 1: Azrarn (big blind) showed [2h 6h] and won ($53.50) with a straight, Deuce to Six
Seat 5: mogoallin (button) (small blind) mucked


PokerStars Hand #160336205881:  Hold'em Limit ($3/$6 USD) - 2016/10/23 14:09:52 ET
Table 'Fantasia' 6-max Seat #1 is the button
Seat 1: Azrarn ($162.93 in chips)
Seat 5: mogoallin ($214.93 in chips)
Azrarn: posts small blind $1
mogoallin: posts big blind $3
*** HOLE CARDS ***
Azrarn: raises $3 to $6
mogoallin: raises $3 to $9
Azrarn: calls $3
*** FLOP *** [9s Qs 3s]
mogoallin: bets $3
Azrarn: folds
Uncalled bet ($3) returned to mogoallin
mogoallin collected $17.64 from pot
mogoallin: doesn't show hand
*** SUMMARY ***
Total pot $18 | Rake $0.36
Board [9s Qs 3s]
Seat 1: Azrarn (button) (small blind) folded on the Flop
Seat 5: mogoallin (big blind) collected ($17.64)


PokerStars Hand #160336197371:  Hold'em Limit ($3/$6 USD) - 2016/10/23 14:09:43 ET
Table 'Fantasia' 6-max Seat #5 is the button
Seat 1: Azrarn ($161.93 in chips)
Seat 5: mogoallin ($215.93 in chips)
mogoallin: posts small blind $1
Azrarn: posts big blind $3
*** HOLE CARDS ***
mogoallin: folds
Uncalled bet ($2) returned to Azrarn
Azrarn collected $2 from pot
*** SUMMARY ***
Total pot $2 | Rake $0
Seat 1: Azrarn (big blind) collected ($2)
Seat 5: mogoallin (button) (small blind) folded before Flop


PokerStars Hand #160336191848:  Hold'em Limit ($3/$6 USD) - 2016/10/23 14:09:38 ET
Table 'Fantasia' 6-max Seat #1 is the button
Seat 1: Azrarn ($162.93 in chips)
Seat 5: mogoallin ($214.93 in chips)
Azrarn: posts small blind $1
mogoallin: posts big blind $3
*** HOLE CARDS ***
Azrarn: folds
Uncalled bet ($2) returned to mogoallin
mogoallin collected $2 from pot
*** SUMMARY ***
Total pot $2 | Rake $0
Seat 1: Azrarn (button) (small blind) folded before Flop
Seat 5: mogoallin (big blind) collected ($2)


PokerStars Hand #160336176460:  Hold'em Limit ($3/$6 USD) - 2016/10/23 14:09:22 ET
Table 'Fantasia' 6-max Seat #5 is the button
Seat 1: Azrarn ($145.43 in chips)
Seat 5: mogoallin ($232.93 in chips)
mogoallin: posts small blind $1
Azrarn: posts big blind $3
*** HOLE CARDS ***
mogoallin: raises $3 to $6
Azrarn: calls $3
*** FLOP *** [Jd 5h 5c]
Azrarn: checks
mogoallin: bets $3
Azrarn: raises $3 to $6
mogoallin: raises $3 to $9
Azrarn: raises $3 to $12
Betting is capped
mogoallin: calls $3
*** TURN *** [Jd 5h 5c] [Td]
Azrarn: bets $6
mogoallin: folds
Uncalled bet ($6) returned to Azrarn
Azrarn collected $35.50 from pot
Azrarn: shows [6h 4c] (a pair of Fives)
*** SUMMARY ***
Total pot $36 | Rake $0.50
Board [Jd 5h 5c Td]
Seat 1: Azrarn (big blind) collected ($35.50)
Seat 5: mogoallin (button) (small blind) folded on the Turn


PokerStars Hand #160336158876:  Hold'em Limit ($3/$6 USD) - 2016/10/23 14:09:03 ET
Table 'Fantasia' 6-max Seat #1 is the button
Seat 1: Azrarn ($121.93 in chips)
Seat 5: mogoallin ($256.93 in chips)
Azrarn: posts small blind $1
mogoallin: posts big blind $3
*** HOLE CARDS ***
Azrarn: raises $3 to $6
mogoallin: raises $3 to $9
Azrarn: calls $3
*** FLOP *** [7s 4c 5h]
mogoallin: checks
Azrarn: bets $3
mogoallin: calls $3
*** TURN *** [7s 4c 5h] [5c]
mogoallin: checks
Azrarn: bets $6
mogoallin: calls $6
*** RIVER *** [7s 4c 5h 5c] [7c]
mogoallin: checks
Azrarn: bets $6
mogoallin: calls $6
*** SHOW DOWN ***
Azrarn: shows [6d Ah] (two pair, Sevens and Fives)
mogoallin: mucks hand
Azrarn collected $47.50 from pot
*** SUMMARY ***
Total pot $48 | Rake $0.50
Board [7s 4c 5h 5c 7c]
Seat 1: Azrarn (button) (small blind) showed [6d Ah] and won ($47.50) with two pair, Sevens and Fives
Seat 5: mogoallin (big blind) mucked


PokerStars Hand #160336252289:  Hold'em Limit ($3/$6 USD) - 2016/10/23 14:10:40 ET
Table 'Fantasia' 6-max Seat #1 is the button
Seat 1: Azrarn ($191.93 in chips)
Seat 5: mogoallin ($184.21 in chips)
Azrarn: posts small blind $1
mogoallin: posts big blind $3
*** HOLE CARDS ***
Azrarn: raises $3 to $6
mogoallin: raises $3 to $9
Azrarn: raises $3 to $12
Betting is capped
mogoallin: calls $3
*** FLOP *** [As 2c 6h]
mogoallin: bets $3
Azrarn: calls $3
*** TURN *** [As 2c 6h] [Tc]
mogoallin: bets $6
Azrarn: calls $6
*** RIVER *** [As 2c 6h Tc] [Qd]
mogoallin: bets $6
Azrarn: calls $6
*** SHOW DOWN ***
mogoallin: shows [Qs Jd] (a pair of Queens)
Azrarn: mucks hand
mogoallin collected $53.50 from pot
*** SUMMARY ***
Total pot $54 | Rake $0.50
Board [As 2c 6h Tc Qd]
Seat 1: Azrarn (button) (small blind) mucked
Seat 5: mogoallin (big blind) showed [Qs Jd] and won ($53.50) with a pair of Queens


PokerStars Hand #160336236487:  Hold'em Limit ($3/$6 USD) - 2016/10/23 14:10:23 ET
Table 'Fantasia' 6-max Seat #5 is the button
Seat 1: Azrarn ($171.43 in chips)
Seat 5: mogoallin ($205.21 in chips)
mogoallin: posts small blind $1
Azrarn: posts big blind $3
*** HOLE CARDS ***
mogoallin: raises $3 to $6
Azrarn: calls $3
*** FLOP *** [Jc 7d Td]
Azrarn: checks
mogoallin: bets $3
Azrarn: calls $3
*** TURN *** [Jc 7d Td] [9d]
Azrarn: checks
mogoallin: bets $6
Azrarn: raises $6 to $12
mogoallin: calls $6
*** RIVER *** [Jc 7d Td 9d] [6d]
Azrarn: checks
mogoallin: checks
*** SHOW DOWN ***
Azrarn: shows [7c 8h] (a straight, Seven to Jack)
mogoallin: mucks hand
Azrarn collected $41.50 from pot
*** SUMMARY ***
Total pot $42 | Rake $0.50
Board [Jc 7d Td 9d 6d]
Seat 1: Azrarn (big blind) showed [7c 8h] and won ($41.50) with a straight, Seven to Jack
Seat 5: mogoallin (button) (small blind) mucked


PokerStars Hand #160336228652:  Hold'em Limit ($3/$6 USD) - 2016/10/23 14:10:15 ET
Table 'Fantasia' 6-max Seat #1 is the button
Seat 1: Azrarn ($180.43 in chips)
Seat 5: mogoallin ($196.57 in chips)
Azrarn: posts small blind $1
mogoallin: posts big blind $3
*** HOLE CARDS ***
Azrarn: raises $3 to $6
mogoallin: raises $3 to $9
Azrarn: calls $3
*** FLOP *** [Qd Jd Tc]
mogoallin: bets $3
Azrarn: folds
Uncalled bet ($3) returned to mogoallin
mogoallin collected $17.64 from pot
mogoallin: doesn't show hand
*** SUMMARY ***
Total pot $18 | Rake $0.36
Board [Qd Jd Tc]
Seat 1: Azrarn (button) (small blind) folded on the Flop
Seat 5: mogoallin (big blind) collected ($17.64)


PokerStars Hand #160336336930:  Hold'em Limit ($3/$6 USD) - 2016/10/23 14:12:07 ET
Table 'Fantasia' 6-max Seat #1 is the button
Seat 1: Azrarn ($160.19 in chips)
Seat 5: mogoallin ($213.75 in chips)
Azrarn: posts small blind $1
mogoallin: posts big blind $3
*** HOLE CARDS ***
Azrarn: raises $3 to $6
mogoallin: folds
Uncalled bet ($3) returned to Azrarn
Azrarn collected $6 from pot
*** SUMMARY ***
Total pot $6 | Rake $0
Seat 1: Azrarn (button) (small blind) collected ($6)
Seat 5: mogoallin (big blind) folded before Flop


PokerStars Hand #160336323740:  Hold'em Limit ($3/$6 USD) - 2016/10/23 14:11:53 ET
Table 'Fantasia' 6-max Seat #5 is the button
Seat 1: Azrarn ($169.19 in chips)
Seat 5: mogoallin ($205.11 in chips)
mogoallin: posts small blind $1
Azrarn: posts big blind $3
*** HOLE CARDS ***
mogoallin: raises $3 to $6
Azrarn: calls $3
*** FLOP *** [4c Kd 7d]
Azrarn: checks
mogoallin: bets $3
Azrarn: calls $3
*** TURN *** [4c Kd 7d] [Jh]
Azrarn: checks
mogoallin: checks
*** RIVER *** [4c Kd 7d Jh] [5h]
Azrarn: checks
mogoallin: checks
*** SHOW DOWN ***
Azrarn: shows [Qh 8h] (high card King)
mogoallin: shows [Qd 9c] (high card King - Queen+Jack+Nine kicker)
mogoallin collected $17.64 from pot
*** SUMMARY ***
Total pot $18 | Rake $0.36
Board [4c Kd 7d Jh 5h]
Seat 1: Azrarn (big blind) showed [Qh 8h] and lost with high card King
Seat 5: mogoallin (button) (small blind) showed [Qd 9c] and won ($17.64) with high card King


PokerStars Hand #160336319141:  Hold'em Limit ($3/$6 USD) - 2016/10/23 14:11:49 ET
Table 'Fantasia' 6-max Seat #1 is the button
Seat 1: Azrarn ($170.19 in chips)
Seat 5: mogoallin ($204.11 in chips)
Azrarn: posts small blind $1
mogoallin: posts big blind $3
*** HOLE CARDS ***
Azrarn: folds
Uncalled bet ($2) returned to mogoallin
mogoallin collected $2 from pot
mogoallin: doesn't show hand
*** SUMMARY ***
Total pot $2 | Rake $0
Seat 1: Azrarn (button) (small blind) folded before Flop
Seat 5: mogoallin (big blind) collected ($2)


PokerStars Hand #160336305976:  Hold'em Limit ($3/$6 USD) - 2016/10/23 14:11:35 ET
Table 'Fantasia' 6-max Seat #5 is the button
Seat 1: Azrarn ($179.19 in chips)
Seat 5: mogoallin ($195.47 in chips)
mogoallin: posts small blind $1
Azrarn: posts big blind $3
*** HOLE CARDS ***
mogoallin: raises $3 to $6
Azrarn: calls $3
*** FLOP *** [4c Th Kc]
Azrarn: checks
mogoallin: bets $3
Azrarn: calls $3
*** TURN *** [4c Th Kc] [4s]
Azrarn: checks
mogoallin: bets $6
Azrarn: folds
Uncalled bet ($6) returned to mogoallin
mogoallin collected $17.64 from pot
mogoallin: doesn't show hand
*** SUMMARY ***
Total pot $18 | Rake $0.36
Board [4c Th Kc 4s]
Seat 1: Azrarn (big blind) folded on the Turn
Seat 5: mogoallin (button) (small blind) collected ($17.64)


PokerStars Hand #160336288087:  Hold'em Limit ($3/$6 USD) - 2016/10/23 14:11:17 ET
Table 'Fantasia' 6-max Seat #1 is the button
Seat 1: Azrarn ($179.43 in chips)
Seat 5: mogoallin ($195.71 in chips)
Azrarn: posts small blind $1
mogoallin: posts big blind $3
*** HOLE CARDS ***
Azrarn: raises $3 to $6
mogoallin: calls $3
*** FLOP *** [4s 9d Ts]
mogoallin: checks
Azrarn: checks
*** TURN *** [4s 9d Ts] [Jd]
mogoallin: bets $6
Azrarn: calls $6
*** RIVER *** [4s 9d Ts Jd] [7s]
mogoallin: checks
Azrarn: checks
*** SHOW DOWN ***
mogoallin: shows [5c 9c] (a pair of Nines)
Azrarn: shows [6c 9s] (a pair of Nines)
mogoallin collected $11.76 from pot
Azrarn collected $11.76 from pot
*** SUMMARY ***
Total pot $24 | Rake $0.48
Board [4s 9d Ts Jd 7s]
Seat 1: Azrarn (button) (small blind) showed [6c 9s] and won ($11.76) with a pair of Nines
Seat 5: mogoallin (big blind) showed [5c 9c] and won ($11.76) with a pair of Nines


PokerStars Hand #160336267787:  Hold'em Limit ($3/$6 USD) - 2016/10/23 14:10:56 ET
Table 'Fantasia' 6-max Seat #5 is the button
Seat 1: Azrarn ($164.93 in chips)
Seat 5: mogoallin ($210.71 in chips)
mogoallin: posts small blind $1
Azrarn: posts big blind $3
*** HOLE CARDS ***
mogoallin: raises $3 to $6
Azrarn: raises $3 to $9
mogoallin: calls $3
*** FLOP *** [9s Tc 3c]
Azrarn: bets $3
mogoallin: raises $3 to $6
Azrarn: calls $3
*** TURN *** [9s Tc 3c] [6h]
Azrarn: checks
mogoallin: checks
*** RIVER *** [9s Tc 3c 6h] [Ah]
Azrarn: checks
mogoallin: checks
*** SHOW DOWN ***
Azrarn: shows [7d 7h] (a pair of Sevens)
mogoallin: mucks hand
Azrarn collected $29.50 from pot
*** SUMMARY ***
Total pot $30 | Rake $0.50
Board [9s Tc 3c 6h Ah]
Seat 1: Azrarn (big blind) showed [7d 7h] and won ($29.50) with a pair of Sevens
Seat 5: mogoallin (button) (small blind) mucked


PokerStars Hand #160336377399:  Hold'em Limit ($3/$6 USD) - 2016/10/23 14:12:49 ET
Table 'Fantasia' 6-max Seat #5 is the button
Seat 1: Azrarn ($130.19 in chips)
Seat 5: mogoallin ($242.89 in chips)
mogoallin: posts small blind $1
Azrarn: posts big blind $3
*** HOLE CARDS ***
mogoallin: raises $3 to $6
Azrarn: calls $3
*** FLOP *** [4c Jc 9h]
Azrarn: checks
mogoallin: bets $3
Azrarn: calls $3
*** TURN *** [4c Jc 9h] [2c]
Azrarn: checks
mogoallin: bets $6
Azrarn: calls $6
*** RIVER *** [4c Jc 9h 2c] [As]
Azrarn: checks
mogoallin: checks
*** SHOW DOWN ***
Azrarn: shows [9s Td] (a pair of Nines)
mogoallin: mucks hand
Azrarn collected $29.50 from pot
*** SUMMARY ***
Total pot $30 | Rake $0.50
Board [4c Jc 9h 2c As]
Seat 1: Azrarn (big blind) showed [9s Td] and won ($29.50) with a pair of Nines
Seat 5: mogoallin (button) (small blind) mucked


PokerStars Hand #160336361377:  Hold'em Limit ($3/$6 USD) - 2016/10/23 14:12:32 ET
Table 'Fantasia' 6-max Seat #1 is the button
Seat 1: Azrarn ($154.19 in chips)
Seat 5: mogoallin ($219.39 in chips)
Azrarn: posts small blind $1
mogoallin: posts big blind $3
*** HOLE CARDS ***
Azrarn: raises $3 to $6
mogoallin: raises $3 to $9
Azrarn: calls $3
*** FLOP *** [Kh 7h Qh]
mogoallin: bets $3
Azrarn: raises $3 to $6
mogoallin: raises $3 to $9
Azrarn: calls $3
*** TURN *** [Kh 7h Qh] [7c]
mogoallin: bets $6
Azrarn: calls $6
*** RIVER *** [Kh 7h Qh 7c] [Jc]
mogoallin: bets $6
Azrarn: folds
Uncalled bet ($6) returned to mogoallin
mogoallin collected $47.50 from pot
mogoallin: doesn't show hand
*** SUMMARY ***
Total pot $48 | Rake $0.50
Board [Kh 7h Qh 7c Jc]
Seat 1: Azrarn (button) (small blind) folded on the River
Seat 5: mogoallin (big blind) collected ($47.50)


PokerStars Hand #160336346008:  Hold'em Limit ($3/$6 USD) - 2016/10/23 14:12:16 ET
Table 'Fantasia' 6-max Seat #5 is the button
Seat 1: Azrarn ($163.19 in chips)
Seat 5: mogoallin ($210.75 in chips)
mogoallin: posts small blind $1
Azrarn: posts big blind $3
*** HOLE CARDS ***
mogoallin: raises $3 to $6
Azrarn: calls $3
*** FLOP *** [4c 8s 5c]
Azrarn: checks
mogoallin: bets $3
Azrarn: calls $3
*** TURN *** [4c 8s 5c] [As]
Azrarn: checks
mogoallin: bets $6
Azrarn: folds
Uncalled bet ($6) returned to mogoallin
mogoallin collected $17.64 from pot
mogoallin: doesn't show hand
*** SUMMARY ***
Total pot $18 | Rake $0.36
Board [4c 8s 5c As]
Seat 1: Azrarn (big blind) folded on the Turn
Seat 5: mogoallin (button) (small blind) collected ($17.64)


PokerStars Hand #160336444740:  Hold'em Limit ($3/$6 USD) - 2016/10/23 14:13:58 ET
Table 'Fantasia' 6-max Seat #1 is the button
Seat 1: Azrarn ($141.19 in chips)
Seat 5: mogoallin ($230.39 in chips)
Azrarn: posts small blind $1
mogoallin: posts big blind $3
*** HOLE CARDS ***
Azrarn: raises $3 to $6
mogoallin: calls $3
*** FLOP *** [3d Jh 9h]
mogoallin: checks
Azrarn: bets $3
mogoallin: raises $3 to $6
Azrarn: calls $3
*** TURN *** [3d Jh 9h] [5d]
mogoallin: bets $6
Azrarn: raises $6 to $12
mogoallin: calls $6
*** RIVER *** [3d Jh 9h 5d] [9s]
mogoallin: checks
Azrarn: checks
*** SHOW DOWN ***
mogoallin: shows [Th 8c] (a pair of Nines)
Azrarn: shows [4c Ac] (a pair of Nines - Ace kicker)
Azrarn collected $47.50 from pot
*** SUMMARY ***
Total pot $48 | Rake $0.50
Board [3d Jh 9h 5d 9s]
Seat 1: Azrarn (button) (small blind) showed [4c Ac] and won ($47.50) with a pair of Nines
Seat 5: mogoallin (big blind) showed [Th 8c] and lost with a pair of Nines


PokerStars Hand #160336439547:  Hold'em Limit ($3/$6 USD) - 2016/10/23 14:13:53 ET
Table 'Fantasia' 6-max Seat #5 is the button
Seat 1: Azrarn ($144.19 in chips)
Seat 5: mogoallin ($227.39 in chips)
mogoallin: posts small blind $1
Azrarn: posts big blind $3
*** HOLE CARDS ***
mogoallin: raises $3 to $6
Azrarn: folds
Uncalled bet ($3) returned to mogoallin
mogoallin collected $6 from pot
mogoallin: doesn't show hand
*** SUMMARY ***
Total pot $6 | Rake $0
Seat 1: Azrarn (big blind) folded before Flop
Seat 5: mogoallin (button) (small blind) collected ($6)


PokerStars Hand #160336435338:  Hold'em Limit ($3/$6 USD) - 2016/10/23 14:13:48 ET
Table 'Fantasia' 6-max Seat #1 is the button
Seat 1: Azrarn ($145.19 in chips)
Seat 5: mogoallin ($226.39 in chips)
Azrarn: posts small blind $1
mogoallin: posts big blind $3
*** HOLE CARDS ***
Azrarn: folds
Uncalled bet ($2) returned to mogoallin
mogoallin collected $2 from pot
mogoallin: doesn't show hand
*** SUMMARY ***
Total pot $2 | Rake $0
Seat 1: Azrarn (button) (small blind) folded before Flop
Seat 5: mogoallin (big blind) collected ($2)


PokerStars Hand #160336429853:  Hold'em Limit ($3/$6 USD) - 2016/10/23 14:13:43 ET
Table 'Fantasia' 6-max Seat #5 is the button
Seat 1: Azrarn ($144.19 in chips)
Seat 5: mogoallin ($227.39 in chips)
mogoallin: posts small blind $1
Azrarn: posts big blind $3
*** HOLE CARDS ***
mogoallin: folds
Uncalled bet ($2) returned to Azrarn
Azrarn collected $2 from pot
*** SUMMARY ***
Total pot $2 | Rake $0
Seat 1: Azrarn (big blind) collected ($2)
Seat 5: mogoallin (button) (small blind) folded before Flop


PokerStars Hand #160336411511:  Hold'em Limit ($3/$6 USD) - 2016/10/23 14:13:24 ET
Table 'Fantasia' 6-max Seat #1 is the button
Seat 1: Azrarn ($165.19 in chips)
Seat 5: mogoallin ($206.89 in chips)
Azrarn: posts small blind $1
mogoallin: posts big blind $3
*** HOLE CARDS ***
Azrarn: raises $3 to $6
mogoallin: raises $3 to $9
Azrarn: raises $3 to $12
Betting is capped
mogoallin: calls $3
*** FLOP *** [3c 9c 9h]
mogoallin: bets $3
Azrarn: calls $3
*** TURN *** [3c 9c 9h] [Ad]
mogoallin: checks
Azrarn: bets $6
mogoallin: calls $6
*** RIVER *** [3c 9c 9h Ad] [5d]
mogoallin: checks
Azrarn: checks
*** SHOW DOWN ***
mogoallin: shows [5c 6c] (two pair, Nines and Fives)
Azrarn: mucks hand
mogoallin collected $41.50 from pot
*** SUMMARY ***
Total pot $42 | Rake $0.50
Board [3c 9c 9h Ad 5d]
Seat 1: Azrarn (button) (small blind) mucked
Seat 5: mogoallin (big blind) showed [5c 6c] and won ($41.50) with two pair, Nines and Fives


PokerStars Hand #160336406242:  Hold'em Limit ($3/$6 USD) - 2016/10/23 14:13:18 ET
Table 'Fantasia' 6-max Seat #5 is the button
Seat 1: Azrarn ($168.19 in chips)
Seat 5: mogoallin ($203.89 in chips)
mogoallin: posts small blind $1
Azrarn: posts big blind $3
*** HOLE CARDS ***
mogoallin: raises $3 to $6
Azrarn: folds
Uncalled bet ($3) returned to mogoallin
mogoallin collected $6 from pot
mogoallin: doesn't show hand
*** SUMMARY ***
Total pot $6 | Rake $0
Seat 1: Azrarn (big blind) folded before Flop
Seat 5: mogoallin (button) (small blind) collected ($6)


PokerStars Hand #160336390092:  Hold'em Limit ($3/$6 USD) - 2016/10/23 14:13:02 ET
Table 'Fantasia' 6-max Seat #1 is the button
Seat 1: Azrarn ($144.69 in chips)
Seat 5: mogoallin ($227.89 in chips)
Azrarn: posts small blind $1
mogoallin: posts big blind $3
*** HOLE CARDS ***
Azrarn: raises $3 to $6
mogoallin: calls $3
*** FLOP *** [3c 8h 2s]
mogoallin: checks
Azrarn: checks
*** TURN *** [3c 8h 2s] [9s]
mogoallin: bets $6
Azrarn: raises $6 to $12
mogoallin: calls $6
*** RIVER *** [3c 8h 2s 9s] [Td]
mogoallin: checks
Azrarn: bets $6
mogoallin: calls $6
*** SHOW DOWN ***
Azrarn: shows [Jc 9c] (a pair of Nines)
mogoallin: mucks hand
Azrarn collected $47.50 from pot
*** SUMMARY ***
Total pot $48 | Rake $0.50
Board [3c 8h 2s 9s Td]
Seat 1: Azrarn (button) (small blind) showed [Jc 9c] and won ($47.50) with a pair of Nines
Seat 5: mogoallin (big blind) mucked


PokerStars Hand #160336460583:  Hold'em Limit ($3/$6 USD) - 2016/10/23 14:14:15 ET
Table 'Fantasia' 6-max Seat #5 is the button
Seat 1: Azrarn ($164.69 in chips)
Seat 5: mogoallin ($206.39 in chips)
mogoallin: posts small blind $1
Azrarn: posts big blind $3
*** HOLE CARDS ***
mogoallin: raises $3 to $6
Azrarn: raises $3 to $9
mogoallin: raises $3 to $12
Betting is capped
sokol-max-PS joins the table at seat #2
Azrarn: calls $3
*** FLOP *** [2h Ad 6h]
Azrarn: checks
mogoallin: bets $3
Azrarn: calls $3
*** TURN *** [2h Ad 6h] [5h]
Azrarn: checks
mogoallin: bets $6
Azrarn: folds
Uncalled bet ($6) returned to mogoallin
mogoallin collected $29.50 from pot
mogoallin: doesn't show hand
*** SUMMARY ***
Total pot $30 | Rake $0.50
Board [2h Ad 6h 5h]
Seat 1: Azrarn (big blind) folded on the Turn
Seat 5: mogoallin (button) (small blind) collected ($29.50)


PokerStars Hand #160337129912:  Hold'em Limit ($3/$6 USD) - 2016/10/23 14:25:40 ET
Table 'Fantasia' 6-max Seat #3 is the button
Seat 2: sokol-max-PS ($121.30 in chips)
Seat 3: pöci9 ($75.24 in chips)
pöci9: posts small blind $1
sokol-max-PS: posts big blind $3
*** HOLE CARDS ***
pöci9: folds
Uncalled bet ($2) returned to sokol-max-PS
xxRGx joins the table at seat #1
sokol-max-PS collected $2 from pot
*** SUMMARY ***
Total pot $2 | Rake $0
Seat 2: sokol-max-PS (big blind) collected ($2)
Seat 3: pöci9 (button) (small blind) folded before Flop


PokerStars Hand #160337134856:  Hold'em Limit ($3/$6 USD) - 2016/10/23 14:25:45 ET
Table 'Fantasia' 6-max Seat #2 is the button
Seat 2: sokol-max-PS ($122.30 in chips)
Seat 3: pöci9 ($74.24 in chips)
sokol-max-PS: posts small blind $1
pöci9: posts big blind $3
*** HOLE CARDS ***
sokol-max-PS: raises $3 to $6
pöci9: calls $3
*** FLOP *** [Td 4d 3h]
pöci9: checks
sokol-max-PS: bets $3
pöci9: calls $3
*** TURN *** [Td 4d 3h] [Tc]
pöci9: checks
sokol-max-PS: bets $6
AzureCaper joins the table at seat #5
pöci9: raises $6 to $12
sokol-max-PS: calls $6
*** RIVER *** [Td 4d 3h Tc] [Kc]
pöci9: bets $6
sokol-max-PS: folds
Uncalled bet ($6) returned to pöci9
pöci9 collected $41.50 from pot
pöci9: doesn't show hand
*** SUMMARY ***
Total pot $42 | Rake $0.50
Board [Td 4d 3h Tc Kc]
Seat 2: sokol-max-PS (button) (small blind) folded on the River
Seat 3: pöci9 (big blind) collected ($41.50)


