PokerStars Hand #157163251467:  Hold'em Limit ($3/$6 USD) - 2016/08/11 19:14:05 ET
Table 'Fantasia' 6-max Seat #1 is the button
Seat 1: jiajia88 ($34.17 in chips)
Seat 2: TinaTurner72 ($120 in chips)
jiajia88: posts small blind $1
TinaTurner72: posts big blind $3
*** HOLE CARDS ***
jiajia88: raises $3 to $6
TinaTurner72: raises $3 to $9
Kaukadiginte joins the table at seat #3
jiajia88: raises $3 to $12
Betting is capped
TinaTurner72: calls $3
*** FLOP *** [3c 6c Jd]
TinaTurner72: bets $3
vestimokrec joins the table at seat #4
jiajia88: raises $3 to $6
TinaTurner72: calls $3
*** TURN *** [3c 6c Jd] [3d]
TinaTurner72: checks
jiajia88: checks
*** RIVER *** [3c 6c Jd 3d] [2s]
TinaTurner72: checks
jiajia88: checks
*** SHOW DOWN ***
TinaTurner72: shows [Ac Ks] (a pair of Threes)
jiajia88: mucks hand
TinaTurner72 collected $35.50 from pot
*** SUMMARY ***
Total pot $36 | Rake $0.50
Board [3c 6c Jd 3d 2s]
Seat 1: jiajia88 (button) (small blind) mucked
Seat 2: TinaTurner72 (big blind) showed [Ac Ks] and won ($35.50) with a pair of Threes


PokerStars Hand #157163472423:  Hold'em Limit ($3/$6 USD) - 2016/08/11 19:20:40 ET
Table 'Fantasia' 6-max Seat #4 is the button
Seat 3: Kaukadiginte ($160.81 in chips)
Seat 4: vestimokrec ($148.13 in chips)
vestimokrec: posts small blind $1
TinaTurner72: is sitting out
Kaukadiginte: posts big blind $3
*** HOLE CARDS ***
vestimokrec: folds
Uncalled bet ($2) returned to Kaukadiginte
Kaukadiginte collected $2 from pot
Kaukadiginte: doesn't show hand
*** SUMMARY ***
Total pot $2 | Rake $0
Seat 3: Kaukadiginte (big blind) collected ($2)
Seat 4: vestimokrec (button) (small blind) folded before Flop


PokerStars Hand #157163476779:  Hold'em Limit ($3/$6 USD) - 2016/08/11 19:20:48 ET
Table 'Fantasia' 6-max Seat #3 is the button
Seat 3: Kaukadiginte ($161.81 in chips)
Seat 4: vestimokrec ($147.13 in chips)
Kaukadiginte: posts small blind $1
vestimokrec: posts big blind $3
*** HOLE CARDS ***
Kaukadiginte: calls $2
vestimokrec: raises $3 to $6
Kaukadiginte: calls $3
*** FLOP *** [2s 9d 6h]
vestimokrec: bets $3
Kaukadiginte: raises $3 to $6
vestimokrec: calls $3
*** TURN *** [2s 9d 6h] [4s]
vestimokrec: checks
Kaukadiginte: bets $6
TinaTurner72 leaves the table
vestimokrec: folds
Uncalled bet ($6) returned to Kaukadiginte
Kaukadiginte collected $23.52 from pot
Kaukadiginte: doesn't show hand
*** SUMMARY ***
Total pot $24 | Rake $0.48
Board [2s 9d 6h 4s]
Seat 3: Kaukadiginte (button) (small blind) collected ($23.52)
Seat 4: vestimokrec (big blind) folded on the Turn


PokerStars Hand #157163491299:  Hold'em Limit ($3/$6 USD) - 2016/08/11 19:21:15 ET
Table 'Fantasia' 6-max Seat #3 is the button
Seat 3: Kaukadiginte ($170.33 in chips)
Seat 4: vestimokrec ($138.13 in chips)
Kaukadiginte: posts small blind $1
vestimokrec: posts big blind $3
*** HOLE CARDS ***
Kaukadiginte: folds
Uncalled bet ($2) returned to vestimokrec
vestimokrec collected $2 from pot
vestimokrec: doesn't show hand
*** SUMMARY ***
Total pot $2 | Rake $0
Seat 3: Kaukadiginte (button) (small blind) folded before Flop
Seat 4: vestimokrec (big blind) collected ($2)


PokerStars Hand #157163487346:  Hold'em Limit ($3/$6 USD) - 2016/08/11 19:21:08 ET
Table 'Fantasia' 6-max Seat #4 is the button
Seat 3: Kaukadiginte ($173.33 in chips)
Seat 4: vestimokrec ($135.13 in chips)
vestimokrec: posts small blind $1
Kaukadiginte: posts big blind $3
*** HOLE CARDS ***
vestimokrec: raises $3 to $6
Kaukadiginte: folds
Uncalled bet ($3) returned to vestimokrec
vestimokrec collected $6 from pot
vestimokrec: doesn't show hand
*** SUMMARY ***
Total pot $6 | Rake $0
Seat 3: Kaukadiginte (big blind) folded before Flop
Seat 4: vestimokrec (button) (small blind) collected ($6)


