PokerStars Hand #154230943412:  Hold'em Limit ($3/$6 USD) - 2016/06/03 10:49:59 ET
Table 'Fantasia' 6-max Seat #2 is the button
Seat 2: RedDevils278 ($27 in chips)
Seat 3: B_loJkl ($153 in chips)
RedDevils278: posts small blind $1
B_loJkl: posts big blind $3
*** HOLE CARDS ***
RedDevils278: folds
Uncalled bet ($2) returned to B_loJkl
B_loJkl collected $2 from pot
B_loJkl: doesn't show hand
*** SUMMARY ***
Total pot $2 | Rake $0
Seat 2: RedDevils278 (button) (small blind) folded before Flop
Seat 3: B_loJkl (big blind) collected ($2)


PokerStars Hand #154230927777:  Hold'em Limit ($3/$6 USD) - 2016/06/03 10:49:33 ET
Table 'Fantasia' 6-max Seat #3 is the button
Seat 2: RedDevils278 ($30 in chips)
Seat 3: B_loJkl ($150 in chips)
B_loJkl: posts small blind $1
TbIP-TbIP 88: is sitting out
RedDevils278: posts big blind $3
*** HOLE CARDS ***
TbIP-TbIP 88 leaves the table
B_loJkl: raises $3 to $6
RedDevils278: folds
Uncalled bet ($3) returned to B_loJkl
B_loJkl collected $6 from pot
B_loJkl: doesn't show hand
*** SUMMARY ***
Total pot $6 | Rake $0
Seat 2: RedDevils278 (big blind) folded before Flop
Seat 3: B_loJkl (button) (small blind) collected ($6)


PokerStars Hand #154230946921:  Hold'em Limit ($3/$6 USD) - 2016/06/03 10:50:05 ET
Table 'Fantasia' 6-max Seat #3 is the button
Seat 2: RedDevils278 ($26 in chips)
Seat 3: B_loJkl ($154 in chips)
B_loJkl: posts small blind $1
RedDevils278: posts big blind $3
*** HOLE CARDS ***
B_loJkl: raises $3 to $6
RedDevils278: calls $3
*** FLOP *** [7s Ks Td]
RedDevils278: checks
B_loJkl: bets $3
RedDevils278: calls $3
*** TURN *** [7s Ks Td] [Qs]
RedDevils278: bets $6
B_loJkl: calls $6
*** RIVER *** [7s Ks Td Qs] [Tc]
RedDevils278: bets $6
B_loJkl: folds
Uncalled bet ($6) returned to RedDevils278
RedDevils278 collected $29.50 from pot
RedDevils278: doesn't show hand
Ale4o joins the table at seat #4
*** SUMMARY ***
Total pot $30 | Rake $0.50
Board [7s Ks Td Qs Tc]
Seat 2: RedDevils278 (big blind) collected ($29.50)
Seat 3: B_loJkl (button) (small blind) folded on the River


PokerStars Hand #154230972732:  Hold'em Limit ($3/$6 USD) - 2016/06/03 10:50:48 ET
Table 'Fantasia' 6-max Seat #2 is the button
Seat 2: RedDevils278 ($40.50 in chips)
Seat 3: B_loJkl ($139 in chips)
RedDevils278: posts small blind $1
B_loJkl: posts big blind $3
*** HOLE CARDS ***
RedDevils278: calls $2
B_loJkl: raises $3 to $6
RedDevils278: raises $3 to $9
B_loJkl: calls $3
*** FLOP *** [5h Tc 9d]
B_loJkl: checks
RedDevils278: bets $3
B_loJkl: folds
Uncalled bet ($3) returned to RedDevils278
RedDevils278 collected $17.64 from pot
RedDevils278: doesn't show hand
*** SUMMARY ***
Total pot $18 | Rake $0.36
Board [5h Tc 9d]
Seat 2: RedDevils278 (button) (small blind) collected ($17.64)
Seat 3: B_loJkl (big blind) folded on the Flop


PokerStars Hand #154231280784:  Hold'em Limit ($3/$6 USD) - 2016/06/03 10:59:50 ET
Table 'Fantasia' 6-max Seat #1 is the button
Seat 1: Tryptamean ($65.51 in chips)
Seat 5: 7superpoker ($59.44 in chips)
B_loJkl will be allowed to play after the button
Tryptamean: posts small blind $1
Ale4o: is sitting out
7superpoker: posts big blind $3
*** HOLE CARDS ***
Ale4o leaves the table
Tryptamean: raises $3 to $6
7superpoker: calls $3
*** FLOP *** [3d 5c 4h]
7superpoker: bets $3
Tryptamean: raises $3 to $6
7superpoker: calls $3
*** TURN *** [3d 5c 4h] [5d]
7superpoker: checks
Tryptamean: bets $6
7superpoker: calls $6
*** RIVER *** [3d 5c 4h 5d] [9d]
7superpoker: checks
Tryptamean: bets $6
7superpoker: calls $6
*** SHOW DOWN ***
Tryptamean: shows [4d 5s] (a full house, Fives full of Fours)
7superpoker: mucks hand
Tryptamean collected $47.50 from pot
*** SUMMARY ***
Total pot $48 | Rake $0.50
Board [3d 5c 4h 5d 9d]
Seat 1: Tryptamean (button) (small blind) showed [4d 5s] and won ($47.50) with a full house, Fives full of Fours
Seat 5: 7superpoker (big blind) mucked


PokerStars Hand #154231743922:  Hold'em Limit ($3/$6 USD) - 2016/06/03 11:12:31 ET
Table 'Fantasia' 6-max Seat #1 is the button
Seat 1: Tryptamean ($83.27 in chips)
Seat 2: 7superpoker ($78.83 in chips)
B_loJkl will be allowed to play after the button
ChawkDee will be allowed to play after the button
Tryptamean: posts small blind $1
7superpoker: posts big blind $3
*** HOLE CARDS ***
Tryptamean: raises $3 to $6
7superpoker: calls $3
*** FLOP *** [5s 6s 9s]
7superpoker: checks
Tryptamean: checks
*** TURN *** [5s 6s 9s] [6h]
7superpoker: bets $6
Tryptamean: calls $6
*** RIVER *** [5s 6s 9s 6h] [2s]
7superpoker: bets $6
Tryptamean: folds
Uncalled bet ($6) returned to 7superpoker
7superpoker collected $23.52 from pot
7superpoker: doesn't show hand
*** SUMMARY ***
Total pot $24 | Rake $0.48
Board [5s 6s 9s 6h 2s]
Seat 1: Tryptamean (button) (small blind) folded on the River
Seat 2: 7superpoker (big blind) collected ($23.52)


PokerStars Hand #154237510881:  Hold'em Limit ($3/$6 USD) - 2016/06/03 13:35:29 ET
Table 'Fantasia' 6-max Seat #6 is the button
Seat 2: Velbor107 ($381.41 in chips)
Seat 6: 7superpoker ($38.04 in chips)
7superpoker: posts small blind $1
Velbor107: posts big blind $3
*** HOLE CARDS ***
7superpoker: folds
Uncalled bet ($2) returned to Velbor107
Velbor107 collected $2 from pot
*** SUMMARY ***
Total pot $2 | Rake $0
Seat 2: Velbor107 (big blind) collected ($2)
Seat 6: 7superpoker (button) (small blind) folded before Flop


PokerStars Hand #154237503776:  Hold'em Limit ($3/$6 USD) - 2016/06/03 13:35:20 ET
Table 'Fantasia' 6-max Seat #2 is the button
Seat 2: Velbor107 ($378.41 in chips)
Seat 6: 7superpoker ($41.04 in chips)
Velbor107: posts small blind $1
7superpoker: posts big blind $3
*** HOLE CARDS ***
Velbor107: raises $3 to $6
7superpoker: folds
Uncalled bet ($3) returned to Velbor107
Velbor107 collected $6 from pot
*** SUMMARY ***
Total pot $6 | Rake $0
Seat 2: Velbor107 (button) (small blind) collected ($6)
Seat 6: 7superpoker (big blind) folded before Flop


PokerStars Hand #154237480372:  Hold'em Limit ($3/$6 USD) - 2016/06/03 13:34:47 ET
Table 'Fantasia' 6-max Seat #6 is the button
Seat 2: Velbor107 ($399.18 in chips)
Seat 6: 7superpoker ($20.77 in chips)
7superpoker: posts small blind $1
RaisemyNut$: is sitting out
Velbor107: posts big blind $3
*** HOLE CARDS ***
7superpoker: raises $3 to $6
Velbor107: calls $3
*** FLOP *** [Qh 2s 7s]
Velbor107: checks
7superpoker: bets $3
Velbor107: calls $3
*** TURN *** [Qh 2s 7s] [Ts]
Velbor107: checks
7superpoker: bets $6
Velbor107: raises $6 to $12
7superpoker: calls $5.77 and is all-in
Uncalled bet ($0.23) returned to Velbor107
*** RIVER *** [Qh 2s 7s Ts] [Ah]
*** SHOW DOWN ***
Velbor107: shows [6h Qs] (a pair of Queens)
7superpoker: shows [9d As] (a pair of Aces)
7superpoker collected $41.04 from pot
*** SUMMARY ***
Total pot $41.54 | Rake $0.50
Board [Qh 2s 7s Ts Ah]
Seat 2: Velbor107 (big blind) showed [6h Qs] and lost with a pair of Queens
Seat 6: 7superpoker (button) (small blind) showed [9d As] and won ($41.04) with a pair of Aces


PokerStars Hand #154246074014:  Hold'em Limit ($3/$6 USD) - 2016/06/03 16:35:37 ET
Table 'Fantasia' 6-max Seat #1 is the button
Seat 1: RaisemyNut$ ($426.15 in chips)
Seat 4: NiktheDon ($74.28 in chips)
RaisemyNut$: posts small blind $1
NiktheDon: posts big blind $3
*** HOLE CARDS ***
RaisemyNut$: folds
Uncalled bet ($2) returned to NiktheDon
NiktheDon collected $2 from pot
NiktheDon: doesn't show hand
*** SUMMARY ***
Total pot $2 | Rake $0
Seat 1: RaisemyNut$ (button) (small blind) folded before Flop
Seat 4: NiktheDon (big blind) collected ($2)


PokerStars Hand #154246069479:  Hold'em Limit ($3/$6 USD) - 2016/06/03 16:35:32 ET
Table 'Fantasia' 6-max Seat #4 is the button
Seat 1: RaisemyNut$ ($425.15 in chips)
Seat 4: NiktheDon ($75.28 in chips)
NiktheDon: posts small blind $1
7superpoker: is sitting out
RaisemyNut$: posts big blind $3
*** HOLE CARDS ***
NiktheDon: folds
Uncalled bet ($2) returned to RaisemyNut$
RaisemyNut$ collected $2 from pot
RaisemyNut$: doesn't show hand
*** SUMMARY ***
Total pot $2 | Rake $0
Seat 1: RaisemyNut$ (big blind) collected ($2)
Seat 4: NiktheDon (button) (small blind) folded before Flop


PokerStars Hand #154246078046:  Hold'em Limit ($3/$6 USD) - 2016/06/03 16:35:42 ET
Table 'Fantasia' 6-max Seat #4 is the button
Seat 1: RaisemyNut$ ($425.15 in chips)
Seat 4: NiktheDon ($75.28 in chips)
NiktheDon: posts small blind $1
RaisemyNut$: posts big blind $3
*** HOLE CARDS ***
NiktheDon: calls $2
B_loJkl joins the table at seat #2
RaisemyNut$: raises $3 to $6
NiktheDon: calls $3
*** FLOP *** [Qd 9d 3s]
RaisemyNut$: bets $3
NiktheDon: calls $3
*** TURN *** [Qd 9d 3s] [7s]
RaisemyNut$: bets $6
NiktheDon: calls $6
*** RIVER *** [Qd 9d 3s 7s] [8s]
RaisemyNut$: bets $6
NiktheDon: folds
Uncalled bet ($6) returned to RaisemyNut$
RaisemyNut$ collected $29.50 from pot
RaisemyNut$: doesn't show hand
*** SUMMARY ***
Total pot $30 | Rake $0.50
Board [Qd 9d 3s 7s 8s]
Seat 1: RaisemyNut$ (big blind) collected ($29.50)
Seat 4: NiktheDon (button) (small blind) folded on the River


PokerStars Hand #154246146807:  Hold'em Limit ($3/$6 USD) - 2016/06/03 16:37:02 ET
Table 'Fantasia' 6-max Seat #2 is the button
Seat 1: RaisemyNut$ ($450.93 in chips)
Seat 2: B_loJkl ($138 in chips)
B_loJkl: posts small blind $1
RaisemyNut$: posts big blind $3
*** HOLE CARDS ***
B_loJkl: raises $3 to $6
RaisemyNut$: calls $3
*** FLOP *** [8s Qs Js]
RaisemyNut$: checks
B_loJkl: bets $3
RaisemyNut$: raises $3 to $6
B_loJkl: calls $3
*** TURN *** [8s Qs Js] [9d]
RaisemyNut$: bets $6
B_loJkl: calls $6
*** RIVER *** [8s Qs Js 9d] [9s]
5PRUT5 joins the table at seat #4
RaisemyNut$: bets $6
B_loJkl: calls $6
*** SHOW DOWN ***
RaisemyNut$: shows [4s Jd] (a flush, Queen high)
B_loJkl: shows [Kd 7s] (a flush, Queen high - Seven higher)
B_loJkl collected $47.50 from pot
*** SUMMARY ***
Total pot $48 | Rake $0.50
Board [8s Qs Js 9d 9s]
Seat 1: RaisemyNut$ (big blind) showed [4s Jd] and lost with a flush, Queen high
Seat 2: B_loJkl (button) (small blind) showed [Kd 7s] and won ($47.50) with a flush, Queen high


PokerStars Hand #154246186670:  Hold'em Limit ($3/$6 USD) - 2016/06/03 16:37:49 ET
Table 'Fantasia' 6-max Seat #1 is the button
Seat 1: RaisemyNut$ ($426.93 in chips)
Seat 2: B_loJkl ($161.50 in chips)
RaisemyNut$: posts small blind $1
B_loJkl: posts big blind $3
*** HOLE CARDS ***
RaisemyNut$: raises $3 to $6
B_loJkl: calls $3
*** FLOP *** [Ad 2d As]
B_loJkl: checks
RaisemyNut$: bets $3
B_loJkl: calls $3
*** TURN *** [Ad 2d As] [9c]
B_loJkl: checks
RaisemyNut$: checks
*** RIVER *** [Ad 2d As 9c] [5s]
B_loJkl: bets $6
RaisemyNut$: folds
Uncalled bet ($6) returned to B_loJkl
B_loJkl collected $17.64 from pot
B_loJkl: doesn't show hand
*** SUMMARY ***
Total pot $18 | Rake $0.36
Board [Ad 2d As 9c 5s]
Seat 1: RaisemyNut$ (button) (small blind) folded on the River
Seat 2: B_loJkl (big blind) collected ($17.64)


PokerStars Hand #154254889031:  Hold'em Limit ($3/$6 USD) - 2016/06/03 19:49:06 ET
Table 'Fantasia' 6-max Seat #1 is the button
Seat 1: RaisemyNut$ ($350.26 in chips)
Seat 4: Mr10P ($27.96 in chips)
RaisemyNut$: posts small blind $1
Mr10P: posts big blind $3
*** HOLE CARDS ***
RaisemyNut$: folds
Uncalled bet ($2) returned to Mr10P
Mr10P collected $2 from pot
Mr10P: doesn't show hand
*** SUMMARY ***
Total pot $2 | Rake $0
Seat 1: RaisemyNut$ (button) (small blind) folded before Flop
Seat 4: Mr10P (big blind) collected ($2)


PokerStars Hand #154254880972:  Hold'em Limit ($3/$6 USD) - 2016/06/03 19:48:52 ET
Table 'Fantasia' 6-max Seat #4 is the button
Seat 1: RaisemyNut$ ($356.26 in chips)
Seat 4: Mr10P ($22.20 in chips)
Mr10P: posts small blind $1
RaisemyNut$: posts big blind $3
*** HOLE CARDS ***
Mr10P: raises $3 to $6
RaisemyNut$: calls $3
*** FLOP *** [Qc 3c 4s]
RaisemyNut$: checks
Mr10P: bets $3
RaisemyNut$: folds
Uncalled bet ($3) returned to Mr10P
Mr10P collected $11.76 from pot
Mr10P: doesn't show hand
*** SUMMARY ***
Total pot $12 | Rake $0.24
Board [Qc 3c 4s]
Seat 1: RaisemyNut$ (big blind) folded on the Flop
Seat 4: Mr10P (button) (small blind) collected ($11.76)


PokerStars Hand #154254909466:  Hold'em Limit ($3/$6 USD) - 2016/06/03 19:49:42 ET
Table 'Fantasia' 6-max Seat #1 is the button
Seat 1: RaisemyNut$ ($340.26 in chips)
Seat 4: Mr10P ($37.60 in chips)
RaisemyNut$: posts small blind $1
Mr10P: posts big blind $3
*** HOLE CARDS ***
RaisemyNut$: raises $3 to $6
Mr10P: calls $3
*** FLOP *** [Qc 9h 3s]
Mr10P: checks
RaisemyNut$: bets $3
Mr10P: folds
Uncalled bet ($3) returned to RaisemyNut$
RaisemyNut$ collected $11.76 from pot
RaisemyNut$: doesn't show hand
*** SUMMARY ***
Total pot $12 | Rake $0.24
Board [Qc 9h 3s]
Seat 1: RaisemyNut$ (button) (small blind) collected ($11.76)
Seat 4: Mr10P (big blind) folded on the Flop


PokerStars Hand #154254895154:  Hold'em Limit ($3/$6 USD) - 2016/06/03 19:49:17 ET
Table 'Fantasia' 6-max Seat #4 is the button
Seat 1: RaisemyNut$ ($349.26 in chips)
Seat 4: Mr10P ($28.96 in chips)
Mr10P: posts small blind $1
RaisemyNut$: posts big blind $3
*** HOLE CARDS ***
Mr10P: raises $3 to $6
RaisemyNut$: calls $3
*** FLOP *** [4d 3h 7c]
RaisemyNut$: checks
Mr10P: bets $3
RaisemyNut$: calls $3
*** TURN *** [4d 3h 7c] [6s]
RaisemyNut$: checks
Mr10P: bets $6
RaisemyNut$: folds
Uncalled bet ($6) returned to Mr10P
Mr10P collected $17.64 from pot
Mr10P: doesn't show hand
*** SUMMARY ***
Total pot $18 | Rake $0.36
Board [4d 3h 7c 6s]
Seat 1: RaisemyNut$ (big blind) folded on the Turn
Seat 4: Mr10P (button) (small blind) collected ($17.64)


PokerStars Hand #154254913730:  Hold'em Limit ($3/$6 USD) - 2016/06/03 19:49:49 ET
Table 'Fantasia' 6-max Seat #4 is the button
Seat 1: RaisemyNut$ ($346.02 in chips)
Seat 4: Mr10P ($31.60 in chips)
Mr10P: posts small blind $1
RaisemyNut$: posts big blind $3
*** HOLE CARDS ***
Mr10P: raises $3 to $6
RaisemyNut$: calls $3
*** FLOP *** [3h 2d Qc]
RaisemyNut$: checks
Mr10P: bets $3
RaisemyNut$: calls $3
*** TURN *** [3h 2d Qc] [9c]
RaisemyNut$: checks
Mr10P: bets $6
RaisemyNut$: calls $6
*** RIVER *** [3h 2d Qc 9c] [8c]
RaisemyNut$: checks
Mr10P: bets $6
RaisemyNut$: folds
Uncalled bet ($6) returned to Mr10P
Mr10P collected $29.50 from pot
Mr10P: doesn't show hand
*** SUMMARY ***
Total pot $30 | Rake $0.50
Board [3h 2d Qc 9c 8c]
Seat 1: RaisemyNut$ (big blind) folded on the River
Seat 4: Mr10P (button) (small blind) collected ($29.50)


PokerStars Hand #154254924336:  Hold'em Limit ($3/$6 USD) - 2016/06/03 19:50:08 ET
Table 'Fantasia' 6-max Seat #1 is the button
Seat 1: RaisemyNut$ ($331.02 in chips)
Seat 4: Mr10P ($46.10 in chips)
RaisemyNut$: posts small blind $1
Mr10P: posts big blind $3
*** HOLE CARDS ***
RaisemyNut$: raises $3 to $6
Mr10P: calls $3
*** FLOP *** [2h 4c 2c]
Mr10P: checks
RaisemyNut$: bets $3
Mr10P: calls $3
*** TURN *** [2h 4c 2c] [Kc]
Mr10P: checks
RaisemyNut$: bets $6
Mr10P: calls $6
*** RIVER *** [2h 4c 2c Kc] [Jc]
Mr10P: checks
RaisemyNut$: checks
*** SHOW DOWN ***
Mr10P: shows [Ah 8h] (a pair of Deuces)
RaisemyNut$: shows [Kd 5d] (two pair, Kings and Deuces)
RaisemyNut$ collected $29.50 from pot
*** SUMMARY ***
Total pot $30 | Rake $0.50
Board [2h 4c 2c Kc Jc]
Seat 1: RaisemyNut$ (button) (small blind) showed [Kd 5d] and won ($29.50) with two pair, Kings and Deuces
Seat 4: Mr10P (big blind) showed [Ah 8h] and lost with a pair of Deuces


PokerStars Hand #154254934183:  Hold'em Limit ($3/$6 USD) - 2016/06/03 19:50:25 ET
Table 'Fantasia' 6-max Seat #4 is the button
Seat 1: RaisemyNut$ ($345.52 in chips)
Seat 4: Mr10P ($31.10 in chips)
Mr10P: posts small blind $1
RaisemyNut$: posts big blind $3
*** HOLE CARDS ***
Mr10P: raises $3 to $6
RaisemyNut$: calls $3
*** FLOP *** [Th 8s Ad]
RaisemyNut$: checks
Mr10P: bets $3
RaisemyNut$: folds
Uncalled bet ($3) returned to Mr10P
Mr10P collected $11.76 from pot
Mr10P: doesn't show hand
*** SUMMARY ***
Total pot $12 | Rake $0.24
Board [Th 8s Ad]
Seat 1: RaisemyNut$ (big blind) folded on the Flop
Seat 4: Mr10P (button) (small blind) collected ($11.76)


PokerStars Hand #154254940559:  Hold'em Limit ($3/$6 USD) - 2016/06/03 19:50:36 ET
Table 'Fantasia' 6-max Seat #1 is the button
Seat 1: RaisemyNut$ ($339.52 in chips)
Seat 4: Mr10P ($36.86 in chips)
RaisemyNut$: posts small blind $1
Mr10P: posts big blind $3
*** HOLE CARDS ***
RaisemyNut$: folds
Uncalled bet ($2) returned to Mr10P
Mr10P collected $2 from pot
Mr10P: doesn't show hand
*** SUMMARY ***
Total pot $2 | Rake $0
Seat 1: RaisemyNut$ (button) (small blind) folded before Flop
Seat 4: Mr10P (big blind) collected ($2)


PokerStars Hand #154254943795:  Hold'em Limit ($3/$6 USD) - 2016/06/03 19:50:42 ET
Table 'Fantasia' 6-max Seat #4 is the button
Seat 1: RaisemyNut$ ($338.52 in chips)
Seat 4: Mr10P ($37.86 in chips)
Mr10P: posts small blind $1
RaisemyNut$: posts big blind $3
*** HOLE CARDS ***
Mr10P: raises $3 to $6
RaisemyNut$: raises $3 to $9
Mr10P: calls $3
*** FLOP *** [2c 2h 3s]
RaisemyNut$: bets $3
Mr10P: calls $3
*** TURN *** [2c 2h 3s] [5d]
RaisemyNut$: bets $6
Mr10P: calls $6
*** RIVER *** [2c 2h 3s 5d] [4c]
RaisemyNut$: checks
Mr10P: checks
*** SHOW DOWN ***
RaisemyNut$: shows [Kh Kc] (two pair, Kings and Deuces)
Mr10P: mucks hand
RaisemyNut$ collected $35.50 from pot
*** SUMMARY ***
Total pot $36 | Rake $0.50
Board [2c 2h 3s 5d 4c]
Seat 1: RaisemyNut$ (big blind) showed [Kh Kc] and won ($35.50) with two pair, Kings and Deuces
Seat 4: Mr10P (button) (small blind) mucked


PokerStars Hand #154254952130:  Hold'em Limit ($3/$6 USD) - 2016/06/03 19:50:56 ET
Table 'Fantasia' 6-max Seat #1 is the button
Seat 1: RaisemyNut$ ($356.02 in chips)
Seat 4: Mr10P ($19.86 in chips)
RaisemyNut$: posts small blind $1
Mr10P: posts big blind $3
*** HOLE CARDS ***
RaisemyNut$: raises $3 to $6
Mr10P: calls $3
*** FLOP *** [5h Kh 9d]
Mr10P: bets $3
RaisemyNut$: calls $3
*** TURN *** [5h Kh 9d] [As]
Mr10P: bets $6
RaisemyNut$: folds
Uncalled bet ($6) returned to Mr10P
Mr10P collected $17.64 from pot
Mr10P: doesn't show hand
*** SUMMARY ***
Total pot $18 | Rake $0.36
Board [5h Kh 9d As]
Seat 1: RaisemyNut$ (button) (small blind) folded on the Turn
Seat 4: Mr10P (big blind) collected ($17.64)


PokerStars Hand #154255002628:  Hold'em Limit ($3/$6 USD) - 2016/06/03 19:52:24 ET
Table 'Fantasia' 6-max Seat #4 is the button
Seat 1: RaisemyNut$ ($398.52 in chips)
Seat 4: Mr10P ($96.46 in chips)
Mr10P: posts small blind $1
RaisemyNut$: posts big blind $3
*** HOLE CARDS ***
Mr10P: raises $3 to $6
RaisemyNut$: folds
Uncalled bet ($3) returned to Mr10P
Mr10P collected $6 from pot
Mr10P: doesn't show hand
*** SUMMARY ***
Total pot $6 | Rake $0
Seat 1: RaisemyNut$ (big blind) folded before Flop
Seat 4: Mr10P (button) (small blind) collected ($6)


PokerStars Hand #154254993854:  Hold'em Limit ($3/$6 USD) - 2016/06/03 19:52:09 ET
Table 'Fantasia' 6-max Seat #1 is the button
Seat 1: RaisemyNut$ ($375.02 in chips)
Seat 4: Mr10P ($120.46 in chips)
RaisemyNut$: posts small blind $1
Mr10P: posts big blind $3
*** HOLE CARDS ***
RaisemyNut$: raises $3 to $6
Mr10P: calls $3
*** FLOP *** [2c 7s Jc]
Mr10P: bets $3
RaisemyNut$: raises $3 to $6
Mr10P: calls $3
*** TURN *** [2c 7s Jc] [3s]
Mr10P: bets $6
RaisemyNut$: calls $6
*** RIVER *** [2c 7s Jc 3s] [Qh]
Mr10P: checks
RaisemyNut$: bets $6
Mr10P: calls $6
*** SHOW DOWN ***
RaisemyNut$: shows [Qc 7c] (two pair, Queens and Sevens)
Mr10P: mucks hand
RaisemyNut$ collected $47.50 from pot
*** SUMMARY ***
Total pot $48 | Rake $0.50
Board [2c 7s Jc 3s Qh]
Seat 1: RaisemyNut$ (button) (small blind) showed [Qc 7c] and won ($47.50) with two pair, Queens and Sevens
Seat 4: Mr10P (big blind) mucked


PokerStars Hand #154254963466:  Hold'em Limit ($3/$6 USD) - 2016/06/03 19:51:16 ET
Table 'Fantasia' 6-max Seat #4 is the button
Seat 1: RaisemyNut$ ($347.02 in chips)
Seat 4: Mr10P ($28.50 in chips)
Mr10P: posts small blind $1
RaisemyNut$: posts big blind $3
*** HOLE CARDS ***
Mr10P: raises $3 to $6
RaisemyNut$: calls $3
*** FLOP *** [5d 8s 4s]
RaisemyNut$: checks
Mr10P: bets $3
RaisemyNut$: calls $3
*** TURN *** [5d 8s 4s] [7c]
RaisemyNut$: checks
Mr10P: bets $6
RaisemyNut$: raises $6 to $12
Mr10P: calls $6
*** RIVER *** [5d 8s 4s 7c] [2s]
RaisemyNut$: bets $6
Mr10P: raises $1.50 to $7.50 and is all-in
RaisemyNut$: calls $1.50
*** SHOW DOWN ***
Mr10P: shows [8h 5c] (two pair, Eights and Fives)
RaisemyNut$: shows [6c Qh] (a straight, Four to Eight)
RaisemyNut$ collected $56.50 from pot
*** SUMMARY ***
Total pot $57 | Rake $0.50
Board [5d 8s 4s 7c 2s]
Seat 1: RaisemyNut$ (big blind) showed [6c Qh] and won ($56.50) with a straight, Four to Eight
Seat 4: Mr10P (button) (small blind) showed [8h 5c] and lost with two pair, Eights and Fives


PokerStars Hand #154255006392:  Hold'em Limit ($3/$6 USD) - 2016/06/03 19:52:31 ET
Table 'Fantasia' 6-max Seat #1 is the button
Seat 1: RaisemyNut$ ($395.52 in chips)
Seat 4: Mr10P ($99.46 in chips)
RaisemyNut$: posts small blind $1
Mr10P: posts big blind $3
*** HOLE CARDS ***
RaisemyNut$: raises $3 to $6
Mr10P: calls $3
*** FLOP *** [6h 7s Jh]
Mr10P: checks
RaisemyNut$: bets $3
Mr10P: calls $3
*** TURN *** [6h 7s Jh] [2s]
Mr10P: checks
RaisemyNut$: bets $6
Mr10P: calls $6
*** RIVER *** [6h 7s Jh 2s] [4s]
Mr10P: checks
RaisemyNut$: bets $6
Mr10P: folds
Uncalled bet ($6) returned to RaisemyNut$
RaisemyNut$ collected $29.50 from pot
RaisemyNut$: doesn't show hand
*** SUMMARY ***
Total pot $30 | Rake $0.50
Board [6h 7s Jh 2s 4s]
Seat 1: RaisemyNut$ (button) (small blind) collected ($29.50)
Seat 4: Mr10P (big blind) folded on the River


PokerStars Hand #154255017563:  Hold'em Limit ($3/$6 USD) - 2016/06/03 19:52:50 ET
Table 'Fantasia' 6-max Seat #4 is the button
Seat 1: RaisemyNut$ ($410.02 in chips)
Seat 4: Mr10P ($84.46 in chips)
Mr10P: posts small blind $1
RaisemyNut$: posts big blind $3
*** HOLE CARDS ***
Mr10P: raises $3 to $6
RaisemyNut$: raises $3 to $9
Mr10P: calls $3
*** FLOP *** [3d 4d 6d]
RaisemyNut$: bets $3
Mr10P: calls $3
*** TURN *** [3d 4d 6d] [Th]
RaisemyNut$: checks
Mr10P: bets $6
RaisemyNut$: calls $6
*** RIVER *** [3d 4d 6d Th] [8c]
RaisemyNut$: checks
Mr10P: bets $6
RaisemyNut$: calls $6
*** SHOW DOWN ***
Mr10P: shows [Tc 6s] (two pair, Tens and Sixes)
RaisemyNut$: mucks hand
Mr10P collected $47.50 from pot
*** SUMMARY ***
Total pot $48 | Rake $0.50
Board [3d 4d 6d Th 8c]
Seat 1: RaisemyNut$ (big blind) mucked
Seat 4: Mr10P (button) (small blind) showed [Tc 6s] and won ($47.50) with two pair, Tens and Sixes


PokerStars Hand #154255046047:  Hold'em Limit ($3/$6 USD) - 2016/06/03 19:53:40 ET
Table 'Fantasia' 6-max Seat #1 is the button
Seat 1: RaisemyNut$ ($356.02 in chips)
Seat 4: Mr10P ($137.46 in chips)
RaisemyNut$: posts small blind $1
Mr10P: posts big blind $3
*** HOLE CARDS ***
RaisemyNut$: raises $3 to $6
Mr10P: raises $3 to $9
RaisemyNut$: calls $3
*** FLOP *** [5d 6c 9h]
Mr10P: bets $3
RaisemyNut$: calls $3
*** TURN *** [5d 6c 9h] [7s]
Mr10P: bets $6
RaisemyNut$: folds
Uncalled bet ($6) returned to Mr10P
Mr10P collected $23.52 from pot
Mr10P: doesn't show hand
*** SUMMARY ***
Total pot $24 | Rake $0.48
Board [5d 6c 9h 7s]
Seat 1: RaisemyNut$ (button) (small blind) folded on the Turn
Seat 4: Mr10P (big blind) collected ($23.52)


PokerStars Hand #154255043264:  Hold'em Limit ($3/$6 USD) - 2016/06/03 19:53:35 ET
Table 'Fantasia' 6-max Seat #4 is the button
Seat 1: RaisemyNut$ ($359.02 in chips)
Seat 4: Mr10P ($134.46 in chips)
Mr10P: posts small blind $1
RaisemyNut$: posts big blind $3
*** HOLE CARDS ***
Mr10P: raises $3 to $6
RaisemyNut$: folds
Uncalled bet ($3) returned to Mr10P
Mr10P collected $6 from pot
Mr10P: doesn't show hand
*** SUMMARY ***
Total pot $6 | Rake $0
Seat 1: RaisemyNut$ (big blind) folded before Flop
Seat 4: Mr10P (button) (small blind) collected ($6)


PokerStars Hand #154255030699:  Hold'em Limit ($3/$6 USD) - 2016/06/03 19:53:13 ET
Table 'Fantasia' 6-max Seat #1 is the button
Seat 1: RaisemyNut$ ($386.02 in chips)
Seat 4: Mr10P ($107.96 in chips)
RaisemyNut$: posts small blind $1
Mr10P: posts big blind $3
*** HOLE CARDS ***
RaisemyNut$: raises $3 to $6
Mr10P: calls $3
*** FLOP *** [5d 3h As]
Mr10P: checks
RaisemyNut$: bets $3
Mr10P: calls $3
*** TURN *** [5d 3h As] [7h]
Mr10P: checks
RaisemyNut$: bets $6
Mr10P: raises $6 to $12
RaisemyNut$: calls $6
*** RIVER *** [5d 3h As 7h] [Ks]
Mr10P: bets $6
RaisemyNut$: calls $6
*** SHOW DOWN ***
Mr10P: shows [2c Ah] (a pair of Aces)
RaisemyNut$: mucks hand
Mr10P collected $53.50 from pot
*** SUMMARY ***
Total pot $54 | Rake $0.50
Board [5d 3h As 7h Ks]
Seat 1: RaisemyNut$ (button) (small blind) mucked
Seat 4: Mr10P (big blind) showed [2c Ah] and won ($53.50) with a pair of Aces


PokerStars Hand #154255075737:  Hold'em Limit ($3/$6 USD) - 2016/06/03 19:54:32 ET
Table 'Fantasia' 6-max Seat #1 is the button
Seat 1: RaisemyNut$ ($329.02 in chips)
Seat 4: Mr10P ($163.48 in chips)
RaisemyNut$: posts small blind $1
Mr10P: posts big blind $3
*** HOLE CARDS ***
RaisemyNut$: raises $3 to $6
Mr10P: calls $3
*** FLOP *** [Ah 7d Qh]
Mr10P: checks
RaisemyNut$: bets $3
Mr10P: raises $3 to $6
RaisemyNut$: folds
Uncalled bet ($3) returned to Mr10P
Mr10P collected $17.64 from pot
Mr10P: doesn't show hand
*** SUMMARY ***
Total pot $18 | Rake $0.36
Board [Ah 7d Qh]
Seat 1: RaisemyNut$ (button) (small blind) folded on the Flop
Seat 4: Mr10P (big blind) collected ($17.64)


PokerStars Hand #154255053458:  Hold'em Limit ($3/$6 USD) - 2016/06/03 19:53:53 ET
Table 'Fantasia' 6-max Seat #4 is the button
Seat 1: RaisemyNut$ ($344.02 in chips)
Seat 4: Mr10P ($148.98 in chips)
Mr10P: posts small blind $1
RaisemyNut$: posts big blind $3
*** HOLE CARDS ***
Mr10P: raises $3 to $6
RaisemyNut$: calls $3
*** FLOP *** [8d 4s 5d]
RaisemyNut$: checks
Mr10P: bets $3
SneakyMastr joins the table at seat #5
RaisemyNut$: calls $3
*** TURN *** [8d 4s 5d] [Qd]
RaisemyNut$: checks
Mr10P: bets $6
RaisemyNut$: calls $6
*** RIVER *** [8d 4s 5d Qd] [Ks]
RaisemyNut$: checks
Mr10P: bets $6
RaisemyNut$: folds
Uncalled bet ($6) returned to Mr10P
Mr10P collected $29.50 from pot
Mr10P: doesn't show hand
*** SUMMARY ***
Total pot $30 | Rake $0.50
Board [8d 4s 5d Qd Ks]
Seat 1: RaisemyNut$ (big blind) folded on the River
Seat 4: Mr10P (button) (small blind) collected ($29.50)


