PokerStars Hand #167339730952:  Hold'em Limit ($3/$6 USD) - 2017/03/09 11:22:39 ET
Table 'Fayeta II' 6-max Seat #6 is the button
Seat 2: AzureCaper ($168.68 in chips)
Seat 6: Krillbjörn ($104.26 in chips)
Krillbjörn: posts small blind $1
AzureCaper: posts big blind $3
*** HOLE CARDS ***
vestimokrec leaves the table
Krillbjörn: raises $3 to $6
AzureCaper: folds
Uncalled bet ($3) returned to Krillbjörn
Krillbjörn collected $6 from pot
Krillbjörn: doesn't show hand
*** SUMMARY ***
Total pot $6 | Rake $0
Seat 2: AzureCaper (big blind) folded before Flop
Seat 6: Krillbjörn (button) (small blind) collected ($6)


PokerStars Hand #167339726175:  Hold'em Limit ($3/$6 USD) - 2017/03/09 11:22:32 ET
Table 'Fayeta II' 6-max Seat #2 is the button
Seat 2: AzureCaper ($169.68 in chips)
Seat 6: Krillbjörn ($103.26 in chips)
AzureCaper: posts small blind $1
TbIP-TbIP 88: is sitting out
vestimokrec: is sitting out
Krillbjörn: posts big blind $3
*** HOLE CARDS ***
TbIP-TbIP 88 leaves the table
AzureCaper: folds
Uncalled bet ($2) returned to Krillbjörn
Krillbjörn collected $2 from pot
Krillbjörn: doesn't show hand
*** SUMMARY ***
Total pot $2 | Rake $0
Seat 2: AzureCaper (button) (small blind) folded before Flop
Seat 6: Krillbjörn (big blind) collected ($2)


