PokerStars Hand #156752943772:  Hold'em Limit ($3/$6 USD) - 2016/08/01 23:36:36 ET
Table 'Felicitas' 6-max Seat #5 is the button
Seat 5: Brama Br ($120 in chips)
Seat 6: Airbag999 ($180.29 in chips)
Brama Br: posts small blind $1
Airbag999: posts big blind $3
*** HOLE CARDS ***
Brama Br: folds
Uncalled bet ($2) returned to Airbag999
Airbag999 collected $2 from pot
Airbag999: doesn't show hand
*** SUMMARY ***
Total pot $2 | Rake $0
Seat 5: Brama Br (button) (small blind) folded before Flop
Seat 6: Airbag999 (big blind) collected ($2)


PokerStars Hand #156752945502:  Hold'em Limit ($3/$6 USD) - 2016/08/01 23:36:42 ET
Table 'Felicitas' 6-max Seat #6 is the button
Seat 5: Brama Br ($119 in chips)
Seat 6: Airbag999 ($181.29 in chips)
Airbag999: posts small blind $1
Brama Br: posts big blind $3
*** HOLE CARDS ***
Airbag999: raises $3 to $6
Brama Br: calls $3
*** FLOP *** [8s Jc 2h]
Brama Br: checks
Airbag999: bets $3
Brama Br: calls $3
*** TURN *** [8s Jc 2h] [7d]
Brama Br: checks
Airbag999: checks
*** RIVER *** [8s Jc 2h 7d] [Jd]
Brama Br: bets $6
Airbag999: folds
Uncalled bet ($6) returned to Brama Br
Brama Br collected $17.64 from pot
Brama Br: doesn't show hand
*** SUMMARY ***
Total pot $18 | Rake $0.36
Board [8s Jc 2h 7d Jd]
Seat 5: Brama Br (big blind) collected ($17.64)
Seat 6: Airbag999 (button) (small blind) folded on the River


PokerStars Hand #156752969828:  Hold'em Limit ($3/$6 USD) - 2016/08/01 23:38:09 ET
Table 'Felicitas' 6-max Seat #5 is the button
Seat 5: Brama Br ($168.64 in chips)
Seat 6: Airbag999 ($130.29 in chips)
Brama Br: posts small blind $1
Airbag999: posts big blind $3
*** HOLE CARDS ***
Brama Br: raises $3 to $6
Airbag999: calls $3
*** FLOP *** [2d Jc Ah]
Airbag999: checks
Brama Br: bets $3
Airbag999: raises $3 to $6
Brama Br: calls $3
*** TURN *** [2d Jc Ah] [Kd]
Airbag999: bets $6
Brama Br: calls $6
*** RIVER *** [2d Jc Ah Kd] [4h]
Airbag999: bets $6
Brama Br: calls $6
*** SHOW DOWN ***
Airbag999: shows [3c As] (a pair of Aces)
Brama Br: mucks hand
Airbag999 collected $47.50 from pot
*** SUMMARY ***
Total pot $48 | Rake $0.50
Board [2d Jc Ah Kd 4h]
Seat 5: Brama Br (button) (small blind) mucked
Seat 6: Airbag999 (big blind) showed [3c As] and won ($47.50) with a pair of Aces


PokerStars Hand #156752960574:  Hold'em Limit ($3/$6 USD) - 2016/08/01 23:37:36 ET
Table 'Felicitas' 6-max Seat #6 is the button
Seat 5: Brama Br ($151.14 in chips)
Seat 6: Airbag999 ($148.29 in chips)
Airbag999: posts small blind $1
Brama Br: posts big blind $3
*** HOLE CARDS ***
Airbag999: raises $3 to $6
Brama Br: calls $3
*** FLOP *** [Qc 2h Qs]
Brama Br: checks
Airbag999: bets $3
Brama Br: raises $3 to $6
Airbag999: calls $3
*** TURN *** [Qc 2h Qs] [8s]
Brama Br: bets $6
Airbag999: calls $6
*** RIVER *** [Qc 2h Qs 8s] [4s]
Brama Br: checks
Airbag999: checks
*** SHOW DOWN ***
Brama Br: shows [8d Qh] (a full house, Queens full of Eights)
Airbag999: mucks hand
Brama Br collected $35.50 from pot
*** SUMMARY ***
Total pot $36 | Rake $0.50
Board [Qc 2h Qs 8s 4s]
Seat 5: Brama Br (big blind) showed [8d Qh] and won ($35.50) with a full house, Queens full of Eights
Seat 6: Airbag999 (button) (small blind) mucked


PokerStars Hand #156752952127:  Hold'em Limit ($3/$6 USD) - 2016/08/01 23:37:06 ET
Table 'Felicitas' 6-max Seat #5 is the button
Seat 5: Brama Br ($127.64 in chips)
Seat 6: Airbag999 ($172.29 in chips)
Brama Br: posts small blind $1
Airbag999: posts big blind $3
*** HOLE CARDS ***
Brama Br: raises $3 to $6
Airbag999: raises $3 to $9
Brama Br: calls $3
*** FLOP *** [7h 6d 6s]
Airbag999: bets $3
Brama Br: calls $3
*** TURN *** [7h 6d 6s] [9d]
Airbag999: bets $6
Brama Br: raises $6 to $12
Airbag999: calls $6
*** RIVER *** [7h 6d 6s 9d] [6c]
Airbag999: checks
Brama Br: bets $6
Airbag999: folds
Uncalled bet ($6) returned to Brama Br
Brama Br collected $47.50 from pot
Brama Br: doesn't show hand
*** SUMMARY ***
Total pot $48 | Rake $0.50
Board [7h 6d 6s 9d 6c]
Seat 5: Brama Br (button) (small blind) collected ($47.50)
Seat 6: Airbag999 (big blind) folded on the River


PokerStars Hand #156752985551:  Hold'em Limit ($3/$6 USD) - 2016/08/01 23:39:05 ET
Table 'Felicitas' 6-max Seat #6 is the button
Seat 5: Brama Br ($150.28 in chips)
Seat 6: Airbag999 ($147.79 in chips)
Airbag999: posts small blind $1
Brama Br: posts big blind $3
*** HOLE CARDS ***
Airbag999: raises $3 to $6
Brama Br: folds
Uncalled bet ($3) returned to Airbag999
Airbag999 collected $6 from pot
Airbag999: doesn't show hand
*** SUMMARY ***
Total pot $6 | Rake $0
Seat 5: Brama Br (big blind) folded before Flop
Seat 6: Airbag999 (button) (small blind) collected ($6)


PokerStars Hand #156752977984:  Hold'em Limit ($3/$6 USD) - 2016/08/01 23:38:38 ET
Table 'Felicitas' 6-max Seat #5 is the button
Seat 5: Brama Br ($141.64 in chips)
Seat 6: Airbag999 ($156.79 in chips)
Brama Br: posts small blind $1
Airbag999: posts big blind $3
*** HOLE CARDS ***
Brama Br: raises $3 to $6
Airbag999: calls $3
*** FLOP *** [Jh 6c 6d]
Airbag999: checks
Brama Br: bets $3
Airbag999: calls $3
*** TURN *** [Jh 6c 6d] [As]
Airbag999: checks
Brama Br: checks
*** RIVER *** [Jh 6c 6d As] [9s]
Airbag999: checks
Brama Br: bets $6
Airbag999: folds
Uncalled bet ($6) returned to Brama Br
Brama Br collected $17.64 from pot
Brama Br: doesn't show hand
*** SUMMARY ***
Total pot $18 | Rake $0.36
Board [Jh 6c 6d As 9s]
Seat 5: Brama Br (button) (small blind) collected ($17.64)
Seat 6: Airbag999 (big blind) folded on the River


PokerStars Hand #156752976094:  Hold'em Limit ($3/$6 USD) - 2016/08/01 23:38:31 ET
Table 'Felicitas' 6-max Seat #6 is the button
Seat 5: Brama Br ($144.64 in chips)
Seat 6: Airbag999 ($153.79 in chips)
Airbag999: posts small blind $1
Brama Br: posts big blind $3
*** HOLE CARDS ***
Airbag999: raises $3 to $6
Brama Br: folds
Uncalled bet ($3) returned to Airbag999
Airbag999 collected $6 from pot
Airbag999: doesn't show hand
*** SUMMARY ***
Total pot $6 | Rake $0
Seat 5: Brama Br (big blind) folded before Flop
Seat 6: Airbag999 (button) (small blind) collected ($6)


PokerStars Hand #156752987413:  Hold'em Limit ($3/$6 USD) - 2016/08/01 23:39:12 ET
Table 'Felicitas' 6-max Seat #5 is the button
Seat 5: Brama Br ($147.28 in chips)
Seat 6: Airbag999 ($150.79 in chips)
Brama Br: posts small blind $1
Airbag999: posts big blind $3
*** HOLE CARDS ***
Brama Br: raises $3 to $6
Airbag999: raises $3 to $9
Brama Br: calls $3
*** FLOP *** [6s As 7c]
Airbag999: bets $3
Brama Br: raises $3 to $6
Airbag999: calls $3
*** TURN *** [6s As 7c] [Qd]
Airbag999: checks
Brama Br: checks
*** RIVER *** [6s As 7c Qd] [5h]
Airbag999: bets $6
Brama Br: raises $6 to $12
Airbag999: folds
Uncalled bet ($6) returned to Brama Br
Brama Br collected $41.50 from pot
Brama Br: doesn't show hand
*** SUMMARY ***
Total pot $42 | Rake $0.50
Board [6s As 7c Qd 5h]
Seat 5: Brama Br (button) (small blind) collected ($41.50)
Seat 6: Airbag999 (big blind) folded on the River


PokerStars Hand #156753002527:  Hold'em Limit ($3/$6 USD) - 2016/08/01 23:40:01 ET
Table 'Felicitas' 6-max Seat #5 is the button
Seat 5: Brama Br ($179.30 in chips)
Seat 6: Airbag999 ($117.79 in chips)
Brama Br: posts small blind $1
Airbag999: posts big blind $3
*** HOLE CARDS ***
Brama Br: raises $3 to $6
Airbag999: calls $3
*** FLOP *** [5d Ts 8d]
Airbag999: checks
Brama Br: bets $3
Airbag999: raises $3 to $6
Brama Br: calls $3
*** TURN *** [5d Ts 8d] [6c]
Airbag999: bets $6
Brama Br: raises $6 to $12
Chessnok joins the table at seat #1
Airbag999: raises $6 to $18
Brama Br: calls $6
*** RIVER *** [5d Ts 8d 6c] [6d]
Airbag999: bets $6
Brama Br: raises $6 to $12
Airbag999: calls $6
*** SHOW DOWN ***
Brama Br: shows [Td 6s] (a full house, Sixes full of Tens)
Airbag999: mucks hand
Brama Br collected $83.50 from pot
*** SUMMARY ***
Total pot $84 | Rake $0.50
Board [5d Ts 8d 6c 6d]
Seat 5: Brama Br (button) (small blind) showed [Td 6s] and won ($83.50) with a full house, Sixes full of Tens
Seat 6: Airbag999 (big blind) mucked


PokerStars Hand #156752995819:  Hold'em Limit ($3/$6 USD) - 2016/08/01 23:39:41 ET
Table 'Felicitas' 6-max Seat #6 is the button
Seat 5: Brama Br ($167.78 in chips)
Seat 6: Airbag999 ($129.79 in chips)
Airbag999: posts small blind $1
Brama Br: posts big blind $3
*** HOLE CARDS ***
Airbag999: raises $3 to $6
Brama Br: calls $3
*** FLOP *** [6s 9c 8d]
Brama Br: checks
Airbag999: checks
*** TURN *** [6s 9c 8d] [2c]
Brama Br: checks
Airbag999: checks
*** RIVER *** [6s 9c 8d 2c] [8c]
Brama Br: bets $6
Airbag999: calls $6
*** SHOW DOWN ***
Brama Br: shows [6h Js] (two pair, Eights and Sixes)
Airbag999: mucks hand
Brama Br collected $23.52 from pot
*** SUMMARY ***
Total pot $24 | Rake $0.48
Board [6s 9c 8d 2c 8c]
Seat 5: Brama Br (big blind) showed [6h Js] and won ($23.52) with two pair, Eights and Sixes
Seat 6: Airbag999 (button) (small blind) mucked


PokerStars Hand #156753864479:  Hold'em Limit ($3/$6 USD) - 2016/08/02 0:33:28 ET
Table 'Felicitas' 6-max Seat #3 is the button
Seat 1: Chessnok ($312.51 in chips)
Seat 3: Fabulous108 ($243.79 in chips)
Fabulous108: posts small blind $1
Airbag999: is sitting out
Chessnok: posts big blind $3
*** HOLE CARDS ***
Fabulous108: folds
Uncalled bet ($2) returned to Chessnok
Chessnok collected $2 from pot
Chessnok: doesn't show hand
*** SUMMARY ***
Total pot $2 | Rake $0
Seat 1: Chessnok (big blind) collected ($2)
Seat 3: Fabulous108 (button) (small blind) folded before Flop


