PokerStars Hand #171659129879:  Hold'em Limit ($3/$6 USD) - 2017/06/11 19:13:46 ET
Table 'Felicia II' 6-max Seat #1 is the button
Seat 1: Chessnok ($117 in chips)
Seat 6: sda.80.16 ($123 in chips)
Chessnok: posts small blind $1
sda.80.16: posts big blind $3
*** HOLE CARDS ***
Chessnok: raises $3 to $6
sda.80.16: raises $3 to $9
Chessnok: calls $3
*** FLOP *** [3d Th Jh]
sda.80.16: bets $3
Chessnok: calls $3
*** TURN *** [3d Th Jh] [Ac]
sda.80.16: checks
Chessnok: checks
*** RIVER *** [3d Th Jh Ac] [Kd]
sda.80.16: bets $6
Chessnok: calls $6
*** SHOW DOWN ***
sda.80.16: shows [Ad 9s] (a pair of Aces)
Chessnok: mucks hand
sda.80.16 collected $35.50 from pot
*** SUMMARY ***
Total pot $36 | Rake $0.50
Board [3d Th Jh Ac Kd]
Seat 1: Chessnok (button) (small blind) mucked
Seat 6: sda.80.16 (big blind) showed [Ad 9s] and won ($35.50) with a pair of Aces


PokerStars Hand #171659144745:  Hold'em Limit ($3/$6 USD) - 2017/06/11 19:14:11 ET
Table 'Felicia II' 6-max Seat #6 is the button
Seat 1: Chessnok ($99 in chips)
Seat 6: sda.80.16 ($140.50 in chips)
sda.80.16: posts small blind $1
Chessnok: posts big blind $3
*** HOLE CARDS ***
sda.80.16: folds
Uncalled bet ($2) returned to Chessnok
Chessnok collected $2 from pot
Chessnok: doesn't show hand
*** SUMMARY ***
Total pot $2 | Rake $0
Seat 1: Chessnok (big blind) collected ($2)
Seat 6: sda.80.16 (button) (small blind) folded before Flop


PokerStars Hand #171659149319:  Hold'em Limit ($3/$6 USD) - 2017/06/11 19:14:19 ET
Table 'Felicia II' 6-max Seat #1 is the button
Seat 1: Chessnok ($100 in chips)
Seat 6: sda.80.16 ($139.50 in chips)
Chessnok: posts small blind $1
sda.80.16: posts big blind $3
*** HOLE CARDS ***
Chessnok: raises $3 to $6
sda.80.16: calls $3
*** FLOP *** [4d 6h 6s]
sda.80.16: checks
Chessnok: bets $3
sda.80.16: calls $3
*** TURN *** [4d 6h 6s] [8d]
sda.80.16: checks
Chessnok: bets $6
sda.80.16: calls $6
*** RIVER *** [4d 6h 6s 8d] [Ah]
sda.80.16: checks
Chessnok: bets $6
sda.80.16: calls $6
*** SHOW DOWN ***
Chessnok: shows [Jc 8s] (two pair, Eights and Sixes)
sda.80.16: mucks hand
Chessnok collected $41.50 from pot
*** SUMMARY ***
Total pot $42 | Rake $0.50
Board [4d 6h 6s 8d Ah]
Seat 1: Chessnok (button) (small blind) showed [Jc 8s] and won ($41.50) with two pair, Eights and Sixes
Seat 6: sda.80.16 (big blind) mucked


PokerStars Hand #171659166407:  Hold'em Limit ($3/$6 USD) - 2017/06/11 19:14:48 ET
Table 'Felicia II' 6-max Seat #6 is the button
Seat 1: Chessnok ($120.50 in chips)
Seat 6: sda.80.16 ($118.50 in chips)
sda.80.16: posts small blind $1
Chessnok: posts big blind $3
*** HOLE CARDS ***
sda.80.16: calls $2
Chessnok: checks
*** FLOP *** [Ks Qc 2h]
Chessnok: checks
sda.80.16: checks
*** TURN *** [Ks Qc 2h] [7d]
Chessnok: checks
sda.80.16: checks
*** RIVER *** [Ks Qc 2h 7d] [3d]
Chessnok: checks
sda.80.16: bets $6
Chessnok: folds
Uncalled bet ($6) returned to sda.80.16
sda.80.16 collected $5.88 from pot
sda.80.16: doesn't show hand
*** SUMMARY ***
Total pot $6 | Rake $0.12
Board [Ks Qc 2h 7d 3d]
Seat 1: Chessnok (big blind) folded on the River
Seat 6: sda.80.16 (button) (small blind) collected ($5.88)


PokerStars Hand #171659183261:  Hold'em Limit ($3/$6 USD) - 2017/06/11 19:15:16 ET
Table 'Felicia II' 6-max Seat #1 is the button
Seat 1: Chessnok ($117.50 in chips)
Seat 6: sda.80.16 ($121.38 in chips)
Chessnok: posts small blind $1
sda.80.16: posts big blind $3
*** HOLE CARDS ***
Chessnok: raises $3 to $6
sda.80.16: raises $3 to $9
Chessnok: calls $3
*** FLOP *** [Kd 7d 9c]
sda.80.16: checks
Chessnok: bets $3
sda.80.16: raises $3 to $6
Chessnok: calls $3
*** TURN *** [Kd 7d 9c] [5d]
sda.80.16: bets $6
Chessnok: calls $6
*** RIVER *** [Kd 7d 9c 5d] [Jh]
sda.80.16: bets $6
Chessnok: calls $6
*** SHOW DOWN ***
sda.80.16: shows [Kc Ac] (a pair of Kings)
Chessnok: mucks hand
sda.80.16 collected $53.50 from pot
*** SUMMARY ***
Total pot $54 | Rake $0.50
Board [Kd 7d 9c 5d Jh]
Seat 1: Chessnok (button) (small blind) mucked
Seat 6: sda.80.16 (big blind) showed [Kc Ac] and won ($53.50) with a pair of Kings


PokerStars Hand #171659196718:  Hold'em Limit ($3/$6 USD) - 2017/06/11 19:15:39 ET
Table 'Felicia II' 6-max Seat #6 is the button
Seat 1: Chessnok ($90.50 in chips)
Seat 6: sda.80.16 ($147.88 in chips)
sda.80.16: posts small blind $1
Chessnok: posts big blind $3
*** HOLE CARDS ***
sda.80.16: raises $3 to $6
Chessnok: calls $3
*** FLOP *** [2h 5d 4c]
Chessnok: checks
sda.80.16: checks
*** TURN *** [2h 5d 4c] [Jd]
Chessnok: bets $6
sda.80.16: raises $6 to $12
Chessnok: raises $6 to $18
sda.80.16: raises $6 to $24
Betting is capped
Chessnok: calls $6
*** RIVER *** [2h 5d 4c Jd] [Th]
Chessnok: checks
sda.80.16: bets $6
Chessnok: calls $6
*** SHOW DOWN ***
sda.80.16: shows [3s 6s] (a straight, Deuce to Six)
Chessnok: mucks hand
sda.80.16 collected $71.50 from pot
*** SUMMARY ***
Total pot $72 | Rake $0.50
Board [2h 5d 4c Jd Th]
Seat 1: Chessnok (big blind) mucked
Seat 6: sda.80.16 (button) (small blind) showed [3s 6s] and won ($71.50) with a straight, Deuce to Six


PokerStars Hand #171659209202:  Hold'em Limit ($3/$6 USD) - 2017/06/11 19:16:00 ET
Table 'Felicia II' 6-max Seat #1 is the button
Seat 1: Chessnok ($60 in chips)
Seat 6: sda.80.16 ($183.38 in chips)
Chessnok: posts small blind $1
sda.80.16: posts big blind $3
*** HOLE CARDS ***
Chessnok: folds
Uncalled bet ($2) returned to sda.80.16
sda.80.16 collected $2 from pot
sda.80.16: doesn't show hand
*** SUMMARY ***
Total pot $2 | Rake $0
Seat 1: Chessnok (button) (small blind) folded before Flop
Seat 6: sda.80.16 (big blind) collected ($2)


PokerStars Hand #171659212103:  Hold'em Limit ($3/$6 USD) - 2017/06/11 19:16:05 ET
Table 'Felicia II' 6-max Seat #6 is the button
Seat 1: Chessnok ($60 in chips)
Seat 6: sda.80.16 ($184.38 in chips)
sda.80.16: posts small blind $1
Chessnok: posts big blind $3
*** HOLE CARDS ***
sda.80.16: calls $2
Chessnok: checks
*** FLOP *** [Ks 4s Kd]
Chessnok: checks
sda.80.16: bets $3
Chessnok: folds
Uncalled bet ($3) returned to sda.80.16
sda.80.16 collected $5.88 from pot
sda.80.16: doesn't show hand
*** SUMMARY ***
Total pot $6 | Rake $0.12
Board [Ks 4s Kd]
Seat 1: Chessnok (big blind) folded on the Flop
Seat 6: sda.80.16 (button) (small blind) collected ($5.88)


PokerStars Hand #171659229039:  Hold'em Limit ($3/$6 USD) - 2017/06/11 19:16:34 ET
Table 'Felicia II' 6-max Seat #1 is the button
Seat 1: Chessnok ($60 in chips)
Seat 6: sda.80.16 ($187.26 in chips)
Chessnok: posts small blind $1
sda.80.16: posts big blind $3
*** HOLE CARDS ***
Chessnok: raises $3 to $6
sda.80.16: raises $3 to $9
Chessnok: calls $3
*** FLOP *** [4s 9s Kh]
sda.80.16: checks
Zubasa07 joins the table at seat #2
Chessnok: bets $3
sda.80.16: calls $3
*** TURN *** [4s 9s Kh] [7d]
sda.80.16: checks
Chessnok: checks
*** RIVER *** [4s 9s Kh 7d] [Qc]
sda.80.16: bets $6
Chessnok: folds
Uncalled bet ($6) returned to sda.80.16
sda.80.16 collected $23.52 from pot
sda.80.16: doesn't show hand
*** SUMMARY ***
Total pot $24 | Rake $0.48
Board [4s 9s Kh 7d Qc]
Seat 1: Chessnok (button) (small blind) folded on the River
Seat 6: sda.80.16 (big blind) collected ($23.52)


PokerStars Hand #171659244580:  Hold'em Limit ($3/$6 USD) - 2017/06/11 19:17:01 ET
Table 'Felicia II' 6-max Seat #6 is the button
Seat 1: Chessnok ($60 in chips)
Seat 6: sda.80.16 ($198.78 in chips)
sda.80.16: posts small blind $1
Chessnok: posts big blind $3
*** HOLE CARDS ***
sda.80.16: raises $3 to $6
Chessnok: raises $3 to $9
sda.80.16: calls $3
*** FLOP *** [8h 3d 7c]
Chessnok: bets $3
sda.80.16: calls $3
*** TURN *** [8h 3d 7c] [Ks]
Chessnok: bets $6
sda.80.16: calls $6
*** RIVER *** [8h 3d 7c Ks] [Js]
Chessnok: checks
sda.80.16: bets $6
Chessnok: calls $6
*** SHOW DOWN ***
sda.80.16: shows [6s 8c] (a pair of Eights)
Chessnok: mucks hand
sda.80.16 collected $47.50 from pot
*** SUMMARY ***
Total pot $48 | Rake $0.50
Board [8h 3d 7c Ks Js]
Seat 1: Chessnok (big blind) mucked
Seat 6: sda.80.16 (button) (small blind) showed [6s 8c] and won ($47.50) with a pair of Eights


