PokerStars Hand #164570355768:  Hold'em Limit ($3/$6 USD) - 2017/01/14 13:43:24 ET
Table 'Felicitas III' 6-max Seat #2 is the button
Seat 2: MalishR ($110.97 in chips)
Seat 3: TbIP-TbIP 88 ($72 in chips)
MalishR: posts small blind $1
carnies-rule joins the table at seat #6
TbIP-TbIP 88: posts big blind $3
*** HOLE CARDS ***
MalishR: raises $3 to $6
TbIP-TbIP 88: calls $3
*** FLOP *** [Ah 8s Jd]
TbIP-TbIP 88: checks
MalishR: checks
*** TURN *** [Ah 8s Jd] [Th]
TbIP-TbIP 88: bets $6
MalishR: calls $6
*** RIVER *** [Ah 8s Jd Th] [Ts]
LuckyScal joins the table at seat #1
TbIP-TbIP 88: checks
MalishR: bets $6
TbIP-TbIP 88: raises $6 to $12
MalishR: calls $6
*** SHOW DOWN ***
TbIP-TbIP 88: shows [As Tc] (a full house, Tens full of Aces)
MalishR: mucks hand
TbIP-TbIP 88 collected $47.50 from pot
*** SUMMARY ***
Total pot $48 | Rake $0.50
Board [Ah 8s Jd Th Ts]
Seat 2: MalishR (button) (small blind) mucked
Seat 3: TbIP-TbIP 88 (big blind) showed [As Tc] and won ($47.50) with a full house, Tens full of Aces


PokerStars Hand #164570756527:  Hold'em Limit ($3/$6 USD) - 2017/01/14 13:50:17 ET
Table 'Felicitas III' 6-max Seat #2 is the button
Seat 1: LuckyScal ($130.42 in chips)
Seat 2: MalishR ($68.86 in chips)
MalishR: posts small blind $1
LuckyScal: posts big blind $3
*** HOLE CARDS ***
MalishR: folds
Uncalled bet ($2) returned to LuckyScal
MalishR leaves the table
LuckyScal collected $2 from pot
LuckyScal: doesn't show hand
*** SUMMARY ***
Total pot $2 | Rake $0
Seat 1: LuckyScal (big blind) collected ($2)
Seat 2: MalishR (button) (small blind) folded before Flop


PokerStars Hand #164570825002:  Hold'em Limit ($3/$6 USD) - 2017/01/14 13:51:28 ET
Table 'Felicitas III' 6-max Seat #1 is the button
Seat 1: LuckyScal ($131.42 in chips)
Seat 3: MalishR ($67.86 in chips)
LuckyScal: posts small blind $1
MalishR: posts big blind $3
*** HOLE CARDS ***
LuckyScal: folds
Uncalled bet ($2) returned to MalishR
MalishR collected $2 from pot
*** SUMMARY ***
Total pot $2 | Rake $0
Seat 1: LuckyScal (button) (small blind) folded before Flop
Seat 3: MalishR (big blind) collected ($2)


