PokerStars Hand #163813186212:  Hold'em Limit ($3/$6 USD) - 2016/12/31 6:27:20 ET
Table 'Felicitas II' 6-max Seat #1 is the button
Seat 1: Chessnok ($120 in chips)
Seat 3: Zovanna ($120 in chips)
Chessnok: posts small blind $1
Zovanna: posts big blind $3
*** HOLE CARDS ***
Chessnok: raises $3 to $6
Zovanna: raises $3 to $9
Chessnok: calls $3
*** FLOP *** [9c 8h 2h]
Zovanna: bets $3
Chessnok: calls $3
*** TURN *** [9c 8h 2h] [Kh]
Zovanna: bets $6
Chessnok: calls $6
*** RIVER *** [9c 8h 2h Kh] [5s]
Zovanna: bets $6
Chessnok: folds
Uncalled bet ($6) returned to Zovanna
Zovanna collected $35.50 from pot
*** SUMMARY ***
Total pot $36 | Rake $0.50
Board [9c 8h 2h Kh 5s]
Seat 1: Chessnok (button) (small blind) folded on the River
Seat 3: Zovanna (big blind) collected ($35.50)


PokerStars Hand #163813201287:  Hold'em Limit ($3/$6 USD) - 2016/12/31 6:27:50 ET
Table 'Felicitas II' 6-max Seat #1 is the button
Seat 1: Chessnok ($107.76 in chips)
Seat 3: Zovanna ($131.50 in chips)
Chessnok: posts small blind $1
Zovanna: posts big blind $3
*** HOLE CARDS ***
Chessnok: raises $3 to $6
Zovanna: folds
Uncalled bet ($3) returned to Chessnok
Chessnok collected $6 from pot
Chessnok: doesn't show hand
*** SUMMARY ***
Total pot $6 | Rake $0
Seat 1: Chessnok (button) (small blind) collected ($6)
Seat 3: Zovanna (big blind) folded before Flop


PokerStars Hand #163813196651:  Hold'em Limit ($3/$6 USD) - 2016/12/31 6:27:40 ET
Table 'Felicitas II' 6-max Seat #3 is the button
Seat 1: Chessnok ($102 in chips)
Seat 3: Zovanna ($137.50 in chips)
Zovanna: posts small blind $1
Chessnok: posts big blind $3
*** HOLE CARDS ***
Zovanna: calls $2
Chessnok: raises $3 to $6
Zovanna: calls $3
*** FLOP *** [Tc 4d Js]
Chessnok: bets $3
Zovanna: folds
Uncalled bet ($3) returned to Chessnok
ToDaFelt joins the table at seat #4
Chessnok collected $11.76 from pot
Chessnok: doesn't show hand
*** SUMMARY ***
Total pot $12 | Rake $0.24
Board [Tc 4d Js]
Seat 1: Chessnok (big blind) collected ($11.76)
Seat 3: Zovanna (button) (small blind) folded on the Flop


