PokerStars Hand #157334669284:  Hold'em Limit ($3/$6 USD) - 2016/08/16 0:56:35 ET
Table 'Fennia' 6-max Seat #1 is the button
Seat 1: GOREZ-KKKK ($120 in chips)
Seat 3: FabronxRJ ($189.31 in chips)
GOREZ-KKKK: posts small blind $1
FabronxRJ: posts big blind $3
*** HOLE CARDS ***
GOREZ-KKKK: raises $3 to $6
FabronxRJ: calls $3
*** FLOP *** [Td 7s 4h]
FabronxRJ: checks
GOREZ-KKKK: bets $3
FabronxRJ: calls $3
*** TURN *** [Td 7s 4h] [Jh]
FabronxRJ: checks
GOREZ-KKKK: bets $6
FabronxRJ: raises $6 to $12
GOREZ-KKKK: raises $6 to $18
Headgtboy joins the table at seat #4
FabronxRJ: calls $6
*** RIVER *** [Td 7s 4h Jh] [4d]
FabronxRJ: checks
GOREZ-KKKK: bets $6
FabronxRJ: folds
Uncalled bet ($6) returned to GOREZ-KKKK
GOREZ-KKKK collected $53.50 from pot
GOREZ-KKKK: doesn't show hand
*** SUMMARY ***
Total pot $54 | Rake $0.50
Board [Td 7s 4h Jh 4d]
Seat 1: GOREZ-KKKK (button) (small blind) collected ($53.50)
Seat 3: FabronxRJ (big blind) folded on the River


PokerStars Hand #157334685349:  Hold'em Limit ($3/$6 USD) - 2016/08/16 0:57:53 ET
Table 'Fennia' 6-max Seat #1 is the button
Seat 1: GOREZ-KKKK ($147.50 in chips)
Seat 3: FabronxRJ ($166.95 in chips)
GOREZ-KKKK: posts small blind $1
FabronxRJ: posts big blind $3
*** HOLE CARDS ***
GOREZ-KKKK: folds
Uncalled bet ($2) returned to FabronxRJ
FabronxRJ collected $2 from pot
FabronxRJ: doesn't show hand
*** SUMMARY ***
Total pot $2 | Rake $0
Seat 1: GOREZ-KKKK (button) (small blind) folded before Flop
Seat 3: FabronxRJ (big blind) collected ($2)


PokerStars Hand #157334683684:  Hold'em Limit ($3/$6 USD) - 2016/08/16 0:57:45 ET
Table 'Fennia' 6-max Seat #3 is the button
Seat 1: GOREZ-KKKK ($146.50 in chips)
Seat 3: FabronxRJ ($167.95 in chips)
FabronxRJ: posts small blind $1
Headgtboy leaves the table
GOREZ-KKKK: posts big blind $3
*** HOLE CARDS ***
FabronxRJ: folds
Uncalled bet ($2) returned to GOREZ-KKKK
GOREZ-KKKK collected $2 from pot
GOREZ-KKKK: doesn't show hand
*** SUMMARY ***
Total pot $2 | Rake $0
Seat 1: GOREZ-KKKK (big blind) collected ($2)
Seat 3: FabronxRJ (button) (small blind) folded before Flop


PokerStars Hand #157334687101:  Hold'em Limit ($3/$6 USD) - 2016/08/16 0:58:01 ET
Table 'Fennia' 6-max Seat #3 is the button
Seat 1: GOREZ-KKKK ($146.50 in chips)
Seat 3: FabronxRJ ($167.95 in chips)
FabronxRJ: posts small blind $1
GOREZ-KKKK: posts big blind $3
*** HOLE CARDS ***
FabronxRJ: calls $2
GOREZ-KKKK: checks
*** FLOP *** [Ts Jd 4d]
GOREZ-KKKK: checks
FabronxRJ: bets $3
GOREZ-KKKK: calls $3
*** TURN *** [Ts Jd 4d] [8c]
GOREZ-KKKK: checks
FabronxRJ: checks
*** RIVER *** [Ts Jd 4d 8c] [4h]
GOREZ-KKKK: bets $6
FabronxRJ: raises $6 to $12
GOREZ-KKKK: raises $6 to $18
FabronxRJ: raises $6 to $24
Betting is capped
GOREZ-KKKK: calls $6
*** SHOW DOWN ***
FabronxRJ: shows [Kd 4c] (three of a kind, Fours)
GOREZ-KKKK: shows [9d 7s] (a straight, Seven to Jack)
GOREZ-KKKK collected $59.50 from pot
*** SUMMARY ***
Total pot $60 | Rake $0.50
Board [Ts Jd 4d 8c 4h]
Seat 1: GOREZ-KKKK (big blind) showed [9d 7s] and won ($59.50) with a straight, Seven to Jack
Seat 3: FabronxRJ (button) (small blind) showed [Kd 4c] and lost with three of a kind, Fours


PokerStars Hand #157334700066:  Hold'em Limit ($3/$6 USD) - 2016/08/16 0:59:03 ET
Table 'Fennia' 6-max Seat #3 is the button
Seat 1: GOREZ-KKKK ($167 in chips)
Seat 3: FabronxRJ ($146.59 in chips)
FabronxRJ: posts small blind $1
GOREZ-KKKK: posts big blind $3
*** HOLE CARDS ***
FabronxRJ: raises $3 to $6
GOREZ-KKKK: calls $3
*** FLOP *** [5s Qc 8h]
GOREZ-KKKK: bets $3
FabronxRJ: calls $3
*** TURN *** [5s Qc 8h] [6d]
GOREZ-KKKK: bets $6
FabronxRJ: folds
Uncalled bet ($6) returned to GOREZ-KKKK
GOREZ-KKKK collected $17.64 from pot
GOREZ-KKKK: doesn't show hand
*** SUMMARY ***
Total pot $18 | Rake $0.36
Board [5s Qc 8h 6d]
Seat 1: GOREZ-KKKK (big blind) collected ($17.64)
Seat 3: FabronxRJ (button) (small blind) folded on the Turn


PokerStars Hand #157334695881:  Hold'em Limit ($3/$6 USD) - 2016/08/16 0:58:43 ET
Table 'Fennia' 6-max Seat #1 is the button
Seat 1: GOREZ-KKKK ($176 in chips)
Seat 3: FabronxRJ ($137.95 in chips)
GOREZ-KKKK: posts small blind $1
FabronxRJ: posts big blind $3
*** HOLE CARDS ***
GOREZ-KKKK: raises $3 to $6
FabronxRJ: calls $3
*** FLOP *** [Th 4d 9d]
FabronxRJ: bets $3
GOREZ-KKKK: calls $3
*** TURN *** [Th 4d 9d] [5c]
FabronxRJ: bets $6
GOREZ-KKKK: folds
Uncalled bet ($6) returned to FabronxRJ
FabronxRJ collected $17.64 from pot
FabronxRJ: doesn't show hand
*** SUMMARY ***
Total pot $18 | Rake $0.36
Board [Th 4d 9d 5c]
Seat 1: GOREZ-KKKK (button) (small blind) folded on the Turn
Seat 3: FabronxRJ (big blind) collected ($17.64)


PokerStars Hand #157334704431:  Hold'em Limit ($3/$6 USD) - 2016/08/16 0:59:24 ET
Table 'Fennia' 6-max Seat #1 is the button
Seat 1: GOREZ-KKKK ($175.64 in chips)
Seat 3: FabronxRJ ($137.59 in chips)
GOREZ-KKKK: posts small blind $1
FabronxRJ: posts big blind $3
*** HOLE CARDS ***
GOREZ-KKKK: raises $3 to $6
FabronxRJ: raises $3 to $9
GOREZ-KKKK: calls $3
*** FLOP *** [Ac 9s Jc]
FabronxRJ: bets $3
GOREZ-KKKK: folds
Uncalled bet ($3) returned to FabronxRJ
FabronxRJ collected $17.64 from pot
FabronxRJ: doesn't show hand
*** SUMMARY ***
Total pot $18 | Rake $0.36
Board [Ac 9s Jc]
Seat 1: GOREZ-KKKK (button) (small blind) folded on the Flop
Seat 3: FabronxRJ (big blind) collected ($17.64)


PokerStars Hand #157334710321:  Hold'em Limit ($3/$6 USD) - 2016/08/16 0:59:53 ET
Table 'Fennia' 6-max Seat #1 is the button
Seat 1: GOREZ-KKKK ($163.64 in chips)
Seat 3: FabronxRJ ($149.23 in chips)
GOREZ-KKKK: posts small blind $1
FabronxRJ: posts big blind $3
*** HOLE CARDS ***
GOREZ-KKKK: folds
Uncalled bet ($2) returned to FabronxRJ
FabronxRJ collected $2 from pot
FabronxRJ: doesn't show hand
*** SUMMARY ***
Total pot $2 | Rake $0
Seat 1: GOREZ-KKKK (button) (small blind) folded before Flop
Seat 3: FabronxRJ (big blind) collected ($2)


PokerStars Hand #157334707356:  Hold'em Limit ($3/$6 USD) - 2016/08/16 0:59:39 ET
Table 'Fennia' 6-max Seat #3 is the button
Seat 1: GOREZ-KKKK ($166.64 in chips)
Seat 3: FabronxRJ ($146.23 in chips)
FabronxRJ: posts small blind $1
GOREZ-KKKK: posts big blind $3
*** HOLE CARDS ***
FabronxRJ: raises $3 to $6
GOREZ-KKKK: folds
Uncalled bet ($3) returned to FabronxRJ
FabronxRJ collected $6 from pot
FabronxRJ: doesn't show hand
*** SUMMARY ***
Total pot $6 | Rake $0
Seat 1: GOREZ-KKKK (big blind) folded before Flop
Seat 3: FabronxRJ (button) (small blind) collected ($6)


