PokerStars Hand #147463752738:  Hold'em Limit ($3/$6 USD) - 2016/01/22 2:19:51 ET
Table 'Fennia' 6-max Seat #4 is the button
Seat 4: Agrotait ($72 in chips)
Seat 5: Actionni13 ($150 in chips)
Agrotait: posts small blind $1
Actionni13: posts big blind $3
*** HOLE CARDS ***
Agrotait: raises $3 to $6
Actionni13: calls $3
*** FLOP *** [Ad 6d 4c]
Actionni13: checks
Agrotait: bets $3
Actionni13: folds
Uncalled bet ($3) returned to Agrotait
Agrotait collected $11.76 from pot
Agrotait: doesn't show hand
*** SUMMARY ***
Total pot $12 | Rake $0.24
Board [Ad 6d 4c]
Seat 4: Agrotait (button) (small blind) collected ($11.76)
Seat 5: Actionni13 (big blind) folded on the Flop


PokerStars Hand #147463760510:  Hold'em Limit ($3/$6 USD) - 2016/01/22 2:20:16 ET
Table 'Fennia' 6-max Seat #5 is the button
Seat 4: Agrotait ($77.76 in chips)
Seat 5: Actionni13 ($150 in chips)
Actionni13: posts small blind $1
Agrotait: posts big blind $3
*** HOLE CARDS ***
Actionni13: raises $3 to $6
Agrotait: folds
Uncalled bet ($3) returned to Actionni13
Actionni13 collected $6 from pot
*** SUMMARY ***
Total pot $6 | Rake $0
Seat 4: Agrotait (big blind) folded before Flop
Seat 5: Actionni13 (button) (small blind) collected ($6)


PokerStars Hand #147463763154:  Hold'em Limit ($3/$6 USD) - 2016/01/22 2:20:25 ET
Table 'Fennia' 6-max Seat #4 is the button
Seat 4: Agrotait ($74.76 in chips)
Seat 5: Actionni13 ($153 in chips)
Agrotait: posts small blind $1
Actionni13: posts big blind $3
*** HOLE CARDS ***
Agrotait: raises $3 to $6
Actionni13: calls $3
*** FLOP *** [7d 3c Ah]
Actionni13: checks
Agrotait: bets $3
Actionni13: calls $3
*** TURN *** [7d 3c Ah] [9c]
Actionni13: checks
Agrotait: checks
*** RIVER *** [7d 3c Ah 9c] [6s]
Actionni13: bets $6
Agrotait: folds
Uncalled bet ($6) returned to Actionni13
Actionni13 collected $17.64 from pot
Actionni13: doesn't show hand
*** SUMMARY ***
Total pot $18 | Rake $0.36
Board [7d 3c Ah 9c 6s]
Seat 4: Agrotait (button) (small blind) folded on the River
Seat 5: Actionni13 (big blind) collected ($17.64)


PokerStars Hand #147463772713:  Hold'em Limit ($3/$6 USD) - 2016/01/22 2:20:56 ET
Table 'Fennia' 6-max Seat #5 is the button
Seat 4: Agrotait ($65.76 in chips)
Seat 5: Actionni13 ($161.64 in chips)
Actionni13: posts small blind $1
Agrotait: posts big blind $3
*** HOLE CARDS ***
Actionni13: raises $3 to $6
Agrotait: calls $3
*** FLOP *** [3h Th Ad]
Agrotait: checks
Actionni13: bets $3
Agrotait: folds
Uncalled bet ($3) returned to Actionni13
Actionni13 collected $11.76 from pot
Actionni13: doesn't show hand
*** SUMMARY ***
Total pot $12 | Rake $0.24
Board [3h Th Ad]
Seat 4: Agrotait (big blind) folded on the Flop
Seat 5: Actionni13 (button) (small blind) collected ($11.76)


PokerStars Hand #147463785895:  Hold'em Limit ($3/$6 USD) - 2016/01/22 2:21:38 ET
Table 'Fennia' 6-max Seat #4 is the button
Seat 4: Agrotait ($72 in chips)
Seat 5: Actionni13 ($167.40 in chips)
Agrotait: posts small blind $1
Actionni13: posts big blind $3
*** HOLE CARDS ***
Agrotait: raises $3 to $6
Actionni13: raises $3 to $9
Agrotait: calls $3
*** FLOP *** [Ad 9h 6c]
Actionni13: bets $3
Agrotait: calls $3
*** TURN *** [Ad 9h 6c] [8c]
Actionni13: bets $6
Agrotait: folds
Uncalled bet ($6) returned to Actionni13
Actionni13 collected $23.52 from pot
Actionni13: doesn't show hand
*** SUMMARY ***
Total pot $24 | Rake $0.48
Board [Ad 9h 6c 8c]
Seat 4: Agrotait (button) (small blind) folded on the Turn
Seat 5: Actionni13 (big blind) collected ($23.52)


PokerStars Hand #147463797721:  Hold'em Limit ($3/$6 USD) - 2016/01/22 2:22:16 ET
Table 'Fennia' 6-max Seat #5 is the button
Seat 4: Agrotait ($60 in chips)
Seat 5: Actionni13 ($178.92 in chips)
Actionni13: posts small blind $1
Agrotait: posts big blind $3
*** HOLE CARDS ***
Actionni13: raises $3 to $6
Agrotait: calls $3
*** FLOP *** [2d 3d Tc]
Agrotait: checks
Actionni13: checks
*** TURN *** [2d 3d Tc] [7s]
Agrotait: bets $6
Actionni13: folds
Uncalled bet ($6) returned to Agrotait
Agrotait collected $11.76 from pot
Agrotait: doesn't show hand
*** SUMMARY ***
Total pot $12 | Rake $0.24
Board [2d 3d Tc 7s]
Seat 4: Agrotait (big blind) collected ($11.76)
Seat 5: Actionni13 (button) (small blind) folded on the Turn


