PokerStars Hand #158840551844:  Hold'em Limit ($3/$6 USD) - 2016/09/19 23:13:31 ET
Table 'Fennia' 6-max Seat #1 is the button
Seat 1: Chessnok ($120 in chips)
Seat 2: 111shimi111 ($140.25 in chips)
Chessnok: posts small blind $1
111shimi111: posts big blind $3
*** HOLE CARDS ***
Chessnok: raises $3 to $6
111shimi111: calls $3
*** FLOP *** [7h 6h Kc]
111shimi111: checks
Chessnok: bets $3
111shimi111: folds
Uncalled bet ($3) returned to Chessnok
Chessnok collected $11.76 from pot
Chessnok: doesn't show hand
*** SUMMARY ***
Total pot $12 | Rake $0.24
Board [7h 6h Kc]
Seat 1: Chessnok (button) (small blind) collected ($11.76)
Seat 2: 111shimi111 (big blind) folded on the Flop


PokerStars Hand #158840557501:  Hold'em Limit ($3/$6 USD) - 2016/09/19 23:13:51 ET
Table 'Fennia' 6-max Seat #2 is the button
Seat 1: Chessnok ($125.76 in chips)
Seat 2: 111shimi111 ($134.25 in chips)
111shimi111: posts small blind $1
Chessnok: posts big blind $3
*** HOLE CARDS ***
111shimi111: raises $3 to $6
Chessnok: calls $3
*** FLOP *** [Qc As 8h]
Chessnok: checks
111shimi111: bets $3
Chessnok: folds
Uncalled bet ($3) returned to 111shimi111
111shimi111 collected $11.76 from pot
*** SUMMARY ***
Total pot $12 | Rake $0.24
Board [Qc As 8h]
Seat 1: Chessnok (big blind) folded on the Flop
Seat 2: 111shimi111 (button) (small blind) collected ($11.76)


PokerStars Hand #158840560907:  Hold'em Limit ($3/$6 USD) - 2016/09/19 23:14:02 ET
Table 'Fennia' 6-max Seat #1 is the button
Seat 1: Chessnok ($119.76 in chips)
Seat 2: 111shimi111 ($140.01 in chips)
Chessnok: posts small blind $1
111shimi111: posts big blind $3
*** HOLE CARDS ***
Chessnok: raises $3 to $6
111shimi111: raises $3 to $9
Chessnok: calls $3
*** FLOP *** [8d 9c 2h]
111shimi111: bets $3
Chessnok: calls $3
*** TURN *** [8d 9c 2h] [9d]
111shimi111: bets $6
Chessnok: raises $6 to $12
111shimi111: calls $6
*** RIVER *** [8d 9c 2h 9d] [Jc]
111shimi111: checks
Chessnok: checks
*** SHOW DOWN ***
111shimi111: shows [2s Ad] (two pair, Nines and Deuces)
Chessnok: shows [Ac 8c] (two pair, Nines and Eights)
Chessnok collected $47.50 from pot
*** SUMMARY ***
Total pot $48 | Rake $0.50
Board [8d 9c 2h 9d Jc]
Seat 1: Chessnok (button) (small blind) showed [Ac 8c] and won ($47.50) with two pair, Nines and Eights
Seat 2: 111shimi111 (big blind) showed [2s Ad] and lost with two pair, Nines and Deuces


PokerStars Hand #158840573502:  Hold'em Limit ($3/$6 USD) - 2016/09/19 23:14:46 ET
Table 'Fennia' 6-max Seat #1 is the button
Seat 1: Chessnok ($143.02 in chips)
Seat 2: 111shimi111 ($115.77 in chips)
Chessnok: posts small blind $1
111shimi111: posts big blind $3
*** HOLE CARDS ***
Chessnok: raises $3 to $6
111shimi111: raises $3 to $9
Chessnok: calls $3
*** FLOP *** [Ts 9d 5s]
111shimi111: bets $3
Chessnok: calls $3
*** TURN *** [Ts 9d 5s] [Th]
111shimi111: bets $6
Chessnok: folds
Uncalled bet ($6) returned to 111shimi111
111shimi111 collected $23.52 from pot
*** SUMMARY ***
Total pot $24 | Rake $0.48
Board [Ts 9d 5s Th]
Seat 1: Chessnok (button) (small blind) folded on the Turn
Seat 2: 111shimi111 (big blind) collected ($23.52)


PokerStars Hand #158840577495:  Hold'em Limit ($3/$6 USD) - 2016/09/19 23:15:00 ET
Table 'Fennia' 6-max Seat #2 is the button
Seat 1: Chessnok ($131.02 in chips)
Seat 2: 111shimi111 ($127.29 in chips)
111shimi111: posts small blind $1
Chessnok: posts big blind $3
*** HOLE CARDS ***
111shimi111: raises $3 to $6
Chessnok: raises $3 to $9
111shimi111: calls $3
*** FLOP *** [Th Ad 6h]
Chessnok: bets $3
111shimi111: folds
Uncalled bet ($3) returned to Chessnok
Chessnok collected $17.64 from pot
Chessnok: doesn't show hand
*** SUMMARY ***
Total pot $18 | Rake $0.36
Board [Th Ad 6h]
Seat 1: Chessnok (big blind) collected ($17.64)
Seat 2: 111shimi111 (button) (small blind) folded on the Flop


PokerStars Hand #158840581294:  Hold'em Limit ($3/$6 USD) - 2016/09/19 23:15:13 ET
Table 'Fennia' 6-max Seat #1 is the button
Seat 1: Chessnok ($139.66 in chips)
Seat 2: 111shimi111 ($118.29 in chips)
Chessnok: posts small blind $1
111shimi111: posts big blind $3
*** HOLE CARDS ***
Chessnok: raises $3 to $6
111shimi111: raises $3 to $9
Chessnok: calls $3
*** FLOP *** [2h 7s As]
111shimi111: bets $3
Chessnok: calls $3
*** TURN *** [2h 7s As] [2c]
111shimi111: bets $6
Chessnok: calls $6
*** RIVER *** [2h 7s As 2c] [7h]
111shimi111: bets $6
Chessnok: raises $6 to $12
111shimi111: folds
Uncalled bet ($6) returned to Chessnok
Chessnok collected $47.50 from pot
Chessnok: doesn't show hand
*** SUMMARY ***
Total pot $48 | Rake $0.50
Board [2h 7s As 2c 7h]
Seat 1: Chessnok (button) (small blind) collected ($47.50)
Seat 2: 111shimi111 (big blind) folded on the River


PokerStars Hand #158840567759:  Hold'em Limit ($3/$6 USD) - 2016/09/19 23:14:27 ET
Table 'Fennia' 6-max Seat #2 is the button
Seat 1: Chessnok ($143.26 in chips)
Seat 2: 111shimi111 ($116.01 in chips)
111shimi111: posts small blind $1
Chessnok: posts big blind $3
*** HOLE CARDS ***
111shimi111: raises $3 to $6
Chessnok: raises $3 to $9
111shimi111: calls $3
*** FLOP *** [2d Tc 7h]
Chessnok: bets $3
111shimi111: calls $3
*** TURN *** [2d Tc 7h] [9d]
Chessnok: checks
111shimi111: checks
*** RIVER *** [2d Tc 7h 9d] [8s]
Chessnok: checks
111shimi111: checks
*** SHOW DOWN ***
Chessnok: shows [Ad 4d] (high card Ace)
111shimi111: shows [4c Ac] (high card Ace)
Chessnok collected $11.76 from pot
111shimi111 collected $11.76 from pot
*** SUMMARY ***
Total pot $24 | Rake $0.48
Board [2d Tc 7h 9d 8s]
Seat 1: Chessnok (big blind) showed [Ad 4d] and won ($11.76) with high card Ace
Seat 2: 111shimi111 (button) (small blind) showed [4c Ac] and won ($11.76) with high card Ace


PokerStars Hand #158840606604:  Hold'em Limit ($3/$6 USD) - 2016/09/19 23:16:15 ET
Table 'Fennia' 6-max Seat #2 is the button
Seat 1: Chessnok ($171.66 in chips)
Seat 2: 111shimi111 ($84.79 in chips)
111shimi111: posts small blind $1
Chessnok: posts big blind $3
*** HOLE CARDS ***
111shimi111: raises $3 to $6
Chessnok: raises $3 to $9
111shimi111: calls $3
*** FLOP *** [4d 5s Qs]
Chessnok: bets $3
111shimi111: calls $3
*** TURN *** [4d 5s Qs] [8c]
Chessnok: bets $6
111shimi111: raises $6 to $12
Chessnok: raises $6 to $18
111shimi111: raises $6 to $24
Betting is capped
Chessnok: calls $6
*** RIVER *** [4d 5s Qs 8c] [Jc]
Chessnok: checks
111shimi111: bets $6
Chessnok: calls $6
*** SHOW DOWN ***
111shimi111: shows [Qh 8s] (two pair, Queens and Eights)
Chessnok: mucks hand
111shimi111 collected $83.50 from pot
*** SUMMARY ***
Total pot $84 | Rake $0.50
Board [4d 5s Qs 8c Jc]
Seat 1: Chessnok (big blind) mucked
Seat 2: 111shimi111 (button) (small blind) showed [Qh 8s] and won ($83.50) with two pair, Queens and Eights


PokerStars Hand #158840600836:  Hold'em Limit ($3/$6 USD) - 2016/09/19 23:15:55 ET
Table 'Fennia' 6-max Seat #1 is the button
Seat 1: Chessnok ($189.66 in chips)
Seat 2: 111shimi111 ($67.29 in chips)
Chessnok: posts small blind $1
111shimi111: posts big blind $3
*** HOLE CARDS ***
Chessnok: raises $3 to $6
111shimi111: raises $3 to $9
Chessnok: calls $3
*** FLOP *** [4h Kd Th]
111shimi111: bets $3
Chessnok: calls $3
*** TURN *** [4h Kd Th] [Kc]
111shimi111: bets $6
Chessnok: calls $6
*** RIVER *** [4h Kd Th Kc] [5c]
111shimi111: bets $6
Chessnok: folds
Uncalled bet ($6) returned to 111shimi111
111shimi111 collected $35.50 from pot
*** SUMMARY ***
Total pot $36 | Rake $0.50
Board [4h Kd Th Kc 5c]
Seat 1: Chessnok (button) (small blind) folded on the River
Seat 2: 111shimi111 (big blind) collected ($35.50)


PokerStars Hand #158840624377:  Hold'em Limit ($3/$6 USD) - 2016/09/19 23:17:18 ET
Table 'Fennia' 6-max Seat #1 is the button
Seat 1: Chessnok ($179.66 in chips)
Seat 2: 111shimi111 ($75.29 in chips)
Chessnok: posts small blind $1
111shimi111: posts big blind $3
*** HOLE CARDS ***
Chessnok: raises $3 to $6
111shimi111: calls $3
*** FLOP *** [2d 9s 9c]
111shimi111: checks
Chessnok: bets $3
111shimi111: calls $3
*** TURN *** [2d 9s 9c] [Kd]
111shimi111: checks
Chessnok: bets $6
111shimi111: calls $6
*** RIVER *** [2d 9s 9c Kd] [Ts]
111shimi111: checks
Chessnok: checks
*** SHOW DOWN ***
111shimi111: shows [Qd 6d] (a pair of Nines)
Chessnok: shows [Jh 2h] (two pair, Nines and Deuces)
Chessnok collected $29.50 from pot
*** SUMMARY ***
Total pot $30 | Rake $0.50
Board [2d 9s 9c Kd Ts]
Seat 1: Chessnok (button) (small blind) showed [Jh 2h] and won ($29.50) with two pair, Nines and Deuces
Seat 2: 111shimi111 (big blind) showed [Qd 6d] and lost with a pair of Nines


PokerStars Hand #158840612673:  Hold'em Limit ($3/$6 USD) - 2016/09/19 23:16:37 ET
Table 'Fennia' 6-max Seat #1 is the button
Seat 1: Chessnok ($129.66 in chips)
Seat 2: 111shimi111 ($126.29 in chips)
Chessnok: posts small blind $1
111shimi111: posts big blind $3
*** HOLE CARDS ***
Chessnok: raises $3 to $6
111shimi111: calls $3
*** FLOP *** [4c Td Qh]
111shimi111: checks
Chessnok: bets $3
111shimi111: calls $3
*** TURN *** [4c Td Qh] [3h]
111shimi111: checks
Chessnok: bets $6
111shimi111: calls $6
*** RIVER *** [4c Td Qh 3h] [8d]
111shimi111: checks
Chessnok: bets $6
111shimi111: calls $6
*** SHOW DOWN ***
Chessnok: shows [8c 6c] (a pair of Eights)
111shimi111: mucks hand
Chessnok collected $41.50 from pot
*** SUMMARY ***
Total pot $42 | Rake $0.50
Board [4c Td Qh 3h 8d]
Seat 1: Chessnok (button) (small blind) showed [8c 6c] and won ($41.50) with a pair of Eights
Seat 2: 111shimi111 (big blind) mucked


PokerStars Hand #158840618738:  Hold'em Limit ($3/$6 USD) - 2016/09/19 23:16:58 ET
Table 'Fennia' 6-max Seat #2 is the button
Seat 1: Chessnok ($150.16 in chips)
Seat 2: 111shimi111 ($105.29 in chips)
111shimi111: posts small blind $1
Chessnok: posts big blind $3
*** HOLE CARDS ***
111shimi111: raises $3 to $6
Chessnok: raises $3 to $9
111shimi111: calls $3
*** FLOP *** [2d Kd Jd]
Chessnok: bets $3
111shimi111: calls $3
*** TURN *** [2d Kd Jd] [7s]
Chessnok: bets $6
111shimi111: raises $6 to $12
Chessnok: calls $6
*** RIVER *** [2d Kd Jd 7s] [9d]
Chessnok: bets $6
111shimi111: calls $6
*** SHOW DOWN ***
Chessnok: shows [As Qd] (a flush, King high)
111shimi111: mucks hand
Chessnok collected $59.50 from pot
*** SUMMARY ***
Total pot $60 | Rake $0.50
Board [2d Kd Jd 7s 9d]
Seat 1: Chessnok (big blind) showed [As Qd] and won ($59.50) with a flush, King high
Seat 2: 111shimi111 (button) (small blind) mucked


PokerStars Hand #158840629188:  Hold'em Limit ($3/$6 USD) - 2016/09/19 23:17:35 ET
Table 'Fennia' 6-max Seat #2 is the button
Seat 1: Chessnok ($194.16 in chips)
Seat 2: 111shimi111 ($60.29 in chips)
111shimi111: posts small blind $1
Chessnok: posts big blind $3
*** HOLE CARDS ***
111shimi111: raises $3 to $6
Chessnok: calls $3
*** FLOP *** [6d Jh 7h]
Chessnok: checks
111shimi111: bets $3
Chessnok: calls $3
*** TURN *** [6d Jh 7h] [Ac]
Chessnok: checks
111shimi111: bets $6
Chessnok: raises $6 to $12
111shimi111: folds
Uncalled bet ($6) returned to Chessnok
Chessnok collected $29.50 from pot
Chessnok: doesn't show hand
*** SUMMARY ***
Total pot $30 | Rake $0.50
Board [6d Jh 7h Ac]
Seat 1: Chessnok (big blind) collected ($29.50)
Seat 2: 111shimi111 (button) (small blind) folded on the Turn


PokerStars Hand #158840633559:  Hold'em Limit ($3/$6 USD) - 2016/09/19 23:17:50 ET
Table 'Fennia' 6-max Seat #1 is the button
Seat 1: Chessnok ($208.66 in chips)
Seat 2: 111shimi111 ($45.29 in chips)
Chessnok: posts small blind $1
111shimi111: posts big blind $3
*** HOLE CARDS ***
Chessnok: raises $3 to $6
111shimi111: calls $3
*** FLOP *** [8d 4d 2d]
111shimi111: checks
Chessnok: bets $3
111shimi111: raises $3 to $6
Chessnok: calls $3
*** TURN *** [8d 4d 2d] [5s]
111shimi111: checks
Chessnok: bets $6
111shimi111: raises $6 to $12
Chessnok: raises $6 to $18
111shimi111: raises $6 to $24
Betting is capped
Chessnok: calls $6
*** RIVER *** [8d 4d 2d 5s] [Kh]
111shimi111: bets $6
Chessnok: raises $6 to $12
111shimi111: calls $3.29 and is all-in
Uncalled bet ($2.71) returned to Chessnok
*** SHOW DOWN ***
Chessnok: shows [6s 7h] (a straight, Four to Eight)
111shimi111: shows [4h Kd] (two pair, Kings and Fours)
Chessnok collected $90.08 from pot
*** SUMMARY ***
Total pot $90.58 | Rake $0.50
Board [8d 4d 2d 5s Kh]
Seat 1: Chessnok (button) (small blind) showed [6s 7h] and won ($90.08) with a straight, Four to Eight
Seat 2: 111shimi111 (big blind) showed [4h Kd] and lost with two pair, Kings and Fours


