PokerStars Hand #159547726626:  Hold'em Limit ($3/$6 USD) - 2016/10/06 7:42:45 ET
Table 'Fennia' 6-max Seat #4 is the button
Seat 3: pöci9 ($212.47 in chips)
Seat 4: Agrotait ($73 in chips)
Agrotait: posts small blind $1
pöci9: posts big blind $3
*** HOLE CARDS ***
Agrotait: raises $3 to $6
pöci9: folds
Uncalled bet ($3) returned to Agrotait
Agrotait collected $6 from pot
Agrotait: doesn't show hand
*** SUMMARY ***
Total pot $6 | Rake $0
Seat 3: pöci9 (big blind) folded before Flop
Seat 4: Agrotait (button) (small blind) collected ($6)


PokerStars Hand #159547732293:  Hold'em Limit ($3/$6 USD) - 2016/10/06 7:42:57 ET
Table 'Fennia' 6-max Seat #3 is the button
Seat 3: pöci9 ($209.47 in chips)
Seat 4: Agrotait ($76 in chips)
pöci9: posts small blind $1
Agrotait: posts big blind $3
*** HOLE CARDS ***
pöci9: folds
Uncalled bet ($2) returned to Agrotait
Agrotait collected $2 from pot
Agrotait: doesn't show hand
*** SUMMARY ***
Total pot $2 | Rake $0
Seat 3: pöci9 (button) (small blind) folded before Flop
Seat 4: Agrotait (big blind) collected ($2)


PokerStars Hand #159547722651:  Hold'em Limit ($3/$6 USD) - 2016/10/06 7:42:36 ET
Table 'Fennia' 6-max Seat #3 is the button
Seat 3: pöci9 ($213.47 in chips)
Seat 4: Agrotait ($72 in chips)
pöci9: posts small blind $1
Agrotait: posts big blind $3
*** HOLE CARDS ***
pöci9: folds
Uncalled bet ($2) returned to Agrotait
Agrotait collected $2 from pot
Agrotait: doesn't show hand
*** SUMMARY ***
Total pot $2 | Rake $0
Seat 3: pöci9 (button) (small blind) folded before Flop
Seat 4: Agrotait (big blind) collected ($2)


PokerStars Hand #159547746426:  Hold'em Limit ($3/$6 USD) - 2016/10/06 7:43:27 ET
Table 'Fennia' 6-max Seat #4 is the button
Seat 3: pöci9 ($216.11 in chips)
Seat 4: Agrotait ($69 in chips)
Agrotait: posts small blind $1
pöci9: posts big blind $3
*** HOLE CARDS ***
Agrotait: raises $3 to $6
pöci9: calls $3
*** FLOP *** [Kd Js 7c]
pöci9: checks
Agrotait: bets $3
pöci9: calls $3
*** TURN *** [Kd Js 7c] [Ts]
pöci9: checks
Agrotait: checks
*** RIVER *** [Kd Js 7c Ts] [Td]
pöci9: bets $6
Agrotait: calls $6
*** SHOW DOWN ***
pöci9: shows [Jc 9s] (two pair, Jacks and Tens)
Agrotait: mucks hand
pöci9 collected $29.50 from pot
*** SUMMARY ***
Total pot $30 | Rake $0.50
Board [Kd Js 7c Ts Td]
Seat 3: pöci9 (big blind) showed [Jc 9s] and won ($29.50) with two pair, Jacks and Tens
Seat 4: Agrotait (button) (small blind) mucked


PokerStars Hand #159547761203:  Hold'em Limit ($3/$6 USD) - 2016/10/06 7:43:59 ET
Table 'Fennia' 6-max Seat #4 is the button
Seat 3: pöci9 ($233.61 in chips)
Seat 4: Agrotait ($69 in chips)
Agrotait: posts small blind $1
pöci9: posts big blind $3
*** HOLE CARDS ***
Agrotait: raises $3 to $6
pöci9: folds
Uncalled bet ($3) returned to Agrotait
Agrotait collected $6 from pot
Agrotait: doesn't show hand
*** SUMMARY ***
Total pot $6 | Rake $0
Seat 3: pöci9 (big blind) folded before Flop
Seat 4: Agrotait (button) (small blind) collected ($6)


PokerStars Hand #159547758006:  Hold'em Limit ($3/$6 USD) - 2016/10/06 7:43:52 ET
Table 'Fennia' 6-max Seat #3 is the button
Seat 3: pöci9 ($230.61 in chips)
Seat 4: Agrotait ($72 in chips)
pöci9: posts small blind $1
Agrotait: posts big blind $3
*** HOLE CARDS ***
pöci9: raises $3 to $6
Agrotait: folds
Uncalled bet ($3) returned to pöci9
pöci9 collected $6 from pot
pöci9: doesn't show hand
*** SUMMARY ***
Total pot $6 | Rake $0
Seat 3: pöci9 (button) (small blind) collected ($6)
Seat 4: Agrotait (big blind) folded before Flop


PokerStars Hand #159547743667:  Hold'em Limit ($3/$6 USD) - 2016/10/06 7:43:21 ET
Table 'Fennia' 6-max Seat #3 is the button
Seat 3: pöci9 ($217.11 in chips)
Seat 4: Agrotait ($68 in chips)
pöci9: posts small blind $1
Agrotait: posts big blind $3
*** HOLE CARDS ***
pöci9: folds
Uncalled bet ($2) returned to Agrotait
Agrotait collected $2 from pot
Agrotait: doesn't show hand
*** SUMMARY ***
Total pot $2 | Rake $0
Seat 3: pöci9 (button) (small blind) folded before Flop
Seat 4: Agrotait (big blind) collected ($2)


PokerStars Hand #159547734644:  Hold'em Limit ($3/$6 USD) - 2016/10/06 7:43:02 ET
Table 'Fennia' 6-max Seat #4 is the button
Seat 3: pöci9 ($208.47 in chips)
Seat 4: Agrotait ($77 in chips)
Agrotait: posts small blind $1
pöci9: posts big blind $3
*** HOLE CARDS ***
Agrotait: raises $3 to $6
pöci9: calls $3
*** FLOP *** [6s Ts Qd]
pöci9: checks
Agrotait: bets $3
pöci9: raises $3 to $6
Agrotait: folds
Uncalled bet ($3) returned to pöci9
pöci9 collected $17.64 from pot
pöci9: doesn't show hand
*** SUMMARY ***
Total pot $18 | Rake $0.36
Board [6s Ts Qd]
Seat 3: pöci9 (big blind) collected ($17.64)
Seat 4: Agrotait (button) (small blind) folded on the Flop


PokerStars Hand #159547769891:  Hold'em Limit ($3/$6 USD) - 2016/10/06 7:44:17 ET
Table 'Fennia' 6-max Seat #3 is the button
Seat 3: pöci9 ($226.61 in chips)
Seat 4: Agrotait ($76 in chips)
pöci9: posts small blind $1
Agrotait: posts big blind $3
*** HOLE CARDS ***
pöci9: folds
Uncalled bet ($2) returned to Agrotait
Agrotait collected $2 from pot
Agrotait: doesn't show hand
*** SUMMARY ***
Total pot $2 | Rake $0
Seat 3: pöci9 (button) (small blind) folded before Flop
Seat 4: Agrotait (big blind) collected ($2)


PokerStars Hand #159547772770:  Hold'em Limit ($3/$6 USD) - 2016/10/06 7:44:24 ET
Table 'Fennia' 6-max Seat #4 is the button
Seat 3: pöci9 ($225.61 in chips)
Seat 4: Agrotait ($77 in chips)
Agrotait: posts small blind $1
pöci9: posts big blind $3
*** HOLE CARDS ***
Agrotait: raises $3 to $6
pöci9: calls $3
*** FLOP *** [3c 2d Ad]
pöci9: checks
Agrotait: bets $3
pöci9: folds
Uncalled bet ($3) returned to Agrotait
Agrotait collected $11.76 from pot
Agrotait: doesn't show hand
*** SUMMARY ***
Total pot $12 | Rake $0.24
Board [3c 2d Ad]
Seat 3: pöci9 (big blind) folded on the Flop
Seat 4: Agrotait (button) (small blind) collected ($11.76)


PokerStars Hand #159547767320:  Hold'em Limit ($3/$6 USD) - 2016/10/06 7:44:12 ET
Table 'Fennia' 6-max Seat #4 is the button
Seat 3: pöci9 ($229.61 in chips)
Seat 4: Agrotait ($73 in chips)
Agrotait: posts small blind $1
pöci9: posts big blind $3
*** HOLE CARDS ***
Agrotait: raises $3 to $6
pöci9: folds
Uncalled bet ($3) returned to Agrotait
Agrotait collected $6 from pot
Agrotait: doesn't show hand
*** SUMMARY ***
Total pot $6 | Rake $0
Seat 3: pöci9 (big blind) folded before Flop
Seat 4: Agrotait (button) (small blind) collected ($6)


PokerStars Hand #159547765241:  Hold'em Limit ($3/$6 USD) - 2016/10/06 7:44:07 ET
Table 'Fennia' 6-max Seat #3 is the button
Seat 3: pöci9 ($230.61 in chips)
Seat 4: Agrotait ($72 in chips)
pöci9: posts small blind $1
Agrotait: posts big blind $3
*** HOLE CARDS ***
pöci9: folds
Uncalled bet ($2) returned to Agrotait
Agrotait collected $2 from pot
Agrotait: doesn't show hand
*** SUMMARY ***
Total pot $2 | Rake $0
Seat 3: pöci9 (button) (small blind) folded before Flop
Seat 4: Agrotait (big blind) collected ($2)


PokerStars Hand #159547791325:  Hold'em Limit ($3/$6 USD) - 2016/10/06 7:45:03 ET
Table 'Fennia' 6-max Seat #4 is the button
Seat 3: pöci9 ($231.13 in chips)
Seat 4: Agrotait ($70.76 in chips)
Agrotait: posts small blind $1
pöci9: posts big blind $3
*** HOLE CARDS ***
Agrotait: folds
Uncalled bet ($2) returned to pöci9
pöci9 collected $2 from pot
pöci9: doesn't show hand
*** SUMMARY ***
Total pot $2 | Rake $0
Seat 3: pöci9 (big blind) collected ($2)
Seat 4: Agrotait (button) (small blind) folded before Flop


PokerStars Hand #159547805026:  Hold'em Limit ($3/$6 USD) - 2016/10/06 7:45:33 ET
Table 'Fennia' 6-max Seat #4 is the button
Seat 3: pöci9 ($252.63 in chips)
Seat 4: Agrotait ($72 in chips)
Agrotait: posts small blind $1
pöci9: posts big blind $3
*** HOLE CARDS ***
Agrotait: folds
Uncalled bet ($2) returned to pöci9
pöci9 collected $2 from pot
pöci9: doesn't show hand
*** SUMMARY ***
Total pot $2 | Rake $0
Seat 3: pöci9 (big blind) collected ($2)
Seat 4: Agrotait (button) (small blind) folded before Flop


PokerStars Hand #159547794473:  Hold'em Limit ($3/$6 USD) - 2016/10/06 7:45:10 ET
Table 'Fennia' 6-max Seat #3 is the button
Seat 3: pöci9 ($232.13 in chips)
Seat 4: Agrotait ($69.76 in chips)
pöci9: posts small blind $1
Agrotait: posts big blind $3
*** HOLE CARDS ***
pöci9: raises $3 to $6
Agrotait: calls $3
*** FLOP *** [8d Ac Qd]
Agrotait: checks
pöci9: bets $3
Agrotait: raises $3 to $6
pöci9: raises $3 to $9
Agrotait: calls $3
*** TURN *** [8d Ac Qd] [2h]
Agrotait: checks
pöci9: bets $6
Agrotait: calls $6
*** RIVER *** [8d Ac Qd 2h] [4s]
Agrotait: checks
pöci9: bets $6
Agrotait: folds
Uncalled bet ($6) returned to pöci9
pöci9 collected $41.50 from pot
pöci9: doesn't show hand
*** SUMMARY ***
Total pot $42 | Rake $0.50
Board [8d Ac Qd 2h 4s]
Seat 3: pöci9 (button) (small blind) collected ($41.50)
Seat 4: Agrotait (big blind) folded on the River


PokerStars Hand #159547779381:  Hold'em Limit ($3/$6 USD) - 2016/10/06 7:44:38 ET
Table 'Fennia' 6-max Seat #3 is the button
Seat 3: pöci9 ($219.61 in chips)
Seat 4: Agrotait ($82.76 in chips)
pöci9: posts small blind $1
Agrotait: posts big blind $3
*** HOLE CARDS ***
pöci9: raises $3 to $6
Agrotait: calls $3
*** FLOP *** [Th 5d Qc]
Agrotait: checks
pöci9: checks
*** TURN *** [Th 5d Qc] [3h]
Agrotait: bets $6
pöci9: calls $6
*** RIVER *** [Th 5d Qc 3h] [5s]
Agrotait: checks
pöci9: bets $6
Agrotait: folds
Uncalled bet ($6) returned to pöci9
pöci9 collected $23.52 from pot
pöci9: doesn't show hand
*** SUMMARY ***
Total pot $24 | Rake $0.48
Board [Th 5d Qc 3h 5s]
Seat 3: pöci9 (button) (small blind) collected ($23.52)
Seat 4: Agrotait (big blind) folded on the River


PokerStars Hand #159547807776:  Hold'em Limit ($3/$6 USD) - 2016/10/06 7:45:38 ET
Table 'Fennia' 6-max Seat #3 is the button
Seat 3: pöci9 ($253.63 in chips)
Seat 4: Agrotait ($71 in chips)
pöci9: posts small blind $1
Agrotait: posts big blind $3
*** HOLE CARDS ***
pöci9: raises $3 to $6
Agrotait: calls $3
*** FLOP *** [3c Ad 4d]
Agrotait: checks
pöci9: checks
*** TURN *** [3c Ad 4d] [8c]
Agrotait: checks
pöci9: bets $6
Agrotait: folds
Uncalled bet ($6) returned to pöci9
pöci9 collected $11.76 from pot
pöci9: doesn't show hand
*** SUMMARY ***
Total pot $12 | Rake $0.24
Board [3c Ad 4d 8c]
Seat 3: pöci9 (button) (small blind) collected ($11.76)
Seat 4: Agrotait (big blind) folded on the Turn


PokerStars Hand #159547815166:  Hold'em Limit ($3/$6 USD) - 2016/10/06 7:45:54 ET
Table 'Fennia' 6-max Seat #4 is the button
Seat 3: pöci9 ($259.39 in chips)
Seat 4: Agrotait ($65 in chips)
Agrotait: posts small blind $1
pöci9: posts big blind $3
*** HOLE CARDS ***
Agrotait: folds
Uncalled bet ($2) returned to pöci9
pöci9 collected $2 from pot
pöci9: doesn't show hand
*** SUMMARY ***
Total pot $2 | Rake $0
Seat 3: pöci9 (big blind) collected ($2)
Seat 4: Agrotait (button) (small blind) folded before Flop


PokerStars Hand #159547836977:  Hold'em Limit ($3/$6 USD) - 2016/10/06 7:46:41 ET
Table 'Fennia' 6-max Seat #4 is the button
Seat 3: pöci9 ($269.03 in chips)
Seat 4: Agrotait ($72 in chips)
Agrotait: posts small blind $1
pöci9: posts big blind $3
*** HOLE CARDS ***
Agrotait: raises $3 to $6
pöci9: folds
Uncalled bet ($3) returned to Agrotait
Agrotait collected $6 from pot
Agrotait: doesn't show hand
*** SUMMARY ***
Total pot $6 | Rake $0
Seat 3: pöci9 (big blind) folded before Flop
Seat 4: Agrotait (button) (small blind) collected ($6)


PokerStars Hand #159547817469:  Hold'em Limit ($3/$6 USD) - 2016/10/06 7:45:59 ET
Table 'Fennia' 6-max Seat #3 is the button
Seat 3: pöci9 ($260.39 in chips)
Seat 4: Agrotait ($64 in chips)
pöci9: posts small blind $1
Agrotait: posts big blind $3
*** HOLE CARDS ***
pöci9: calls $2
Agrotait: raises $3 to $6
pöci9: raises $3 to $9
Agrotait: calls $3
*** FLOP *** [Ac 5c 6s]
Agrotait: checks
pöci9: checks
*** TURN *** [Ac 5c 6s] [Qs]
Agrotait: checks
pöci9: bets $6
Agrotait: folds
Uncalled bet ($6) returned to pöci9
pöci9 collected $17.64 from pot
pöci9: doesn't show hand
*** SUMMARY ***
Total pot $18 | Rake $0.36
Board [Ac 5c 6s Qs]
Seat 3: pöci9 (button) (small blind) collected ($17.64)
Seat 4: Agrotait (big blind) folded on the Turn


PokerStars Hand #159547839831:  Hold'em Limit ($3/$6 USD) - 2016/10/06 7:46:47 ET
Table 'Fennia' 6-max Seat #3 is the button
Seat 3: pöci9 ($266.03 in chips)
Seat 4: Agrotait ($75 in chips)
pöci9: posts small blind $1
Agrotait: posts big blind $3
*** HOLE CARDS ***
pöci9: folds
Uncalled bet ($2) returned to Agrotait
Agrotait collected $2 from pot
Agrotait: doesn't show hand
*** SUMMARY ***
Total pot $2 | Rake $0
Seat 3: pöci9 (button) (small blind) folded before Flop
Seat 4: Agrotait (big blind) collected ($2)


PokerStars Hand #159547852198:  Hold'em Limit ($3/$6 USD) - 2016/10/06 7:47:14 ET
Table 'Fennia' 6-max Seat #3 is the button
Seat 3: pöci9 ($273.67 in chips)
Seat 4: Agrotait ($67 in chips)
pöci9: posts small blind $1
Agrotait: posts big blind $3
*** HOLE CARDS ***
pöci9: raises $3 to $6
Agrotait: calls $3
*** FLOP *** [Kh 8h Jd]
Agrotait: bets $3
pöci9: calls $3
*** TURN *** [Kh 8h Jd] [6h]
Agrotait: bets $6
pöci9: raises $6 to $12
Agrotait: calls $6
*** RIVER *** [Kh 8h Jd 6h] [9s]
Agrotait: checks
pöci9: bets $6
Agrotait: calls $6
*** SHOW DOWN ***
pöci9: shows [8d 8s] (three of a kind, Eights)
Agrotait: mucks hand
pöci9 collected $53.50 from pot
*** SUMMARY ***
Total pot $54 | Rake $0.50
Board [Kh 8h Jd 6h 9s]
Seat 3: pöci9 (button) (small blind) showed [8d 8s] and won ($53.50) with three of a kind, Eights
Seat 4: Agrotait (big blind) mucked


PokerStars Hand #159547862362:  Hold'em Limit ($3/$6 USD) - 2016/10/06 7:47:35 ET
Table 'Fennia' 6-max Seat #4 is the button
Seat 3: pöci9 ($300.17 in chips)
Seat 4: Agrotait ($72 in chips)
Agrotait: posts small blind $1
pöci9: posts big blind $3
*** HOLE CARDS ***
Agrotait: raises $3 to $6
pöci9: folds
Uncalled bet ($3) returned to Agrotait
Agrotait collected $6 from pot
Agrotait: doesn't show hand
*** SUMMARY ***
Total pot $6 | Rake $0
Seat 3: pöci9 (big blind) folded before Flop
Seat 4: Agrotait (button) (small blind) collected ($6)


PokerStars Hand #159547842140:  Hold'em Limit ($3/$6 USD) - 2016/10/06 7:46:52 ET
Table 'Fennia' 6-max Seat #4 is the button
Seat 3: pöci9 ($265.03 in chips)
Seat 4: Agrotait ($76 in chips)
Agrotait: posts small blind $1
pöci9: posts big blind $3
*** HOLE CARDS ***
Agrotait: raises $3 to $6
pöci9: calls $3
*** FLOP *** [Kd 5d 9c]
pöci9: checks
Agrotait: bets $3
pöci9: calls $3
*** TURN *** [Kd 5d 9c] [8h]
pöci9: checks
Agrotait: checks
*** RIVER *** [Kd 5d 9c 8h] [Tc]
pöci9: checks
Agrotait: checks
*** SHOW DOWN ***
pöci9: shows [Qd 8s] (a pair of Eights)
Agrotait: mucks hand
pöci9 collected $17.64 from pot
*** SUMMARY ***
Total pot $18 | Rake $0.36
Board [Kd 5d 9c 8h Tc]
Seat 3: pöci9 (big blind) showed [Qd 8s] and won ($17.64) with a pair of Eights
Seat 4: Agrotait (button) (small blind) mucked


PokerStars Hand #159547882729:  Hold'em Limit ($3/$6 USD) - 2016/10/06 7:48:19 ET
Table 'Fennia' 6-max Seat #4 is the button
Seat 3: pöci9 ($285.17 in chips)
Seat 4: Agrotait ($86.52 in chips)
Agrotait: posts small blind $1
pöci9: posts big blind $3
*** HOLE CARDS ***
Agrotait: raises $3 to $6
pöci9: calls $3
*** FLOP *** [7c 2c 4h]
pöci9: checks
Agrotait: bets $3
pöci9: raises $3 to $6
Agrotait: calls $3
*** TURN *** [7c 2c 4h] [Jh]
pöci9: checks
Agrotait: bets $6
pöci9: raises $6 to $12
Agrotait: calls $6
*** RIVER *** [7c 2c 4h Jh] [3h]
pöci9: bets $6
Agrotait: raises $6 to $12
pöci9: raises $6 to $18
Agrotait: calls $6
*** SHOW DOWN ***
pöci9: shows [7d Jc] (two pair, Jacks and Sevens)
Agrotait: shows [Ad 5s] (a straight, Ace to Five)
Agrotait collected $83.50 from pot
*** SUMMARY ***
Total pot $84 | Rake $0.50
Board [7c 2c 4h Jh 3h]
Seat 3: pöci9 (big blind) showed [7d Jc] and lost with two pair, Jacks and Sevens
Seat 4: Agrotait (button) (small blind) showed [Ad 5s] and won ($83.50) with a straight, Ace to Five


PokerStars Hand #159547898711:  Hold'em Limit ($3/$6 USD) - 2016/10/06 7:48:53 ET
Table 'Fennia' 6-max Seat #4 is the button
Seat 3: pöci9 ($242.17 in chips)
Seat 4: Agrotait ($129.02 in chips)
Agrotait: posts small blind $1
pöci9: posts big blind $3
*** HOLE CARDS ***
Agrotait: raises $3 to $6
pöci9: folds
Uncalled bet ($3) returned to Agrotait
Agrotait collected $6 from pot
Agrotait: doesn't show hand
*** SUMMARY ***
Total pot $6 | Rake $0
Seat 3: pöci9 (big blind) folded before Flop
Seat 4: Agrotait (button) (small blind) collected ($6)


PokerStars Hand #159547871380:  Hold'em Limit ($3/$6 USD) - 2016/10/06 7:47:54 ET
Table 'Fennia' 6-max Seat #3 is the button
Seat 3: pöci9 ($297.17 in chips)
Seat 4: Agrotait ($75 in chips)
pöci9: posts small blind $1
Agrotait: posts big blind $3
*** HOLE CARDS ***
pöci9: raises $3 to $6
Agrotait: raises $3 to $9
pöci9: calls $3
*** FLOP *** [3c Ac Jd]
Agrotait: bets $3
pöci9: calls $3
*** TURN *** [3c Ac Jd] [4c]
Agrotait: checks
pöci9: checks
*** RIVER *** [3c Ac Jd 4c] [Jc]
Agrotait: checks
pöci9: checks
*** SHOW DOWN ***
Agrotait: shows [Ah 8h] (two pair, Aces and Jacks)
pöci9: mucks hand
Agrotait collected $23.52 from pot
*** SUMMARY ***
Total pot $24 | Rake $0.48
Board [3c Ac Jd 4c Jc]
Seat 3: pöci9 (button) (small blind) mucked
Seat 4: Agrotait (big blind) showed [Ah 8h] and won ($23.52) with two pair, Aces and Jacks


PokerStars Hand #159547906482:  Hold'em Limit ($3/$6 USD) - 2016/10/06 7:49:09 ET
Table 'Fennia' 6-max Seat #3 is the button
Seat 3: pöci9 ($235.17 in chips)
Seat 4: Agrotait ($136.02 in chips)
pöci9: posts small blind $1
Agrotait: posts big blind $3
*** HOLE CARDS ***
pöci9: folds
Uncalled bet ($2) returned to Agrotait
Agrotait collected $2 from pot
Agrotait: doesn't show hand
*** SUMMARY ***
Total pot $2 | Rake $0
Seat 3: pöci9 (button) (small blind) folded before Flop
Seat 4: Agrotait (big blind) collected ($2)


PokerStars Hand #159547908766:  Hold'em Limit ($3/$6 USD) - 2016/10/06 7:49:14 ET
Table 'Fennia' 6-max Seat #4 is the button
Seat 3: pöci9 ($234.17 in chips)
Seat 4: Agrotait ($137.02 in chips)
Agrotait: posts small blind $1
pöci9: posts big blind $3
*** HOLE CARDS ***
Agrotait: raises $3 to $6
pöci9: folds
Uncalled bet ($3) returned to Agrotait
Agrotait collected $6 from pot
Agrotait: doesn't show hand
*** SUMMARY ***
Total pot $6 | Rake $0
Seat 3: pöci9 (big blind) folded before Flop
Seat 4: Agrotait (button) (small blind) collected ($6)


PokerStars Hand #159547903439:  Hold'em Limit ($3/$6 USD) - 2016/10/06 7:49:02 ET
Table 'Fennia' 6-max Seat #4 is the button
Seat 3: pöci9 ($238.17 in chips)
Seat 4: Agrotait ($133.02 in chips)
Agrotait: posts small blind $1
pöci9: posts big blind $3
*** HOLE CARDS ***
Agrotait: raises $3 to $6
pöci9: folds
Uncalled bet ($3) returned to Agrotait
Agrotait collected $6 from pot
Agrotait: doesn't show hand
*** SUMMARY ***
Total pot $6 | Rake $0
Seat 3: pöci9 (big blind) folded before Flop
Seat 4: Agrotait (button) (small blind) collected ($6)


PokerStars Hand #159547901392:  Hold'em Limit ($3/$6 USD) - 2016/10/06 7:48:58 ET
Table 'Fennia' 6-max Seat #3 is the button
Seat 3: pöci9 ($239.17 in chips)
Seat 4: Agrotait ($132.02 in chips)
pöci9: posts small blind $1
Agrotait: posts big blind $3
*** HOLE CARDS ***
pöci9: folds
Uncalled bet ($2) returned to Agrotait
Agrotait collected $2 from pot
Agrotait: doesn't show hand
*** SUMMARY ***
Total pot $2 | Rake $0
Seat 3: pöci9 (button) (small blind) folded before Flop
Seat 4: Agrotait (big blind) collected ($2)


PokerStars Hand #159547912351:  Hold'em Limit ($3/$6 USD) - 2016/10/06 7:49:21 ET
Table 'Fennia' 6-max Seat #3 is the button
Seat 3: pöci9 ($231.17 in chips)
Seat 4: Agrotait ($140.02 in chips)
pöci9: posts small blind $1
Agrotait: posts big blind $3
*** HOLE CARDS ***
pöci9: raises $3 to $6
Agrotait: raises $3 to $9
pöci9: raises $3 to $12
Betting is capped
Agrotait: calls $3
*** FLOP *** [Qc 9c 6c]
Agrotait: checks
pöci9: bets $3
Agrotait: calls $3
*** TURN *** [Qc 9c 6c] [4h]
Agrotait: checks
pöci9: bets $6
Agrotait: calls $6
*** RIVER *** [Qc 9c 6c 4h] [Jh]
Agrotait: checks
pöci9: bets $6
Agrotait: calls $6
*** SHOW DOWN ***
pöci9: shows [Qs As] (a pair of Queens)
Agrotait: mucks hand
pöci9 collected $53.50 from pot
*** SUMMARY ***
Total pot $54 | Rake $0.50
Board [Qc 9c 6c 4h Jh]
Seat 3: pöci9 (button) (small blind) showed [Qs As] and won ($53.50) with a pair of Queens
Seat 4: Agrotait (big blind) mucked


PokerStars Hand #159547949405:  Hold'em Limit ($3/$6 USD) - 2016/10/06 7:50:40 ET
Table 'Fennia' 6-max Seat #3 is the button
Seat 3: pöci9 ($272.17 in chips)
Seat 4: Agrotait ($98.02 in chips)
pöci9: posts small blind $1
Agrotait: posts big blind $3
*** HOLE CARDS ***
pöci9: folds
Uncalled bet ($2) returned to Agrotait
Agrotait collected $2 from pot
Agrotait: doesn't show hand
*** SUMMARY ***
Total pot $2 | Rake $0
Seat 3: pöci9 (button) (small blind) folded before Flop
Seat 4: Agrotait (big blind) collected ($2)


PokerStars Hand #159547955059:  Hold'em Limit ($3/$6 USD) - 2016/10/06 7:50:52 ET
Table 'Fennia' 6-max Seat #3 is the button
Seat 3: pöci9 ($268.17 in chips)
Seat 4: Agrotait ($102.02 in chips)
pöci9: posts small blind $1
Agrotait: posts big blind $3
*** HOLE CARDS ***
pöci9: folds
Uncalled bet ($2) returned to Agrotait
Agrotait collected $2 from pot
Agrotait: doesn't show hand
*** SUMMARY ***
Total pot $2 | Rake $0
Seat 3: pöci9 (button) (small blind) folded before Flop
Seat 4: Agrotait (big blind) collected ($2)


PokerStars Hand #159547951994:  Hold'em Limit ($3/$6 USD) - 2016/10/06 7:50:46 ET
Table 'Fennia' 6-max Seat #4 is the button
Seat 3: pöci9 ($271.17 in chips)
Seat 4: Agrotait ($99.02 in chips)
Agrotait: posts small blind $1
pöci9: posts big blind $3
*** HOLE CARDS ***
Agrotait: raises $3 to $6
pöci9: folds
Uncalled bet ($3) returned to Agrotait
Agrotait collected $6 from pot
Agrotait: doesn't show hand
*** SUMMARY ***
Total pot $6 | Rake $0
Seat 3: pöci9 (big blind) folded before Flop
Seat 4: Agrotait (button) (small blind) collected ($6)


PokerStars Hand #159547927382:  Hold'em Limit ($3/$6 USD) - 2016/10/06 7:49:53 ET
Table 'Fennia' 6-max Seat #4 is the button
Seat 3: pöci9 ($257.67 in chips)
Seat 4: Agrotait ($113.02 in chips)
Agrotait: posts small blind $1
pöci9: posts big blind $3
*** HOLE CARDS ***
Agrotait: raises $3 to $6
pöci9: calls $3
*** FLOP *** [3d Kd Js]
pöci9: checks
Agrotait: bets $3
pöci9: calls $3
*** TURN *** [3d Kd Js] [7c]
pöci9: checks
Agrotait: checks
*** RIVER *** [3d Kd Js 7c] [7d]
pöci9: bets $6
Agrotait: calls $6
*** SHOW DOWN ***
pöci9: shows [8s Jc] (two pair, Jacks and Sevens)
Agrotait: mucks hand
pöci9 collected $29.50 from pot
*** SUMMARY ***
Total pot $30 | Rake $0.50
Board [3d Kd Js 7c 7d]
Seat 3: pöci9 (big blind) showed [8s Jc] and won ($29.50) with two pair, Jacks and Sevens
Seat 4: Agrotait (button) (small blind) mucked


PokerStars Hand #159547957352:  Hold'em Limit ($3/$6 USD) - 2016/10/06 7:50:57 ET
Table 'Fennia' 6-max Seat #4 is the button
Seat 3: pöci9 ($267.17 in chips)
Seat 4: Agrotait ($103.02 in chips)
Agrotait: posts small blind $1
pöci9: posts big blind $3
*** HOLE CARDS ***
Agrotait: raises $3 to $6
pöci9: folds
Uncalled bet ($3) returned to Agrotait
Agrotait collected $6 from pot
Agrotait: doesn't show hand
*** SUMMARY ***
Total pot $6 | Rake $0
Seat 3: pöci9 (big blind) folded before Flop
Seat 4: Agrotait (button) (small blind) collected ($6)


PokerStars Hand #159547959974:  Hold'em Limit ($3/$6 USD) - 2016/10/06 7:51:03 ET
Table 'Fennia' 6-max Seat #3 is the button
Seat 3: pöci9 ($264.17 in chips)
Seat 4: Agrotait ($106.02 in chips)
pöci9: posts small blind $1
Agrotait: posts big blind $3
*** HOLE CARDS ***
pöci9: calls $2
Agrotait: raises $3 to $6
pöci9: calls $3
*** FLOP *** [8c 4d 9s]
Agrotait: bets $3
pöci9: calls $3
*** TURN *** [8c 4d 9s] [As]
Agrotait: bets $6
pöci9: raises $6 to $12
Agrotait: calls $6
*** RIVER *** [8c 4d 9s As] [Qd]
Agrotait: checks
pöci9: bets $6
Agrotait: calls $6
*** SHOW DOWN ***
pöci9: shows [Kd 5h] (high card Ace)
Agrotait: shows [Js Jh] (a pair of Jacks)
Agrotait collected $53.50 from pot
*** SUMMARY ***
Total pot $54 | Rake $0.50
Board [8c 4d 9s As Qd]
Seat 3: pöci9 (button) (small blind) showed [Kd 5h] and lost with high card Ace
Seat 4: Agrotait (big blind) showed [Js Jh] and won ($53.50) with a pair of Jacks


PokerStars Hand #159547975177:  Hold'em Limit ($3/$6 USD) - 2016/10/06 7:51:35 ET
Table 'Fennia' 6-max Seat #4 is the button
Seat 3: pöci9 ($237.17 in chips)
Seat 4: Agrotait ($132.52 in chips)
Agrotait: posts small blind $1
pöci9: posts big blind $3
*** HOLE CARDS ***
Agrotait: raises $3 to $6
pöci9: raises $3 to $9
Agrotait: calls $3
*** FLOP *** [Qd 9d 2s]
pöci9: checks
Agrotait: checks
*** TURN *** [Qd 9d 2s] [5d]
pöci9: checks
Agrotait: checks
*** RIVER *** [Qd 9d 2s 5d] [4d]
pöci9: bets $6
Agrotait: calls $6
*** SHOW DOWN ***
pöci9: shows [Ac 8d] (a flush, Queen high)
Agrotait: shows [Jd 3c] (a flush, Queen high - Jack higher)
Agrotait collected $29.50 from pot
*** SUMMARY ***
Total pot $30 | Rake $0.50
Board [Qd 9d 2s 5d 4d]
Seat 3: pöci9 (big blind) showed [Ac 8d] and lost with a flush, Queen high
Seat 4: Agrotait (button) (small blind) showed [Jd 3c] and won ($29.50) with a flush, Queen high


PokerStars Hand #159547988435:  Hold'em Limit ($3/$6 USD) - 2016/10/06 7:52:03 ET
Table 'Fennia' 6-max Seat #3 is the button
Seat 3: pöci9 ($222.17 in chips)
Seat 4: Agrotait ($147.02 in chips)
pöci9: posts small blind $1
Agrotait: posts big blind $3
*** HOLE CARDS ***
pöci9: raises $3 to $6
Agrotait: calls $3
*** FLOP *** [Td 3c 4s]
Agrotait: checks
pöci9: checks
*** TURN *** [Td 3c 4s] [6h]
Agrotait: checks
pöci9: checks
*** RIVER *** [Td 3c 4s 6h] [Ad]
Agrotait: checks
pöci9: checks
*** SHOW DOWN ***
Agrotait: shows [2s 9s] (high card Ace)
pöci9: shows [Kd 5s] (high card Ace - King kicker)
pöci9 collected $11.76 from pot
*** SUMMARY ***
Total pot $12 | Rake $0.24
Board [Td 3c 4s 6h Ad]
Seat 3: pöci9 (button) (small blind) showed [Kd 5s] and won ($11.76) with high card Ace
Seat 4: Agrotait (big blind) showed [2s 9s] and lost with high card Ace


PokerStars Hand #159548005626:  Hold'em Limit ($3/$6 USD) - 2016/10/06 7:52:39 ET
Table 'Fennia' 6-max Seat #4 is the button
Seat 3: pöci9 ($227.93 in chips)
Seat 4: Agrotait ($141.02 in chips)
Agrotait: posts small blind $1
pöci9: posts big blind $3
*** HOLE CARDS ***
Agrotait: folds
Uncalled bet ($2) returned to pöci9
pöci9 collected $2 from pot
pöci9: doesn't show hand
*** SUMMARY ***
Total pot $2 | Rake $0
Seat 3: pöci9 (big blind) collected ($2)
Seat 4: Agrotait (button) (small blind) folded before Flop


PokerStars Hand #159548008054:  Hold'em Limit ($3/$6 USD) - 2016/10/06 7:52:44 ET
Table 'Fennia' 6-max Seat #3 is the button
Seat 3: pöci9 ($228.93 in chips)
Seat 4: Agrotait ($140.02 in chips)
pöci9: posts small blind $1
Agrotait: posts big blind $3
*** HOLE CARDS ***
pöci9: raises $3 to $6
Agrotait: raises $3 to $9
pöci9: raises $3 to $12
Betting is capped
Agrotait: calls $3
*** FLOP *** [Kd 9c 4d]
Agrotait: checks
pöci9: checks
*** TURN *** [Kd 9c 4d] [Ah]
Agrotait: checks
pöci9: checks
*** RIVER *** [Kd 9c 4d Ah] [Qc]
Agrotait: bets $6
pöci9: raises $6 to $12
Agrotait: calls $6
*** SHOW DOWN ***
pöci9: shows [Qs Ks] (two pair, Kings and Queens)
Agrotait: mucks hand
pöci9 collected $47.50 from pot
*** SUMMARY ***
Total pot $48 | Rake $0.50
Board [Kd 9c 4d Ah Qc]
Seat 3: pöci9 (button) (small blind) showed [Qs Ks] and won ($47.50) with two pair, Kings and Queens
Seat 4: Agrotait (big blind) mucked


PokerStars Hand #159548023998:  Hold'em Limit ($3/$6 USD) - 2016/10/06 7:53:18 ET
Table 'Fennia' 6-max Seat #3 is the button
Seat 3: pöci9 ($249.43 in chips)
Seat 4: Agrotait ($119.02 in chips)
pöci9: posts small blind $1
Agrotait: posts big blind $3
*** HOLE CARDS ***
pöci9: folds
Uncalled bet ($2) returned to Agrotait
Agrotait collected $2 from pot
Agrotait: doesn't show hand
*** SUMMARY ***
Total pot $2 | Rake $0
Seat 3: pöci9 (button) (small blind) folded before Flop
Seat 4: Agrotait (big blind) collected ($2)


PokerStars Hand #159548026730:  Hold'em Limit ($3/$6 USD) - 2016/10/06 7:53:24 ET
Table 'Fennia' 6-max Seat #4 is the button
Seat 3: pöci9 ($248.43 in chips)
Seat 4: Agrotait ($120.02 in chips)
Agrotait: posts small blind $1
pöci9: posts big blind $3
*** HOLE CARDS ***
Agrotait: raises $3 to $6
pöci9: calls $3
*** FLOP *** [Jh 6s Ac]
pöci9: checks
Agrotait: bets $3
pöci9: folds
Uncalled bet ($3) returned to Agrotait
Agrotait collected $11.76 from pot
Agrotait: doesn't show hand
*** SUMMARY ***
Total pot $12 | Rake $0.24
Board [Jh 6s Ac]
Seat 3: pöci9 (big blind) folded on the Flop
Seat 4: Agrotait (button) (small blind) collected ($11.76)


PokerStars Hand #159548019418:  Hold'em Limit ($3/$6 USD) - 2016/10/06 7:53:09 ET
Table 'Fennia' 6-max Seat #4 is the button
Seat 3: pöci9 ($252.43 in chips)
Seat 4: Agrotait ($116.02 in chips)
Agrotait: posts small blind $1
pöci9: posts big blind $3
*** HOLE CARDS ***
Agrotait: raises $3 to $6
pöci9: folds
Uncalled bet ($3) returned to Agrotait
Agrotait collected $6 from pot
Agrotait: doesn't show hand
*** SUMMARY ***
Total pot $6 | Rake $0
Seat 3: pöci9 (big blind) folded before Flop
Seat 4: Agrotait (button) (small blind) collected ($6)


PokerStars Hand #159548034997:  Hold'em Limit ($3/$6 USD) - 2016/10/06 7:53:41 ET
Table 'Fennia' 6-max Seat #3 is the button
Seat 3: pöci9 ($242.43 in chips)
Seat 4: Agrotait ($125.78 in chips)
pöci9: posts small blind $1
Agrotait: posts big blind $3
*** HOLE CARDS ***
pöci9: raises $3 to $6
Agrotait: calls $3
*** FLOP *** [9s Ks 3h]
Agrotait: bets $3
pöci9: calls $3
*** TURN *** [9s Ks 3h] [5h]
Agrotait: bets $6
pöci9: calls $6
*** RIVER *** [9s Ks 3h 5h] [Td]
Agrotait: bets $6
pöci9: calls $6
*** SHOW DOWN ***
Agrotait: shows [7s Kd] (a pair of Kings)
pöci9: mucks hand
Agrotait collected $41.50 from pot
*** SUMMARY ***
Total pot $42 | Rake $0.50
Board [9s Ks 3h 5h Td]
Seat 3: pöci9 (button) (small blind) mucked
Seat 4: Agrotait (big blind) showed [7s Kd] and won ($41.50) with a pair of Kings


PokerStars Hand #159548053621:  Hold'em Limit ($3/$6 USD) - 2016/10/06 7:54:20 ET
Table 'Fennia' 6-max Seat #3 is the button
Seat 3: pöci9 ($230.07 in chips)
Seat 4: Agrotait ($137.28 in chips)
pöci9: posts small blind $1
Agrotait: posts big blind $3
*** HOLE CARDS ***
pöci9: calls $2
Agrotait: checks
*** FLOP *** [As 4h 3d]
Agrotait: checks
pöci9: bets $3
Agrotait: folds
Uncalled bet ($3) returned to pöci9
pöci9 collected $5.88 from pot
pöci9: doesn't show hand
*** SUMMARY ***
Total pot $6 | Rake $0.12
Board [As 4h 3d]
Seat 3: pöci9 (button) (small blind) collected ($5.88)
Seat 4: Agrotait (big blind) folded on the Flop


PokerStars Hand #159548042466:  Hold'em Limit ($3/$6 USD) - 2016/10/06 7:53:57 ET
Table 'Fennia' 6-max Seat #4 is the button
Seat 3: pöci9 ($221.43 in chips)
Seat 4: Agrotait ($146.28 in chips)
Agrotait: posts small blind $1
pöci9: posts big blind $3
*** HOLE CARDS ***
Agrotait: raises $3 to $6
pöci9: raises $3 to $9
Psynto joins the table at seat #5
Agrotait: calls $3
*** FLOP *** [Ad 4c 3d]
pöci9: bets $3
Agrotait: folds
Uncalled bet ($3) returned to pöci9
pöci9 collected $17.64 from pot
pöci9: doesn't show hand
*** SUMMARY ***
Total pot $18 | Rake $0.36
Board [Ad 4c 3d]
Seat 3: pöci9 (big blind) collected ($17.64)
Seat 4: Agrotait (button) (small blind) folded on the Flop


PokerStars Hand #159548251216:  Hold'em Limit ($3/$6 USD) - 2016/10/06 8:01:55 ET
Table 'Fennia' 6-max Seat #5 is the button
Seat 5: Psynto ($109.37 in chips)
Seat 6: Lowey277 ($178.89 in chips)
Psynto: posts small blind $1
Lowey277: posts big blind $3
*** HOLE CARDS ***
Psynto: raises $3 to $6
Lowey277: folds
Uncalled bet ($3) returned to Psynto
Psynto collected $6 from pot
Psynto: doesn't show hand
*** SUMMARY ***
Total pot $6 | Rake $0
Seat 5: Psynto (button) (small blind) collected ($6)
Seat 6: Lowey277 (big blind) folded before Flop


PokerStars Hand #159548236606:  Hold'em Limit ($3/$6 USD) - 2016/10/06 8:01:24 ET
Table 'Fennia' 6-max Seat #6 is the button
Seat 5: Psynto ($79.87 in chips)
Seat 6: Lowey277 ($208.89 in chips)
Lowey277: posts small blind $1
Agrotait: is sitting out
Psynto: posts big blind $3
*** HOLE CARDS ***
Lowey277: calls $2
Psynto: raises $3 to $6
Agrotait leaves the table
Lowey277: calls $3
*** FLOP *** [4d 8h Qd]
Psynto: bets $3
Lowey277: raises $3 to $6
Psynto: calls $3
*** TURN *** [4d 8h Qd] [6c]
Psynto: checks
Lowey277: bets $6
Psynto: raises $6 to $12
Lowey277: calls $6
*** RIVER *** [4d 8h Qd 6c] [3s]
Psynto: bets $6
Lowey277: calls $6
*** SHOW DOWN ***
Psynto: shows [Qh Jc] (a pair of Queens)
Lowey277: mucks hand
Psynto collected $59.50 from pot
*** SUMMARY ***
Total pot $60 | Rake $0.50
Board [4d 8h Qd 6c 3s]
Seat 5: Psynto (big blind) showed [Qh Jc] and won ($59.50) with a pair of Queens
Seat 6: Lowey277 (button) (small blind) mucked


PokerStars Hand #159548254642:  Hold'em Limit ($3/$6 USD) - 2016/10/06 8:02:03 ET
Table 'Fennia' 6-max Seat #6 is the button
Seat 5: Psynto ($112.37 in chips)
Seat 6: Lowey277 ($175.89 in chips)
Lowey277: posts small blind $1
Psynto: posts big blind $3
*** HOLE CARDS ***
Lowey277: raises $3 to $6
Psynto: raises $3 to $9
Lowey277: raises $3 to $12
Betting is capped
Psynto: calls $3
*** FLOP *** [5h Jh Js]
Psynto: checks
Lowey277: bets $3
Psynto: raises $3 to $6
Lowey277: raises $3 to $9
Psynto: raises $3 to $12
Betting is capped
Lowey277: folds
Uncalled bet ($3) returned to Psynto
Psynto collected $41.50 from pot
Psynto: doesn't show hand
*** SUMMARY ***
Total pot $42 | Rake $0.50
Board [5h Jh Js]
Seat 5: Psynto (big blind) collected ($41.50)
Seat 6: Lowey277 (button) (small blind) folded on the Flop


PokerStars Hand #159548264044:  Hold'em Limit ($3/$6 USD) - 2016/10/06 8:02:22 ET
Table 'Fennia' 6-max Seat #5 is the button
Seat 5: Psynto ($132.87 in chips)
Seat 6: Lowey277 ($154.89 in chips)
Psynto: posts small blind $1
Lowey277: posts big blind $3
*** HOLE CARDS ***
Psynto: raises $3 to $6
Lowey277: calls $3
*** FLOP *** [3s Ad 6d]
Lowey277: bets $3
Psynto: raises $3 to $6
Lowey277: calls $3
*** TURN *** [3s Ad 6d] [Ks]
Lowey277: checks
Psynto: bets $6
Lowey277: calls $6
*** RIVER *** [3s Ad 6d Ks] [5c]
Lowey277: checks
Psynto: checks
*** SHOW DOWN ***
Lowey277: shows [9d Qd] (high card Ace)
Psynto: shows [7s 3c] (a pair of Threes)
Psynto collected $35.50 from pot
*** SUMMARY ***
Total pot $36 | Rake $0.50
Board [3s Ad 6d Ks 5c]
Seat 5: Psynto (button) (small blind) showed [7s 3c] and won ($35.50) with a pair of Threes
Seat 6: Lowey277 (big blind) showed [9d Qd] and lost with high card Ace


PokerStars Hand #159548274968:  Hold'em Limit ($3/$6 USD) - 2016/10/06 8:02:45 ET
Table 'Fennia' 6-max Seat #6 is the button
Seat 5: Psynto ($150.37 in chips)
Seat 6: Lowey277 ($136.89 in chips)
Lowey277: posts small blind $1
Psynto: posts big blind $3
*** HOLE CARDS ***
Lowey277: calls $2
Psynto: raises $3 to $6
Lowey277: calls $3
*** FLOP *** [5c Kd 9c]
Psynto: bets $3
Lowey277: folds
Uncalled bet ($3) returned to Psynto
Psynto collected $11.76 from pot
Psynto: doesn't show hand
*** SUMMARY ***
Total pot $12 | Rake $0.24
Board [5c Kd 9c]
Seat 5: Psynto (big blind) collected ($11.76)
Seat 6: Lowey277 (button) (small blind) folded on the Flop


PokerStars Hand #159548300450:  Hold'em Limit ($3/$6 USD) - 2016/10/06 8:03:38 ET
Table 'Fennia' 6-max Seat #5 is the button
Seat 5: Psynto ($129.13 in chips)
Seat 6: Lowey277 ($157.39 in chips)
Psynto: posts small blind $1
Lowey277: posts big blind $3
*** HOLE CARDS ***
Psynto: raises $3 to $6
Lowey277: folds
Uncalled bet ($3) returned to Psynto
Psynto collected $6 from pot
Psynto: doesn't show hand
*** SUMMARY ***
Total pot $6 | Rake $0
Seat 5: Psynto (button) (small blind) collected ($6)
Seat 6: Lowey277 (big blind) folded before Flop


PokerStars Hand #159548285808:  Hold'em Limit ($3/$6 USD) - 2016/10/06 8:03:07 ET
Table 'Fennia' 6-max Seat #6 is the button
Seat 5: Psynto ($159.13 in chips)
Seat 6: Lowey277 ($127.89 in chips)
Lowey277: posts small blind $1
Psynto: posts big blind $3
*** HOLE CARDS ***
Lowey277: raises $3 to $6
Psynto: calls $3
*** FLOP *** [6h 6d 2s]
Psynto: checks
Lowey277: bets $3
Psynto: raises $3 to $6
Lowey277: raises $3 to $9
Psynto: raises $3 to $12
Betting is capped
Lowey277: calls $3
*** TURN *** [6h 6d 2s] [As]
Psynto: checks
Lowey277: bets $6
Psynto: calls $6
*** RIVER *** [6h 6d 2s As] [8h]
Psynto: checks
Lowey277: bets $6
Psynto: calls $6
*** SHOW DOWN ***
Lowey277: shows [Ah Kc] (two pair, Aces and Sixes)
Psynto: mucks hand
Lowey277 collected $59.50 from pot
*** SUMMARY ***
Total pot $60 | Rake $0.50
Board [6h 6d 2s As 8h]
Seat 5: Psynto (big blind) mucked
Seat 6: Lowey277 (button) (small blind) showed [Ah Kc] and won ($59.50) with two pair, Aces and Sixes


PokerStars Hand #159548281907:  Hold'em Limit ($3/$6 USD) - 2016/10/06 8:02:59 ET
Table 'Fennia' 6-max Seat #5 is the button
Seat 5: Psynto ($156.13 in chips)
Seat 6: Lowey277 ($130.89 in chips)
Psynto: posts small blind $1
Lowey277: posts big blind $3
*** HOLE CARDS ***
Psynto: raises $3 to $6
Lowey277: folds
Uncalled bet ($3) returned to Psynto
Psynto collected $6 from pot
Psynto: doesn't show hand
*** SUMMARY ***
Total pot $6 | Rake $0
Seat 5: Psynto (button) (small blind) collected ($6)
Seat 6: Lowey277 (big blind) folded before Flop


PokerStars Hand #159548303884:  Hold'em Limit ($3/$6 USD) - 2016/10/06 8:03:45 ET
Table 'Fennia' 6-max Seat #6 is the button
Seat 5: Psynto ($132.13 in chips)
Seat 6: Lowey277 ($154.39 in chips)
Lowey277: posts small blind $1
Psynto: posts big blind $3
*** HOLE CARDS ***
Lowey277: raises $3 to $6
Psynto: raises $3 to $9
Lowey277: calls $3
*** FLOP *** [Qd 7h Qh]
Psynto: bets $3
Lowey277: folds
Uncalled bet ($3) returned to Psynto
Psynto collected $17.64 from pot
Psynto: doesn't show hand
*** SUMMARY ***
Total pot $18 | Rake $0.36
Board [Qd 7h Qh]
Seat 5: Psynto (big blind) collected ($17.64)
Seat 6: Lowey277 (button) (small blind) folded on the Flop


PokerStars Hand #159548336768:  Hold'em Limit ($3/$6 USD) - 2016/10/06 8:04:54 ET
Table 'Fennia' 6-max Seat #6 is the button
Seat 5: Psynto ($155.03 in chips)
Seat 6: Lowey277 ($129.89 in chips)
Lowey277: posts small blind $1
Psynto: posts big blind $3
*** HOLE CARDS ***
Lowey277: raises $3 to $6
Psynto: calls $3
*** FLOP *** [9h 9c 8d]
Psynto: checks
Lowey277: bets $3
Psynto: folds
Uncalled bet ($3) returned to Lowey277
Lowey277 collected $11.76 from pot
Lowey277: doesn't show hand
*** SUMMARY ***
Total pot $12 | Rake $0.24
Board [9h 9c 8d]
Seat 5: Psynto (big blind) folded on the Flop
Seat 6: Lowey277 (button) (small blind) collected ($11.76)


PokerStars Hand #159548331015:  Hold'em Limit ($3/$6 USD) - 2016/10/06 8:04:41 ET
Table 'Fennia' 6-max Seat #5 is the button
Seat 5: Psynto ($149.27 in chips)
Seat 6: Lowey277 ($135.89 in chips)
Psynto: posts small blind $1
Lowey277: posts big blind $3
*** HOLE CARDS ***
Psynto: raises $3 to $6
Lowey277: calls $3
*** FLOP *** [Qh 4h 6s]
Lowey277: checks
Psynto: bets $3
Lowey277: folds
Uncalled bet ($3) returned to Psynto
Psynto collected $11.76 from pot
Psynto: doesn't show hand
*** SUMMARY ***
Total pot $12 | Rake $0.24
Board [Qh 4h 6s]
Seat 5: Psynto (button) (small blind) collected ($11.76)
Seat 6: Lowey277 (big blind) folded on the Flop


PokerStars Hand #159548310019:  Hold'em Limit ($3/$6 USD) - 2016/10/06 8:03:58 ET
Table 'Fennia' 6-max Seat #5 is the button
Seat 5: Psynto ($140.77 in chips)
Seat 6: Lowey277 ($145.39 in chips)
Psynto: posts small blind $1
Lowey277: posts big blind $3
*** HOLE CARDS ***
Psynto: raises $3 to $6
Lowey277: calls $3
*** FLOP *** [Qh Td 9d]
Lowey277: checks
Psynto: bets $3
Lowey277: raises $3 to $6
Psynto: calls $3
*** TURN *** [Qh Td 9d] [6c]
Lowey277: bets $6
Psynto: raises $6 to $12
Lowey277: calls $6
*** RIVER *** [Qh Td 9d 6c] [5s]
Lowey277: checks
Psynto: bets $6
Lowey277: folds
Uncalled bet ($6) returned to Psynto
Psynto collected $47.50 from pot
Psynto: doesn't show hand
*** SUMMARY ***
Total pot $48 | Rake $0.50
Board [Qh Td 9d 6c 5s]
Seat 5: Psynto (button) (small blind) collected ($47.50)
Seat 6: Lowey277 (big blind) folded on the River


PokerStars Hand #159548322352:  Hold'em Limit ($3/$6 USD) - 2016/10/06 8:04:23 ET
Table 'Fennia' 6-max Seat #6 is the button
Seat 5: Psynto ($164.27 in chips)
Seat 6: Lowey277 ($121.39 in chips)
Lowey277: posts small blind $1
Psynto: posts big blind $3
*** HOLE CARDS ***
Lowey277: raises $3 to $6
Psynto: calls $3
*** FLOP *** [Js 2d 9h]
Psynto: checks
Lowey277: bets $3
Psynto: calls $3
*** TURN *** [Js 2d 9h] [3h]
Psynto: checks
Lowey277: checks
*** RIVER *** [Js 2d 9h 3h] [8d]
Psynto: checks
Lowey277: bets $6
Psynto: calls $6
*** SHOW DOWN ***
Lowey277: shows [8c Th] (a pair of Eights)
Psynto: mucks hand
Lowey277 collected $29.50 from pot
*** SUMMARY ***
Total pot $30 | Rake $0.50
Board [Js 2d 9h 3h 8d]
Seat 5: Psynto (big blind) mucked
Seat 6: Lowey277 (button) (small blind) showed [8c Th] and won ($29.50) with a pair of Eights


PokerStars Hand #159548361386:  Hold'em Limit ($3/$6 USD) - 2016/10/06 8:05:44 ET
Table 'Fennia' 6-max Seat #5 is the button
Seat 5: Psynto ($169.19 in chips)
Seat 6: Lowey277 ($114.65 in chips)
Psynto: posts small blind $1
Lowey277: posts big blind $3
*** HOLE CARDS ***
Psynto: raises $3 to $6
Lowey277: folds
Uncalled bet ($3) returned to Psynto
Psynto collected $6 from pot
Psynto: doesn't show hand
*** SUMMARY ***
Total pot $6 | Rake $0
Seat 5: Psynto (button) (small blind) collected ($6)
Seat 6: Lowey277 (big blind) folded before Flop


PokerStars Hand #159548364269:  Hold'em Limit ($3/$6 USD) - 2016/10/06 8:05:50 ET
Table 'Fennia' 6-max Seat #6 is the button
Seat 5: Psynto ($172.19 in chips)
Seat 6: Lowey277 ($111.65 in chips)
Lowey277: posts small blind $1
Psynto: posts big blind $3
*** HOLE CARDS ***
Lowey277: raises $3 to $6
Psynto: calls $3
*** FLOP *** [9s 3c 6c]
Psynto: checks
Lowey277: bets $3
Psynto: folds
Uncalled bet ($3) returned to Lowey277
Lowey277 collected $11.76 from pot
Lowey277: doesn't show hand
*** SUMMARY ***
Total pot $12 | Rake $0.24
Board [9s 3c 6c]
Seat 5: Psynto (big blind) folded on the Flop
Seat 6: Lowey277 (button) (small blind) collected ($11.76)


PokerStars Hand #159548351496:  Hold'em Limit ($3/$6 USD) - 2016/10/06 8:05:24 ET
Table 'Fennia' 6-max Seat #6 is the button
Seat 5: Psynto ($157.67 in chips)
Seat 6: Lowey277 ($126.65 in chips)
Lowey277: posts small blind $1
Psynto: posts big blind $3
*** HOLE CARDS ***
Lowey277: raises $3 to $6
Psynto: raises $3 to $9
Lowey277: calls $3
*** FLOP *** [8h 6h 4s]
Psynto: bets $3
Lowey277: calls $3
*** TURN *** [8h 6h 4s] [Kc]
Psynto: bets $6
Lowey277: folds
Uncalled bet ($6) returned to Psynto
Psynto collected $23.52 from pot
Psynto: doesn't show hand
*** SUMMARY ***
Total pot $24 | Rake $0.48
Board [8h 6h 4s Kc]
Seat 5: Psynto (big blind) collected ($23.52)
Seat 6: Lowey277 (button) (small blind) folded on the Turn


PokerStars Hand #159548382231:  Hold'em Limit ($3/$6 USD) - 2016/10/06 8:06:28 ET
Table 'Fennia' 6-max Seat #6 is the button
Seat 5: Psynto ($192.69 in chips)
Seat 6: Lowey277 ($90.41 in chips)
Lowey277: posts small blind $1
Psynto: posts big blind $3
*** HOLE CARDS ***
Lowey277: folds
Uncalled bet ($2) returned to Psynto
Psynto collected $2 from pot
Psynto: doesn't show hand
*** SUMMARY ***
Total pot $2 | Rake $0
Seat 5: Psynto (big blind) collected ($2)
Seat 6: Lowey277 (button) (small blind) folded before Flop


PokerStars Hand #159548369801:  Hold'em Limit ($3/$6 USD) - 2016/10/06 8:06:02 ET
Table 'Fennia' 6-max Seat #5 is the button
Seat 5: Psynto ($166.19 in chips)
Seat 6: Lowey277 ($117.41 in chips)
Psynto: posts small blind $1
Lowey277: posts big blind $3
*** HOLE CARDS ***
Psynto: raises $3 to $6
Lowey277: calls $3
*** FLOP *** [7c 3c Tc]
Lowey277: checks
Psynto: bets $3
Lowey277: calls $3
*** TURN *** [7c 3c Tc] [5c]
Lowey277: bets $6
Psynto: raises $6 to $12
Lowey277: calls $6
*** RIVER *** [7c 3c Tc 5c] [4c]
Lowey277: checks
Psynto: bets $6
Lowey277: calls $6
*** SHOW DOWN ***
Psynto: shows [7d Jc] (a flush, Jack high)
Lowey277: mucks hand
Psynto collected $53.50 from pot
*** SUMMARY ***
Total pot $54 | Rake $0.50
Board [7c 3c Tc 5c 4c]
Seat 5: Psynto (button) (small blind) showed [7d Jc] and won ($53.50) with a flush, Jack high
Seat 6: Lowey277 (big blind) mucked


PokerStars Hand #159548384902:  Hold'em Limit ($3/$6 USD) - 2016/10/06 8:06:33 ET
Table 'Fennia' 6-max Seat #5 is the button
Seat 5: Psynto ($193.69 in chips)
Seat 6: Lowey277 ($89.41 in chips)
Psynto: posts small blind $1
Lowey277: posts big blind $3
*** HOLE CARDS ***
Psynto: raises $3 to $6
Lowey277: calls $3
*** FLOP *** [As 4d Qs]
Lowey277: checks
Psynto: bets $3
Lowey277: raises $3 to $6
Psynto: folds
Uncalled bet ($3) returned to Lowey277
Lowey277 collected $17.64 from pot
Lowey277: doesn't show hand
*** SUMMARY ***
Total pot $18 | Rake $0.36
Board [As 4d Qs]
Seat 5: Psynto (button) (small blind) folded on the Flop
Seat 6: Lowey277 (big blind) collected ($17.64)


PokerStars Hand #159548407899:  Hold'em Limit ($3/$6 USD) - 2016/10/06 8:07:21 ET
Table 'Fennia' 6-max Seat #6 is the button
Seat 5: Psynto ($195.21 in chips)
Seat 6: Lowey277 ($87.05 in chips)
Lowey277: posts small blind $1
Psynto: posts big blind $3
*** HOLE CARDS ***
Lowey277: raises $3 to $6
Psynto: calls $3
*** FLOP *** [6s 5d Qc]
Psynto: checks
Lowey277: bets $3
Psynto: raises $3 to $6
Lowey277: calls $3
*** TURN *** [6s 5d Qc] [Ah]
Psynto: bets $6
Lowey277: folds
Uncalled bet ($6) returned to Psynto
Psynto collected $23.52 from pot
Psynto: doesn't show hand
*** SUMMARY ***
Total pot $24 | Rake $0.48
Board [6s 5d Qc Ah]
Seat 5: Psynto (big blind) collected ($23.52)
Seat 6: Lowey277 (button) (small blind) folded on the Turn


PokerStars Hand #159548418765:  Hold'em Limit ($3/$6 USD) - 2016/10/06 8:07:43 ET
Table 'Fennia' 6-max Seat #5 is the button
Seat 5: Psynto ($206.73 in chips)
Seat 6: Lowey277 ($75.05 in chips)
Psynto: posts small blind $1
Lowey277: posts big blind $3
*** HOLE CARDS ***
Psynto: raises $3 to $6
Lowey277: calls $3
*** FLOP *** [4h Qc Td]
Lowey277: checks
Psynto: bets $3
Lowey277: folds
Uncalled bet ($3) returned to Psynto
Psynto collected $11.76 from pot
Psynto: doesn't show hand
*** SUMMARY ***
Total pot $12 | Rake $0.24
Board [4h Qc Td]
Seat 5: Psynto (button) (small blind) collected ($11.76)
Seat 6: Lowey277 (big blind) folded on the Flop


PokerStars Hand #159548405676:  Hold'em Limit ($3/$6 USD) - 2016/10/06 8:07:16 ET
Table 'Fennia' 6-max Seat #5 is the button
Seat 5: Psynto ($196.21 in chips)
Seat 6: Lowey277 ($86.05 in chips)
Psynto: posts small blind $1
Lowey277: posts big blind $3
*** HOLE CARDS ***
Psynto: folds
Uncalled bet ($2) returned to Lowey277
Lowey277 collected $2 from pot
Lowey277: doesn't show hand
*** SUMMARY ***
Total pot $2 | Rake $0
Seat 5: Psynto (button) (small blind) folded before Flop
Seat 6: Lowey277 (big blind) collected ($2)


PokerStars Hand #159548394824:  Hold'em Limit ($3/$6 USD) - 2016/10/06 8:06:54 ET
Table 'Fennia' 6-max Seat #6 is the button
Seat 5: Psynto ($184.69 in chips)
Seat 6: Lowey277 ($98.05 in chips)
Lowey277: posts small blind $1
Psynto: posts big blind $3
*** HOLE CARDS ***
Lowey277: raises $3 to $6
Psynto: calls $3
*** FLOP *** [6c 5h 4c]
Psynto: checks
Lowey277: checks
*** TURN *** [6c 5h 4c] [5d]
Psynto: bets $6
Lowey277: calls $6
*** RIVER *** [6c 5h 4c 5d] [As]
Psynto: bets $6
Lowey277: folds
Uncalled bet ($6) returned to Psynto
Psynto collected $23.52 from pot
Psynto: doesn't show hand
*** SUMMARY ***
Total pot $24 | Rake $0.48
Board [6c 5h 4c 5d As]
Seat 5: Psynto (big blind) collected ($23.52)
Seat 6: Lowey277 (button) (small blind) folded on the River


PokerStars Hand #159548429471:  Hold'em Limit ($3/$6 USD) - 2016/10/06 8:08:05 ET
Table 'Fennia' 6-max Seat #6 is the button
Seat 5: Psynto ($212.49 in chips)
Seat 6: Lowey277 ($69.05 in chips)
Lowey277: posts small blind $1
Psynto: posts big blind $3
*** HOLE CARDS ***
Lowey277: calls $2
Psynto: checks
*** FLOP *** [7c Qd 2s]
Psynto: checks
Lowey277: checks
*** TURN *** [7c Qd 2s] [4h]
Psynto: bets $6
Lowey277: folds
Uncalled bet ($6) returned to Psynto
Psynto collected $5.88 from pot
Psynto: doesn't show hand
*** SUMMARY ***
Total pot $6 | Rake $0.12
Board [7c Qd 2s 4h]
Seat 5: Psynto (big blind) collected ($5.88)
Seat 6: Lowey277 (button) (small blind) folded on the Turn


