PokerStars Hand #164769005814:  Hold'em Limit ($3/$6 USD) - 2017/01/18 7:12:31 ET
Table 'Fennia' 6-max Seat #4 is the button
Seat 2: sim5sim5 ($104.14 in chips)
Seat 4: Agrotait ($68.50 in chips)
Agrotait: posts small blind $1
sim5sim5: posts big blind $3
*** HOLE CARDS ***
Agrotait: raises $3 to $6
sim5sim5: folds
Uncalled bet ($3) returned to Agrotait
Agrotait collected $6 from pot
Agrotait: doesn't show hand
*** SUMMARY ***
Total pot $6 | Rake $0
Seat 2: sim5sim5 (big blind) folded before Flop
Seat 4: Agrotait (button) (small blind) collected ($6)


PokerStars Hand #164769010338:  Hold'em Limit ($3/$6 USD) - 2017/01/18 7:12:39 ET
Table 'Fennia' 6-max Seat #2 is the button
Seat 2: sim5sim5 ($101.14 in chips)
Seat 4: Agrotait ($71.50 in chips)
sim5sim5: posts small blind $1
Agrotait: posts big blind $3
*** HOLE CARDS ***
sim5sim5: folds
Uncalled bet ($2) returned to Agrotait
Agrotait collected $2 from pot
Agrotait: doesn't show hand
*** SUMMARY ***
Total pot $2 | Rake $0
Seat 2: sim5sim5 (button) (small blind) folded before Flop
Seat 4: Agrotait (big blind) collected ($2)


PokerStars Hand #164768974842:  Hold'em Limit ($3/$6 USD) - 2017/01/18 7:11:33 ET
Table 'Fennia' 6-max Seat #2 is the button
Seat 2: sim5sim5 ($80.64 in chips)
Seat 4: Agrotait ($92.50 in chips)
sim5sim5: posts small blind $1
Agrotait: posts big blind $3
*** HOLE CARDS ***
sim5sim5: raises $3 to $6
Agrotait: calls $3
*** FLOP *** [5s 3c 8d]
Agrotait: checks
sim5sim5: bets $3
Agrotait: raises $3 to $6
sim5sim5: calls $3
*** TURN *** [5s 3c 8d] [Ad]
Agrotait: bets $6
sim5sim5: calls $6
*** RIVER *** [5s 3c 8d Ad] [6c]
Agrotait: checks
sim5sim5: bets $6
Agrotait: calls $6
*** SHOW DOWN ***
sim5sim5: shows [6d 3s] (two pair, Sixes and Threes)
Agrotait: mucks hand
sim5sim5 collected $47.50 from pot
*** SUMMARY ***
Total pot $48 | Rake $0.50
Board [5s 3c 8d Ad 6c]
Seat 2: sim5sim5 (button) (small blind) showed [6d 3s] and won ($47.50) with two pair, Sixes and Threes
Seat 4: Agrotait (big blind) mucked


