PokerStars Hand #146098343479:  Hold'em Limit ($3/$6 USD) - 2015/12/29 1:48:01 ET
Table 'Feodosia' 2-max Seat #2 is the button
Seat 1: MARIBORO8 ($96 in chips)
Seat 2: torsk278 ($120 in chips)
torsk278: posts small blind $1
MARIBORO8: posts big blind $3
*** HOLE CARDS ***
torsk278: raises $3 to $6
MARIBORO8: calls $3
*** FLOP *** [Qh 8c Kd]
MARIBORO8: checks
torsk278: bets $3
MARIBORO8: folds
Uncalled bet ($3) returned to torsk278
torsk278 collected $11.76 from pot
torsk278: doesn't show hand
*** SUMMARY ***
Total pot $12 | Rake $0.24
Board [Qh 8c Kd]
Seat 1: MARIBORO8 (big blind) folded on the Flop
Seat 2: torsk278 (button) (small blind) collected ($11.76)


PokerStars Hand #146098362724:  Hold'em Limit ($3/$6 USD) - 2015/12/29 1:49:10 ET
Table 'Feodosia' 2-max Seat #1 is the button
Seat 1: MARIBORO8 ($99.28 in chips)
Seat 2: torsk278 ($115.40 in chips)
MARIBORO8: posts small blind $1
torsk278: posts big blind $3
*** HOLE CARDS ***
MARIBORO8: folds
Uncalled bet ($2) returned to torsk278
torsk278 collected $2 from pot
torsk278: doesn't show hand
*** SUMMARY ***
Total pot $2 | Rake $0
Seat 1: MARIBORO8 (button) (small blind) folded before Flop
Seat 2: torsk278 (big blind) collected ($2)


PokerStars Hand #146098357010:  Hold'em Limit ($3/$6 USD) - 2015/12/29 1:48:50 ET
Table 'Feodosia' 2-max Seat #2 is the button
Seat 1: MARIBORO8 ($108.28 in chips)
Seat 2: torsk278 ($106.76 in chips)
torsk278: posts small blind $1
MARIBORO8: posts big blind $3
*** HOLE CARDS ***
torsk278: raises $3 to $6
MARIBORO8: raises $3 to $9
torsk278: calls $3
*** FLOP *** [3s 2s Ks]
MARIBORO8: checks
torsk278: checks
*** TURN *** [3s 2s Ks] [As]
MARIBORO8: checks
torsk278: bets $6
MARIBORO8: folds
Uncalled bet ($6) returned to torsk278
torsk278 collected $17.64 from pot
torsk278: doesn't show hand
*** SUMMARY ***
Total pot $18 | Rake $0.36
Board [3s 2s Ks As]
Seat 1: MARIBORO8 (big blind) folded on the Turn
Seat 2: torsk278 (button) (small blind) collected ($17.64)


PokerStars Hand #146098352906:  Hold'em Limit ($3/$6 USD) - 2015/12/29 1:48:35 ET
Table 'Feodosia' 2-max Seat #1 is the button
Seat 1: MARIBORO8 ($96.76 in chips)
Seat 2: torsk278 ($118.76 in chips)
MARIBORO8: posts small blind $1
torsk278: posts big blind $3
*** HOLE CARDS ***
MARIBORO8: raises $3 to $6
torsk278: raises $3 to $9
MARIBORO8: calls $3
*** FLOP *** [Td 5c Kh]
torsk278: bets $3
MARIBORO8: raises $3 to $6
torsk278: folds
Uncalled bet ($3) returned to MARIBORO8
MARIBORO8 collected $23.52 from pot
MARIBORO8: doesn't show hand
*** SUMMARY ***
Total pot $24 | Rake $0.48
Board [Td 5c Kh]
Seat 1: MARIBORO8 (button) (small blind) collected ($23.52)
Seat 2: torsk278 (big blind) folded on the Flop


PokerStars Hand #146098350433:  Hold'em Limit ($3/$6 USD) - 2015/12/29 1:48:26 ET
Table 'Feodosia' 2-max Seat #2 is the button
Seat 1: MARIBORO8 ($95.76 in chips)
Seat 2: torsk278 ($119.76 in chips)
torsk278: posts small blind $1
MARIBORO8: posts big blind $3
*** HOLE CARDS ***
torsk278: folds
Uncalled bet ($2) returned to MARIBORO8
MARIBORO8 collected $2 from pot
MARIBORO8: doesn't show hand
*** SUMMARY ***
Total pot $2 | Rake $0
Seat 1: MARIBORO8 (big blind) collected ($2)
Seat 2: torsk278 (button) (small blind) folded before Flop


PokerStars Hand #146098347413:  Hold'em Limit ($3/$6 USD) - 2015/12/29 1:48:15 ET
Table 'Feodosia' 2-max Seat #1 is the button
Seat 1: MARIBORO8 ($90 in chips)
Seat 2: torsk278 ($125.76 in chips)
MARIBORO8: posts small blind $1
torsk278: posts big blind $3
*** HOLE CARDS ***
MARIBORO8: raises $3 to $6
torsk278: calls $3
*** FLOP *** [3s 9d 4d]
torsk278: checks
MARIBORO8: bets $3
torsk278: folds
Uncalled bet ($3) returned to MARIBORO8
MARIBORO8 collected $11.76 from pot
MARIBORO8: doesn't show hand
*** SUMMARY ***
Total pot $12 | Rake $0.24
Board [3s 9d 4d]
Seat 1: MARIBORO8 (button) (small blind) collected ($11.76)
Seat 2: torsk278 (big blind) folded on the Flop


PokerStars Hand #146098372281:  Hold'em Limit ($3/$6 USD) - 2015/12/29 1:49:45 ET
Table 'Feodosia' 2-max Seat #1 is the button
Seat 1: MARIBORO8 ($113.68 in chips)
Seat 2: torsk278 ($119 in chips)
MARIBORO8: posts small blind $1
torsk278: posts big blind $3
*** HOLE CARDS ***
MARIBORO8: raises $3 to $6
torsk278: calls $3
*** FLOP *** [Jc 5c 2c]
torsk278: checks
MARIBORO8: bets $3
torsk278: raises $3 to $6
MARIBORO8: calls $3
*** TURN *** [Jc 5c 2c] [2h]
torsk278: bets $6
MARIBORO8: calls $6
*** RIVER *** [Jc 5c 2c 2h] [8d]
torsk278: bets $6
MARIBORO8: calls $6
*** SHOW DOWN ***
torsk278: shows [2d Jd] (a full house, Deuces full of Jacks)
MARIBORO8: mucks hand
torsk278 collected $47.50 from pot
*** SUMMARY ***
Total pot $48 | Rake $0.50
Board [Jc 5c 2c 2h 8d]
Seat 1: MARIBORO8 (button) (small blind) mucked
Seat 2: torsk278 (big blind) showed [2d Jd] and won ($47.50) with a full house, Deuces full of Jacks


PokerStars Hand #146098371043:  Hold'em Limit ($3/$6 USD) - 2015/12/29 1:49:41 ET
Table 'Feodosia' 2-max Seat #2 is the button
Seat 1: MARIBORO8 ($112.68 in chips)
Seat 2: torsk278 ($120 in chips)
torsk278: posts small blind $1
MARIBORO8: posts big blind $3
*** HOLE CARDS ***
torsk278: folds
Uncalled bet ($2) returned to MARIBORO8
MARIBORO8 collected $2 from pot
MARIBORO8: doesn't show hand
*** SUMMARY ***
Total pot $2 | Rake $0
Seat 1: MARIBORO8 (big blind) collected ($2)
Seat 2: torsk278 (button) (small blind) folded before Flop


PokerStars Hand #146098368203:  Hold'em Limit ($3/$6 USD) - 2015/12/29 1:49:30 ET
Table 'Feodosia' 2-max Seat #1 is the button
Seat 1: MARIBORO8 ($106.92 in chips)
Seat 2: torsk278 ($107.40 in chips)
MARIBORO8: posts small blind $1
torsk278: posts big blind $3
*** HOLE CARDS ***
MARIBORO8: raises $3 to $6
torsk278: calls $3
*** FLOP *** [5s 8c 5c]
torsk278: checks
MARIBORO8: bets $3
torsk278: folds
Uncalled bet ($3) returned to MARIBORO8
MARIBORO8 collected $11.76 from pot
MARIBORO8: doesn't show hand
*** SUMMARY ***
Total pot $12 | Rake $0.24
Board [5s 8c 5c]
Seat 1: MARIBORO8 (button) (small blind) collected ($11.76)
Seat 2: torsk278 (big blind) folded on the Flop


PokerStars Hand #146098364353:  Hold'em Limit ($3/$6 USD) - 2015/12/29 1:49:16 ET
Table 'Feodosia' 2-max Seat #2 is the button
Seat 1: MARIBORO8 ($98.28 in chips)
Seat 2: torsk278 ($116.40 in chips)
torsk278: posts small blind $1
MARIBORO8: posts big blind $3
*** HOLE CARDS ***
torsk278: raises $3 to $6
MARIBORO8: raises $3 to $9
torsk278: calls $3
*** FLOP *** [Th Ad Td]
MARIBORO8: bets $3
torsk278: folds
Uncalled bet ($3) returned to MARIBORO8
MARIBORO8 collected $17.64 from pot
MARIBORO8: doesn't show hand
*** SUMMARY ***
Total pot $18 | Rake $0.36
Board [Th Ad Td]
Seat 1: MARIBORO8 (big blind) collected ($17.64)
Seat 2: torsk278 (button) (small blind) folded on the Flop


PokerStars Hand #146098391500:  Hold'em Limit ($3/$6 USD) - 2015/12/29 1:50:55 ET
Table 'Feodosia' 2-max Seat #1 is the button
Seat 1: MARIBORO8 ($97.18 in chips)
Seat 2: torsk278 ($134 in chips)
MARIBORO8: posts small blind $1
torsk278: posts big blind $3
*** HOLE CARDS ***
MARIBORO8: raises $3 to $6
torsk278: calls $3
*** FLOP *** [Kd 7s 3h]
torsk278: checks
MARIBORO8: bets $3
torsk278: raises $3 to $6
MARIBORO8: calls $3
*** TURN *** [Kd 7s 3h] [2h]
torsk278: bets $6
MARIBORO8: calls $6
*** RIVER *** [Kd 7s 3h 2h] [3c]
torsk278: checks
MARIBORO8: bets $6
torsk278: calls $6
*** SHOW DOWN ***
MARIBORO8: shows [3d 4d] (three of a kind, Threes)
torsk278: mucks hand
MARIBORO8 collected $47.50 from pot
*** SUMMARY ***
Total pot $48 | Rake $0.50
Board [Kd 7s 3h 2h 3c]
Seat 1: MARIBORO8 (button) (small blind) showed [3d 4d] and won ($47.50) with three of a kind, Threes
Seat 2: torsk278 (big blind) mucked


PokerStars Hand #146098385579:  Hold'em Limit ($3/$6 USD) - 2015/12/29 1:50:33 ET
Table 'Feodosia' 2-max Seat #2 is the button
Seat 1: MARIBORO8 ($73.68 in chips)
Seat 2: torsk278 ($158 in chips)
torsk278: posts small blind $1
MARIBORO8: posts big blind $3
*** HOLE CARDS ***
torsk278: raises $3 to $6
MARIBORO8: calls $3
*** FLOP *** [5s 3h 9s]
MARIBORO8: checks
torsk278: bets $3
MARIBORO8: raises $3 to $6
torsk278: calls $3
*** TURN *** [5s 3h 9s] [Th]
MARIBORO8: bets $6
torsk278: calls $6
*** RIVER *** [5s 3h 9s Th] [Jc]
MARIBORO8: bets $6
torsk278: calls $6
*** SHOW DOWN ***
MARIBORO8: shows [8h Qd] (a straight, Eight to Queen)
torsk278: mucks hand
MARIBORO8 collected $47.50 from pot
*** SUMMARY ***
Total pot $48 | Rake $0.50
Board [5s 3h 9s Th Jc]
Seat 1: MARIBORO8 (big blind) showed [8h Qd] and won ($47.50) with a straight, Eight to Queen
Seat 2: torsk278 (button) (small blind) mucked


PokerStars Hand #146098384057:  Hold'em Limit ($3/$6 USD) - 2015/12/29 1:50:28 ET
Table 'Feodosia' 2-max Seat #1 is the button
Seat 1: MARIBORO8 ($74.68 in chips)
Seat 2: torsk278 ($157 in chips)
MARIBORO8: posts small blind $1
torsk278: posts big blind $3
*** HOLE CARDS ***
MARIBORO8: folds
Uncalled bet ($2) returned to torsk278
torsk278 collected $2 from pot
torsk278: doesn't show hand
*** SUMMARY ***
Total pot $2 | Rake $0
Seat 1: MARIBORO8 (button) (small blind) folded before Flop
Seat 2: torsk278 (big blind) collected ($2)


PokerStars Hand #146098377749:  Hold'em Limit ($3/$6 USD) - 2015/12/29 1:50:05 ET
Table 'Feodosia' 2-max Seat #2 is the button
Seat 1: MARIBORO8 ($89.68 in chips)
Seat 2: torsk278 ($142.50 in chips)
torsk278: posts small blind $1
MARIBORO8: posts big blind $3
*** HOLE CARDS ***
torsk278: raises $3 to $6
MARIBORO8: calls $3
*** FLOP *** [2s As 7h]
MARIBORO8: checks
torsk278: bets $3
MARIBORO8: calls $3
*** TURN *** [2s As 7h] [9c]
MARIBORO8: checks
torsk278: checks
*** RIVER *** [2s As 7h 9c] [6s]
MARIBORO8: bets $6
torsk278: calls $6
*** SHOW DOWN ***
MARIBORO8: shows [8c Ks] (high card Ace)
torsk278: shows [Kd 6c] (a pair of Sixes)
torsk278 collected $29.50 from pot
*** SUMMARY ***
Total pot $30 | Rake $0.50
Board [2s As 7h 9c 6s]
Seat 1: MARIBORO8 (big blind) showed [8c Ks] and lost with high card Ace
Seat 2: torsk278 (button) (small blind) showed [Kd 6c] and won ($29.50) with a pair of Sixes


PokerStars Hand #146098405305:  Hold'em Limit ($3/$6 USD) - 2015/12/29 1:51:45 ET
Table 'Feodosia' 2-max Seat #2 is the button
Seat 1: MARIBORO8 ($140.94 in chips)
Seat 2: torsk278 ($114 in chips)
torsk278: posts small blind $1
MARIBORO8: posts big blind $3
*** HOLE CARDS ***
torsk278: raises $3 to $6
MARIBORO8: raises $3 to $9
torsk278: calls $3
*** FLOP *** [2d Ad 5s]
MARIBORO8: bets $3
torsk278: calls $3
*** TURN *** [2d Ad 5s] [Qh]
MARIBORO8: bets $6
torsk278: calls $6
*** RIVER *** [2d Ad 5s Qh] [2c]
MARIBORO8: bets $6
torsk278: calls $6
*** SHOW DOWN ***
MARIBORO8: shows [6d 8d] (a pair of Deuces)
torsk278: shows [5d 7h] (two pair, Fives and Deuces)
torsk278 collected $47.50 from pot
*** SUMMARY ***
Total pot $48 | Rake $0.50
Board [2d Ad 5s Qh 2c]
Seat 1: MARIBORO8 (big blind) showed [6d 8d] and lost with a pair of Deuces
Seat 2: torsk278 (button) (small blind) showed [5d 7h] and won ($47.50) with two pair, Fives and Deuces


PokerStars Hand #146098402607:  Hold'em Limit ($3/$6 USD) - 2015/12/29 1:51:35 ET
Table 'Feodosia' 2-max Seat #1 is the button
Seat 1: MARIBORO8 ($135.18 in chips)
Seat 2: torsk278 ($120 in chips)
MARIBORO8: posts small blind $1
torsk278: posts big blind $3
*** HOLE CARDS ***
MARIBORO8: raises $3 to $6
torsk278: calls $3
*** FLOP *** [2h Qh 8h]
torsk278: checks
MARIBORO8: bets $3
torsk278: folds
Uncalled bet ($3) returned to MARIBORO8
MARIBORO8 collected $11.76 from pot
MARIBORO8: doesn't show hand
*** SUMMARY ***
Total pot $12 | Rake $0.24
Board [2h Qh 8h]
Seat 1: MARIBORO8 (button) (small blind) collected ($11.76)
Seat 2: torsk278 (big blind) folded on the Flop


PokerStars Hand #146098397101:  Hold'em Limit ($3/$6 USD) - 2015/12/29 1:51:16 ET
Table 'Feodosia' 2-max Seat #2 is the button
Seat 1: MARIBORO8 ($120.68 in chips)
Seat 2: torsk278 ($110 in chips)
torsk278: posts small blind $1
MARIBORO8: posts big blind $3
*** HOLE CARDS ***
torsk278: raises $3 to $6
MARIBORO8: calls $3
*** FLOP *** [Td 3h 4c]
MARIBORO8: checks
torsk278: bets $3
MARIBORO8: calls $3
*** TURN *** [Td 3h 4c] [Ks]
MARIBORO8: checks
torsk278: checks
*** RIVER *** [Td 3h 4c Ks] [7c]
MARIBORO8: bets $6
torsk278: calls $6
*** SHOW DOWN ***
MARIBORO8: shows [8d Ts] (a pair of Tens)
torsk278: mucks hand
MARIBORO8 collected $29.50 from pot
*** SUMMARY ***
Total pot $30 | Rake $0.50
Board [Td 3h 4c Ks 7c]
Seat 1: MARIBORO8 (big blind) showed [8d Ts] and won ($29.50) with a pair of Tens
Seat 2: torsk278 (button) (small blind) mucked


PokerStars Hand #146098426642:  Hold'em Limit ($3/$6 USD) - 2015/12/29 1:53:02 ET
Table 'Feodosia' 2-max Seat #2 is the button
Seat 1: MARIBORO8 ($120.34 in chips)
Seat 2: torsk278 ($133 in chips)
torsk278: posts small blind $1
MARIBORO8: posts big blind $3
*** HOLE CARDS ***
torsk278: raises $3 to $6
MARIBORO8: calls $3
*** FLOP *** [9h 8c Th]
MARIBORO8: checks
torsk278: bets $3
MARIBORO8: raises $3 to $6
torsk278: folds
Uncalled bet ($3) returned to MARIBORO8
MARIBORO8 collected $17.64 from pot
MARIBORO8: doesn't show hand
*** SUMMARY ***
Total pot $18 | Rake $0.36
Board [9h 8c Th]
Seat 1: MARIBORO8 (big blind) collected ($17.64)
Seat 2: torsk278 (button) (small blind) folded on the Flop


PokerStars Hand #146098423580:  Hold'em Limit ($3/$6 USD) - 2015/12/29 1:52:52 ET
Table 'Feodosia' 2-max Seat #1 is the button
Seat 1: MARIBORO8 ($114.58 in chips)
Seat 2: torsk278 ($139 in chips)
MARIBORO8: posts small blind $1
torsk278: posts big blind $3
*** HOLE CARDS ***
MARIBORO8: raises $3 to $6
torsk278: calls $3
*** FLOP *** [8h 7c 8s]
torsk278: checks
MARIBORO8: bets $3
torsk278: folds
Uncalled bet ($3) returned to MARIBORO8
MARIBORO8 collected $11.76 from pot
MARIBORO8: doesn't show hand
*** SUMMARY ***
Total pot $12 | Rake $0.24
Board [8h 7c 8s]
Seat 1: MARIBORO8 (button) (small blind) collected ($11.76)
Seat 2: torsk278 (big blind) folded on the Flop


PokerStars Hand #146098422089:  Hold'em Limit ($3/$6 USD) - 2015/12/29 1:52:46 ET
Table 'Feodosia' 2-max Seat #2 is the button
Seat 1: MARIBORO8 ($113.58 in chips)
Seat 2: torsk278 ($140 in chips)
torsk278: posts small blind $1
MARIBORO8: posts big blind $3
*** HOLE CARDS ***
torsk278: folds
Uncalled bet ($2) returned to MARIBORO8
MARIBORO8 collected $2 from pot
MARIBORO8: doesn't show hand
*** SUMMARY ***
Total pot $2 | Rake $0
Seat 1: MARIBORO8 (big blind) collected ($2)
Seat 2: torsk278 (button) (small blind) folded before Flop


PokerStars Hand #146098420331:  Hold'em Limit ($3/$6 USD) - 2015/12/29 1:52:40 ET
Table 'Feodosia' 2-max Seat #1 is the button
Seat 1: MARIBORO8 ($110.58 in chips)
Seat 2: torsk278 ($143 in chips)
MARIBORO8: posts small blind $1
torsk278: posts big blind $3
*** HOLE CARDS ***
MARIBORO8: raises $3 to $6
torsk278: folds
Uncalled bet ($3) returned to MARIBORO8
MARIBORO8 collected $6 from pot
MARIBORO8: doesn't show hand
*** SUMMARY ***
Total pot $6 | Rake $0
Seat 1: MARIBORO8 (button) (small blind) collected ($6)
Seat 2: torsk278 (big blind) folded before Flop


PokerStars Hand #146098415706:  Hold'em Limit ($3/$6 USD) - 2015/12/29 1:52:23 ET
Table 'Feodosia' 2-max Seat #2 is the button
Seat 1: MARIBORO8 ($101.94 in chips)
Seat 2: torsk278 ($152 in chips)
torsk278: posts small blind $1
MARIBORO8: posts big blind $3
*** HOLE CARDS ***
torsk278: raises $3 to $6
MARIBORO8: calls $3
*** FLOP *** [8h Jc 3d]
MARIBORO8: checks
torsk278: bets $3
MARIBORO8: calls $3
*** TURN *** [8h Jc 3d] [6d]
MARIBORO8: checks
torsk278: checks
*** RIVER *** [8h Jc 3d 6d] [Jh]
MARIBORO8: checks
torsk278: checks
*** SHOW DOWN ***
MARIBORO8: shows [Qc Ts] (a pair of Jacks)
torsk278: mucks hand
MARIBORO8 collected $17.64 from pot
*** SUMMARY ***
Total pot $18 | Rake $0.36
Board [8h Jc 3d 6d Jh]
Seat 1: MARIBORO8 (big blind) showed [Qc Ts] and won ($17.64) with a pair of Jacks
Seat 2: torsk278 (button) (small blind) mucked


PokerStars Hand #146098411078:  Hold'em Limit ($3/$6 USD) - 2015/12/29 1:52:06 ET
Table 'Feodosia' 2-max Seat #1 is the button
Seat 1: MARIBORO8 ($116.94 in chips)
Seat 2: torsk278 ($137.50 in chips)
MARIBORO8: posts small blind $1
torsk278: posts big blind $3
*** HOLE CARDS ***
MARIBORO8: raises $3 to $6
torsk278: calls $3
*** FLOP *** [9c 7h 9d]
torsk278: checks
MARIBORO8: bets $3
torsk278: calls $3
*** TURN *** [9c 7h 9d] [2d]
torsk278: checks
MARIBORO8: checks
*** RIVER *** [9c 7h 9d 2d] [Kd]
torsk278: bets $6
MARIBORO8: calls $6
*** SHOW DOWN ***
torsk278: shows [Kh 9s] (a full house, Nines full of Kings)
MARIBORO8: mucks hand
torsk278 collected $29.50 from pot
*** SUMMARY ***
Total pot $30 | Rake $0.50
Board [9c 7h 9d 2d Kd]
Seat 1: MARIBORO8 (button) (small blind) mucked
Seat 2: torsk278 (big blind) showed [Kh 9s] and won ($29.50) with a full house, Nines full of Kings


PokerStars Hand #146098439423:  Hold'em Limit ($3/$6 USD) - 2015/12/29 1:53:48 ET
Table 'Feodosia' 2-max Seat #1 is the button
Seat 1: MARIBORO8 ($149.24 in chips)
Seat 2: torsk278 ($103 in chips)
MARIBORO8: posts small blind $1
torsk278: posts big blind $3
*** HOLE CARDS ***
MARIBORO8: raises $3 to $6
torsk278: raises $3 to $9
MARIBORO8: calls $3
*** FLOP *** [8h 8d 7c]
torsk278: bets $3
MARIBORO8: calls $3
*** TURN *** [8h 8d 7c] [Js]
torsk278: bets $6
MARIBORO8: folds
Uncalled bet ($6) returned to torsk278
torsk278 collected $23.52 from pot
torsk278: doesn't show hand
*** SUMMARY ***
Total pot $24 | Rake $0.48
Board [8h 8d 7c Js]
Seat 1: MARIBORO8 (button) (small blind) folded on the Turn
Seat 2: torsk278 (big blind) collected ($23.52)


PokerStars Hand #146098433101:  Hold'em Limit ($3/$6 USD) - 2015/12/29 1:53:26 ET
Table 'Feodosia' 2-max Seat #2 is the button
Seat 1: MARIBORO8 ($134.74 in chips)
Seat 2: torsk278 ($118 in chips)
torsk278: posts small blind $1
MARIBORO8: posts big blind $3
*** HOLE CARDS ***
torsk278: raises $3 to $6
MARIBORO8: calls $3
*** FLOP *** [Qc 7c Jc]
MARIBORO8: checks
torsk278: bets $3
MARIBORO8: calls $3
*** TURN *** [Qc 7c Jc] [7h]
MARIBORO8: checks
torsk278: checks
*** RIVER *** [Qc 7c Jc 7h] [Ts]
MARIBORO8: bets $6
torsk278: calls $6
*** SHOW DOWN ***
MARIBORO8: shows [3s Qd] (two pair, Queens and Sevens)
torsk278: mucks hand
MARIBORO8 collected $29.50 from pot
*** SUMMARY ***
Total pot $30 | Rake $0.50
Board [Qc 7c Jc 7h Ts]
Seat 1: MARIBORO8 (big blind) showed [3s Qd] and won ($29.50) with two pair, Queens and Sevens
Seat 2: torsk278 (button) (small blind) mucked


PokerStars Hand #146098429858:  Hold'em Limit ($3/$6 USD) - 2015/12/29 1:53:14 ET
Table 'Feodosia' 2-max Seat #1 is the button
Seat 1: MARIBORO8 ($128.98 in chips)
Seat 2: torsk278 ($124 in chips)
MARIBORO8: posts small blind $1
torsk278: posts big blind $3
*** HOLE CARDS ***
MARIBORO8: raises $3 to $6
torsk278: calls $3
*** FLOP *** [9s 8d Qh]
torsk278: checks
MARIBORO8: bets $3
torsk278: folds
Uncalled bet ($3) returned to MARIBORO8
MARIBORO8 collected $11.76 from pot
MARIBORO8: doesn't show hand
*** SUMMARY ***
Total pot $12 | Rake $0.24
Board [9s 8d Qh]
Seat 1: MARIBORO8 (button) (small blind) collected ($11.76)
Seat 2: torsk278 (big blind) folded on the Flop


PokerStars Hand #146098455055:  Hold'em Limit ($3/$6 USD) - 2015/12/29 1:54:44 ET
Table 'Feodosia' 2-max Seat #1 is the button
Seat 1: MARIBORO8 ($136.76 in chips)
Seat 2: torsk278 ($134.50 in chips)
MARIBORO8: posts small blind $1
torsk278: posts big blind $3
*** HOLE CARDS ***
MARIBORO8: raises $3 to $6
torsk278: raises $3 to $9
MARIBORO8: calls $3
*** FLOP *** [3s Qh 7s]
torsk278: bets $3
MARIBORO8: calls $3
*** TURN *** [3s Qh 7s] [Qd]
torsk278: bets $6
MARIBORO8: calls $6
*** RIVER *** [3s Qh 7s Qd] [2s]
torsk278: bets $6
MARIBORO8: calls $6
*** SHOW DOWN ***
torsk278: shows [Qs Qc] (four of a kind, Queens)
MARIBORO8: mucks hand
torsk278 collected $47.50 from pot
*** SUMMARY ***
Total pot $48 | Rake $0.50
Board [3s Qh 7s Qd 2s]
Seat 1: MARIBORO8 (button) (small blind) mucked
Seat 2: torsk278 (big blind) showed [Qs Qc] and won ($47.50) with four of a kind, Queens


PokerStars Hand #146098450106:  Hold'em Limit ($3/$6 USD) - 2015/12/29 1:54:27 ET
Table 'Feodosia' 2-max Seat #2 is the button
Seat 1: MARIBORO8 ($151.76 in chips)
Seat 2: torsk278 ($120 in chips)
torsk278: posts small blind $1
MARIBORO8: posts big blind $3
*** HOLE CARDS ***
torsk278: raises $3 to $6
MARIBORO8: calls $3
*** FLOP *** [9h Qc 7s]
MARIBORO8: checks
torsk278: bets $3
MARIBORO8: calls $3
*** TURN *** [9h Qc 7s] [6h]
MARIBORO8: checks
torsk278: bets $6
MARIBORO8: calls $6
*** RIVER *** [9h Qc 7s 6h] [4d]
MARIBORO8: checks
torsk278: checks
*** SHOW DOWN ***
MARIBORO8: shows [Jd 8d] (high card Queen)
torsk278: shows [Ad 7c] (a pair of Sevens)
torsk278 collected $29.50 from pot
*** SUMMARY ***
Total pot $30 | Rake $0.50
Board [9h Qc 7s 6h 4d]
Seat 1: MARIBORO8 (big blind) showed [Jd 8d] and lost with high card Queen
Seat 2: torsk278 (button) (small blind) showed [Ad 7c] and won ($29.50) with a pair of Sevens


PokerStars Hand #146098448770:  Hold'em Limit ($3/$6 USD) - 2015/12/29 1:54:22 ET
Table 'Feodosia' 2-max Seat #1 is the button
Seat 1: MARIBORO8 ($148.76 in chips)
Seat 2: torsk278 ($102.52 in chips)
MARIBORO8: posts small blind $1
torsk278: posts big blind $3
*** HOLE CARDS ***
MARIBORO8: raises $3 to $6
torsk278: folds
Uncalled bet ($3) returned to MARIBORO8
MARIBORO8 collected $6 from pot
MARIBORO8: doesn't show hand
*** SUMMARY ***
Total pot $6 | Rake $0
Seat 1: MARIBORO8 (button) (small blind) collected ($6)
Seat 2: torsk278 (big blind) folded before Flop


PokerStars Hand #146098443621:  Hold'em Limit ($3/$6 USD) - 2015/12/29 1:54:04 ET
Table 'Feodosia' 2-max Seat #2 is the button
Seat 1: MARIBORO8 ($137.24 in chips)
Seat 2: torsk278 ($114.52 in chips)
torsk278: posts small blind $1
MARIBORO8: posts big blind $3
*** HOLE CARDS ***
torsk278: raises $3 to $6
MARIBORO8: calls $3
*** FLOP *** [2s Td 9c]
MARIBORO8: checks
torsk278: bets $3
MARIBORO8: raises $3 to $6
torsk278: calls $3
*** TURN *** [2s Td 9c] [8d]
MARIBORO8: bets $6
torsk278: folds
Uncalled bet ($6) returned to MARIBORO8
MARIBORO8 collected $23.52 from pot
MARIBORO8: doesn't show hand
*** SUMMARY ***
Total pot $24 | Rake $0.48
Board [2s Td 9c 8d]
Seat 1: MARIBORO8 (big blind) collected ($23.52)
Seat 2: torsk278 (button) (small blind) folded on the Turn


PokerStars Hand #146098471869:  Hold'em Limit ($3/$6 USD) - 2015/12/29 1:55:51 ET
Table 'Feodosia' 2-max Seat #1 is the button
Seat 1: MARIBORO8 ($133.02 in chips)
Seat 2: torsk278 ($136.64 in chips)
MARIBORO8: posts small blind $1
torsk278: posts big blind $3
*** HOLE CARDS ***
MARIBORO8: folds
Uncalled bet ($2) returned to torsk278
torsk278 collected $2 from pot
torsk278: doesn't show hand
*** SUMMARY ***
Total pot $2 | Rake $0
Seat 1: MARIBORO8 (button) (small blind) folded before Flop
Seat 2: torsk278 (big blind) collected ($2)


PokerStars Hand #146098467694:  Hold'em Limit ($3/$6 USD) - 2015/12/29 1:55:33 ET
Table 'Feodosia' 2-max Seat #2 is the button
Seat 1: MARIBORO8 ($142.02 in chips)
Seat 2: torsk278 ($128 in chips)
torsk278: posts small blind $1
MARIBORO8: posts big blind $3
*** HOLE CARDS ***
torsk278: raises $3 to $6
MARIBORO8: calls $3
*** FLOP *** [Ac 6d 6c]
MARIBORO8: checks
torsk278: bets $3
MARIBORO8: calls $3
*** TURN *** [Ac 6d 6c] [9c]
MARIBORO8: checks
torsk278: bets $6
MARIBORO8: folds
Uncalled bet ($6) returned to torsk278
torsk278 collected $17.64 from pot
torsk278: doesn't show hand
*** SUMMARY ***
Total pot $18 | Rake $0.36
Board [Ac 6d 6c 9c]
Seat 1: MARIBORO8 (big blind) folded on the Turn
Seat 2: torsk278 (button) (small blind) collected ($17.64)


PokerStars Hand #146098465363:  Hold'em Limit ($3/$6 USD) - 2015/12/29 1:55:24 ET
Table 'Feodosia' 2-max Seat #1 is the button
Seat 1: MARIBORO8 ($136.26 in chips)
Seat 2: torsk278 ($134 in chips)
MARIBORO8: posts small blind $1
torsk278: posts big blind $3
*** HOLE CARDS ***
MARIBORO8: raises $3 to $6
torsk278: calls $3
*** FLOP *** [Jd Kc 2s]
torsk278: checks
MARIBORO8: bets $3
torsk278: folds
Uncalled bet ($3) returned to MARIBORO8
MARIBORO8 collected $11.76 from pot
MARIBORO8: doesn't show hand
*** SUMMARY ***
Total pot $12 | Rake $0.24
Board [Jd Kc 2s]
Seat 1: MARIBORO8 (button) (small blind) collected ($11.76)
Seat 2: torsk278 (big blind) folded on the Flop


PokerStars Hand #146098461022:  Hold'em Limit ($3/$6 USD) - 2015/12/29 1:55:05 ET
Table 'Feodosia' 2-max Seat #2 is the button
Seat 1: MARIBORO8 ($112.76 in chips)
Seat 2: torsk278 ($158 in chips)
torsk278: posts small blind $1
MARIBORO8: posts big blind $3
*** HOLE CARDS ***
torsk278: raises $3 to $6
MARIBORO8: calls $3
*** FLOP *** [Qs 5h 2h]
MARIBORO8: checks
torsk278: bets $3
MARIBORO8: raises $3 to $6
torsk278: calls $3
*** TURN *** [Qs 5h 2h] [9c]
MARIBORO8: bets $6
torsk278: calls $6
*** RIVER *** [Qs 5h 2h 9c] [4d]
MARIBORO8: bets $6
torsk278: calls $6
*** SHOW DOWN ***
MARIBORO8: shows [4c 2d] (two pair, Fours and Deuces)
torsk278: mucks hand
MARIBORO8 collected $47.50 from pot
*** SUMMARY ***
Total pot $48 | Rake $0.50
Board [Qs 5h 2h 9c 4d]
Seat 1: MARIBORO8 (big blind) showed [4c 2d] and won ($47.50) with two pair, Fours and Deuces
Seat 2: torsk278 (button) (small blind) mucked


PokerStars Hand #146098479068:  Hold'em Limit ($3/$6 USD) - 2015/12/29 1:56:20 ET
Table 'Feodosia' 2-max Seat #1 is the button
Seat 1: MARIBORO8 ($149.52 in chips)
Seat 2: torsk278 ($119.64 in chips)
MARIBORO8: posts small blind $1
torsk278: posts big blind $3
*** HOLE CARDS ***
MARIBORO8: raises $3 to $6
torsk278: raises $3 to $9
MARIBORO8: calls $3
*** FLOP *** [5d 8c 6d]
torsk278: bets $3
MARIBORO8: calls $3
*** TURN *** [5d 8c 6d] [3h]
torsk278: bets $6
MARIBORO8: raises $6 to $12
torsk278: folds
Uncalled bet ($6) returned to MARIBORO8
MARIBORO8 collected $35.50 from pot
MARIBORO8: doesn't show hand
*** SUMMARY ***
Total pot $36 | Rake $0.50
Board [5d 8c 6d 3h]
Seat 1: MARIBORO8 (button) (small blind) collected ($35.50)
Seat 2: torsk278 (big blind) folded on the Turn


PokerStars Hand #146098474444:  Hold'em Limit ($3/$6 USD) - 2015/12/29 1:56:01 ET
Table 'Feodosia' 2-max Seat #2 is the button
Seat 1: MARIBORO8 ($132.02 in chips)
Seat 2: torsk278 ($137.64 in chips)
torsk278: posts small blind $1
MARIBORO8: posts big blind $3
*** HOLE CARDS ***
torsk278: raises $3 to $6
MARIBORO8: calls $3
*** FLOP *** [2d Qs Ad]
MARIBORO8: checks
torsk278: bets $3
MARIBORO8: raises $3 to $6
torsk278: calls $3
*** TURN *** [2d Qs Ad] [8d]
MARIBORO8: bets $6
torsk278: calls $6
*** RIVER *** [2d Qs Ad 8d] [Jc]
MARIBORO8: checks
torsk278: checks
*** SHOW DOWN ***
MARIBORO8: shows [2c 4s] (a pair of Deuces)
torsk278: mucks hand
MARIBORO8 collected $35.50 from pot
*** SUMMARY ***
Total pot $36 | Rake $0.50
Board [2d Qs Ad 8d Jc]
Seat 1: MARIBORO8 (big blind) showed [2c 4s] and won ($35.50) with a pair of Deuces
Seat 2: torsk278 (button) (small blind) mucked


PokerStars Hand #146098511929:  Hold'em Limit ($3/$6 USD) - 2015/12/29 1:58:35 ET
Table 'Feodosia' 2-max Seat #1 is the button
Seat 1: MARIBORO8 ($183.52 in chips)
Seat 2: liza3008 ($101 in chips)
MARIBORO8: posts small blind $1
liza3008: posts big blind $3
*** HOLE CARDS ***
MARIBORO8: raises $3 to $6
liza3008: calls $3
*** FLOP *** [2h 4h Ah]
liza3008: checks
MARIBORO8: bets $3
liza3008: calls $3
*** TURN *** [2h 4h Ah] [Jd]
liza3008: checks
MARIBORO8: bets $6
liza3008: calls $6
*** RIVER *** [2h 4h Ah Jd] [4c]
liza3008: bets $6
MARIBORO8: folds
Uncalled bet ($6) returned to liza3008
liza3008 collected $29.50 from pot
liza3008: doesn't show hand
*** SUMMARY ***
Total pot $30 | Rake $0.50
Board [2h 4h Ah Jd 4c]
Seat 1: MARIBORO8 (button) (small blind) folded on the River
Seat 2: liza3008 (big blind) collected ($29.50)


PokerStars Hand #146098527491:  Hold'em Limit ($3/$6 USD) - 2015/12/29 1:59:39 ET
Table 'Feodosia' 2-max Seat #1 is the button
Seat 1: MARIBORO8 ($196.54 in chips)
Seat 2: liza3008 ($86.50 in chips)
MARIBORO8: posts small blind $1
liza3008: posts big blind $3
*** HOLE CARDS ***
MARIBORO8: raises $3 to $6
liza3008: folds
Uncalled bet ($3) returned to MARIBORO8
MARIBORO8 collected $6 from pot
MARIBORO8: doesn't show hand
*** SUMMARY ***
Total pot $6 | Rake $0
Seat 1: MARIBORO8 (button) (small blind) collected ($6)
Seat 2: liza3008 (big blind) folded before Flop


PokerStars Hand #146098523204:  Hold'em Limit ($3/$6 USD) - 2015/12/29 1:59:22 ET
Table 'Feodosia' 2-max Seat #2 is the button
Seat 1: MARIBORO8 ($179.04 in chips)
Seat 2: liza3008 ($104.50 in chips)
liza3008: posts small blind $1
MARIBORO8: posts big blind $3
*** HOLE CARDS ***
liza3008: raises $3 to $6
MARIBORO8: raises $3 to $9
liza3008: calls $3
*** FLOP *** [Kc Js Qh]
MARIBORO8: bets $3
liza3008: calls $3
*** TURN *** [Kc Js Qh] [3c]
MARIBORO8: bets $6
liza3008: calls $6
*** RIVER *** [Kc Js Qh 3c] [5c]
MARIBORO8: checks
liza3008: checks
*** SHOW DOWN ***
MARIBORO8: shows [4h Ad] (high card Ace)
liza3008: mucks hand
MARIBORO8 collected $35.50 from pot
*** SUMMARY ***
Total pot $36 | Rake $0.50
Board [Kc Js Qh 3c 5c]
Seat 1: MARIBORO8 (big blind) showed [4h Ad] and won ($35.50) with high card Ace
Seat 2: liza3008 (button) (small blind) mucked


PokerStars Hand #146098521613:  Hold'em Limit ($3/$6 USD) - 2015/12/29 1:59:16 ET
Table 'Feodosia' 2-max Seat #1 is the button
Seat 1: MARIBORO8 ($180.04 in chips)
Seat 2: liza3008 ($103.50 in chips)
MARIBORO8: posts small blind $1
liza3008: posts big blind $3
*** HOLE CARDS ***
MARIBORO8: folds
Uncalled bet ($2) returned to liza3008
liza3008 collected $2 from pot
liza3008: doesn't show hand
*** SUMMARY ***
Total pot $2 | Rake $0
Seat 1: MARIBORO8 (button) (small blind) folded before Flop
Seat 2: liza3008 (big blind) collected ($2)


PokerStars Hand #146098538114:  Hold'em Limit ($3/$6 USD) - 2015/12/29 2:00:23 ET
Table 'Feodosia' 2-max Seat #2 is the button
Seat 1: MARIBORO8 ($193.04 in chips)
Seat 2: liza3008 ($89 in chips)
liza3008: posts small blind $1
MARIBORO8: posts big blind $3
*** HOLE CARDS ***
liza3008: raises $3 to $6
MARIBORO8: calls $3
*** FLOP *** [5d 8d 2s]
MARIBORO8: checks
liza3008: checks
*** TURN *** [5d 8d 2s] [8s]
MARIBORO8: checks
liza3008: checks
*** RIVER *** [5d 8d 2s 8s] [Ac]
MARIBORO8: checks
liza3008: checks
*** SHOW DOWN ***
MARIBORO8: shows [9s 4d] (a pair of Eights)
liza3008: shows [Kc 3c] (a pair of Eights - Ace+King kicker)
liza3008 collected $11.76 from pot
*** SUMMARY ***
Total pot $12 | Rake $0.24
Board [5d 8d 2s 8s Ac]
Seat 1: MARIBORO8 (big blind) showed [9s 4d] and lost with a pair of Eights
Seat 2: liza3008 (button) (small blind) showed [Kc 3c] and won ($11.76) with a pair of Eights


PokerStars Hand #146098534064:  Hold'em Limit ($3/$6 USD) - 2015/12/29 2:00:07 ET
Table 'Feodosia' 2-max Seat #1 is the button
Seat 1: MARIBORO8 ($172.54 in chips)
Seat 2: liza3008 ($110 in chips)
MARIBORO8: posts small blind $1
liza3008: posts big blind $3
*** HOLE CARDS ***
MARIBORO8: raises $3 to $6
liza3008: calls $3
*** FLOP *** [6s 5h 8c]
liza3008: checks
MARIBORO8: bets $3
liza3008: calls $3
*** TURN *** [6s 5h 8c] [Ks]
liza3008: checks
MARIBORO8: bets $6
liza3008: calls $6
*** RIVER *** [6s 5h 8c Ks] [3c]
liza3008: checks
MARIBORO8: bets $6
liza3008: calls $6
*** SHOW DOWN ***
MARIBORO8: shows [9d 9c] (a pair of Nines)
liza3008: mucks hand
MARIBORO8 collected $41.50 from pot
*** SUMMARY ***
Total pot $42 | Rake $0.50
Board [6s 5h 8c Ks 3c]
Seat 1: MARIBORO8 (button) (small blind) showed [9d 9c] and won ($41.50) with a pair of Nines
Seat 2: liza3008 (big blind) mucked


PokerStars Hand #146098529384:  Hold'em Limit ($3/$6 USD) - 2015/12/29 1:59:48 ET
Table 'Feodosia' 2-max Seat #2 is the button
Seat 1: MARIBORO8 ($199.54 in chips)
Seat 2: liza3008 ($83.50 in chips)
liza3008: posts small blind $1
MARIBORO8: posts big blind $3
*** HOLE CARDS ***
liza3008: raises $3 to $6
MARIBORO8: calls $3
*** FLOP *** [2d 9d Td]
MARIBORO8: checks
liza3008: bets $3
MARIBORO8: calls $3
*** TURN *** [2d 9d Td] [7s]
MARIBORO8: checks
liza3008: bets $6
MARIBORO8: raises $6 to $12
liza3008: calls $6
*** RIVER *** [2d 9d Td 7s] [Qs]
MARIBORO8: bets $6
liza3008: calls $6
*** SHOW DOWN ***
MARIBORO8: shows [6c 7d] (a pair of Sevens)
liza3008: shows [Jh Ts] (a pair of Tens)
liza3008 collected $53.50 from pot
*** SUMMARY ***
Total pot $54 | Rake $0.50
Board [2d 9d Td 7s Qs]
Seat 1: MARIBORO8 (big blind) showed [6c 7d] and lost with a pair of Sevens
Seat 2: liza3008 (button) (small blind) showed [Jh Ts] and won ($53.50) with a pair of Tens


PokerStars Hand #146098487914:  Hold'em Limit ($3/$6 USD) - 2015/12/29 1:56:57 ET
Table 'Feodosia' 2-max Seat #2 is the button
Seat 1: MARIBORO8 ($167.02 in chips)
Seat 2: liza3008 ($120 in chips)
liza3008: posts small blind $1
MARIBORO8: posts big blind $3
*** HOLE CARDS ***
liza3008: raises $3 to $6
MARIBORO8: calls $3
*** FLOP *** [6d 8d Qh]
MARIBORO8: checks
liza3008: bets $3
MARIBORO8: raises $3 to $6
liza3008: calls $3
*** TURN *** [6d 8d Qh] [Td]
MARIBORO8: bets $6
liza3008: calls $6
*** RIVER *** [6d 8d Qh Td] [Qs]
MARIBORO8: bets $6
liza3008: folds
Uncalled bet ($6) returned to MARIBORO8
MARIBORO8 collected $35.50 from pot
MARIBORO8: doesn't show hand
*** SUMMARY ***
Total pot $36 | Rake $0.50
Board [6d 8d Qh Td Qs]
Seat 1: MARIBORO8 (big blind) collected ($35.50)
Seat 2: liza3008 (button) (small blind) folded on the River


PokerStars Hand #146098493745:  Hold'em Limit ($3/$6 USD) - 2015/12/29 1:57:20 ET
Table 'Feodosia' 2-max Seat #1 is the button
Seat 1: MARIBORO8 ($184.52 in chips)
Seat 2: liza3008 ($102 in chips)
MARIBORO8: posts small blind $1
liza3008: posts big blind $3
*** HOLE CARDS ***
MARIBORO8: raises $3 to $6
liza3008: calls $3
*** FLOP *** [3h 7h Qd]
liza3008: checks
MARIBORO8: bets $3
liza3008: calls $3
*** TURN *** [3h 7h Qd] [Kd]
liza3008: checks
MARIBORO8: bets $6
liza3008: calls $6
*** RIVER *** [3h 7h Qd Kd] [6d]
liza3008: checks
MARIBORO8: bets $6
liza3008: folds
Uncalled bet ($6) returned to MARIBORO8
MARIBORO8 collected $29.50 from pot
MARIBORO8: doesn't show hand
*** SUMMARY ***
Total pot $30 | Rake $0.50
Board [3h 7h Qd Kd 6d]
Seat 1: MARIBORO8 (button) (small blind) collected ($29.50)
Seat 2: liza3008 (big blind) folded on the River


PokerStars Hand #146098502433:  Hold'em Limit ($3/$6 USD) - 2015/12/29 1:57:56 ET
Table 'Feodosia' 2-max Seat #1 is the button
Seat 1: MARIBORO8 ($178.02 in chips)
Seat 2: liza3008 ($107.50 in chips)
MARIBORO8: posts small blind $1
liza3008: posts big blind $3
*** HOLE CARDS ***
MARIBORO8: raises $3 to $6
liza3008: calls $3
*** FLOP *** [8s 3c 4d]
liza3008: checks
MARIBORO8: bets $3
liza3008: calls $3
*** TURN *** [8s 3c 4d] [Jh]
liza3008: checks
MARIBORO8: bets $6
liza3008: calls $6
*** RIVER *** [8s 3c 4d Jh] [7d]
liza3008: checks
MARIBORO8: bets $6
liza3008: calls $6
*** SHOW DOWN ***
MARIBORO8: shows [Jc Qd] (a pair of Jacks)
liza3008: mucks hand
MARIBORO8 collected $41.50 from pot
*** SUMMARY ***
Total pot $42 | Rake $0.50
Board [8s 3c 4d Jh 7d]
Seat 1: MARIBORO8 (button) (small blind) showed [Jc Qd] and won ($41.50) with a pair of Jacks
Seat 2: liza3008 (big blind) mucked


PokerStars Hand #146098551478:  Hold'em Limit ($3/$6 USD) - 2015/12/29 2:01:15 ET
Table 'Feodosia' 2-max Seat #1 is the button
Seat 1: MARIBORO8 ($171.80 in chips)
Seat 2: liza3008 ($109.26 in chips)
MARIBORO8: posts small blind $1
liza3008: posts big blind $3
*** HOLE CARDS ***
MARIBORO8: raises $3 to $6
liza3008: calls $3
*** FLOP *** [Th 2h Js]
liza3008: checks
MARIBORO8: bets $3
liza3008: calls $3
*** TURN *** [Th 2h Js] [7c]
liza3008: checks
MARIBORO8: checks
*** RIVER *** [Th 2h Js 7c] [6c]
liza3008: bets $6
MARIBORO8: calls $6
*** SHOW DOWN ***
liza3008: shows [5h 7h] (a pair of Sevens)
MARIBORO8: mucks hand
liza3008 collected $29.50 from pot
*** SUMMARY ***
Total pot $30 | Rake $0.50
Board [Th 2h Js 7c 6c]
Seat 1: MARIBORO8 (button) (small blind) mucked
Seat 2: liza3008 (big blind) showed [5h 7h] and won ($29.50) with a pair of Sevens


PokerStars Hand #146098547382:  Hold'em Limit ($3/$6 USD) - 2015/12/29 2:01:00 ET
Table 'Feodosia' 2-max Seat #2 is the button
Seat 1: MARIBORO8 ($166.04 in chips)
Seat 2: liza3008 ($115.26 in chips)
liza3008: posts small blind $1
MARIBORO8: posts big blind $3
*** HOLE CARDS ***
liza3008: raises $3 to $6
MARIBORO8: calls $3
*** FLOP *** [5c 6s Qh]
MARIBORO8: checks
liza3008: checks
*** TURN *** [5c 6s Qh] [2d]
MARIBORO8: checks
liza3008: checks
*** RIVER *** [5c 6s Qh 2d] [Jc]
MARIBORO8: bets $6
liza3008: folds
Uncalled bet ($6) returned to MARIBORO8
MARIBORO8 collected $11.76 from pot
MARIBORO8: doesn't show hand
*** SUMMARY ***
Total pot $12 | Rake $0.24
Board [5c 6s Qh 2d Jc]
Seat 1: MARIBORO8 (big blind) collected ($11.76)
Seat 2: liza3008 (button) (small blind) folded on the River


PokerStars Hand #146098542739:  Hold'em Limit ($3/$6 USD) - 2015/12/29 2:00:42 ET
Table 'Feodosia' 2-max Seat #1 is the button
Seat 1: MARIBORO8 ($187.04 in chips)
Seat 2: liza3008 ($94.76 in chips)
MARIBORO8: posts small blind $1
liza3008: posts big blind $3
*** HOLE CARDS ***
MARIBORO8: raises $3 to $6
liza3008: calls $3
*** FLOP *** [3d 4s 5s]
liza3008: bets $3
MARIBORO8: calls $3
*** TURN *** [3d 4s 5s] [3c]
liza3008: bets $6
MARIBORO8: raises $6 to $12
liza3008: calls $6
*** RIVER *** [3d 4s 5s 3c] [3s]
liza3008: checks
MARIBORO8: checks
*** SHOW DOWN ***
liza3008: shows [5c Jd] (a full house, Threes full of Fives)
MARIBORO8: mucks hand
liza3008 collected $41.50 from pot
*** SUMMARY ***
Total pot $42 | Rake $0.50
Board [3d 4s 5s 3c 3s]
Seat 1: MARIBORO8 (button) (small blind) mucked
Seat 2: liza3008 (big blind) showed [5c Jd] and won ($41.50) with a full house, Threes full of Fives


