PokerStars Hand #170443513398:  Hold'em Limit ($3/$6 USD) - 2017/05/15 5:12:02 ET
Table 'Feodosia' 6-max Seat #4 is the button
Seat 3: kusznak ($162.48 in chips)
Seat 4: ourasi ($166.65 in chips)
ourasi: posts small blind $1
kusznak: posts big blind $3
*** HOLE CARDS ***
ourasi: raises $3 to $6
kusznak: calls $3
*** FLOP *** [5s 2c 7s]
kusznak: checks
ourasi: bets $3
kusznak: raises $3 to $6
ourasi: calls $3
*** TURN *** [5s 2c 7s] [Jc]
kusznak: bets $6
ourasi: raises $6 to $12
kusznak: raises $6 to $18
ourasi: calls $6
*** RIVER *** [5s 2c 7s Jc] [Ts]
kusznak: bets $6
ourasi: raises $6 to $12
kusznak: calls $6
*** SHOW DOWN ***
ourasi: shows [8d 9s] (a straight, Seven to Jack)
kusznak: mucks hand
ourasi collected $83.50 from pot
*** SUMMARY ***
Total pot $84 | Rake $0.50
Board [5s 2c 7s Jc Ts]
Seat 3: kusznak (big blind) mucked
Seat 4: ourasi (button) (small blind) showed [8d 9s] and won ($83.50) with a straight, Seven to Jack


PokerStars Hand #170443540366:  Hold'em Limit ($3/$6 USD) - 2017/05/15 5:13:20 ET
Table 'Feodosia' 6-max Seat #3 is the button
Seat 3: kusznak ($159.48 in chips)
Seat 4: ourasi ($167.65 in chips)
kusznak: posts small blind $1
ourasi: posts big blind $3
*** HOLE CARDS ***
kusznak: raises $3 to $6
ourasi: calls $3
*** FLOP *** [Js 7c Jd]
ourasi: checks
kusznak: bets $3
ourasi: folds
Uncalled bet ($3) returned to kusznak
kusznak collected $11.76 from pot
kusznak: doesn't show hand
*** SUMMARY ***
Total pot $12 | Rake $0.24
Board [Js 7c Jd]
Seat 3: kusznak (button) (small blind) collected ($11.76)
Seat 4: ourasi (big blind) folded on the Flop


PokerStars Hand #170443529638:  Hold'em Limit ($3/$6 USD) - 2017/05/15 5:12:49 ET
Table 'Feodosia' 6-max Seat #3 is the button
Seat 3: kusznak ($159.98 in chips)
Seat 4: ourasi ($168.15 in chips)
kusznak: posts small blind $1
ourasi: posts big blind $3
*** HOLE CARDS ***
kusznak: raises $3 to $6
ourasi: calls $3
*** FLOP *** [5h Qc 8s]
ourasi: checks
kusznak: bets $3
ourasi: raises $3 to $6
kusznak: calls $3
*** TURN *** [5h Qc 8s] [4s]
ourasi: bets $6
kusznak: calls $6
*** RIVER *** [5h Qc 8s 4s] [2s]
ourasi: bets $6
kusznak: calls $6
*** SHOW DOWN ***
ourasi: shows [8h Js] (a pair of Eights)
kusznak: mucks hand
ourasi collected $47.50 from pot
*** SUMMARY ***
Total pot $48 | Rake $0.50
Board [5h Qc 8s 4s 2s]
Seat 3: kusznak (button) (small blind) mucked
Seat 4: ourasi (big blind) showed [8h Js] and won ($47.50) with a pair of Eights


PokerStars Hand #170443534914:  Hold'em Limit ($3/$6 USD) - 2017/05/15 5:13:04 ET
Table 'Feodosia' 6-max Seat #4 is the button
Seat 3: kusznak ($135.98 in chips)
Seat 4: ourasi ($191.65 in chips)
ourasi: posts small blind $1
kusznak: posts big blind $3
*** HOLE CARDS ***
ourasi: raises $3 to $6
kusznak: raises $3 to $9
ourasi: calls $3
*** FLOP *** [9c Jh 9h]
kusznak: bets $3
ourasi: calls $3
*** TURN *** [9c Jh 9h] [Js]
kusznak: bets $6
ourasi: calls $6
*** RIVER *** [9c Jh 9h Js] [6d]
kusznak: bets $6
ourasi: calls $6
*** SHOW DOWN ***
kusznak: shows [As Ts] (two pair, Jacks and Nines)
ourasi: mucks hand
kusznak collected $47.50 from pot
*** SUMMARY ***
Total pot $48 | Rake $0.50
Board [9c Jh 9h Js 6d]
Seat 3: kusznak (big blind) showed [As Ts] and won ($47.50) with two pair, Jacks and Nines
Seat 4: ourasi (button) (small blind) mucked


PokerStars Hand #170443527922:  Hold'em Limit ($3/$6 USD) - 2017/05/15 5:12:44 ET
Table 'Feodosia' 6-max Seat #4 is the button
Seat 3: kusznak ($158.98 in chips)
Seat 4: ourasi ($169.15 in chips)
ourasi: posts small blind $1
kusznak: posts big blind $3
*** HOLE CARDS ***
ourasi: folds
Uncalled bet ($2) returned to kusznak
kusznak collected $2 from pot
kusznak: doesn't show hand
*** SUMMARY ***
Total pot $2 | Rake $0
Seat 3: kusznak (big blind) collected ($2)
Seat 4: ourasi (button) (small blind) folded before Flop


PokerStars Hand #170443521822:  Hold'em Limit ($3/$6 USD) - 2017/05/15 5:12:26 ET
Table 'Feodosia' 6-max Seat #3 is the button
Seat 3: kusznak ($120.48 in chips)
Seat 4: ourasi ($208.15 in chips)
kusznak: posts small blind $1
ourasi: posts big blind $3
*** HOLE CARDS ***
kusznak said, "LOL"
kusznak: raises $3 to $6
ourasi: calls $3
*** FLOP *** [6s 2d 8c]
ourasi: checks
kusznak: bets $3
ourasi: calls $3
*** TURN *** [6s 2d 8c] [2s]
ourasi: checks
kusznak: bets $6
ourasi: raises $6 to $12
kusznak: raises $6 to $18
ourasi: raises $6 to $24
Betting is capped
kusznak: calls $6
*** RIVER *** [6s 2d 8c 2s] [Th]
ourasi: bets $6
kusznak: calls $6
*** SHOW DOWN ***
ourasi: shows [Js 8s] (two pair, Eights and Deuces)
kusznak: shows [9c 2c] (three of a kind, Deuces)
kusznak collected $77.50 from pot
*** SUMMARY ***
Total pot $78 | Rake $0.50
Board [6s 2d 8c 2s Th]
Seat 3: kusznak (button) (small blind) showed [9c 2c] and won ($77.50) with three of a kind, Deuces
Seat 4: ourasi (big blind) showed [Js 8s] and lost with two pair, Eights and Deuces


PokerStars Hand #170443546266:  Hold'em Limit ($3/$6 USD) - 2017/05/15 5:13:37 ET
Table 'Feodosia' 6-max Seat #4 is the button
Seat 3: kusznak ($165.24 in chips)
Seat 4: ourasi ($161.65 in chips)
ourasi: posts small blind $1
kusznak: posts big blind $3
*** HOLE CARDS ***
ourasi: raises $3 to $6
kusznak: folds
Uncalled bet ($3) returned to ourasi
ourasi collected $6 from pot
ourasi: doesn't show hand
*** SUMMARY ***
Total pot $6 | Rake $0
Seat 3: kusznak (big blind) folded before Flop
Seat 4: ourasi (button) (small blind) collected ($6)


PokerStars Hand #170443564873:  Hold'em Limit ($3/$6 USD) - 2017/05/15 5:14:31 ET
Table 'Feodosia' 6-max Seat #3 is the button
Seat 3: kusznak ($202.24 in chips)
Seat 4: ourasi ($123.41 in chips)
kusznak: posts small blind $1
ourasi: posts big blind $3
*** HOLE CARDS ***
kusznak: folds
Uncalled bet ($2) returned to ourasi
ourasi collected $2 from pot
ourasi: doesn't show hand
*** SUMMARY ***
Total pot $2 | Rake $0
Seat 3: kusznak (button) (small blind) folded before Flop
Seat 4: ourasi (big blind) collected ($2)


PokerStars Hand #170443560190:  Hold'em Limit ($3/$6 USD) - 2017/05/15 5:14:17 ET
Table 'Feodosia' 6-max Seat #4 is the button
Seat 3: kusznak ($208.24 in chips)
Seat 4: ourasi ($117.65 in chips)
ourasi: posts small blind $1
kusznak: posts big blind $3
*** HOLE CARDS ***
ourasi: raises $3 to $6
kusznak: calls $3
*** FLOP *** [8h 2h 2c]
kusznak: checks
ourasi: bets $3
kusznak: folds
Uncalled bet ($3) returned to ourasi
ourasi collected $11.76 from pot
ourasi: doesn't show hand
*** SUMMARY ***
Total pot $12 | Rake $0.24
Board [8h 2h 2c]
Seat 3: kusznak (big blind) folded on the Flop
Seat 4: ourasi (button) (small blind) collected ($11.76)


PokerStars Hand #170443547995:  Hold'em Limit ($3/$6 USD) - 2017/05/15 5:13:42 ET
Table 'Feodosia' 6-max Seat #3 is the button
Seat 3: kusznak ($162.24 in chips)
Seat 4: ourasi ($164.65 in chips)
kusznak: posts small blind $1
ourasi: posts big blind $3
*** HOLE CARDS ***
kusznak: raises $3 to $6
ourasi: raises $3 to $9
kusznak: calls $3
*** FLOP *** [2h 4h Td]
ourasi: bets $3
kusznak: calls $3
*** TURN *** [2h 4h Td] [Ks]
ourasi: bets $6
kusznak: calls $6
*** RIVER *** [2h 4h Td Ks] [4s]
ourasi: checks
kusznak: bets $6
ourasi: calls $6
*** SHOW DOWN ***
kusznak: shows [2c 3s] (two pair, Fours and Deuces)
ourasi: mucks hand
kusznak collected $47.50 from pot
*** SUMMARY ***
Total pot $48 | Rake $0.50
Board [2h 4h Td Ks 4s]
Seat 3: kusznak (button) (small blind) showed [2c 3s] and won ($47.50) with two pair, Fours and Deuces
Seat 4: ourasi (big blind) mucked


PokerStars Hand #170443558570:  Hold'em Limit ($3/$6 USD) - 2017/05/15 5:14:13 ET
Table 'Feodosia' 6-max Seat #3 is the button
Seat 3: kusznak ($209.24 in chips)
Seat 4: ourasi ($116.65 in chips)
kusznak: posts small blind $1
ourasi: posts big blind $3
*** HOLE CARDS ***
kusznak: folds
Uncalled bet ($2) returned to ourasi
ourasi collected $2 from pot
ourasi: doesn't show hand
*** SUMMARY ***
Total pot $2 | Rake $0
Seat 3: kusznak (button) (small blind) folded before Flop
Seat 4: ourasi (big blind) collected ($2)


PokerStars Hand #170443553179:  Hold'em Limit ($3/$6 USD) - 2017/05/15 5:13:57 ET
Table 'Feodosia' 6-max Seat #4 is the button
Seat 3: kusznak ($185.74 in chips)
Seat 4: ourasi ($140.65 in chips)
ourasi: posts small blind $1
kusznak: posts big blind $3
*** HOLE CARDS ***
ourasi: raises $3 to $6
kusznak: raises $3 to $9
ourasi: calls $3
*** FLOP *** [4d Ad 5s]
kusznak: bets $3
ourasi: calls $3
*** TURN *** [4d Ad 5s] [7d]
kusznak: bets $6
ourasi: raises $6 to $12
kusznak: calls $6
*** RIVER *** [4d Ad 5s 7d] [7s]
kusznak: checks
ourasi: checks
*** SHOW DOWN ***
kusznak: shows [Kd Kh] (two pair, Kings and Sevens)
ourasi: mucks hand
kusznak collected $47.50 from pot
*** SUMMARY ***
Total pot $48 | Rake $0.50
Board [4d Ad 5s 7d 7s]
Seat 3: kusznak (big blind) showed [Kd Kh] and won ($47.50) with two pair, Kings and Sevens
Seat 4: ourasi (button) (small blind) mucked


PokerStars Hand #170443577983:  Hold'em Limit ($3/$6 USD) - 2017/05/15 5:15:09 ET
Table 'Feodosia' 6-max Seat #4 is the button
Seat 3: kusznak ($184.24 in chips)
Seat 4: ourasi ($140.91 in chips)
ourasi: posts small blind $1
kusznak: posts big blind $3
*** HOLE CARDS ***
ourasi: raises $3 to $6
kusznak: calls $3
*** FLOP *** [6h Ah 3d]
kusznak: checks
ourasi: bets $3
kusznak: calls $3
*** TURN *** [6h Ah 3d] [3s]
kusznak: checks
ourasi: checks
*** RIVER *** [6h Ah 3d 3s] [Tc]
kusznak: checks
ourasi: checks
*** SHOW DOWN ***
kusznak: shows [5d Qs] (a pair of Threes)
ourasi: shows [2s Qd] (a pair of Threes)
kusznak collected $8.82 from pot
ourasi collected $8.82 from pot
*** SUMMARY ***
Total pot $18 | Rake $0.36
Board [6h Ah 3d 3s Tc]
Seat 3: kusznak (big blind) showed [5d Qs] and won ($8.82) with a pair of Threes
Seat 4: ourasi (button) (small blind) showed [2s Qd] and won ($8.82) with a pair of Threes


PokerStars Hand #170443583824:  Hold'em Limit ($3/$6 USD) - 2017/05/15 5:15:25 ET
Table 'Feodosia' 6-max Seat #3 is the button
Seat 3: kusznak ($184.06 in chips)
Seat 4: ourasi ($140.73 in chips)
kusznak: posts small blind $1
ourasi: posts big blind $3
*** HOLE CARDS ***
kusznak: raises $3 to $6
ourasi: calls $3
*** FLOP *** [Jd Kc 7s]
ourasi: checks
kusznak: bets $3
ourasi: folds
Uncalled bet ($3) returned to kusznak
kusznak collected $11.76 from pot
kusznak: doesn't show hand
*** SUMMARY ***
Total pot $12 | Rake $0.24
Board [Jd Kc 7s]
Seat 3: kusznak (button) (small blind) collected ($11.76)
Seat 4: ourasi (big blind) folded on the Flop


PokerStars Hand #170443566932:  Hold'em Limit ($3/$6 USD) - 2017/05/15 5:14:37 ET
Table 'Feodosia' 6-max Seat #4 is the button
Seat 3: kusznak ($201.24 in chips)
Seat 4: ourasi ($124.41 in chips)
ourasi: posts small blind $1
kusznak: posts big blind $3
*** HOLE CARDS ***
ourasi: folds
Uncalled bet ($2) returned to kusznak
kusznak collected $2 from pot
kusznak: doesn't show hand
*** SUMMARY ***
Total pot $2 | Rake $0
Seat 3: kusznak (big blind) collected ($2)
Seat 4: ourasi (button) (small blind) folded before Flop


PokerStars Hand #170443576355:  Hold'em Limit ($3/$6 USD) - 2017/05/15 5:15:04 ET
Table 'Feodosia' 6-max Seat #3 is the button
Seat 3: kusznak ($185.24 in chips)
Seat 4: ourasi ($139.91 in chips)
kusznak: posts small blind $1
ourasi: posts big blind $3
*** HOLE CARDS ***
kusznak: folds
Uncalled bet ($2) returned to ourasi
ourasi collected $2 from pot
ourasi: doesn't show hand
*** SUMMARY ***
Total pot $2 | Rake $0
Seat 3: kusznak (button) (small blind) folded before Flop
Seat 4: ourasi (big blind) collected ($2)


PokerStars Hand #170443574650:  Hold'em Limit ($3/$6 USD) - 2017/05/15 5:14:59 ET
Table 'Feodosia' 6-max Seat #4 is the button
Seat 3: kusznak ($184.24 in chips)
Seat 4: ourasi ($140.91 in chips)
ourasi: posts small blind $1
kusznak: posts big blind $3
*** HOLE CARDS ***
ourasi: folds
Uncalled bet ($2) returned to kusznak
kusznak collected $2 from pot
kusznak: doesn't show hand
*** SUMMARY ***
Total pot $2 | Rake $0
Seat 3: kusznak (big blind) collected ($2)
Seat 4: ourasi (button) (small blind) folded before Flop


PokerStars Hand #170443568510:  Hold'em Limit ($3/$6 USD) - 2017/05/15 5:14:42 ET
Table 'Feodosia' 6-max Seat #3 is the button
Seat 3: kusznak ($202.24 in chips)
Seat 4: ourasi ($123.41 in chips)
kusznak: posts small blind $1
ourasi: posts big blind $3
*** HOLE CARDS ***
kusznak: raises $3 to $6
ourasi: raises $3 to $9
kusznak: calls $3
*** FLOP *** [4c Ah 3h]
ourasi: bets $3
manly70 leaves the table
kusznak: calls $3
*** TURN *** [4c Ah 3h] [Tc]
ourasi: bets $6
kusznak: calls $6
*** RIVER *** [4c Ah 3h Tc] [Qd]
ourasi: bets $6
kusznak: folds
Uncalled bet ($6) returned to ourasi
ourasi collected $35.50 from pot
ourasi: doesn't show hand
*** SUMMARY ***
Total pot $36 | Rake $0.50
Board [4c Ah 3h Tc Qd]
Seat 3: kusznak (button) (small blind) folded on the River
Seat 4: ourasi (big blind) collected ($35.50)


PokerStars Hand #170443586983:  Hold'em Limit ($3/$6 USD) - 2017/05/15 5:15:35 ET
Table 'Feodosia' 6-max Seat #4 is the button
Seat 3: kusznak ($189.82 in chips)
Seat 4: ourasi ($134.73 in chips)
ourasi: posts small blind $1
kusznak: posts big blind $3
*** HOLE CARDS ***
ourasi: folds
Uncalled bet ($2) returned to kusznak
kusznak collected $2 from pot
kusznak: doesn't show hand
*** SUMMARY ***
Total pot $2 | Rake $0
Seat 3: kusznak (big blind) collected ($2)
Seat 4: ourasi (button) (small blind) folded before Flop


PokerStars Hand #170443588673:  Hold'em Limit ($3/$6 USD) - 2017/05/15 5:15:39 ET
Table 'Feodosia' 6-max Seat #3 is the button
Seat 3: kusznak ($190.82 in chips)
Seat 4: ourasi ($133.73 in chips)
kusznak: posts small blind $1
ourasi: posts big blind $3
*** HOLE CARDS ***
kusznak: raises $3 to $6
ourasi: calls $3
*** FLOP *** [Jd 8h 4d]
ourasi: checks
kusznak: bets $3
ourasi: calls $3
*** TURN *** [Jd 8h 4d] [4s]
ourasi: checks
kusznak: checks
*** RIVER *** [Jd 8h 4d 4s] [5c]
ourasi: bets $6
kusznak: calls $6
*** SHOW DOWN ***
ourasi: shows [5s 7h] (two pair, Fives and Fours)
kusznak: shows [5h 7c] (two pair, Fives and Fours)
ourasi collected $14.75 from pot
kusznak collected $14.75 from pot
*** SUMMARY ***
Total pot $30 | Rake $0.50
Board [Jd 8h 4d 4s 5c]
Seat 3: kusznak (button) (small blind) showed [5h 7c] and won ($14.75) with two pair, Fives and Fours
Seat 4: ourasi (big blind) showed [5s 7h] and won ($14.75) with two pair, Fives and Fours


PokerStars Hand #170443596679:  Hold'em Limit ($3/$6 USD) - 2017/05/15 5:16:02 ET
Table 'Feodosia' 6-max Seat #4 is the button
Seat 3: kusznak ($190.57 in chips)
Seat 4: ourasi ($133.48 in chips)
ourasi: posts small blind $1
kusznak: posts big blind $3
*** HOLE CARDS ***
ourasi: raises $3 to $6
kusznak: calls $3
*** FLOP *** [Js 8d 2h]
kusznak: checks
ourasi: bets $3
kusznak: folds
Uncalled bet ($3) returned to ourasi
ourasi collected $11.76 from pot
ourasi: doesn't show hand
*** SUMMARY ***
Total pot $12 | Rake $0.24
Board [Js 8d 2h]
Seat 3: kusznak (big blind) folded on the Flop
Seat 4: ourasi (button) (small blind) collected ($11.76)


PokerStars Hand #170443600839:  Hold'em Limit ($3/$6 USD) - 2017/05/15 5:16:14 ET
Table 'Feodosia' 6-max Seat #3 is the button
Seat 3: kusznak ($184.57 in chips)
Seat 4: ourasi ($139.24 in chips)
kusznak: posts small blind $1
ourasi: posts big blind $3
*** HOLE CARDS ***
kusznak: raises $3 to $6
ourasi: calls $3
*** FLOP *** [Ac Qc Jc]
ourasi: checks
kusznak: checks
*** TURN *** [Ac Qc Jc] [7h]
ourasi: checks
kusznak: bets $6
ourasi: folds
Uncalled bet ($6) returned to kusznak
kusznak collected $11.76 from pot
kusznak: doesn't show hand
*** SUMMARY ***
Total pot $12 | Rake $0.24
Board [Ac Qc Jc 7h]
Seat 3: kusznak (button) (small blind) collected ($11.76)
Seat 4: ourasi (big blind) folded on the Turn


PokerStars Hand #170443605568:  Hold'em Limit ($3/$6 USD) - 2017/05/15 5:16:28 ET
Table 'Feodosia' 6-max Seat #4 is the button
Seat 3: kusznak ($190.33 in chips)
Seat 4: ourasi ($133.24 in chips)
ourasi: posts small blind $1
kusznak: posts big blind $3
*** HOLE CARDS ***
ourasi: raises $3 to $6
kusznak: calls $3
*** FLOP *** [Qd 5h Qc]
kusznak: checks
ourasi: bets $3
kusznak: calls $3
*** TURN *** [Qd 5h Qc] [Kd]
kusznak: checks
ourasi: bets $6
kusznak: calls $6
*** RIVER *** [Qd 5h Qc Kd] [5c]
kusznak: checks
ourasi: bets $6
kusznak: calls $6
*** SHOW DOWN ***
ourasi: shows [2c Ks] (two pair, Kings and Queens)
kusznak: mucks hand
ourasi collected $41.50 from pot
*** SUMMARY ***
Total pot $42 | Rake $0.50
Board [Qd 5h Qc Kd 5c]
Seat 3: kusznak (big blind) mucked
Seat 4: ourasi (button) (small blind) showed [2c Ks] and won ($41.50) with two pair, Kings and Queens


PokerStars Hand #170443612119:  Hold'em Limit ($3/$6 USD) - 2017/05/15 5:16:46 ET
Table 'Feodosia' 6-max Seat #3 is the button
Seat 3: kusznak ($169.33 in chips)
Seat 4: ourasi ($153.74 in chips)
kusznak: posts small blind $1
ourasi: posts big blind $3
*** HOLE CARDS ***
kusznak: raises $3 to $6
ourasi: calls $3
*** FLOP *** [Js 4c 7h]
ourasi: checks
kusznak: bets $3
ourasi: calls $3
*** TURN *** [Js 4c 7h] [3h]
ourasi: checks
kusznak: checks
*** RIVER *** [Js 4c 7h 3h] [2d]
ourasi: bets $6
kusznak: folds
Uncalled bet ($6) returned to ourasi
jamesahn joins the table at seat #2
ourasi collected $17.64 from pot
ourasi: doesn't show hand
*** SUMMARY ***
Total pot $18 | Rake $0.36
Board [Js 4c 7h 3h 2d]
Seat 3: kusznak (button) (small blind) folded on the River
Seat 4: ourasi (big blind) collected ($17.64)


PokerStars Hand #170443878469:  Hold'em Limit ($3/$6 USD) - 2017/05/15 5:29:15 ET
Table 'Feodosia' 6-max Seat #3 is the button
Seat 3: kusznak ($206.83 in chips)
Seat 4: ourasi ($243.08 in chips)
kusznak: posts small blind $1
ourasi: posts big blind $3
*** HOLE CARDS ***
kusznak: raises $3 to $6
ourasi: calls $3
*** FLOP *** [Jd Ts Js]
ourasi: checks
kusznak: bets $3
boogi leaves the table
ourasi: calls $3
*** TURN *** [Jd Ts Js] [5c]
ourasi: checks
kusznak: bets $6
ourasi: calls $6
*** RIVER *** [Jd Ts Js 5c] [Ks]
ourasi: checks
kusznak: bets $6
ourasi: calls $6
*** SHOW DOWN ***
kusznak: shows [5d Ac] (two pair, Jacks and Fives)
ourasi: mucks hand
kusznak collected $41.50 from pot
*** SUMMARY ***
Total pot $42 | Rake $0.50
Board [Jd Ts Js 5c Ks]
Seat 3: kusznak (button) (small blind) showed [5d Ac] and won ($41.50) with two pair, Jacks and Fives
Seat 4: ourasi (big blind) mucked


