PokerStars Hand #169178162974:  Hold'em Limit ($3/$6 USD) - 2017/04/17 14:18:32 ET
Table 'Feodosia' 6-max Seat #3 is the button
Seat 3: Chessnok ($222.72 in chips)
Seat 5: ELCapitano26 ($116.12 in chips)
masterblstr8 will be allowed to play after the button
floortje63 will be allowed to play after the button
Chessnok: posts small blind $1
ELCapitano26: posts big blind $3
*** HOLE CARDS ***
Chessnok: raises $3 to $6
ELCapitano26: folds
Uncalled bet ($3) returned to Chessnok
Chessnok collected $6 from pot
Chessnok: doesn't show hand
*** SUMMARY ***
Total pot $6 | Rake $0
Seat 3: Chessnok (button) (small blind) collected ($6)
Seat 5: ELCapitano26 (big blind) folded before Flop


PokerStars Hand #169178830355:  Hold'em Limit ($3/$6 USD) - 2017/04/17 14:31:27 ET
Table 'Feodosia' 6-max Seat #3 is the button
Seat 3: Chessnok ($273.21 in chips)
Seat 6: vestimokrec ($113.04 in chips)
Zooshark will be allowed to play after the button
Chessnok: posts small blind $1
vestimokrec: posts big blind $3
*** HOLE CARDS ***
Chessnok: raises $3 to $6
vestimokrec: calls $3
*** FLOP *** [6c 8s Kc]
vestimokrec: checks
Chessnok: bets $3
vestimokrec: folds
Uncalled bet ($3) returned to Chessnok
Chessnok collected $11.76 from pot
Chessnok: doesn't show hand
*** SUMMARY ***
Total pot $12 | Rake $0.24
Board [6c 8s Kc]
Seat 3: Chessnok (button) (small blind) collected ($11.76)
Seat 6: vestimokrec (big blind) folded on the Flop


PokerStars Hand #169178885931:  Hold'em Limit ($3/$6 USD) - 2017/04/17 14:32:31 ET
Table 'Feodosia' 6-max Seat #5 is the button
Seat 1: Zooshark ($152.56 in chips)
Seat 5: Known JR ($13.24 in chips)
Chessnok will be allowed to play after the button
Known JR: posts small blind $1
vestimokrec: is sitting out
Zooshark: posts big blind $3
*** HOLE CARDS ***
Known JR: folds
Uncalled bet ($2) returned to Zooshark
Zooshark collected $2 from pot
Zooshark: doesn't show hand
*** SUMMARY ***
Total pot $2 | Rake $0
Seat 1: Zooshark (big blind) collected ($2)
Seat 5: Known JR (button) (small blind) folded before Flop


PokerStars Hand #169179190719:  Hold'em Limit ($3/$6 USD) - 2017/04/17 14:38:25 ET
Table 'Feodosia' 6-max Seat #3 is the button
Seat 1: Zooshark ($206.45 in chips)
Seat 3: Chessnok ($201.34 in chips)
Great_Kang will be allowed to play after the button
Chessnok: posts small blind $1
vestimokrec: is sitting out
Zooshark: posts big blind $3
*** HOLE CARDS ***
vestimokrec leaves the table
Chessnok: raises $3 to $6
Zooshark: raises $3 to $9
Chessnok: calls $3
*** FLOP *** [Js 7d 4c]
Zooshark: bets $3
Chessnok: folds
Uncalled bet ($3) returned to Zooshark
Zooshark collected $17.64 from pot
Zooshark: doesn't show hand
*** SUMMARY ***
Total pot $18 | Rake $0.36
Board [Js 7d 4c]
Seat 1: Zooshark (big blind) collected ($17.64)
Seat 3: Chessnok (button) (small blind) folded on the Flop


PokerStars Hand #169179726268:  Hold'em Limit ($3/$6 USD) - 2017/04/17 14:48:40 ET
Table 'Feodosia' 6-max Seat #2 is the button
Seat 2: Great_Kang ($120 in chips)
Seat 4: SV198884 ($120 in chips)
Great_Kang: posts small blind $1
SV198884: posts big blind $3
*** HOLE CARDS ***
Great_Kang: raises $3 to $6
SV198884: calls $3
*** FLOP *** [7h Qh Ks]
yamaxerm joins the table at seat #5
SV198884: bets $3
Great_Kang: calls $3
*** TURN *** [7h Qh Ks] [Ah]
SV198884: bets $6
Great_Kang: calls $6
*** RIVER *** [7h Qh Ks Ah] [3s]
SV198884: bets $6
vestimokrec joins the table at seat #6
Great_Kang: calls $6
*** SHOW DOWN ***
SV198884: shows [Kh 8s] (a pair of Kings)
Great_Kang: mucks hand
SV198884 collected $41.50 from pot
*** SUMMARY ***
Total pot $42 | Rake $0.50
Board [7h Qh Ks Ah 3s]
Seat 2: Great_Kang (button) (small blind) mucked
Seat 4: SV198884 (big blind) showed [Kh 8s] and won ($41.50) with a pair of Kings


