PokerStars Hand #146579573673:  Hold'em Limit ($3/$6 USD) - 2016/01/06 14:11:40 ET
Table 'Feronia IV' 6-max Seat #2 is the button
Seat 1: SANKO2009 ($66.89 in chips)
Seat 2: ChOfW ($102.27 in chips)
ChOfW: posts small blind $1
Karpik09: is sitting out
SANKO2009: posts big blind $3
*** HOLE CARDS ***
ChOfW: raises $3 to $6
SANKO2009: raises $3 to $9
ChOfW: calls $3
*** FLOP *** [5s 3c Ks]
SANKO2009: bets $3
Karpik09 leaves the table
ChOfW: calls $3
*** TURN *** [5s 3c Ks] [8s]
SANKO2009: checks
ChOfW: bets $6
SANKO2009: folds
Uncalled bet ($6) returned to ChOfW
ChOfW collected $23.52 from pot
ChOfW: doesn't show hand
*** SUMMARY ***
Total pot $24 | Rake $0.48
Board [5s 3c Ks 8s]
Seat 1: SANKO2009 (big blind) folded on the Turn
Seat 2: ChOfW (button) (small blind) collected ($23.52)


PokerStars Hand #146579592219:  Hold'em Limit ($3/$6 USD) - 2016/01/06 14:11:58 ET
Table 'Feronia IV' 6-max Seat #1 is the button
Seat 1: SANKO2009 ($54.89 in chips)
Seat 2: ChOfW ($113.79 in chips)
SANKO2009: posts small blind $1
ChOfW: posts big blind $3
*** HOLE CARDS ***
SANKO2009: raises $3 to $6
ChOfW: folds
Uncalled bet ($3) returned to SANKO2009
SANKO2009 collected $6 from pot
*** SUMMARY ***
Total pot $6 | Rake $0
Seat 1: SANKO2009 (button) (small blind) collected ($6)
Seat 2: ChOfW (big blind) folded before Flop


PokerStars Hand #146579597789:  Hold'em Limit ($3/$6 USD) - 2016/01/06 14:12:03 ET
Table 'Feronia IV' 6-max Seat #2 is the button
Seat 1: SANKO2009 ($57.89 in chips)
Seat 2: ChOfW ($110.79 in chips)
ChOfW: posts small blind $1
SANKO2009: posts big blind $3
*** HOLE CARDS ***
ChOfW: folds
Uncalled bet ($2) returned to SANKO2009
SANKO2009 collected $2 from pot
*** SUMMARY ***
Total pot $2 | Rake $0
Seat 1: SANKO2009 (big blind) collected ($2)
Seat 2: ChOfW (button) (small blind) folded before Flop


PokerStars Hand #146579604143:  Hold'em Limit ($3/$6 USD) - 2016/01/06 14:12:09 ET
Table 'Feronia IV' 6-max Seat #1 is the button
Seat 1: SANKO2009 ($58.89 in chips)
Seat 2: ChOfW ($109.79 in chips)
SANKO2009: posts small blind $1
ChOfW: posts big blind $3
*** HOLE CARDS ***
SANKO2009: raises $3 to $6
ChOfW: calls $3
*** FLOP *** [Jd 3h 7h]
ChOfW: checks
SANKO2009: bets $3
ChOfW: folds
Uncalled bet ($3) returned to SANKO2009
SANKO2009 collected $11.76 from pot
*** SUMMARY ***
Total pot $12 | Rake $0.24
Board [Jd 3h 7h]
Seat 1: SANKO2009 (button) (small blind) collected ($11.76)
Seat 2: ChOfW (big blind) folded on the Flop


PokerStars Hand #146579614778:  Hold'em Limit ($3/$6 USD) - 2016/01/06 14:12:20 ET
Table 'Feronia IV' 6-max Seat #2 is the button
Seat 1: SANKO2009 ($64.65 in chips)
Seat 2: ChOfW ($103.79 in chips)
ChOfW: posts small blind $1
SANKO2009: posts big blind $3
*** HOLE CARDS ***
ChOfW: raises $3 to $6
SANKO2009: calls $3
*** FLOP *** [9h Ad 8d]
SANKO2009: bets $3
ChOfW: calls $3
*** TURN *** [9h Ad 8d] [2s]
SANKO2009: checks
ChOfW: checks
*** RIVER *** [9h Ad 8d 2s] [6s]
SANKO2009: bets $6
ChOfW: calls $6
*** SHOW DOWN ***
SANKO2009: shows [Jd 8c] (a pair of Eights)
ChOfW: shows [Qd 8s] (a pair of Eights - Ace+Queen kicker)
ChOfW collected $29.50 from pot
*** SUMMARY ***
Total pot $30 | Rake $0.50
Board [9h Ad 8d 2s 6s]
Seat 1: SANKO2009 (big blind) showed [Jd 8c] and lost with a pair of Eights
Seat 2: ChOfW (button) (small blind) showed [Qd 8s] and won ($29.50) with a pair of Eights


PokerStars Hand #146579630001:  Hold'em Limit ($3/$6 USD) - 2016/01/06 14:12:34 ET
Table 'Feronia IV' 6-max Seat #1 is the button
Seat 1: SANKO2009 ($49.65 in chips)
Seat 2: ChOfW ($118.29 in chips)
SANKO2009: posts small blind $1
ChOfW: posts big blind $3
*** HOLE CARDS ***
SANKO2009: raises $3 to $6
ChOfW: calls $3
*** FLOP *** [9d 2s 8d]
ChOfW: checks
SANKO2009: bets $3
ChOfW: folds
Uncalled bet ($3) returned to SANKO2009
SANKO2009 collected $11.76 from pot
*** SUMMARY ***
Total pot $12 | Rake $0.24
Board [9d 2s 8d]
Seat 1: SANKO2009 (button) (small blind) collected ($11.76)
Seat 2: ChOfW (big blind) folded on the Flop


PokerStars Hand #146579641990:  Hold'em Limit ($3/$6 USD) - 2016/01/06 14:12:46 ET
Table 'Feronia IV' 6-max Seat #2 is the button
Seat 1: SANKO2009 ($55.41 in chips)
Seat 2: ChOfW ($112.29 in chips)
ChOfW: posts small blind $1
SANKO2009: posts big blind $3
*** HOLE CARDS ***
ChOfW: folds
Uncalled bet ($2) returned to SANKO2009
SANKO2009 collected $2 from pot
*** SUMMARY ***
Total pot $2 | Rake $0
Seat 1: SANKO2009 (big blind) collected ($2)
Seat 2: ChOfW (button) (small blind) folded before Flop


PokerStars Hand #146579646828:  Hold'em Limit ($3/$6 USD) - 2016/01/06 14:12:51 ET
Table 'Feronia IV' 6-max Seat #1 is the button
Seat 1: SANKO2009 ($56.41 in chips)
Seat 2: ChOfW ($111.29 in chips)
SANKO2009: posts small blind $1
ChOfW: posts big blind $3
*** HOLE CARDS ***
SANKO2009: raises $3 to $6
ChOfW: folds
Uncalled bet ($3) returned to SANKO2009
SANKO2009 collected $6 from pot
*** SUMMARY ***
Total pot $6 | Rake $0
Seat 1: SANKO2009 (button) (small blind) collected ($6)
Seat 2: ChOfW (big blind) folded before Flop


PokerStars Hand #146579653841:  Hold'em Limit ($3/$6 USD) - 2016/01/06 14:12:58 ET
Table 'Feronia IV' 6-max Seat #2 is the button
Seat 1: SANKO2009 ($59.41 in chips)
Seat 2: ChOfW ($108.29 in chips)
ChOfW: posts small blind $1
SANKO2009: posts big blind $3
*** HOLE CARDS ***
ChOfW: folds
Uncalled bet ($2) returned to SANKO2009
SANKO2009 collected $2 from pot
*** SUMMARY ***
Total pot $2 | Rake $0
Seat 1: SANKO2009 (big blind) collected ($2)
Seat 2: ChOfW (button) (small blind) folded before Flop


PokerStars Hand #146579658728:  Hold'em Limit ($3/$6 USD) - 2016/01/06 14:13:03 ET
Table 'Feronia IV' 6-max Seat #1 is the button
Seat 1: SANKO2009 ($60.41 in chips)
Seat 2: ChOfW ($107.29 in chips)
SANKO2009: posts small blind $1
ChOfW: posts big blind $3
*** HOLE CARDS ***
SANKO2009: raises $3 to $6
ChOfW: calls $3
*** FLOP *** [8d 3s 5d]
ChOfW: checks
SANKO2009: bets $3
ChOfW: calls $3
*** TURN *** [8d 3s 5d] [9c]
ChOfW: checks
SANKO2009: checks
*** RIVER *** [8d 3s 5d 9c] [4c]
ChOfW: bets $6
SANKO2009: folds
Uncalled bet ($6) returned to ChOfW
ChOfW collected $17.64 from pot
ChOfW: doesn't show hand
*** SUMMARY ***
Total pot $18 | Rake $0.36
Board [8d 3s 5d 9c 4c]
Seat 1: SANKO2009 (button) (small blind) folded on the River
Seat 2: ChOfW (big blind) collected ($17.64)


PokerStars Hand #146579676275:  Hold'em Limit ($3/$6 USD) - 2016/01/06 14:13:20 ET
Table 'Feronia IV' 6-max Seat #2 is the button
Seat 1: SANKO2009 ($51.41 in chips)
Seat 2: ChOfW ($115.93 in chips)
ChOfW: posts small blind $1
SANKO2009: posts big blind $3
*** HOLE CARDS ***
ChOfW: raises $3 to $6
SANKO2009: folds
Uncalled bet ($3) returned to ChOfW
ChOfW collected $6 from pot
ChOfW: doesn't show hand
*** SUMMARY ***
Total pot $6 | Rake $0
Seat 1: SANKO2009 (big blind) folded before Flop
Seat 2: ChOfW (button) (small blind) collected ($6)


PokerStars Hand #146579682944:  Hold'em Limit ($3/$6 USD) - 2016/01/06 14:13:26 ET
Table 'Feronia IV' 6-max Seat #1 is the button
Seat 1: SANKO2009 ($48.41 in chips)
Seat 2: ChOfW ($118.93 in chips)
SANKO2009: posts small blind $1
ChOfW: posts big blind $3
*** HOLE CARDS ***
SANKO2009: raises $3 to $6
ChOfW: folds
Uncalled bet ($3) returned to SANKO2009
SANKO2009 collected $6 from pot
*** SUMMARY ***
Total pot $6 | Rake $0
Seat 1: SANKO2009 (button) (small blind) collected ($6)
Seat 2: ChOfW (big blind) folded before Flop


PokerStars Hand #146579688054:  Hold'em Limit ($3/$6 USD) - 2016/01/06 14:13:31 ET
Table 'Feronia IV' 6-max Seat #2 is the button
Seat 1: SANKO2009 ($51.41 in chips)
Seat 2: ChOfW ($115.93 in chips)
ChOfW: posts small blind $1
SANKO2009: posts big blind $3
*** HOLE CARDS ***
ChOfW: raises $3 to $6
SANKO2009: calls $3
*** FLOP *** [2c 3d 8s]
SANKO2009: bets $3
ChOfW: calls $3
*** TURN *** [2c 3d 8s] [9h]
SANKO2009: bets $6
ChOfW: calls $6
*** RIVER *** [2c 3d 8s 9h] [Js]
SANKO2009: bets $6
ChOfW: calls $6
*** SHOW DOWN ***
SANKO2009: shows [6h 3h] (a pair of Threes)
ChOfW: shows [Qd 3c] (a pair of Threes - Queen kicker)
ChOfW collected $41.50 from pot
*** SUMMARY ***
Total pot $42 | Rake $0.50
Board [2c 3d 8s 9h Js]
Seat 1: SANKO2009 (big blind) showed [6h 3h] and lost with a pair of Threes
Seat 2: ChOfW (button) (small blind) showed [Qd 3c] and won ($41.50) with a pair of Threes


PokerStars Hand #146579704152:  Hold'em Limit ($3/$6 USD) - 2016/01/06 14:13:47 ET
Table 'Feronia IV' 6-max Seat #1 is the button
Seat 1: SANKO2009 ($30.41 in chips)
Seat 2: ChOfW ($136.43 in chips)
SANKO2009: posts small blind $1
ChOfW: posts big blind $3
*** HOLE CARDS ***
SANKO2009: raises $3 to $6
ChOfW: calls $3
*** FLOP *** [Qh 2d 7d]
ChOfW: checks
SANKO2009: bets $3
ChOfW: calls $3
*** TURN *** [Qh 2d 7d] [3d]
ChOfW: checks
SANKO2009: bets $6
ChOfW: calls $6
*** RIVER *** [Qh 2d 7d 3d] [9s]
ChOfW: checks
SANKO2009: bets $6
ChOfW: calls $6
*** SHOW DOWN ***
SANKO2009: shows [Kc Js] (high card King)
ChOfW: shows [Ah Jc] (high card Ace)
ChOfW collected $41.50 from pot
*** SUMMARY ***
Total pot $42 | Rake $0.50
Board [Qh 2d 7d 3d 9s]
Seat 1: SANKO2009 (button) (small blind) showed [Kc Js] and lost with high card King
Seat 2: ChOfW (big blind) showed [Ah Jc] and won ($41.50) with high card Ace


PokerStars Hand #146579735998:  Hold'em Limit ($3/$6 USD) - 2016/01/06 14:14:18 ET
Table 'Feronia IV' 6-max Seat #2 is the button
Seat 1: SANKO2009 ($9.41 in chips)
Seat 2: ChOfW ($156.93 in chips)
ChOfW: posts small blind $1
SANKO2009: posts big blind $3
*** HOLE CARDS ***
ChOfW: raises $3 to $6
SANKO2009: raises $3 to $9
ChOfW: raises $3 to $12
Betting is capped
SANKO2009: calls $0.41 and is all-in
Uncalled bet ($2.59) returned to ChOfW
*** FLOP *** [9s Js Jc]
*** TURN *** [9s Js Jc] [8s]
*** RIVER *** [9s Js Jc 8s] [7h]
*** SHOW DOWN ***
SANKO2009: shows [4c 6c] (a pair of Jacks)
ChOfW: shows [Ks 9h] (two pair, Jacks and Nines)
ChOfW collected $18.44 from pot
*** SUMMARY ***
Total pot $18.82 | Rake $0.38
Board [9s Js Jc 8s 7h]
Seat 1: SANKO2009 (big blind) showed [4c 6c] and lost with a pair of Jacks
Seat 2: ChOfW (button) (small blind) showed [Ks 9h] and won ($18.44) with two pair, Jacks and Nines


PokerStars Hand #146579819680:  Hold'em Limit ($3/$6 USD) - 2016/01/06 14:15:39 ET
Table 'Feronia IV' 6-max Seat #1 is the button
Seat 1: SANKO2009 ($120 in chips)
Seat 2: ChOfW ($165.96 in chips)
SANKO2009: posts small blind $1
ChOfW: posts big blind $3
*** HOLE CARDS ***
SANKO2009: raises $3 to $6
ChOfW: calls $3
*** FLOP *** [9d 5d 6d]
ChOfW: checks
SANKO2009: bets $3
ChOfW: calls $3
*** TURN *** [9d 5d 6d] [7d]
ChOfW: checks
SANKO2009: bets $6
ChOfW: folds
Uncalled bet ($6) returned to SANKO2009
SANKO2009 collected $17.64 from pot
*** SUMMARY ***
Total pot $18 | Rake $0.36
Board [9d 5d 6d 7d]
Seat 1: SANKO2009 (button) (small blind) collected ($17.64)
Seat 2: ChOfW (big blind) folded on the Turn


PokerStars Hand #146579841324:  Hold'em Limit ($3/$6 USD) - 2016/01/06 14:16:00 ET
Table 'Feronia IV' 6-max Seat #2 is the button
Seat 1: SANKO2009 ($128.64 in chips)
Seat 2: ChOfW ($156.96 in chips)
ChOfW: posts small blind $1
SANKO2009: posts big blind $3
*** HOLE CARDS ***
ChOfW: raises $3 to $6
SANKO2009: raises $3 to $9
ChOfW: calls $3
*** FLOP *** [Qs 2c 3d]
SANKO2009: bets $3
ChOfW: folds
Uncalled bet ($3) returned to SANKO2009
krytalex joins the table at seat #3
SANKO2009 collected $17.64 from pot
*** SUMMARY ***
Total pot $18 | Rake $0.36
Board [Qs 2c 3d]
Seat 1: SANKO2009 (big blind) collected ($17.64)
Seat 2: ChOfW (button) (small blind) folded on the Flop


PokerStars Hand #146579859988:  Hold'em Limit ($3/$6 USD) - 2016/01/06 14:16:18 ET
Table 'Feronia IV' 6-max Seat #1 is the button
Seat 1: SANKO2009 ($137.28 in chips)
Seat 2: ChOfW ($147.96 in chips)
SANKO2009: posts small blind $1
ChOfW: posts big blind $3
*** HOLE CARDS ***
SANKO2009: calls $2
ChOfW: checks
*** FLOP *** [8s Kc 9s]
ChOfW: bets $3
SANKO2009: folds
Uncalled bet ($3) returned to ChOfW
ChOfW collected $5.88 from pot
ChOfW: doesn't show hand
*** SUMMARY ***
Total pot $6 | Rake $0.12
Board [8s Kc 9s]
Seat 1: SANKO2009 (button) (small blind) folded on the Flop
Seat 2: ChOfW (big blind) collected ($5.88)


PokerStars Hand #146587297891:  Hold'em Limit ($3/$6 USD) - 2016/01/06 16:17:03 ET
Table 'Feronia IV' 6-max Seat #3 is the button
Seat 3: krytalex ($255.47 in chips)
Seat 4: svoy2 ($391.04 in chips)
krytalex: posts small blind $1
svoy2: posts big blind $3
*** HOLE CARDS ***
krytalex: raises $3 to $6
svoy2: calls $3
*** FLOP *** [Jd 9h 5h]
svoy2: checks
krytalex: checks
*** TURN *** [Jd 9h 5h] [Jc]
svoy2: checks
krytalex: bets $6
svoy2: folds
Uncalled bet ($6) returned to krytalex
krytalex collected $11.76 from pot
*** SUMMARY ***
Total pot $12 | Rake $0.24
Board [Jd 9h 5h Jc]
Seat 3: krytalex (button) (small blind) collected ($11.76)
Seat 4: svoy2 (big blind) folded on the Turn


PokerStars Hand #146587286297:  Hold'em Limit ($3/$6 USD) - 2016/01/06 16:16:52 ET
Table 'Feronia IV' 6-max Seat #4 is the button
Seat 3: krytalex ($246.83 in chips)
Seat 4: svoy2 ($400.04 in chips)
svoy2: posts small blind $1
PelonCabelao: is sitting out
krytalex: posts big blind $3
*** HOLE CARDS ***
lordlebedev leaves the table
svoy2: raises $3 to $6
PelonCabelao leaves the table
krytalex: raises $3 to $9
svoy2: calls $3
*** FLOP *** [Kd 2d 8h]
krytalex: bets $3
svoy2: folds
Uncalled bet ($3) returned to krytalex
krytalex collected $17.64 from pot
*** SUMMARY ***
Total pot $18 | Rake $0.36
Board [Kd 2d 8h]
Seat 3: krytalex (big blind) collected ($17.64)
Seat 4: svoy2 (button) (small blind) folded on the Flop


