PokerStars Hand #160624577170:  Hold'em Limit ($3/$6 USD) - 2016/10/29 21:38:58 ET
Table 'Feronia' 6-max Seat #4 is the button
Seat 2: 2DaTango ($169.62 in chips)
Seat 4: Masqb ($66 in chips)
Masqb: posts small blind $1
2DaTango: posts big blind $3
*** HOLE CARDS ***
Masqb: raises $3 to $6
2DaTango: calls $3
*** FLOP *** [As 7d 7s]
ABATAPP joins the table at seat #3
2DaTango: checks
Masqb: bets $3
2DaTango: calls $3
*** TURN *** [As 7d 7s] [3d]
2DaTango: bets $6
Masqb: calls $6
*** RIVER *** [As 7d 7s 3d] [6h]
2DaTango: bets $6
Masqb: folds
Uncalled bet ($6) returned to 2DaTango
2DaTango collected $29.50 from pot
*** SUMMARY ***
Total pot $30 | Rake $0.50
Board [As 7d 7s 3d 6h]
Seat 2: 2DaTango (big blind) collected ($29.50)
Seat 4: Masqb (button) (small blind) folded on the River


PokerStars Hand #160624716660:  Hold'em Limit ($3/$6 USD) - 2016/10/29 21:44:39 ET
Table 'Feronia' 6-max Seat #2 is the button
Seat 2: 2DaTango ($255.75 in chips)
Seat 3: ABATAPP ($70.43 in chips)
2DaTango: posts small blind $1
ABATAPP: posts big blind $3
*** HOLE CARDS ***
2DaTango: folds
Uncalled bet ($2) returned to ABATAPP
ABATAPP collected $2 from pot
ABATAPP: doesn't show hand
*** SUMMARY ***
Total pot $2 | Rake $0
Seat 2: 2DaTango (button) (small blind) folded before Flop
Seat 3: ABATAPP (big blind) collected ($2)


PokerStars Hand #160624712555:  Hold'em Limit ($3/$6 USD) - 2016/10/29 21:44:29 ET
Table 'Feronia' 6-max Seat #3 is the button
Seat 2: 2DaTango ($249.99 in chips)
Seat 3: ABATAPP ($76.43 in chips)
ABATAPP: posts small blind $1
Masqb: is sitting out
2DaTango: posts big blind $3
*** HOLE CARDS ***
Masqb leaves the table
ABATAPP: raises $3 to $6
2DaTango: calls $3
*** FLOP *** [Qd Ts Qs]
2DaTango: bets $3
ABATAPP: folds
Uncalled bet ($3) returned to 2DaTango
2DaTango collected $11.76 from pot
*** SUMMARY ***
Total pot $12 | Rake $0.24
Board [Qd Ts Qs]
Seat 2: 2DaTango (big blind) collected ($11.76)
Seat 3: ABATAPP (button) (small blind) folded on the Flop


PokerStars Hand #160624729127:  Hold'em Limit ($3/$6 USD) - 2016/10/29 21:45:11 ET
Table 'Feronia' 6-max Seat #2 is the button
Seat 2: 2DaTango ($248.75 in chips)
Seat 3: ABATAPP ($77.19 in chips)
2DaTango: posts small blind $1
ABATAPP: posts big blind $3
*** HOLE CARDS ***
2DaTango: raises $3 to $6
ABATAPP: folds
Uncalled bet ($3) returned to 2DaTango
2DaTango collected $6 from pot
*** SUMMARY ***
Total pot $6 | Rake $0
Seat 2: 2DaTango (button) (small blind) collected ($6)
Seat 3: ABATAPP (big blind) folded before Flop


PokerStars Hand #160624718643:  Hold'em Limit ($3/$6 USD) - 2016/10/29 21:44:44 ET
Table 'Feronia' 6-max Seat #3 is the button
Seat 2: 2DaTango ($254.75 in chips)
Seat 3: ABATAPP ($71.43 in chips)
ABATAPP: posts small blind $1
2DaTango: posts big blind $3
*** HOLE CARDS ***
ABATAPP: raises $3 to $6
2DaTango: calls $3
*** FLOP *** [Jc 8h 9s]
2DaTango: checks
ABATAPP: checks
*** TURN *** [Jc 8h 9s] [3s]
2DaTango: checks
ABATAPP: checks
*** RIVER *** [Jc 8h 9s 3s] [7c]
2DaTango: checks
ABATAPP: checks
*** SHOW DOWN ***
2DaTango: shows [5h 4c] (high card Jack)
ABATAPP: shows [Ks 4d] (high card King)
ABATAPP collected $11.76 from pot
*** SUMMARY ***
Total pot $12 | Rake $0.24
Board [Jc 8h 9s 3s 7c]
Seat 2: 2DaTango (big blind) showed [5h 4c] and lost with high card Jack
Seat 3: ABATAPP (button) (small blind) showed [Ks 4d] and won ($11.76) with high card King


PokerStars Hand #160624738587:  Hold'em Limit ($3/$6 USD) - 2016/10/29 21:45:35 ET
Table 'Feronia' 6-max Seat #2 is the button
Seat 2: 2DaTango ($252.75 in chips)
Seat 3: ABATAPP ($73.19 in chips)
2DaTango: posts small blind $1
ABATAPP: posts big blind $3
*** HOLE CARDS ***
2DaTango: calls $2
ABATAPP: checks
*** FLOP *** [8c As 9c]
ABATAPP: checks
2DaTango: checks
*** TURN *** [8c As 9c] [2s]
ABATAPP: bets $6
2DaTango: folds
Uncalled bet ($6) returned to ABATAPP
ABATAPP collected $5.88 from pot
ABATAPP: doesn't show hand
*** SUMMARY ***
Total pot $6 | Rake $0.12
Board [8c As 9c 2s]
Seat 2: 2DaTango (button) (small blind) folded on the Turn
Seat 3: ABATAPP (big blind) collected ($5.88)


PokerStars Hand #160624744145:  Hold'em Limit ($3/$6 USD) - 2016/10/29 21:45:49 ET
Table 'Feronia' 6-max Seat #3 is the button
Seat 2: 2DaTango ($249.75 in chips)
Seat 3: ABATAPP ($76.07 in chips)
ABATAPP: posts small blind $1
2DaTango: posts big blind $3
*** HOLE CARDS ***
ABATAPP: raises $3 to $6
2DaTango: calls $3
*** FLOP *** [Kh Qh 5h]
2DaTango: folds
ABATAPP collected $11.76 from pot
ABATAPP: doesn't show hand
*** SUMMARY ***
Total pot $12 | Rake $0.24
Board [Kh Qh 5h]
Seat 2: 2DaTango (big blind) folded on the Flop
Seat 3: ABATAPP (button) (small blind) collected ($11.76)


PokerStars Hand #160624747948:  Hold'em Limit ($3/$6 USD) - 2016/10/29 21:45:58 ET
Table 'Feronia' 6-max Seat #2 is the button
Seat 2: 2DaTango ($243.75 in chips)
Seat 3: ABATAPP ($81.83 in chips)
2DaTango: posts small blind $1
ABATAPP: posts big blind $3
*** HOLE CARDS ***
2DaTango: calls $2
ABATAPP: checks
*** FLOP *** [Th 2d 9c]
ABATAPP: bets $3
2DaTango: folds
Uncalled bet ($3) returned to ABATAPP
ABATAPP collected $5.88 from pot
ABATAPP: doesn't show hand
*** SUMMARY ***
Total pot $6 | Rake $0.12
Board [Th 2d 9c]
Seat 2: 2DaTango (button) (small blind) folded on the Flop
Seat 3: ABATAPP (big blind) collected ($5.88)


PokerStars Hand #160624752165:  Hold'em Limit ($3/$6 USD) - 2016/10/29 21:46:09 ET
Table 'Feronia' 6-max Seat #3 is the button
Seat 2: 2DaTango ($240.75 in chips)
Seat 3: ABATAPP ($84.71 in chips)
ABATAPP: posts small blind $1
2DaTango: posts big blind $3
*** HOLE CARDS ***
ABATAPP: raises $3 to $6
2DaTango: folds
Uncalled bet ($3) returned to ABATAPP
ABATAPP collected $6 from pot
ABATAPP: doesn't show hand
*** SUMMARY ***
Total pot $6 | Rake $0
Seat 2: 2DaTango (big blind) folded before Flop
Seat 3: ABATAPP (button) (small blind) collected ($6)


PokerStars Hand #160624733828:  Hold'em Limit ($3/$6 USD) - 2016/10/29 21:45:23 ET
Table 'Feronia' 6-max Seat #2 is the button
Seat 2: 2DaTango ($252.75 in chips)
Seat 3: ABATAPP ($73.19 in chips)
2DaTango: posts small blind $1
ABATAPP: posts big blind $3
*** HOLE CARDS ***
2DaTango: raises $3 to $6
ABATAPP: folds
Uncalled bet ($3) returned to 2DaTango
2DaTango collected $6 from pot
*** SUMMARY ***
Total pot $6 | Rake $0
Seat 2: 2DaTango (button) (small blind) collected ($6)
Seat 3: ABATAPP (big blind) folded before Flop


PokerStars Hand #160624731707:  Hold'em Limit ($3/$6 USD) - 2016/10/29 21:45:17 ET
Table 'Feronia' 6-max Seat #3 is the button
Seat 2: 2DaTango ($251.75 in chips)
Seat 3: ABATAPP ($74.19 in chips)
ABATAPP: posts small blind $1
2DaTango: posts big blind $3
*** HOLE CARDS ***
ABATAPP: folds
Uncalled bet ($2) returned to 2DaTango
2DaTango collected $2 from pot
*** SUMMARY ***
Total pot $2 | Rake $0
Seat 2: 2DaTango (big blind) collected ($2)
Seat 3: ABATAPP (button) (small blind) folded before Flop


PokerStars Hand #160624736272:  Hold'em Limit ($3/$6 USD) - 2016/10/29 21:45:29 ET
Table 'Feronia' 6-max Seat #3 is the button
Seat 2: 2DaTango ($255.75 in chips)
Seat 3: ABATAPP ($70.19 in chips)
ABATAPP: posts small blind $1
2DaTango: posts big blind $3
*** HOLE CARDS ***
ABATAPP: raises $3 to $6
2DaTango: folds
Uncalled bet ($3) returned to ABATAPP
ABATAPP collected $6 from pot
ABATAPP: doesn't show hand
*** SUMMARY ***
Total pot $6 | Rake $0
Seat 2: 2DaTango (big blind) folded before Flop
Seat 3: ABATAPP (button) (small blind) collected ($6)


PokerStars Hand #160624764971:  Hold'em Limit ($3/$6 USD) - 2016/10/29 21:46:42 ET
Table 'Feronia' 6-max Seat #2 is the button
Seat 2: 2DaTango ($249.39 in chips)
Seat 3: ABATAPP ($75.71 in chips)
2DaTango: posts small blind $1
ABATAPP: posts big blind $3
*** HOLE CARDS ***
2DaTango: raises $3 to $6
ABATAPP: folds
Uncalled bet ($3) returned to 2DaTango
2DaTango collected $6 from pot
*** SUMMARY ***
Total pot $6 | Rake $0
Seat 2: 2DaTango (button) (small blind) collected ($6)
Seat 3: ABATAPP (big blind) folded before Flop


PokerStars Hand #160624757752:  Hold'em Limit ($3/$6 USD) - 2016/10/29 21:46:23 ET
Table 'Feronia' 6-max Seat #3 is the button
Seat 2: 2DaTango ($240.75 in chips)
Seat 3: ABATAPP ($84.71 in chips)
ABATAPP: posts small blind $1
2DaTango: posts big blind $3
*** HOLE CARDS ***
ABATAPP: raises $3 to $6
2DaTango: calls $3
*** FLOP *** [2d 5d Kc]
2DaTango: bets $3
DeathBlow500 joins the table at seat #4
ABATAPP: calls $3
*** TURN *** [2d 5d Kc] [8h]
2DaTango: bets $6
ABATAPP: folds
Uncalled bet ($6) returned to 2DaTango
2DaTango collected $17.64 from pot
*** SUMMARY ***
Total pot $18 | Rake $0.36
Board [2d 5d Kc 8h]
Seat 2: 2DaTango (big blind) collected ($17.64)
Seat 3: ABATAPP (button) (small blind) folded on the Turn


PokerStars Hand #160624755499:  Hold'em Limit ($3/$6 USD) - 2016/10/29 21:46:18 ET
Table 'Feronia' 6-max Seat #2 is the button
Seat 2: 2DaTango ($237.75 in chips)
Seat 3: ABATAPP ($87.71 in chips)
2DaTango: posts small blind $1
ABATAPP: posts big blind $3
*** HOLE CARDS ***
2DaTango: raises $3 to $6
ABATAPP: folds
Uncalled bet ($3) returned to 2DaTango
2DaTango collected $6 from pot
*** SUMMARY ***
Total pot $6 | Rake $0
Seat 2: 2DaTango (button) (small blind) collected ($6)
Seat 3: ABATAPP (big blind) folded before Flop


PokerStars Hand #160624783255:  Hold'em Limit ($3/$6 USD) - 2016/10/29 21:47:29 ET
Table 'Feronia' 6-max Seat #3 is the button
Seat 2: 2DaTango ($259 in chips)
Seat 3: ABATAPP ($72.71 in chips)
ABATAPP: posts small blind $1
DeathBlow500: is sitting out
2DaTango: posts big blind $3
*** HOLE CARDS ***
ABATAPP: raises $3 to $6
2DaTango: calls $3
*** FLOP *** [5d 2s Qc]
DeathBlow500 leaves the table
2DaTango: checks
ABATAPP: bets $3
2DaTango: raises $3 to $6
ABATAPP: calls $3
*** TURN *** [5d 2s Qc] [Ks]
2DaTango: checks
ABATAPP: checks
*** RIVER *** [5d 2s Qc Ks] [3h]
2DaTango: bets $6
ABATAPP: folds
Uncalled bet ($6) returned to 2DaTango
2DaTango collected $23.52 from pot
*** SUMMARY ***
Total pot $24 | Rake $0.48
Board [5d 2s Qc Ks 3h]
Seat 2: 2DaTango (big blind) collected ($23.52)
Seat 3: ABATAPP (button) (small blind) folded on the River


PokerStars Hand #160624792387:  Hold'em Limit ($3/$6 USD) - 2016/10/29 21:47:51 ET
Table 'Feronia' 6-max Seat #2 is the button
Seat 2: 2DaTango ($270.52 in chips)
Seat 3: ABATAPP ($60.71 in chips)
2DaTango: posts small blind $1
ABATAPP: posts big blind $3
*** HOLE CARDS ***
2DaTango: raises $3 to $6
ABATAPP: calls $3
*** FLOP *** [9c Ac Jc]
ABATAPP: checks
2DaTango: checks
*** TURN *** [9c Ac Jc] [7s]
ABATAPP: checks
2DaTango: checks
*** RIVER *** [9c Ac Jc 7s] [9h]
ABATAPP: bets $6
2DaTango: folds
Uncalled bet ($6) returned to ABATAPP
ABATAPP collected $11.76 from pot
ABATAPP: doesn't show hand
*** SUMMARY ***
Total pot $12 | Rake $0.24
Board [9c Ac Jc 7s 9h]
Seat 2: 2DaTango (button) (small blind) folded on the River
Seat 3: ABATAPP (big blind) collected ($11.76)


PokerStars Hand #160624798707:  Hold'em Limit ($3/$6 USD) - 2016/10/29 21:48:08 ET
Table 'Feronia' 6-max Seat #3 is the button
Seat 2: 2DaTango ($264.52 in chips)
Seat 3: ABATAPP ($66.47 in chips)
ABATAPP: posts small blind $1
2DaTango: posts big blind $3
*** HOLE CARDS ***
ABATAPP: raises $3 to $6
2DaTango: folds
Uncalled bet ($3) returned to ABATAPP
ABATAPP collected $6 from pot
ABATAPP: doesn't show hand
*** SUMMARY ***
Total pot $6 | Rake $0
Seat 2: 2DaTango (big blind) folded before Flop
Seat 3: ABATAPP (button) (small blind) collected ($6)


PokerStars Hand #160624806673:  Hold'em Limit ($3/$6 USD) - 2016/10/29 21:48:28 ET
Table 'Feronia' 6-max Seat #2 is the button
Seat 2: 2DaTango ($261.52 in chips)
Seat 3: ABATAPP ($69.47 in chips)
2DaTango: posts small blind $1
ABATAPP: posts big blind $3
*** HOLE CARDS ***
2DaTango: raises $3 to $6
ABATAPP: calls $3
*** FLOP *** [Qs 6c Jh]
ABATAPP: checks
2DaTango: bets $3
ABATAPP: folds
Uncalled bet ($3) returned to 2DaTango
2DaTango collected $11.76 from pot
*** SUMMARY ***
Total pot $12 | Rake $0.24
Board [Qs 6c Jh]
Seat 2: 2DaTango (button) (small blind) collected ($11.76)
Seat 3: ABATAPP (big blind) folded on the Flop


PokerStars Hand #160624816305:  Hold'em Limit ($3/$6 USD) - 2016/10/29 21:48:52 ET
Table 'Feronia' 6-max Seat #2 is the button
Seat 2: 2DaTango ($261.28 in chips)
Seat 3: ABATAPP ($69.23 in chips)
2DaTango: posts small blind $1
ABATAPP: posts big blind $3
*** HOLE CARDS ***
2DaTango: folds
Uncalled bet ($2) returned to ABATAPP
ABATAPP collected $2 from pot
ABATAPP: doesn't show hand
*** SUMMARY ***
Total pot $2 | Rake $0
Seat 2: 2DaTango (button) (small blind) folded before Flop
Seat 3: ABATAPP (big blind) collected ($2)


PokerStars Hand #160624811526:  Hold'em Limit ($3/$6 USD) - 2016/10/29 21:48:40 ET
Table 'Feronia' 6-max Seat #3 is the button
Seat 2: 2DaTango ($267.28 in chips)
Seat 3: ABATAPP ($63.47 in chips)
ABATAPP: posts small blind $1
2DaTango: posts big blind $3
*** HOLE CARDS ***
ABATAPP: raises $3 to $6
2DaTango: calls $3
*** FLOP *** [Td 2s Qs]
2DaTango: checks
ABATAPP: bets $3
2DaTango: folds
Uncalled bet ($3) returned to ABATAPP
ABATAPP collected $11.76 from pot
ABATAPP: doesn't show hand
yayaya joins the table at seat #6
*** SUMMARY ***
Total pot $12 | Rake $0.24
Board [Td 2s Qs]
Seat 2: 2DaTango (big blind) folded on the Flop
Seat 3: ABATAPP (button) (small blind) collected ($11.76)


PokerStars Hand #160624803823:  Hold'em Limit ($3/$6 USD) - 2016/10/29 21:48:20 ET
Table 'Feronia' 6-max Seat #3 is the button
Seat 2: 2DaTango ($264.52 in chips)
Seat 3: ABATAPP ($66.47 in chips)
ABATAPP: posts small blind $1
2DaTango: posts big blind $3
*** HOLE CARDS ***
ABATAPP: raises $3 to $6
2DaTango: folds
Uncalled bet ($3) returned to ABATAPP
ABATAPP collected $6 from pot
ABATAPP: doesn't show hand
*** SUMMARY ***
Total pot $6 | Rake $0
Seat 2: 2DaTango (big blind) folded before Flop
Seat 3: ABATAPP (button) (small blind) collected ($6)


PokerStars Hand #160624801215:  Hold'em Limit ($3/$6 USD) - 2016/10/29 21:48:14 ET
Table 'Feronia' 6-max Seat #2 is the button
Seat 2: 2DaTango ($261.52 in chips)
Seat 3: ABATAPP ($69.47 in chips)
2DaTango: posts small blind $1
ABATAPP: posts big blind $3
*** HOLE CARDS ***
2DaTango: raises $3 to $6
ABATAPP: folds
Uncalled bet ($3) returned to 2DaTango
2DaTango collected $6 from pot
*** SUMMARY ***
Total pot $6 | Rake $0
Seat 2: 2DaTango (button) (small blind) collected ($6)
Seat 3: ABATAPP (big blind) folded before Flop


PokerStars Hand #160624961635:  Hold'em Limit ($3/$6 USD) - 2016/10/29 21:55:05 ET
Table 'Feronia' 6-max Seat #3 is the button
Seat 3: ABATAPP ($103.81 in chips)
Seat 6: yayaya ($150.51 in chips)
ABATAPP: posts small blind $1
yayaya: posts big blind $3
*** HOLE CARDS ***
ABATAPP: folds
Uncalled bet ($2) returned to yayaya
ABATAPP leaves the table
yayaya collected $2 from pot
*** SUMMARY ***
Total pot $2 | Rake $0
Seat 3: ABATAPP (button) (small blind) folded before Flop
Seat 6: yayaya (big blind) collected ($2)


PokerStars Hand #160627056173:  Hold'em Limit ($3/$6 USD) - 2016/10/29 23:35:03 ET
Table 'Feronia' 6-max Seat #1 is the button
Seat 1: Masqb ($80 in chips)
Seat 2: rumrun1 ($120 in chips)
Masqb: posts small blind $1
rumrun1: posts big blind $3
*** HOLE CARDS ***
Masqb: raises $3 to $6
rumrun1: folds
Uncalled bet ($3) returned to Masqb
Masqb collected $6 from pot
Masqb: doesn't show hand
*** SUMMARY ***
Total pot $6 | Rake $0
Seat 1: Masqb (button) (small blind) collected ($6)
Seat 2: rumrun1 (big blind) folded before Flop


PokerStars Hand #160627059251:  Hold'em Limit ($3/$6 USD) - 2016/10/29 23:35:14 ET
Table 'Feronia' 6-max Seat #2 is the button
Seat 1: Masqb ($83 in chips)
Seat 2: rumrun1 ($117 in chips)
rumrun1: posts small blind $1
Masqb: posts big blind $3
*** HOLE CARDS ***
rumrun1: raises $3 to $6
Masqb: raises $3 to $9
rumrun1: raises $3 to $12
Betting is capped
Masqb: calls $3
*** FLOP *** [8c 3c 5c]
Masqb: checks
rumrun1: bets $3
Masqb: calls $3
*** TURN *** [8c 3c 5c] [Jh]
Masqb: checks
rumrun1: checks
*** RIVER *** [8c 3c 5c Jh] [Jc]
Masqb: checks
rumrun1: bets $6
Masqb: calls $6
*** SHOW DOWN ***
rumrun1: shows [Tc Ks] (a flush, Jack high)
Masqb: mucks hand
rumrun1 collected $41.50 from pot
*** SUMMARY ***
Total pot $42 | Rake $0.50
Board [8c 3c 5c Jh Jc]
Seat 1: Masqb (big blind) mucked
Seat 2: rumrun1 (button) (small blind) showed [Tc Ks] and won ($41.50) with a flush, Jack high


PokerStars Hand #160627071580:  Hold'em Limit ($3/$6 USD) - 2016/10/29 23:35:54 ET
Table 'Feronia' 6-max Seat #1 is the button
Seat 1: Masqb ($62 in chips)
Seat 2: rumrun1 ($137.50 in chips)
Masqb: posts small blind $1
rumrun1: posts big blind $3
*** HOLE CARDS ***
Masqb: raises $3 to $6
rumrun1: calls $3
*** FLOP *** [6h Jc 7c]
rumrun1: bets $3
Masqb: calls $3
*** TURN *** [6h Jc 7c] [As]
rumrun1: checks
Masqb: checks
*** RIVER *** [6h Jc 7c As] [6c]
rumrun1: bets $6
Masqb: calls $6
*** SHOW DOWN ***
rumrun1: shows [Ts 9h] (a pair of Sixes)
Masqb: shows [Qh 8d] (a pair of Sixes - Ace+Queen kicker)
Masqb collected $29.50 from pot
*** SUMMARY ***
Total pot $30 | Rake $0.50
Board [6h Jc 7c As 6c]
Seat 1: Masqb (button) (small blind) showed [Qh 8d] and won ($29.50) with a pair of Sixes
Seat 2: rumrun1 (big blind) showed [Ts 9h] and lost with a pair of Sixes


PokerStars Hand #160627088502:  Hold'em Limit ($3/$6 USD) - 2016/10/29 23:36:49 ET
Table 'Feronia' 6-max Seat #1 is the button
Seat 1: Masqb ($64.50 in chips)
Seat 2: rumrun1 ($134.02 in chips)
Masqb: posts small blind $1
rumrun1: posts big blind $3
*** HOLE CARDS ***
Masqb: raises $3 to $6
rumrun1: raises $3 to $9
Masqb: calls $3
*** FLOP *** [9h 2h 6c]
rumrun1: bets $3
Masqb: raises $3 to $6
rumrun1: raises $3 to $9
Masqb: calls $3
*** TURN *** [9h 2h 6c] [Kh]
rumrun1: bets $6
Masqb: calls $6
*** RIVER *** [9h 2h 6c Kh] [6d]
rumrun1: bets $6
Masqb: calls $6
*** SHOW DOWN ***
rumrun1: shows [9c Qh] (two pair, Nines and Sixes)
Masqb: shows [Jc 9s] (two pair, Nines and Sixes)
rumrun1 collected $29.75 from pot
Masqb collected $29.75 from pot
*** SUMMARY ***
Total pot $60 | Rake $0.50
Board [9h 2h 6c Kh 6d]
Seat 1: Masqb (button) (small blind) showed [Jc 9s] and won ($29.75) with two pair, Nines and Sixes
Seat 2: rumrun1 (big blind) showed [9c Qh] and won ($29.75) with two pair, Nines and Sixes


PokerStars Hand #160627079692:  Hold'em Limit ($3/$6 USD) - 2016/10/29 23:36:20 ET
Table 'Feronia' 6-max Seat #2 is the button
Seat 1: Masqb ($76.50 in chips)
Seat 2: rumrun1 ($122.50 in chips)
rumrun1: posts small blind $1
Masqb: posts big blind $3
*** HOLE CARDS ***
rumrun1: raises $3 to $6
Masqb: calls $3
*** FLOP *** [7d Jd 9s]
Masqb: checks
rumrun1: bets $3
Masqb: raises $3 to $6
rumrun1: calls $3
*** TURN *** [7d Jd 9s] [9h]
Masqb: checks
rumrun1: checks
*** RIVER *** [7d Jd 9s 9h] [2h]
Masqb: checks
rumrun1: checks
*** SHOW DOWN ***
Masqb: shows [3s Qd] (a pair of Nines)
rumrun1: shows [8s As] (a pair of Nines - Ace kicker)
rumrun1 collected $23.52 from pot
*** SUMMARY ***
Total pot $24 | Rake $0.48
Board [7d Jd 9s 9h 2h]
Seat 1: Masqb (big blind) showed [3s Qd] and lost with a pair of Nines
Seat 2: rumrun1 (button) (small blind) showed [8s As] and won ($23.52) with a pair of Nines


PokerStars Hand #160627101251:  Hold'em Limit ($3/$6 USD) - 2016/10/29 23:37:31 ET
Table 'Feronia' 6-max Seat #1 is the button
Seat 1: Masqb ($72.89 in chips)
Seat 2: rumrun1 ($124.77 in chips)
Masqb: posts small blind $1
rumrun1: posts big blind $3
*** HOLE CARDS ***
Masqb: raises $3 to $6
rumrun1: calls $3
*** FLOP *** [8c 7d 3c]
rumrun1: checks
Masqb: bets $3
rumrun1: calls $3
*** TURN *** [8c 7d 3c] [4c]
rumrun1: checks
Chrispaul902 joins the table at seat #3
Masqb: bets $6
rumrun1: raises $6 to $12
Masqb: calls $6
*** RIVER *** [8c 7d 3c 4c] [Tc]
rumrun1: bets $6
Masqb: calls $6
*** SHOW DOWN ***
rumrun1: shows [Kc 6s] (a flush, King high)
Masqb: mucks hand
rumrun1 collected $53.50 from pot
*** SUMMARY ***
Total pot $54 | Rake $0.50
Board [8c 7d 3c 4c Tc]
Seat 1: Masqb (button) (small blind) mucked
Seat 2: rumrun1 (big blind) showed [Kc 6s] and won ($53.50) with a flush, King high


PokerStars Hand #160627097054:  Hold'em Limit ($3/$6 USD) - 2016/10/29 23:37:17 ET
Table 'Feronia' 6-max Seat #2 is the button
Seat 1: Masqb ($64.25 in chips)
Seat 2: rumrun1 ($133.77 in chips)
rumrun1: posts small blind $1
Masqb: posts big blind $3
*** HOLE CARDS ***
rumrun1: raises $3 to $6
Masqb: raises $3 to $9
rumrun1: calls $3
*** FLOP *** [Kd 7c 2h]
Masqb: bets $3
rumrun1: folds
Uncalled bet ($3) returned to Masqb
Masqb collected $17.64 from pot
Masqb: doesn't show hand
*** SUMMARY ***
Total pot $18 | Rake $0.36
Board [Kd 7c 2h]
Seat 1: Masqb (big blind) collected ($17.64)
Seat 2: rumrun1 (button) (small blind) folded on the Flop


