PokerStars Hand #147348027923:  Hold'em Limit ($3/$6 USD) - 2016/01/19 23:03:00 ET
Table 'Feronia IV' 2-max Seat #1 is the button
Seat 1: RaisemyNut$ ($119.75 in chips)
Seat 2: kdcl ($53.36 in chips)
RaisemyNut$: posts small blind $1
kdcl: posts big blind $3
*** HOLE CARDS ***
RaisemyNut$: raises $3 to $6
kdcl: calls $3
*** FLOP *** [2h Ad 8c]
kdcl: checks
RaisemyNut$: bets $3
kdcl: folds
Uncalled bet ($3) returned to RaisemyNut$
RaisemyNut$ collected $11.76 from pot
RaisemyNut$: doesn't show hand
*** SUMMARY ***
Total pot $12 | Rake $0.24
Board [2h Ad 8c]
Seat 1: RaisemyNut$ (button) (small blind) collected ($11.76)
Seat 2: kdcl (big blind) folded on the Flop


PokerStars Hand #147348020286:  Hold'em Limit ($3/$6 USD) - 2016/01/19 23:02:37 ET
Table 'Feronia IV' 2-max Seat #2 is the button
Seat 1: RaisemyNut$ ($120 in chips)
Seat 2: kdcl ($53.61 in chips)
kdcl: posts small blind $1
RaisemyNut$: posts big blind $3
*** HOLE CARDS ***
kdcl: raises $3 to $6
RaisemyNut$: raises $3 to $9
kdcl: calls $3
*** FLOP *** [Ks Jc Qs]
RaisemyNut$: bets $3
kdcl: calls $3
*** TURN *** [Ks Jc Qs] [Ts]
RaisemyNut$: bets $6
kdcl: calls $6
*** RIVER *** [Ks Jc Qs Ts] [Ah]
RaisemyNut$: checks
kdcl: checks
*** SHOW DOWN ***
RaisemyNut$: shows [As Jh] (a straight, Ten to Ace)
kdcl: shows [9s 8h] (a straight, Ten to Ace)
RaisemyNut$ collected $17.75 from pot
kdcl collected $17.75 from pot
*** SUMMARY ***
Total pot $36 | Rake $0.50
Board [Ks Jc Qs Ts Ah]
Seat 1: RaisemyNut$ (big blind) showed [As Jh] and won ($17.75) with a straight, Ten to Ace
Seat 2: kdcl (button) (small blind) showed [9s 8h] and won ($17.75) with a straight, Ten to Ace


PokerStars Hand #147348046838:  Hold'em Limit ($3/$6 USD) - 2016/01/19 23:03:56 ET
Table 'Feronia IV' 2-max Seat #1 is the button
Seat 1: RaisemyNut$ ($163.53 in chips)
Seat 2: kdcl ($8.36 in chips)
RaisemyNut$: posts small blind $1
kdcl: posts big blind $3
*** HOLE CARDS ***
RaisemyNut$: folds
Uncalled bet ($2) returned to kdcl
kdcl collected $2 from pot
*** SUMMARY ***
Total pot $2 | Rake $0
Seat 1: RaisemyNut$ (button) (small blind) folded before Flop
Seat 2: kdcl (big blind) collected ($2)


PokerStars Hand #147348042973:  Hold'em Limit ($3/$6 USD) - 2016/01/19 23:03:45 ET
Table 'Feronia IV' 2-max Seat #2 is the button
Seat 1: RaisemyNut$ ($157.77 in chips)
Seat 2: kdcl ($14.36 in chips)
kdcl: posts small blind $1
RaisemyNut$: posts big blind $3
*** HOLE CARDS ***
kdcl: raises $3 to $6
RaisemyNut$: calls $3
*** FLOP *** [Qc 5d 2h]
RaisemyNut$: checks
kdcl: checks
*** TURN *** [Qc 5d 2h] [6h]
RaisemyNut$: bets $6
kdcl: folds
Uncalled bet ($6) returned to RaisemyNut$
RaisemyNut$ collected $11.76 from pot
RaisemyNut$: doesn't show hand
*** SUMMARY ***
Total pot $12 | Rake $0.24
Board [Qc 5d 2h 6h]
Seat 1: RaisemyNut$ (big blind) collected ($11.76)
Seat 2: kdcl (button) (small blind) folded on the Turn


PokerStars Hand #147348036414:  Hold'em Limit ($3/$6 USD) - 2016/01/19 23:03:26 ET
Table 'Feronia IV' 2-max Seat #1 is the button
Seat 1: RaisemyNut$ ($131.27 in chips)
Seat 2: kdcl ($41.36 in chips)
RaisemyNut$: posts small blind $1
kdcl: posts big blind $3
*** HOLE CARDS ***
RaisemyNut$: raises $3 to $6
kdcl: calls $3
*** FLOP *** [As 3c Ks]
kdcl: checks
RaisemyNut$: bets $3
kdcl: calls $3
*** TURN *** [As 3c Ks] [Qs]
kdcl: checks
RaisemyNut$: bets $6
kdcl: raises $6 to $12
RaisemyNut$: calls $6
*** RIVER *** [As 3c Ks Qs] [Jh]
kdcl: bets $6
RaisemyNut$: calls $6
*** SHOW DOWN ***
kdcl: shows [Ad 2h] (a pair of Aces)
RaisemyNut$: shows [Jd Td] (a straight, Ten to Ace)
RaisemyNut$ collected $53.50 from pot
*** SUMMARY ***
Total pot $54 | Rake $0.50
Board [As 3c Ks Qs Jh]
Seat 1: RaisemyNut$ (button) (small blind) showed [Jd Td] and won ($53.50) with a straight, Ten to Ace
Seat 2: kdcl (big blind) showed [Ad 2h] and lost with a pair of Aces


PokerStars Hand #147348031013:  Hold'em Limit ($3/$6 USD) - 2016/01/19 23:03:09 ET
Table 'Feronia IV' 2-max Seat #2 is the button
Seat 1: RaisemyNut$ ($125.51 in chips)
Seat 2: kdcl ($47.36 in chips)
kdcl: posts small blind $1
RaisemyNut$: posts big blind $3
*** HOLE CARDS ***
kdcl: raises $3 to $6
RaisemyNut$: calls $3
*** FLOP *** [3d 3c 6s]
RaisemyNut$: checks
kdcl: checks
*** TURN *** [3d 3c 6s] [8d]
RaisemyNut$: bets $6
kdcl: folds
Uncalled bet ($6) returned to RaisemyNut$
RaisemyNut$ collected $11.76 from pot
RaisemyNut$: doesn't show hand
*** SUMMARY ***
Total pot $12 | Rake $0.24
Board [3d 3c 6s 8d]
Seat 1: RaisemyNut$ (big blind) collected ($11.76)
Seat 2: kdcl (button) (small blind) folded on the Turn


PokerStars Hand #147348049772:  Hold'em Limit ($3/$6 USD) - 2016/01/19 23:04:05 ET
Table 'Feronia IV' 2-max Seat #1 is the button
Seat 1: RaisemyNut$ ($163.53 in chips)
Seat 2: kdcl ($8.36 in chips)
RaisemyNut$: posts small blind $1
kdcl: posts big blind $3
*** HOLE CARDS ***
RaisemyNut$: raises $3 to $6
kdcl: raises $2.36 to $8.36 and is all-in
RaisemyNut$: calls $2.36
*** FLOP *** [6c 3h 3c]
*** TURN *** [6c 3h 3c] [Th]
*** RIVER *** [6c 3h 3c Th] [8h]
*** SHOW DOWN ***
kdcl: shows [6d Jc] (two pair, Sixes and Threes)
RaisemyNut$: shows [4c Ts] (two pair, Tens and Threes)
RaisemyNut$ collected $16.39 from pot
*** SUMMARY ***
Total pot $16.72 | Rake $0.33
Board [6c 3h 3c Th 8h]
Seat 1: RaisemyNut$ (button) (small blind) showed [4c Ts] and won ($16.39) with two pair, Tens and Threes
Seat 2: kdcl (big blind) showed [6d Jc] and lost with two pair, Sixes and Threes


PokerStars Hand #147348598389:  Hold'em Limit ($3/$6 USD) - 2016/01/19 23:32:46 ET
Table 'Feronia IV' 2-max Seat #1 is the button
Seat 1: RaisemyNut$ ($153.56 in chips)
Seat 2: _fayzulllo_ ($89.50 in chips)
RaisemyNut$: posts small blind $1
_fayzulllo_: posts big blind $3
*** HOLE CARDS ***
RaisemyNut$: raises $3 to $6
_fayzulllo_: calls $3
*** FLOP *** [2h Js Jc]
_fayzulllo_: checks
RaisemyNut$: bets $3
_fayzulllo_: folds
Uncalled bet ($3) returned to RaisemyNut$
RaisemyNut$ collected $11.76 from pot
RaisemyNut$: doesn't show hand
*** SUMMARY ***
Total pot $12 | Rake $0.24
Board [2h Js Jc]
Seat 1: RaisemyNut$ (button) (small blind) collected ($11.76)
Seat 2: _fayzulllo_ (big blind) folded on the Flop


PokerStars Hand #147348609020:  Hold'em Limit ($3/$6 USD) - 2016/01/19 23:33:21 ET
Table 'Feronia IV' 2-max Seat #1 is the button
Seat 1: RaisemyNut$ ($156.32 in chips)
Seat 2: _fayzulllo_ ($86.38 in chips)
RaisemyNut$: posts small blind $1
_fayzulllo_: posts big blind $3
*** HOLE CARDS ***
RaisemyNut$: raises $3 to $6
_fayzulllo_: folds
Uncalled bet ($3) returned to RaisemyNut$
RaisemyNut$ collected $6 from pot
RaisemyNut$: doesn't show hand
*** SUMMARY ***
Total pot $6 | Rake $0
Seat 1: RaisemyNut$ (button) (small blind) collected ($6)
Seat 2: _fayzulllo_ (big blind) folded before Flop


PokerStars Hand #147348603979:  Hold'em Limit ($3/$6 USD) - 2016/01/19 23:33:05 ET
Table 'Feronia IV' 2-max Seat #2 is the button
Seat 1: RaisemyNut$ ($159.32 in chips)
Seat 2: _fayzulllo_ ($83.50 in chips)
_fayzulllo_: posts small blind $1
RaisemyNut$: posts big blind $3
*** HOLE CARDS ***
_fayzulllo_: calls $2
RaisemyNut$: checks
*** FLOP *** [Kh As Ah]
RaisemyNut$: checks
_fayzulllo_: checks
*** TURN *** [Kh As Ah] [Qc]
RaisemyNut$: checks
_fayzulllo_: bets $6
RaisemyNut$: folds
Uncalled bet ($6) returned to _fayzulllo_
_fayzulllo_ collected $5.88 from pot
_fayzulllo_: doesn't show hand
*** SUMMARY ***
Total pot $6 | Rake $0.12
Board [Kh As Ah Qc]
Seat 1: RaisemyNut$ (big blind) folded on the Turn
Seat 2: _fayzulllo_ (button) (small blind) collected ($5.88)


PokerStars Hand #147348587044:  Hold'em Limit ($3/$6 USD) - 2016/01/19 23:32:10 ET
Table 'Feronia IV' 2-max Seat #2 is the button
Seat 1: RaisemyNut$ ($171.56 in chips)
Seat 2: _fayzulllo_ ($72 in chips)
_fayzulllo_: posts small blind $1
RaisemyNut$: posts big blind $3
*** HOLE CARDS ***
_fayzulllo_: calls $2
RaisemyNut$: checks
*** FLOP *** [3c 6s 3s]
RaisemyNut$: bets $3
_fayzulllo_: calls $3
*** TURN *** [3c 6s 3s] [Kc]
RaisemyNut$: bets $6
_fayzulllo_: calls $6
*** RIVER *** [3c 6s 3s Kc] [9c]
RaisemyNut$: checks
_fayzulllo_: bets $6
RaisemyNut$: calls $6
*** SHOW DOWN ***
_fayzulllo_: shows [3d 7d] (three of a kind, Threes)
RaisemyNut$: mucks hand
_fayzulllo_ collected $35.50 from pot
*** SUMMARY ***
Total pot $36 | Rake $0.50
Board [3c 6s 3s Kc 9c]
Seat 1: RaisemyNut$ (big blind) mucked
Seat 2: _fayzulllo_ (button) (small blind) showed [3d 7d] and won ($35.50) with three of a kind, Threes


PokerStars Hand #147348621437:  Hold'em Limit ($3/$6 USD) - 2016/01/19 23:34:02 ET
Table 'Feronia IV' 2-max Seat #2 is the button
Seat 1: RaisemyNut$ ($127.32 in chips)
Seat 2: _fayzulllo_ ($114.88 in chips)
_fayzulllo_: posts small blind $1
RaisemyNut$: posts big blind $3
*** HOLE CARDS ***
_fayzulllo_: calls $2
RaisemyNut$: raises $3 to $6
_fayzulllo_: calls $3
*** FLOP *** [4h 4d 3d]
RaisemyNut$: bets $3
_fayzulllo_: calls $3
*** TURN *** [4h 4d 3d] [7d]
RaisemyNut$: bets $6
_fayzulllo_: folds
Uncalled bet ($6) returned to RaisemyNut$
RaisemyNut$ collected $17.64 from pot
RaisemyNut$: doesn't show hand
*** SUMMARY ***
Total pot $18 | Rake $0.36
Board [4h 4d 3d 7d]
Seat 1: RaisemyNut$ (big blind) collected ($17.64)
Seat 2: _fayzulllo_ (button) (small blind) folded on the Turn


PokerStars Hand #147348612988:  Hold'em Limit ($3/$6 USD) - 2016/01/19 23:33:34 ET
Table 'Feronia IV' 2-max Seat #1 is the button
Seat 1: RaisemyNut$ ($160.32 in chips)
Seat 2: _fayzulllo_ ($82.38 in chips)
RaisemyNut$: posts small blind $1
_fayzulllo_: posts big blind $3
*** HOLE CARDS ***
RaisemyNut$: raises $3 to $6
_fayzulllo_: calls $3
*** FLOP *** [3h 9c 7h]
_fayzulllo_: checks
RaisemyNut$: bets $3
_fayzulllo_: calls $3
*** TURN *** [3h 9c 7h] [Kc]
_fayzulllo_: checks
RaisemyNut$: bets $6
_fayzulllo_: raises $6 to $12
RaisemyNut$: calls $6
*** RIVER *** [3h 9c 7h Kc] [Ah]
_fayzulllo_: bets $6
RaisemyNut$: raises $6 to $12
_fayzulllo_: calls $6
*** SHOW DOWN ***
RaisemyNut$: shows [9h 6h] (a flush, Ace high)
_fayzulllo_: shows [5h Th] (a flush, Ace high - Ten higher)
_fayzulllo_ collected $65.50 from pot
*** SUMMARY ***
Total pot $66 | Rake $0.50
Board [3h 9c 7h Kc Ah]
Seat 1: RaisemyNut$ (button) (small blind) showed [9h 6h] and lost with a flush, Ace high
Seat 2: _fayzulllo_ (big blind) showed [5h Th] and won ($65.50) with a flush, Ace high


PokerStars Hand #147348627446:  Hold'em Limit ($3/$6 USD) - 2016/01/19 23:34:22 ET
Table 'Feronia IV' 2-max Seat #1 is the button
Seat 1: RaisemyNut$ ($135.96 in chips)
Seat 2: _fayzulllo_ ($105.88 in chips)
RaisemyNut$: posts small blind $1
_fayzulllo_: posts big blind $3
*** HOLE CARDS ***
RaisemyNut$: raises $3 to $6
_fayzulllo_: calls $3
*** FLOP *** [7c 9c 8h]
_fayzulllo_: checks
RaisemyNut$: bets $3
_fayzulllo_: calls $3
*** TURN *** [7c 9c 8h] [Ad]
_fayzulllo_: checks
RaisemyNut$: bets $6
_fayzulllo_: calls $6
*** RIVER *** [7c 9c 8h Ad] [Tc]
_fayzulllo_: checks
RaisemyNut$: checks
*** SHOW DOWN ***
_fayzulllo_: shows [6h 3h] (a straight, Six to Ten)
RaisemyNut$: mucks hand
_fayzulllo_ collected $29.50 from pot
*** SUMMARY ***
Total pot $30 | Rake $0.50
Board [7c 9c 8h Ad Tc]
Seat 1: RaisemyNut$ (button) (small blind) mucked
Seat 2: _fayzulllo_ (big blind) showed [6h 3h] and won ($29.50) with a straight, Six to Ten


PokerStars Hand #147348639249:  Hold'em Limit ($3/$6 USD) - 2016/01/19 23:35:01 ET
Table 'Feronia IV' 2-max Seat #1 is the button
Seat 1: RaisemyNut$ ($121.96 in chips)
Seat 2: _fayzulllo_ ($119.38 in chips)
RaisemyNut$: posts small blind $1
_fayzulllo_: posts big blind $3
*** HOLE CARDS ***
RaisemyNut$: raises $3 to $6
_fayzulllo_: calls $3
*** FLOP *** [Jd 9h Qh]
_fayzulllo_: checks
RaisemyNut$: bets $3
_fayzulllo_: calls $3
*** TURN *** [Jd 9h Qh] [2h]
_fayzulllo_: checks
RaisemyNut$: bets $6
_fayzulllo_: folds
Uncalled bet ($6) returned to RaisemyNut$
RaisemyNut$ collected $17.64 from pot
RaisemyNut$: doesn't show hand
*** SUMMARY ***
Total pot $18 | Rake $0.36
Board [Jd 9h Qh 2h]
Seat 1: RaisemyNut$ (button) (small blind) collected ($17.64)
Seat 2: _fayzulllo_ (big blind) folded on the Turn


PokerStars Hand #147348645653:  Hold'em Limit ($3/$6 USD) - 2016/01/19 23:35:22 ET
Table 'Feronia IV' 2-max Seat #2 is the button
Seat 1: RaisemyNut$ ($130.60 in chips)
Seat 2: _fayzulllo_ ($110.38 in chips)
_fayzulllo_: posts small blind $1
RaisemyNut$: posts big blind $3
*** HOLE CARDS ***
_fayzulllo_: raises $3 to $6
RaisemyNut$: calls $3
*** FLOP *** [Qd Kd 8s]
RaisemyNut$: checks
_fayzulllo_: bets $3
RaisemyNut$: calls $3
*** TURN *** [Qd Kd 8s] [Jh]
RaisemyNut$: checks
_fayzulllo_: bets $6
RaisemyNut$: calls $6
*** RIVER *** [Qd Kd 8s Jh] [Th]
RaisemyNut$: checks
_fayzulllo_: checks
*** SHOW DOWN ***
RaisemyNut$: shows [9h Jc] (a straight, Nine to King)
_fayzulllo_: mucks hand
RaisemyNut$ collected $29.50 from pot
*** SUMMARY ***
Total pot $30 | Rake $0.50
Board [Qd Kd 8s Jh Th]
Seat 1: RaisemyNut$ (big blind) showed [9h Jc] and won ($29.50) with a straight, Nine to King
Seat 2: _fayzulllo_ (button) (small blind) mucked


PokerStars Hand #147348660179:  Hold'em Limit ($3/$6 USD) - 2016/01/19 23:36:10 ET
Table 'Feronia IV' 2-max Seat #2 is the button
Seat 1: RaisemyNut$ ($133.10 in chips)
Seat 2: _fayzulllo_ ($106.90 in chips)
_fayzulllo_: posts small blind $1
RaisemyNut$: posts big blind $3
*** HOLE CARDS ***
_fayzulllo_: raises $3 to $6
RaisemyNut$: calls $3
*** FLOP *** [3c Jd 8h]
RaisemyNut$: checks
_fayzulllo_: checks
*** TURN *** [3c Jd 8h] [6h]
RaisemyNut$: checks
_fayzulllo_: checks
*** RIVER *** [3c Jd 8h 6h] [Kc]
RaisemyNut$: bets $6
_fayzulllo_: calls $6
*** SHOW DOWN ***
RaisemyNut$: shows [9h Kh] (a pair of Kings)
_fayzulllo_: mucks hand
RaisemyNut$ collected $23.52 from pot
*** SUMMARY ***
Total pot $24 | Rake $0.48
Board [3c Jd 8h 6h Kc]
Seat 1: RaisemyNut$ (big blind) showed [9h Kh] and won ($23.52) with a pair of Kings
Seat 2: _fayzulllo_ (button) (small blind) mucked


PokerStars Hand #147348653024:  Hold'em Limit ($3/$6 USD) - 2016/01/19 23:35:46 ET
Table 'Feronia IV' 2-max Seat #1 is the button
Seat 1: RaisemyNut$ ($145.10 in chips)
Seat 2: _fayzulllo_ ($95.38 in chips)
RaisemyNut$: posts small blind $1
_fayzulllo_: posts big blind $3
*** HOLE CARDS ***
RaisemyNut$: raises $3 to $6
_fayzulllo_: calls $3
*** FLOP *** [4s Ks 8s]
_fayzulllo_: checks
RaisemyNut$: bets $3
_fayzulllo_: raises $3 to $6
RaisemyNut$: calls $3
*** TURN *** [4s Ks 8s] [2s]
_fayzulllo_: checks
RaisemyNut$: checks
*** RIVER *** [4s Ks 8s 2s] [Ad]
_fayzulllo_: bets $6
RaisemyNut$: folds
Uncalled bet ($6) returned to _fayzulllo_
_fayzulllo_ collected $23.52 from pot
_fayzulllo_: doesn't show hand
*** SUMMARY ***
Total pot $24 | Rake $0.48
Board [4s Ks 8s 2s Ad]
Seat 1: RaisemyNut$ (button) (small blind) folded on the River
Seat 2: _fayzulllo_ (big blind) collected ($23.52)


PokerStars Hand #147348672891:  Hold'em Limit ($3/$6 USD) - 2016/01/19 23:36:52 ET
Table 'Feronia IV' 2-max Seat #2 is the button
Seat 1: RaisemyNut$ ($129.62 in chips)
Seat 2: _fayzulllo_ ($109.40 in chips)
_fayzulllo_: posts small blind $1
RaisemyNut$: posts big blind $3
*** HOLE CARDS ***
_fayzulllo_: calls $2
RaisemyNut$: raises $3 to $6
_fayzulllo_: calls $3
*** FLOP *** [8c Jc 4h]
RaisemyNut$: bets $3
_fayzulllo_: folds
Uncalled bet ($3) returned to RaisemyNut$
RaisemyNut$ collected $11.76 from pot
RaisemyNut$: doesn't show hand
*** SUMMARY ***
Total pot $12 | Rake $0.24
Board [8c Jc 4h]
Seat 1: RaisemyNut$ (big blind) collected ($11.76)
Seat 2: _fayzulllo_ (button) (small blind) folded on the Flop


PokerStars Hand #147348665229:  Hold'em Limit ($3/$6 USD) - 2016/01/19 23:36:27 ET
Table 'Feronia IV' 2-max Seat #1 is the button
Seat 1: RaisemyNut$ ($144.62 in chips)
Seat 2: _fayzulllo_ ($94.90 in chips)
RaisemyNut$: posts small blind $1
_fayzulllo_: posts big blind $3
*** HOLE CARDS ***
RaisemyNut$: raises $3 to $6
_fayzulllo_: calls $3
*** FLOP *** [3h Td 8s]
_fayzulllo_: checks
RaisemyNut$: bets $3
_fayzulllo_: calls $3
*** TURN *** [3h Td 8s] [2h]
_fayzulllo_: checks
RaisemyNut$: checks
*** RIVER *** [3h Td 8s 2h] [8c]
_fayzulllo_: bets $6
RaisemyNut$: calls $6
*** SHOW DOWN ***
_fayzulllo_: shows [3c Qh] (two pair, Eights and Threes)
RaisemyNut$: mucks hand
_fayzulllo_ collected $29.50 from pot
*** SUMMARY ***
Total pot $30 | Rake $0.50
Board [3h Td 8s 2h 8c]
Seat 1: RaisemyNut$ (button) (small blind) mucked
Seat 2: _fayzulllo_ (big blind) showed [3c Qh] and won ($29.50) with two pair, Eights and Threes


PokerStars Hand #147348676697:  Hold'em Limit ($3/$6 USD) - 2016/01/19 23:37:05 ET
Table 'Feronia IV' 2-max Seat #1 is the button
Seat 1: RaisemyNut$ ($135.38 in chips)
Seat 2: _fayzulllo_ ($103.40 in chips)
RaisemyNut$: posts small blind $1
_fayzulllo_: posts big blind $3
*** HOLE CARDS ***
RaisemyNut$: raises $3 to $6
_fayzulllo_: raises $3 to $9
RaisemyNut$: calls $3
*** FLOP *** [8d 6c Ts]
_fayzulllo_: bets $3
RaisemyNut$: calls $3
*** TURN *** [8d 6c Ts] [8s]
_fayzulllo_: bets $6
RaisemyNut$: raises $6 to $12
_fayzulllo_: calls $6
*** RIVER *** [8d 6c Ts 8s] [7h]
_fayzulllo_: bets $6
RaisemyNut$: calls $6
*** SHOW DOWN ***
_fayzulllo_: shows [9h 9c] (a straight, Six to Ten)
RaisemyNut$: mucks hand
_fayzulllo_ collected $59.50 from pot
*** SUMMARY ***
Total pot $60 | Rake $0.50
Board [8d 6c Ts 8s 7h]
Seat 1: RaisemyNut$ (button) (small blind) mucked
Seat 2: _fayzulllo_ (big blind) showed [9h 9c] and won ($59.50) with a straight, Six to Ten


PokerStars Hand #147348692363:  Hold'em Limit ($3/$6 USD) - 2016/01/19 23:37:57 ET
Table 'Feronia IV' 2-max Seat #1 is the button
Seat 1: RaisemyNut$ ($119.88 in chips)
Seat 2: _fayzulllo_ ($117.90 in chips)
RaisemyNut$: posts small blind $1
_fayzulllo_: posts big blind $3
*** HOLE CARDS ***
RaisemyNut$: raises $3 to $6
_fayzulllo_: calls $3
*** FLOP *** [4h 3s Ah]
_fayzulllo_: checks
RaisemyNut$: bets $3
_fayzulllo_: raises $3 to $6
RaisemyNut$: raises $3 to $9
_fayzulllo_: calls $3
*** TURN *** [4h 3s Ah] [5c]
_fayzulllo_: checks
RaisemyNut$: checks
*** RIVER *** [4h 3s Ah 5c] [5h]
_fayzulllo_: bets $6
RaisemyNut$: folds
Uncalled bet ($6) returned to _fayzulllo_
_fayzulllo_ collected $29.50 from pot
_fayzulllo_: doesn't show hand
*** SUMMARY ***
Total pot $30 | Rake $0.50
Board [4h 3s Ah 5c 5h]
Seat 1: RaisemyNut$ (button) (small blind) folded on the River
Seat 2: _fayzulllo_ (big blind) collected ($29.50)


PokerStars Hand #147348683525:  Hold'em Limit ($3/$6 USD) - 2016/01/19 23:37:27 ET
Table 'Feronia IV' 2-max Seat #2 is the button
Seat 1: RaisemyNut$ ($105.38 in chips)
Seat 2: _fayzulllo_ ($132.90 in chips)
_fayzulllo_: posts small blind $1
RaisemyNut$: posts big blind $3
*** HOLE CARDS ***
_fayzulllo_: calls $2
RaisemyNut$: raises $3 to $6
_fayzulllo_: calls $3
*** FLOP *** [9d Kh 7h]
RaisemyNut$: bets $3
_fayzulllo_: calls $3
*** TURN *** [9d Kh 7h] [4h]
RaisemyNut$: bets $6
_fayzulllo_: calls $6
*** RIVER *** [9d Kh 7h 4h] [9s]
RaisemyNut$: bets $6
_fayzulllo_: folds
Uncalled bet ($6) returned to RaisemyNut$
RaisemyNut$ collected $29.50 from pot
RaisemyNut$: doesn't show hand
*** SUMMARY ***
Total pot $30 | Rake $0.50
Board [9d Kh 7h 4h 9s]
Seat 1: RaisemyNut$ (big blind) collected ($29.50)
Seat 2: _fayzulllo_ (button) (small blind) folded on the River


