PokerStars Hand #150149892779:  Hold'em Limit ($3/$6 USD) - 2016/03/10 15:58:03 ET
Table 'Feronia' 6-max Seat #6 is the button
Seat 5: thrsursign ($298.21 in chips)
Seat 6: ValeryRon ($117.99 in chips)
ValeryRon: posts small blind $1
thrsursign: posts big blind $3
*** HOLE CARDS ***
ValeryRon: folds
Uncalled bet ($2) returned to thrsursign
thrsursign collected $2 from pot
*** SUMMARY ***
Total pot $2 | Rake $0
Seat 5: thrsursign (big blind) collected ($2)
Seat 6: ValeryRon (button) (small blind) folded before Flop


PokerStars Hand #150149905969:  Hold'em Limit ($3/$6 USD) - 2016/03/10 15:58:20 ET
Table 'Feronia' 6-max Seat #5 is the button
Seat 4: gdk55 ($13.51 in chips)
Seat 5: thrsursign ($299.21 in chips)
thrsursign: posts small blind $1
gdk55: posts big blind $3
*** HOLE CARDS ***
thrsursign: calls $2
gdk55: checks
*** FLOP *** [Qh Jd 4d]
gdk55: checks
thrsursign: bets $3
vestimokrec leaves the table
gdk55: calls $3
*** TURN *** [Qh Jd 4d] [Ad]
gdk55: checks
thrsursign: checks
*** RIVER *** [Qh Jd 4d Ad] [8h]
gdk55: bets $6
thrsursign: calls $6
*** SHOW DOWN ***
gdk55: shows [Qd 2c] (a pair of Queens)
thrsursign: mucks hand
gdk55 collected $23.52 from pot
*** SUMMARY ***
Total pot $24 | Rake $0.48
Board [Qh Jd 4d Ad 8h]
Seat 4: gdk55 (big blind) showed [Qd 2c] and won ($23.52) with a pair of Queens
Seat 5: thrsursign (button) (small blind) mucked


PokerStars Hand #150150030364:  Hold'em Limit ($3/$6 USD) - 2016/03/10 16:00:52 ET
Table 'Feronia' 6-max Seat #4 is the button
Seat 4: gdk55 ($40.53 in chips)
Seat 5: thrsursign ($271.09 in chips)
gdk55: posts small blind $1
thrsursign: posts big blind $3
*** HOLE CARDS ***
gdk55: raises $3 to $6
thrsursign: folds
Uncalled bet ($3) returned to gdk55
gdk55 collected $6 from pot
gdk55: doesn't show hand
*** SUMMARY ***
Total pot $6 | Rake $0
Seat 4: gdk55 (button) (small blind) collected ($6)
Seat 5: thrsursign (big blind) folded before Flop


PokerStars Hand #150150024593:  Hold'em Limit ($3/$6 USD) - 2016/03/10 16:00:45 ET
Table 'Feronia' 6-max Seat #5 is the button
Seat 4: gdk55 ($43.53 in chips)
Seat 5: thrsursign ($268.09 in chips)
thrsursign: posts small blind $1
gdk55: posts big blind $3
*** HOLE CARDS ***
thrsursign: raises $3 to $6
gdk55: folds
Uncalled bet ($3) returned to thrsursign
thrsursign collected $6 from pot
*** SUMMARY ***
Total pot $6 | Rake $0
Seat 4: gdk55 (big blind) folded before Flop
Seat 5: thrsursign (button) (small blind) collected ($6)


PokerStars Hand #150150018446:  Hold'em Limit ($3/$6 USD) - 2016/03/10 16:00:38 ET
Table 'Feronia' 6-max Seat #4 is the button
Seat 4: gdk55 ($40.53 in chips)
Seat 5: thrsursign ($271.09 in chips)
gdk55: posts small blind $1
thrsursign: posts big blind $3
*** HOLE CARDS ***
gdk55: raises $3 to $6
thrsursign: folds
Uncalled bet ($3) returned to gdk55
gdk55 collected $6 from pot
gdk55: doesn't show hand
*** SUMMARY ***
Total pot $6 | Rake $0
Seat 4: gdk55 (button) (small blind) collected ($6)
Seat 5: thrsursign (big blind) folded before Flop


PokerStars Hand #150150013535:  Hold'em Limit ($3/$6 USD) - 2016/03/10 16:00:33 ET
Table 'Feronia' 6-max Seat #5 is the button
Seat 4: gdk55 ($39.53 in chips)
Seat 5: thrsursign ($272.09 in chips)
thrsursign: posts small blind $1
gdk55: posts big blind $3
*** HOLE CARDS ***
thrsursign: folds
Uncalled bet ($2) returned to gdk55
gdk55 collected $2 from pot
gdk55: doesn't show hand
*** SUMMARY ***
Total pot $2 | Rake $0
Seat 4: gdk55 (big blind) collected ($2)
Seat 5: thrsursign (button) (small blind) folded before Flop


PokerStars Hand #150150006089:  Hold'em Limit ($3/$6 USD) - 2016/03/10 16:00:24 ET
Table 'Feronia' 6-max Seat #4 is the button
Seat 4: gdk55 ($36.53 in chips)
Seat 5: thrsursign ($275.09 in chips)
gdk55: posts small blind $1
thrsursign: posts big blind $3
*** HOLE CARDS ***
gdk55: raises $3 to $6
thrsursign: folds
Uncalled bet ($3) returned to gdk55
gdk55 collected $6 from pot
gdk55: doesn't show hand
*** SUMMARY ***
Total pot $6 | Rake $0
Seat 4: gdk55 (button) (small blind) collected ($6)
Seat 5: thrsursign (big blind) folded before Flop


PokerStars Hand #150149995409:  Hold'em Limit ($3/$6 USD) - 2016/03/10 16:00:11 ET
Table 'Feronia' 6-max Seat #5 is the button
Seat 4: gdk55 ($39.53 in chips)
Seat 5: thrsursign ($272.21 in chips)
thrsursign: posts small blind $1
gdk55: posts big blind $3
*** HOLE CARDS ***
thrsursign: calls $2
gdk55: checks
*** FLOP *** [8c 4c 4s]
gdk55: checks
thrsursign: bets $3
gdk55: folds
Uncalled bet ($3) returned to thrsursign
thrsursign collected $5.88 from pot
*** SUMMARY ***
Total pot $6 | Rake $0.12
Board [8c 4c 4s]
Seat 4: gdk55 (big blind) folded on the Flop
Seat 5: thrsursign (button) (small blind) collected ($5.88)


PokerStars Hand #150149973888:  Hold'em Limit ($3/$6 USD) - 2016/03/10 15:59:45 ET
Table 'Feronia' 6-max Seat #4 is the button
Seat 4: gdk55 ($25.03 in chips)
Seat 5: thrsursign ($287.21 in chips)
gdk55: posts small blind $1
thrsursign: posts big blind $3
*** HOLE CARDS ***
gdk55: calls $2
thrsursign: raises $3 to $6
gdk55: calls $3
*** FLOP *** [7h 4d Td]
thrsursign: bets $3
gdk55: calls $3
*** TURN *** [7h 4d Td] [Ad]
thrsursign: checks
gdk55: bets $6
thrsursign: calls $6
*** RIVER *** [7h 4d Td Ad] [2c]
thrsursign: checks
gdk55: bets $6
thrsursign: folds
Uncalled bet ($6) returned to gdk55
gdk55 collected $29.50 from pot
gdk55: doesn't show hand
*** SUMMARY ***
Total pot $30 | Rake $0.50
Board [7h 4d Td Ad 2c]
Seat 4: gdk55 (button) (small blind) collected ($29.50)
Seat 5: thrsursign (big blind) folded on the River


PokerStars Hand #150150067599:  Hold'em Limit ($3/$6 USD) - 2016/03/10 16:01:33 ET
Table 'Feronia' 6-max Seat #5 is the button
Seat 4: gdk55 ($16.53 in chips)
Seat 5: thrsursign ($294.11 in chips)
thrsursign: posts small blind $1
gdk55: posts big blind $3
*** HOLE CARDS ***
thrsursign: folds
Uncalled bet ($2) returned to gdk55
thrsursign leaves the table
gdk55 collected $2 from pot
gdk55: doesn't show hand
*** SUMMARY ***
Total pot $2 | Rake $0
Seat 4: gdk55 (big blind) collected ($2)
Seat 5: thrsursign (button) (small blind) folded before Flop


PokerStars Hand #150150049242:  Hold'em Limit ($3/$6 USD) - 2016/03/10 16:01:13 ET
Table 'Feronia' 6-max Seat #4 is the button
Seat 4: gdk55 ($31.53 in chips)
Seat 5: thrsursign ($279.61 in chips)
gdk55: posts small blind $1
thrsursign: posts big blind $3
*** HOLE CARDS ***
gdk55: calls $2
thrsursign: checks
*** FLOP *** [3c Ts 6h]
thrsursign: checks
gdk55: checks
*** TURN *** [3c Ts 6h] [Js]
thrsursign: bets $6
gdk55: calls $6
*** RIVER *** [3c Ts 6h Js] [Tc]
thrsursign: bets $6
gdk55: calls $6
*** SHOW DOWN ***
thrsursign: shows [Jd 8h] (two pair, Jacks and Tens)
gdk55: mucks hand
thrsursign collected $29.50 from pot
*** SUMMARY ***
Total pot $30 | Rake $0.50
Board [3c Ts 6h Js Tc]
Seat 4: gdk55 (button) (small blind) mucked
Seat 5: thrsursign (big blind) showed [Jd 8h] and won ($29.50) with two pair, Jacks and Tens


PokerStars Hand #150150036754:  Hold'em Limit ($3/$6 USD) - 2016/03/10 16:00:59 ET
Table 'Feronia' 6-max Seat #5 is the button
Seat 4: gdk55 ($43.53 in chips)
Seat 5: thrsursign ($268.09 in chips)
thrsursign: posts small blind $1
gdk55: posts big blind $3
*** HOLE CARDS ***
thrsursign: raises $3 to $6
gdk55: calls $3
*** FLOP *** [Jc Js Th]
gdk55: checks
thrsursign: checks
*** TURN *** [Jc Js Th] [Ac]
gdk55: bets $6
thrsursign: raises $6 to $12
gdk55: folds
Uncalled bet ($6) returned to thrsursign
thrsursign collected $23.52 from pot
*** SUMMARY ***
Total pot $24 | Rake $0.48
Board [Jc Js Th Ac]
Seat 4: gdk55 (big blind) folded on the Turn
Seat 5: thrsursign (button) (small blind) collected ($23.52)


PokerStars Hand #150151001334:  Hold'em Limit ($3/$6 USD) - 2016/03/10 16:17:05 ET
Table 'Feronia' 6-max Seat #5 is the button
Seat 1: Zubasa07 ($475 in chips)
Seat 5: vestimokrec ($126.61 in chips)
xKronic2k11 will be allowed to play after the button
vestimokrec: posts small blind $1
nashmed99 leaves the table
Zubasa07: posts big blind $3
*** HOLE CARDS ***
cerkes394 joins the table at seat #2
vestimokrec: raises $3 to $6
Zubasa07: calls $3
*** FLOP *** [6d 5c 4s]
Zubasa07: checks
vestimokrec: checks
*** TURN *** [6d 5c 4s] [7s]
Zubasa07: bets $6
vestimokrec: folds
Uncalled bet ($6) returned to Zubasa07
Zubasa07 collected $11.76 from pot
Zubasa07: doesn't show hand
*** SUMMARY ***
Total pot $12 | Rake $0.24
Board [6d 5c 4s 7s]
Seat 1: Zubasa07 (big blind) collected ($11.76)
Seat 5: vestimokrec (button) (small blind) folded on the Turn


PokerStars Hand #150152244417:  Hold'em Limit ($3/$6 USD) - 2016/03/10 16:38:24 ET
Table 'Feronia' 6-max Seat #5 is the button
Seat 2: cerkes394 ($46.54 in chips)
Seat 5: JSDM8682 ($157.05 in chips)
JSDM8682: posts small blind $1
Zubasa07: is sitting out
cerkes394: posts big blind $3
*** HOLE CARDS ***
JSDM8682: folds
Uncalled bet ($2) returned to cerkes394
cerkes394 collected $2 from pot
*** SUMMARY ***
Total pot $2 | Rake $0
Seat 2: cerkes394 (big blind) collected ($2)
Seat 5: JSDM8682 (button) (small blind) folded before Flop


