PokerStars Hand #146084832318:  Hold'em Limit ($3/$6 USD) - 2015/12/28 18:04:00 ET
Table 'Feronia III' 6-max Seat #5 is the button
Seat 3: V.I.P.77202 ($56.45 in chips)
Seat 5: Pandakey ($114 in chips)
Pandakey: posts small blind $1
V.I.P.77202: posts big blind $3
*** HOLE CARDS ***
Pandakey: raises $3 to $6
V.I.P.77202: folds
Uncalled bet ($3) returned to Pandakey
Pandakey collected $6 from pot
Pandakey: doesn't show hand
*** SUMMARY ***
Total pot $6 | Rake $0
Seat 3: V.I.P.77202 (big blind) folded before Flop
Seat 5: Pandakey (button) (small blind) collected ($6)


PokerStars Hand #146084841580:  Hold'em Limit ($3/$6 USD) - 2015/12/28 18:04:10 ET
Table 'Feronia III' 6-max Seat #3 is the button
Seat 3: V.I.P.77202 ($53.45 in chips)
Seat 5: Pandakey ($117 in chips)
V.I.P.77202: posts small blind $1
Pandakey: posts big blind $3
*** HOLE CARDS ***
V.I.P.77202: raises $3 to $6
Pandakey: calls $3
*** FLOP *** [4h Th Jd]
Pandakey: checks
V.I.P.77202: bets $3
Pandakey: folds
Uncalled bet ($3) returned to V.I.P.77202
V.I.P.77202 collected $11.76 from pot
V.I.P.77202: doesn't show hand
*** SUMMARY ***
Total pot $12 | Rake $0.24
Board [4h Th Jd]
Seat 3: V.I.P.77202 (button) (small blind) collected ($11.76)
Seat 5: Pandakey (big blind) folded on the Flop


PokerStars Hand #146084854953:  Hold'em Limit ($3/$6 USD) - 2015/12/28 18:04:24 ET
Table 'Feronia III' 6-max Seat #5 is the button
Seat 3: V.I.P.77202 ($59.21 in chips)
Seat 5: Pandakey ($111 in chips)
Pandakey: posts small blind $1
V.I.P.77202: posts big blind $3
*** HOLE CARDS ***
Pandakey: raises $3 to $6
GoliafUa joins the table at seat #4
V.I.P.77202: calls $3
*** FLOP *** [7d Qc Kc]
V.I.P.77202: checks
Pandakey: bets $3
V.I.P.77202: calls $3
*** TURN *** [7d Qc Kc] [As]
V.I.P.77202: checks
Pandakey: bets $6
V.I.P.77202: raises $6 to $12
Pandakey: raises $6 to $18
V.I.P.77202: calls $6
*** RIVER *** [7d Qc Kc As] [Ts]
V.I.P.77202: bets $6
Pandakey: calls $6
*** SHOW DOWN ***
V.I.P.77202: shows [Kd Jd] (a straight, Ten to Ace)
Pandakey: mucks hand
V.I.P.77202 collected $65.50 from pot
*** SUMMARY ***
Total pot $66 | Rake $0.50
Board [7d Qc Kc As Ts]
Seat 3: V.I.P.77202 (big blind) showed [Kd Jd] and won ($65.50) with a straight, Ten to Ace
Seat 5: Pandakey (button) (small blind) mucked


PokerStars Hand #146084946352:  Hold'em Limit ($3/$6 USD) - 2015/12/28 18:06:05 ET
Table 'Feronia III' 6-max Seat #3 is the button
Seat 3: V.I.P.77202 ($84.71 in chips)
Seat 5: Pandakey ($94.71 in chips)
monstersmit will be allowed to play after the button
V.I.P.77202: posts small blind $1
Pandakey: posts big blind $3
*** HOLE CARDS ***
V.I.P.77202: raises $3 to $6
Pandakey: raises $3 to $9
V.I.P.77202: calls $3
*** FLOP *** [Jd 6d Qs]
Pandakey: bets $3
V.I.P.77202: calls $3
*** TURN *** [Jd 6d Qs] [Kd]
Pandakey: bets $6
V.I.P.77202: calls $6
*** RIVER *** [Jd 6d Qs Kd] [3s]
Pandakey: bets $6
V.I.P.77202: calls $6
*** SHOW DOWN ***
Pandakey: shows [Qd Th] (a pair of Queens)
V.I.P.77202: mucks hand
Pandakey collected $47.50 from pot
*** SUMMARY ***
Total pot $48 | Rake $0.50
Board [Jd 6d Qs Kd 3s]
Seat 3: V.I.P.77202 (button) (small blind) mucked
Seat 5: Pandakey (big blind) showed [Qd Th] and won ($47.50) with a pair of Queens


