PokerStars Hand #171670242746:  Hold'em Limit ($3/$6 USD) - 2017/06/12 4:59:50 ET
Table 'Feronia' 6-max Seat #3 is the button
Seat 2: MTails ($122.14 in chips)
Seat 3: Hapsior ($116.50 in chips)
Hapsior: posts small blind $1
MTails: posts big blind $3
*** HOLE CARDS ***
Hapsior: calls $2
MTails: raises $3 to $6
Hapsior: calls $3
*** FLOP *** [2c 2h 6h]
MTails: bets $3
Hapsior: folds
Uncalled bet ($3) returned to MTails
MTails collected $11.76 from pot
*** SUMMARY ***
Total pot $12 | Rake $0.24
Board [2c 2h 6h]
Seat 2: MTails (big blind) collected ($11.76)
Seat 3: Hapsior (button) (small blind) folded on the Flop


PokerStars Hand #171670233557:  Hold'em Limit ($3/$6 USD) - 2017/06/12 4:59:17 ET
Table 'Feronia' 6-max Seat #3 is the button
Seat 2: MTails ($128.64 in chips)
Seat 3: Hapsior ($111 in chips)
Hapsior: posts small blind $1
MTails: posts big blind $3
*** HOLE CARDS ***
Hapsior: calls $2
MTails: raises $3 to $6
Hapsior: calls $3
*** FLOP *** [Jh 5d 4c]
MTails: bets $3
Hapsior: calls $3
*** TURN *** [Jh 5d 4c] [Kh]
MTails: checks
Hapsior: checks
*** RIVER *** [Jh 5d 4c Kh] [Ks]
MTails: bets $6
Hapsior: calls $6
*** SHOW DOWN ***
MTails: shows [4d Kd] (a full house, Kings full of Fours)
Hapsior: mucks hand
MTails collected $29.50 from pot
*** SUMMARY ***
Total pot $30 | Rake $0.50
Board [Jh 5d 4c Kh Ks]
Seat 2: MTails (big blind) showed [4d Kd] and won ($29.50) with a full house, Kings full of Fours
Seat 3: Hapsior (button) (small blind) mucked


PokerStars Hand #171670228411:  Hold'em Limit ($3/$6 USD) - 2017/06/12 4:58:59 ET
Table 'Feronia' 6-max Seat #2 is the button
Seat 2: MTails ($120 in chips)
Seat 3: Hapsior ($120 in chips)
MTails: posts small blind $1
Hapsior: posts big blind $3
*** HOLE CARDS ***
MTails: raises $3 to $6
Hapsior: calls $3
*** FLOP *** [Js Jc 7c]
Hapsior: bets $3
MTails: calls $3
*** TURN *** [Js Jc 7c] [Ah]
Hapsior: checks
MTails: bets $6
Hapsior: folds
Uncalled bet ($6) returned to MTails
MTails collected $17.64 from pot
*** SUMMARY ***
Total pot $18 | Rake $0.36
Board [Js Jc 7c Ah]
Seat 2: MTails (button) (small blind) collected ($17.64)
Seat 3: Hapsior (big blind) folded on the Turn


PokerStars Hand #171670238011:  Hold'em Limit ($3/$6 USD) - 2017/06/12 4:59:33 ET
Table 'Feronia' 6-max Seat #2 is the button
Seat 2: MTails ($143.14 in chips)
Seat 3: Hapsior ($96 in chips)
MTails: posts small blind $1
Hapsior: posts big blind $3
*** HOLE CARDS ***
MTails: raises $3 to $6
Hapsior: calls $3
*** FLOP *** [Qh Qs 4h]
Hapsior: checks
MTails: bets $3
Hapsior: calls $3
*** TURN *** [Qh Qs 4h] [9s]
Hapsior: checks
MTails: bets $6
Hapsior: calls $6
*** RIVER *** [Qh Qs 4h 9s] [2c]
Hapsior: checks
MTails: bets $6
Hapsior: calls $6
*** SHOW DOWN ***
MTails: shows [Ts 7s] (a pair of Queens)
Hapsior: shows [8c Ac] (a pair of Queens - Ace kicker)
Hapsior collected $41.50 from pot
*** SUMMARY ***
Total pot $42 | Rake $0.50
Board [Qh Qs 4h 9s 2c]
Seat 2: MTails (button) (small blind) showed [Ts 7s] and lost with a pair of Queens
Seat 3: Hapsior (big blind) showed [8c Ac] and won ($41.50) with a pair of Queens


PokerStars Hand #171670260752:  Hold'em Limit ($3/$6 USD) - 2017/06/12 5:00:51 ET
Table 'Feronia' 6-max Seat #2 is the button
Seat 2: MTails ($150.92 in chips)
Seat 3: Hapsior ($86.02 in chips)
MTails: posts small blind $1
Hapsior: posts big blind $3
*** HOLE CARDS ***
MTails: raises $3 to $6
Hapsior: calls $3
*** FLOP *** [4s Ks Qh]
Hapsior: checks
MTails: bets $3
Hapsior: folds
Uncalled bet ($3) returned to MTails
MTails collected $11.76 from pot
*** SUMMARY ***
Total pot $12 | Rake $0.24
Board [4s Ks Qh]
Seat 2: MTails (button) (small blind) collected ($11.76)
Seat 3: Hapsior (big blind) folded on the Flop


PokerStars Hand #171670251832:  Hold'em Limit ($3/$6 USD) - 2017/06/12 5:00:21 ET
Table 'Feronia' 6-max Seat #2 is the button
Seat 2: MTails ($151.40 in chips)
Seat 3: Hapsior ($86.50 in chips)
MTails: posts small blind $1
Hapsior: posts big blind $3
*** HOLE CARDS ***
MTails: raises $3 to $6
Hapsior: raises $3 to $9
MTails: calls $3
*** FLOP *** [Jh 4d Th]
Hapsior: checks
MTails: bets $3
Hapsior: calls $3
*** TURN *** [Jh 4d Th] [3h]
Hapsior: checks
MTails: bets $6
Hapsior: folds
Uncalled bet ($6) returned to MTails
MTails collected $23.52 from pot
*** SUMMARY ***
Total pot $24 | Rake $0.48
Board [Jh 4d Th 3h]
Seat 2: MTails (button) (small blind) collected ($23.52)
Seat 3: Hapsior (big blind) folded on the Turn


PokerStars Hand #171670247419:  Hold'em Limit ($3/$6 USD) - 2017/06/12 5:00:05 ET
Table 'Feronia' 6-max Seat #3 is the button
Seat 2: MTails ($130.90 in chips)
Seat 3: Hapsior ($107.50 in chips)
Hapsior: posts small blind $1
MTails: posts big blind $3
*** HOLE CARDS ***
Hapsior: calls $2
MTails: raises $3 to $6
Hapsior: calls $3
*** FLOP *** [7h Kh Ad]
MTails: bets $3
Hapsior: calls $3
*** TURN *** [7h Kh Ad] [Ks]
MTails: bets $6
Hapsior: calls $6
*** RIVER *** [7h Kh Ad Ks] [3h]
MTails: bets $6
Hapsior: calls $6
*** SHOW DOWN ***
MTails: shows [Kd Qc] (three of a kind, Kings)
Hapsior: mucks hand
MTails collected $41.50 from pot
*** SUMMARY ***
Total pot $42 | Rake $0.50
Board [7h Kh Ad Ks 3h]
Seat 2: MTails (big blind) showed [Kd Qc] and won ($41.50) with three of a kind, Kings
Seat 3: Hapsior (button) (small blind) mucked


PokerStars Hand #171670245848:  Hold'em Limit ($3/$6 USD) - 2017/06/12 5:00:00 ET
Table 'Feronia' 6-max Seat #2 is the button
Seat 2: MTails ($127.90 in chips)
Seat 3: Hapsior ($110.50 in chips)
MTails: posts small blind $1
Hapsior: posts big blind $3
*** HOLE CARDS ***
MTails: raises $3 to $6
Hapsior: folds
Uncalled bet ($3) returned to MTails
MTails collected $6 from pot
*** SUMMARY ***
Total pot $6 | Rake $0
Seat 2: MTails (button) (small blind) collected ($6)
Seat 3: Hapsior (big blind) folded before Flop


PokerStars Hand #171670268181:  Hold'em Limit ($3/$6 USD) - 2017/06/12 5:01:14 ET
Table 'Feronia' 6-max Seat #3 is the button
Seat 2: MTails ($163.44 in chips)
Seat 3: Hapsior ($73.02 in chips)
Hapsior: posts small blind $1
MTails: posts big blind $3
*** HOLE CARDS ***
Hapsior: folds
Uncalled bet ($2) returned to MTails
MTails collected $2 from pot
*** SUMMARY ***
Total pot $2 | Rake $0
Seat 2: MTails (big blind) collected ($2)
Seat 3: Hapsior (button) (small blind) folded before Flop


PokerStars Hand #171670265343:  Hold'em Limit ($3/$6 USD) - 2017/06/12 5:01:05 ET
Table 'Feronia' 6-max Seat #2 is the button
Seat 2: MTails ($157.68 in chips)
Seat 3: Hapsior ($79.02 in chips)
MTails: posts small blind $1
Hapsior: posts big blind $3
*** HOLE CARDS ***
MTails: raises $3 to $6
Hapsior: calls $3
*** FLOP *** [Kd Kh 2c]
Hapsior: checks
MTails: bets $3
Hapsior: folds
Uncalled bet ($3) returned to MTails
MTails collected $11.76 from pot
*** SUMMARY ***
Total pot $12 | Rake $0.24
Board [Kd Kh 2c]
Seat 2: MTails (button) (small blind) collected ($11.76)
Seat 3: Hapsior (big blind) folded on the Flop


PokerStars Hand #171670263704:  Hold'em Limit ($3/$6 USD) - 2017/06/12 5:01:00 ET
Table 'Feronia' 6-max Seat #3 is the button
Seat 2: MTails ($156.68 in chips)
Seat 3: Hapsior ($80.02 in chips)
Hapsior: posts small blind $1
MTails: posts big blind $3
*** HOLE CARDS ***
Hapsior: folds
Uncalled bet ($2) returned to MTails
MTails collected $2 from pot
*** SUMMARY ***
Total pot $2 | Rake $0
Seat 2: MTails (big blind) collected ($2)
Seat 3: Hapsior (button) (small blind) folded before Flop


PokerStars Hand #171670269558:  Hold'em Limit ($3/$6 USD) - 2017/06/12 5:01:19 ET
Table 'Feronia' 6-max Seat #2 is the button
Seat 2: MTails ($164.44 in chips)
Seat 3: Hapsior ($72.02 in chips)
MTails: posts small blind $1
Hapsior: posts big blind $3
*** HOLE CARDS ***
MTails: raises $3 to $6
Hapsior: calls $3
*** FLOP *** [8c 3c 3h]
Hapsior: checks
MTails: bets $3
Hapsior: calls $3
*** TURN *** [8c 3c 3h] [3d]
Hapsior: checks
MTails: bets $6
Hapsior: calls $6
*** RIVER *** [8c 3c 3h 3d] [Qd]
Hapsior: checks
MTails: bets $6
Hapsior: calls $6
*** SHOW DOWN ***
MTails: shows [Js Jc] (a full house, Threes full of Jacks)
Hapsior: mucks hand
MTails collected $41.50 from pot
*** SUMMARY ***
Total pot $42 | Rake $0.50
Board [8c 3c 3h 3d Qd]
Seat 2: MTails (button) (small blind) showed [Js Jc] and won ($41.50) with a full house, Threes full of Jacks
Seat 3: Hapsior (big blind) mucked


PokerStars Hand #171670274804:  Hold'em Limit ($3/$6 USD) - 2017/06/12 5:01:36 ET
Table 'Feronia' 6-max Seat #3 is the button
Seat 2: MTails ($184.94 in chips)
Seat 3: Hapsior ($51.02 in chips)
Hapsior: posts small blind $1
MTails: posts big blind $3
*** HOLE CARDS ***
Hapsior: raises $3 to $6
MTails: calls $3
*** FLOP *** [3h Ts As]
MTails: checks
Hapsior: checks
*** TURN *** [3h Ts As] [6s]
MTails: bets $6
Hapsior: calls $6
*** RIVER *** [3h Ts As 6s] [Qh]
MTails: bets $6
Hapsior: calls $6
*** SHOW DOWN ***
MTails: shows [9s 5d] (high card Ace)
Hapsior: shows [9h 8h] (high card Ace - Queen+Ten+Nine+Eight kicker)
Hapsior collected $35.50 from pot
*** SUMMARY ***
Total pot $36 | Rake $0.50
Board [3h Ts As 6s Qh]
Seat 2: MTails (big blind) showed [9s 5d] and lost with high card Ace
Seat 3: Hapsior (button) (small blind) showed [9h 8h] and won ($35.50) with high card Ace


PokerStars Hand #171670284916:  Hold'em Limit ($3/$6 USD) - 2017/06/12 5:02:09 ET
Table 'Feronia' 6-max Seat #3 is the button
Seat 2: MTails ($151.94 in chips)
Seat 3: Hapsior ($83.02 in chips)
Hapsior: posts small blind $1
MTails: posts big blind $3
*** HOLE CARDS ***
Hapsior: calls $2
MTails: raises $3 to $6
Hapsior: calls $3
*** FLOP *** [7d 3s Ad]
MTails: bets $3
Hapsior: calls $3
*** TURN *** [7d 3s Ad] [Td]
MTails: bets $6
Hapsior: raises $6 to $12
MTails: calls $6
*** RIVER *** [7d 3s Ad Td] [9d]
MTails: bets $6
Hapsior: calls $6
*** SHOW DOWN ***
MTails: shows [Kd 5c] (a flush, Ace high)
Hapsior: mucks hand
MTails collected $53.50 from pot
*** SUMMARY ***
Total pot $54 | Rake $0.50
Board [7d 3s Ad Td 9d]
Seat 2: MTails (big blind) showed [Kd 5c] and won ($53.50) with a flush, Ace high
Seat 3: Hapsior (button) (small blind) mucked


PokerStars Hand #171670290554:  Hold'em Limit ($3/$6 USD) - 2017/06/12 5:02:27 ET
Table 'Feronia' 6-max Seat #2 is the button
Seat 2: MTails ($178.44 in chips)
Seat 3: Hapsior ($56.02 in chips)
MTails: posts small blind $1
Hapsior: posts big blind $3
*** HOLE CARDS ***
MTails: raises $3 to $6
Hapsior: calls $3
*** FLOP *** [2h 5h Tc]
Hapsior: checks
MTails: bets $3
Hapsior: calls $3
*** TURN *** [2h 5h Tc] [As]
Hapsior: checks
MTails: bets $6
Hapsior: folds
Uncalled bet ($6) returned to MTails
MTails collected $17.64 from pot
*** SUMMARY ***
Total pot $18 | Rake $0.36
Board [2h 5h Tc As]
Seat 2: MTails (button) (small blind) collected ($17.64)
Seat 3: Hapsior (big blind) folded on the Turn


PokerStars Hand #171670294158:  Hold'em Limit ($3/$6 USD) - 2017/06/12 5:02:38 ET
Table 'Feronia' 6-max Seat #3 is the button
Seat 2: MTails ($187.08 in chips)
Seat 3: Hapsior ($47.02 in chips)
Hapsior: posts small blind $1
MTails: posts big blind $3
*** HOLE CARDS ***
Hapsior: raises $3 to $6
MTails: calls $3
*** FLOP *** [Ks Jc Qc]
MTails: checks
Hapsior: bets $3
MTails: folds
Uncalled bet ($3) returned to Hapsior
Hapsior collected $11.76 from pot
Hapsior: doesn't show hand
*** SUMMARY ***
Total pot $12 | Rake $0.24
Board [Ks Jc Qc]
Seat 2: MTails (big blind) folded on the Flop
Seat 3: Hapsior (button) (small blind) collected ($11.76)


PokerStars Hand #171670279210:  Hold'em Limit ($3/$6 USD) - 2017/06/12 5:01:50 ET
Table 'Feronia' 6-max Seat #2 is the button
Seat 2: MTails ($166.94 in chips)
Seat 3: Hapsior ($68.52 in chips)
MTails: posts small blind $1
Hapsior: posts big blind $3
*** HOLE CARDS ***
MTails: raises $3 to $6
Hapsior: calls $3
*** FLOP *** [Ts Jd Kd]
Hapsior: checks
MTails: bets $3
Hapsior: raises $3 to $6
MTails: raises $3 to $9
Hapsior: calls $3
*** TURN *** [Ts Jd Kd] [Th]
Hapsior: checks
MTails: checks
*** RIVER *** [Ts Jd Kd Th] [8h]
Hapsior: checks
MTails: checks
*** SHOW DOWN ***
Hapsior: shows [Kh 2c] (two pair, Kings and Tens)
MTails: mucks hand
Hapsior collected $29.50 from pot
*** SUMMARY ***
Total pot $30 | Rake $0.50
Board [Ts Jd Kd Th 8h]
Seat 2: MTails (button) (small blind) mucked
Seat 3: Hapsior (big blind) showed [Kh 2c] and won ($29.50) with two pair, Kings and Tens


PokerStars Hand #171670309944:  Hold'em Limit ($3/$6 USD) - 2017/06/12 5:03:28 ET
Table 'Feronia' 6-max Seat #2 is the button
Seat 2: MTails ($180.58 in chips)
Seat 3: Hapsior ($52.28 in chips)
MTails: posts small blind $1
Hapsior: posts big blind $3
*** HOLE CARDS ***
MTails: raises $3 to $6
Hapsior: calls $3
*** FLOP *** [9d 2h 9s]
Hapsior: checks
MTails: bets $3
Hapsior: folds
Uncalled bet ($3) returned to MTails
MTails collected $11.76 from pot
*** SUMMARY ***
Total pot $12 | Rake $0.24
Board [9d 2h 9s]
Seat 2: MTails (button) (small blind) collected ($11.76)
Seat 3: Hapsior (big blind) folded on the Flop


PokerStars Hand #171670302559:  Hold'em Limit ($3/$6 USD) - 2017/06/12 5:03:05 ET
Table 'Feronia' 6-max Seat #3 is the button
Seat 2: MTails ($166.08 in chips)
Seat 3: Hapsior ($67.28 in chips)
Hapsior: posts small blind $1
MTails: posts big blind $3
*** HOLE CARDS ***
Hapsior: calls $2
MTails: raises $3 to $6
Hapsior: calls $3
*** FLOP *** [3c 5d 6d]
MTails: bets $3
Hapsior: calls $3
*** TURN *** [3c 5d 6d] [6s]
hookonhook joins the table at seat #4
MTails: checks
Hapsior: checks
*** RIVER *** [3c 5d 6d 6s] [Qc]
MTails: checks
Hapsior: bets $6
MTails: calls $6
*** SHOW DOWN ***
Hapsior: shows [9h 2c] (a pair of Sixes)
MTails: shows [Ad 7h] (a pair of Sixes - Ace kicker)
MTails collected $29.50 from pot
*** SUMMARY ***
Total pot $30 | Rake $0.50
Board [3c 5d 6d 6s Qc]
Seat 2: MTails (big blind) showed [Ad 7h] and won ($29.50) with a pair of Sixes
Seat 3: Hapsior (button) (small blind) showed [9h 2c] and lost with a pair of Sixes


PokerStars Hand #171670297192:  Hold'em Limit ($3/$6 USD) - 2017/06/12 5:02:48 ET
Table 'Feronia' 6-max Seat #2 is the button
Seat 2: MTails ($181.08 in chips)
Seat 3: Hapsior ($52.78 in chips)
MTails: posts small blind $1
Hapsior: posts big blind $3
*** HOLE CARDS ***
MTails: raises $3 to $6
Hapsior: calls $3
*** FLOP *** [Th 8s 3d]
Hapsior: checks
MTails: bets $3
Hapsior: calls $3
*** TURN *** [Th 8s 3d] [5s]
Hapsior: checks
MTails: bets $6
Hapsior: raises $6 to $12
MTails: folds
Uncalled bet ($6) returned to Hapsior
Hapsior collected $29.50 from pot
Hapsior: doesn't show hand
*** SUMMARY ***
Total pot $30 | Rake $0.50
Board [Th 8s 3d 5s]
Seat 2: MTails (button) (small blind) folded on the Turn
Seat 3: Hapsior (big blind) collected ($29.50)


PokerStars Hand #171671067028:  Hold'em Limit ($3/$6 USD) - 2017/06/12 5:40:16 ET
Table 'Feronia' 6-max Seat #6 is the button
Seat 5: aremom4e ($117.92 in chips)
Seat 6: dobber888 ($158.44 in chips)
dobber888: posts small blind $1
aremom4e: posts big blind $3
*** HOLE CARDS ***
dobber888: folds
Uncalled bet ($2) returned to aremom4e
aremom4e collected $2 from pot
aremom4e: doesn't show hand
*** SUMMARY ***
Total pot $2 | Rake $0
Seat 5: aremom4e (big blind) collected ($2)
Seat 6: dobber888 (button) (small blind) folded before Flop


PokerStars Hand #171671072809:  Hold'em Limit ($3/$6 USD) - 2017/06/12 5:40:32 ET
Table 'Feronia' 6-max Seat #6 is the button
Seat 5: aremom4e ($124.68 in chips)
Seat 6: dobber888 ($151.44 in chips)
dobber888: posts small blind $1
aremom4e: posts big blind $3
*** HOLE CARDS ***
dobber888: raises $3 to $6
aremom4e: raises $3 to $9
dobber888: calls $3
*** FLOP *** [5d 7s 3s]
aremom4e: bets $3
dobber888: calls $3
*** TURN *** [5d 7s 3s] [4c]
aremom4e: checks
dobber888: checks
*** RIVER *** [5d 7s 3s 4c] [2c]
aremom4e: checks
dobber888: checks
*** SHOW DOWN ***
aremom4e: shows [Jh Th] (high card Jack)
dobber888: shows [Qs Jd] (high card Queen)
dobber888 collected $23.52 from pot
*** SUMMARY ***
Total pot $24 | Rake $0.48
Board [5d 7s 3s 4c 2c]
Seat 5: aremom4e (big blind) showed [Jh Th] and lost with high card Jack
Seat 6: dobber888 (button) (small blind) showed [Qs Jd] and won ($23.52) with high card Queen


PokerStars Hand #171671083872:  Hold'em Limit ($3/$6 USD) - 2017/06/12 5:41:04 ET
Table 'Feronia' 6-max Seat #5 is the button
Seat 5: aremom4e ($109.68 in chips)
Seat 6: dobber888 ($165.72 in chips)
aremom4e: posts small blind $1
dobber888: posts big blind $3
*** HOLE CARDS ***
aremom4e: folds
Uncalled bet ($2) returned to dobber888
dobber888 collected $2 from pot
dobber888: doesn't show hand
*** SUMMARY ***
Total pot $2 | Rake $0
Seat 5: aremom4e (button) (small blind) folded before Flop
Seat 6: dobber888 (big blind) collected ($2)


PokerStars Hand #171671080400:  Hold'em Limit ($3/$6 USD) - 2017/06/12 5:40:54 ET
Table 'Feronia' 6-max Seat #6 is the button
Seat 5: aremom4e ($115.68 in chips)
Seat 6: dobber888 ($159.96 in chips)
dobber888: posts small blind $1
aremom4e: posts big blind $3
*** HOLE CARDS ***
dobber888: raises $3 to $6
aremom4e: calls $3
*** FLOP *** [Ad 3h Kd]
aremom4e: checks
dobber888: bets $3
aremom4e: folds
Uncalled bet ($3) returned to dobber888
dobber888 collected $11.76 from pot
dobber888: doesn't show hand
*** SUMMARY ***
Total pot $12 | Rake $0.24
Board [Ad 3h Kd]
Seat 5: aremom4e (big blind) folded on the Flop
Seat 6: dobber888 (button) (small blind) collected ($11.76)


PokerStars Hand #171671068812:  Hold'em Limit ($3/$6 USD) - 2017/06/12 5:40:21 ET
Table 'Feronia' 6-max Seat #5 is the button
Seat 5: aremom4e ($118.92 in chips)
Seat 6: dobber888 ($157.44 in chips)
aremom4e: posts small blind $1
dobber888: posts big blind $3
*** HOLE CARDS ***
aremom4e: raises $3 to $6
dobber888: calls $3
*** FLOP *** [Th Ks 7h]
dobber888: checks
aremom4e: bets $3
dobber888: folds
Uncalled bet ($3) returned to aremom4e
inforitall30 leaves the table
aremom4e collected $11.76 from pot
aremom4e: doesn't show hand
*** SUMMARY ***
Total pot $12 | Rake $0.24
Board [Th Ks 7h]
Seat 5: aremom4e (button) (small blind) collected ($11.76)
Seat 6: dobber888 (big blind) folded on the Flop


PokerStars Hand #171671078256:  Hold'em Limit ($3/$6 USD) - 2017/06/12 5:40:48 ET
Table 'Feronia' 6-max Seat #5 is the button
Seat 5: aremom4e ($112.68 in chips)
Seat 6: dobber888 ($162.96 in chips)
aremom4e: posts small blind $1
dobber888: posts big blind $3
*** HOLE CARDS ***
aremom4e: raises $3 to $6
dobber888: folds
Uncalled bet ($3) returned to aremom4e
aremom4e collected $6 from pot
aremom4e: doesn't show hand
*** SUMMARY ***
Total pot $6 | Rake $0
Seat 5: aremom4e (button) (small blind) collected ($6)
Seat 6: dobber888 (big blind) folded before Flop


PokerStars Hand #171671088808:  Hold'em Limit ($3/$6 USD) - 2017/06/12 5:41:18 ET
Table 'Feronia' 6-max Seat #5 is the button
Seat 5: aremom4e ($102.68 in chips)
Seat 6: dobber888 ($172.48 in chips)
aremom4e: posts small blind $1
dobber888: posts big blind $3
*** HOLE CARDS ***
aremom4e: raises $3 to $6
dobber888: calls $3
*** FLOP *** [3c 8c 4s]
dobber888: checks
aremom4e: checks
*** TURN *** [3c 8c 4s] [Kd]
dobber888: checks
aremom4e: checks
*** RIVER *** [3c 8c 4s Kd] [4c]
dobber888: checks
aremom4e: checks
*** SHOW DOWN ***
dobber888: shows [9d 5h] (a pair of Fours)
aremom4e: shows [Th 7d] (a pair of Fours - King+Ten kicker)
aremom4e collected $11.76 from pot
*** SUMMARY ***
Total pot $12 | Rake $0.24
Board [3c 8c 4s Kd 4c]
Seat 5: aremom4e (button) (small blind) showed [Th 7d] and won ($11.76) with a pair of Fours
Seat 6: dobber888 (big blind) showed [9d 5h] and lost with a pair of Fours


PokerStars Hand #171671094243:  Hold'em Limit ($3/$6 USD) - 2017/06/12 5:41:34 ET
Table 'Feronia' 6-max Seat #6 is the button
Seat 5: aremom4e ($108.44 in chips)
Seat 6: dobber888 ($166.48 in chips)
dobber888: posts small blind $1
aremom4e: posts big blind $3
*** HOLE CARDS ***
dobber888: raises $3 to $6
aremom4e: raises $3 to $9
dobber888: calls $3
*** FLOP *** [Ac Ah 4s]
aremom4e: bets $3
dobber888: calls $3
*** TURN *** [Ac Ah 4s] [8s]
aremom4e: checks
dobber888: checks
*** RIVER *** [Ac Ah 4s 8s] [Th]
aremom4e: bets $6
dobber888: calls $6
*** SHOW DOWN ***
aremom4e: shows [4c 4d] (a full house, Fours full of Aces)
dobber888: mucks hand
aremom4e collected $35.50 from pot
*** SUMMARY ***
Total pot $36 | Rake $0.50
Board [Ac Ah 4s 8s Th]
Seat 5: aremom4e (big blind) showed [4c 4d] and won ($35.50) with a full house, Fours full of Aces
Seat 6: dobber888 (button) (small blind) mucked


PokerStars Hand #171671102828:  Hold'em Limit ($3/$6 USD) - 2017/06/12 5:41:58 ET
Table 'Feronia' 6-max Seat #6 is the button
Seat 5: aremom4e ($128.94 in chips)
Seat 6: dobber888 ($145.48 in chips)
dobber888: posts small blind $1
aremom4e: posts big blind $3
*** HOLE CARDS ***
dobber888: raises $3 to $6
aremom4e: folds
Uncalled bet ($3) returned to dobber888
dobber888 collected $6 from pot
dobber888: doesn't show hand
*** SUMMARY ***
Total pot $6 | Rake $0
Seat 5: aremom4e (big blind) folded before Flop
Seat 6: dobber888 (button) (small blind) collected ($6)


PokerStars Hand #171671085669:  Hold'em Limit ($3/$6 USD) - 2017/06/12 5:41:09 ET
Table 'Feronia' 6-max Seat #6 is the button
Seat 5: aremom4e ($108.68 in chips)
Seat 6: dobber888 ($166.72 in chips)
dobber888: posts small blind $1
aremom4e: posts big blind $3
*** HOLE CARDS ***
dobber888: raises $3 to $6
aremom4e: calls $3
*** FLOP *** [5s 9c 4s]
aremom4e: checks
dobber888: bets $3
aremom4e: folds
Uncalled bet ($3) returned to dobber888
dobber888 collected $11.76 from pot
dobber888: doesn't show hand
*** SUMMARY ***
Total pot $12 | Rake $0.24
Board [5s 9c 4s]
Seat 5: aremom4e (big blind) folded on the Flop
Seat 6: dobber888 (button) (small blind) collected ($11.76)


PokerStars Hand #171671100708:  Hold'em Limit ($3/$6 USD) - 2017/06/12 5:41:52 ET
Table 'Feronia' 6-max Seat #5 is the button
Seat 5: aremom4e ($125.94 in chips)
Seat 6: dobber888 ($148.48 in chips)
aremom4e: posts small blind $1
dobber888: posts big blind $3
*** HOLE CARDS ***
aremom4e: raises $3 to $6
dobber888: folds
Uncalled bet ($3) returned to aremom4e
aremom4e collected $6 from pot
aremom4e: doesn't show hand
*** SUMMARY ***
Total pot $6 | Rake $0
Seat 5: aremom4e (button) (small blind) collected ($6)
Seat 6: dobber888 (big blind) folded before Flop


PokerStars Hand #171671104824:  Hold'em Limit ($3/$6 USD) - 2017/06/12 5:42:04 ET
Table 'Feronia' 6-max Seat #5 is the button
Seat 5: aremom4e ($125.94 in chips)
Seat 6: dobber888 ($148.48 in chips)
aremom4e: posts small blind $1
dobber888: posts big blind $3
*** HOLE CARDS ***
aremom4e: raises $3 to $6
dobber888: calls $3
*** FLOP *** [Ah 4d 9c]
dobber888: checks
aremom4e: bets $3
dobber888: folds
Uncalled bet ($3) returned to aremom4e
aremom4e collected $11.76 from pot
aremom4e: doesn't show hand
*** SUMMARY ***
Total pot $12 | Rake $0.24
Board [Ah 4d 9c]
Seat 5: aremom4e (button) (small blind) collected ($11.76)
Seat 6: dobber888 (big blind) folded on the Flop


PokerStars Hand #171671118680:  Hold'em Limit ($3/$6 USD) - 2017/06/12 5:42:43 ET
Table 'Feronia' 6-max Seat #4 is the button
Seat 4: hookonhook ($163.69 in chips)
Seat 6: dobber888 ($141.24 in chips)
hookonhook: posts small blind $1
dobber888: posts big blind $3
*** HOLE CARDS ***
hookonhook: raises $3 to $6
dobber888: calls $3
*** FLOP *** [Ks Td Tc]
dobber888: checks
hookonhook: bets $3
dobber888: calls $3
*** TURN *** [Ks Td Tc] [Kc]
dobber888: checks
hookonhook: bets $6
dobber888: calls $6
*** RIVER *** [Ks Td Tc Kc] [7d]
dobber888: checks
hookonhook: checks
*** SHOW DOWN ***
dobber888: shows [Qd 9c] (two pair, Kings and Tens)
hookonhook: shows [Jh Ad] (two pair, Kings and Tens - Ace kicker)
hookonhook collected $29.50 from pot
*** SUMMARY ***
Total pot $30 | Rake $0.50
Board [Ks Td Tc Kc 7d]
Seat 4: hookonhook (button) (small blind) showed [Jh Ad] and won ($29.50) with two pair, Kings and Tens
Seat 6: dobber888 (big blind) showed [Qd 9c] and lost with two pair, Kings and Tens


PokerStars Hand #171671115265:  Hold'em Limit ($3/$6 USD) - 2017/06/12 5:42:33 ET
Table 'Feronia' 6-max Seat #6 is the button
Seat 4: hookonhook ($169.69 in chips)
Seat 6: dobber888 ($135.48 in chips)
dobber888: posts small blind $1
hookonhook: posts big blind $3
*** HOLE CARDS ***
dobber888: raises $3 to $6
hookonhook: calls $3
*** FLOP *** [8s Jh 2c]
hookonhook: checks
dobber888: bets $3
hookonhook: folds
Uncalled bet ($3) returned to dobber888
dobber888 collected $11.76 from pot
dobber888: doesn't show hand
*** SUMMARY ***
Total pot $12 | Rake $0.24
Board [8s Jh 2c]
Seat 4: hookonhook (big blind) folded on the Flop
Seat 6: dobber888 (button) (small blind) collected ($11.76)


PokerStars Hand #171671111339:  Hold'em Limit ($3/$6 USD) - 2017/06/12 5:42:22 ET
Table 'Feronia' 6-max Seat #4 is the button
Seat 4: hookonhook ($163.93 in chips)
Seat 6: dobber888 ($141.48 in chips)
hookonhook: posts small blind $1
dobber888: posts big blind $3
*** HOLE CARDS ***
hookonhook: raises $3 to $6
dobber888: calls $3
*** FLOP *** [3d 6h Jd]
dobber888: checks
hookonhook: bets $3
dobber888: folds
Uncalled bet ($3) returned to hookonhook
hookonhook collected $11.76 from pot
*** SUMMARY ***
Total pot $12 | Rake $0.24
Board [3d 6h Jd]
Seat 4: hookonhook (button) (small blind) collected ($11.76)
Seat 6: dobber888 (big blind) folded on the Flop


PokerStars Hand #171671125121:  Hold'em Limit ($3/$6 USD) - 2017/06/12 5:43:01 ET
Table 'Feronia' 6-max Seat #6 is the button
Seat 4: hookonhook ($178.19 in chips)
Seat 6: dobber888 ($126.24 in chips)
dobber888: posts small blind $1
hookonhook: posts big blind $3
*** HOLE CARDS ***
dobber888: folds
Uncalled bet ($2) returned to hookonhook
hookonhook collected $2 from pot
*** SUMMARY ***
Total pot $2 | Rake $0
Seat 4: hookonhook (big blind) collected ($2)
Seat 6: dobber888 (button) (small blind) folded before Flop


PokerStars Hand #171671140626:  Hold'em Limit ($3/$6 USD) - 2017/06/12 5:43:45 ET
Table 'Feronia' 6-max Seat #6 is the button
Seat 4: hookonhook ($167.19 in chips)
Seat 6: dobber888 ($136.76 in chips)
dobber888: posts small blind $1
hookonhook: posts big blind $3
*** HOLE CARDS ***
dobber888: raises $3 to $6
hookonhook: calls $3
*** FLOP *** [Ad 8c Td]
hookonhook: checks
dobber888: bets $3
hookonhook: raises $3 to $6
dobber888: raises $3 to $9
hookonhook: calls $3
*** TURN *** [Ad 8c Td] [Ac]
hookonhook: checks
dobber888: bets $6
hookonhook: raises $6 to $12
dobber888: raises $6 to $18
hookonhook: calls $6
*** RIVER *** [Ad 8c Td Ac] [9c]
hookonhook: checks
dobber888: checks
*** SHOW DOWN ***
hookonhook: shows [Tc 7c] (a flush, Ace high)
dobber888: mucks hand
hookonhook collected $65.50 from pot
*** SUMMARY ***
Total pot $66 | Rake $0.50
Board [Ad 8c Td Ac 9c]
Seat 4: hookonhook (big blind) showed [Tc 7c] and won ($65.50) with a flush, Ace high
Seat 6: dobber888 (button) (small blind) mucked


PokerStars Hand #171671131440:  Hold'em Limit ($3/$6 USD) - 2017/06/12 5:43:19 ET
Table 'Feronia' 6-max Seat #4 is the button
Seat 4: hookonhook ($179.19 in chips)
Seat 6: dobber888 ($125.24 in chips)
hookonhook: posts small blind $1
dobber888: posts big blind $3
*** HOLE CARDS ***
hookonhook: raises $3 to $6
dobber888: calls $3
*** FLOP *** [Qc 6s 9s]
dobber888: bets $3
hookonhook: raises $3 to $6
dobber888: calls $3
*** TURN *** [Qc 6s 9s] [6d]
dobber888: checks
hookonhook: checks
*** RIVER *** [Qc 6s 9s 6d] [As]
dobber888: checks
hookonhook: checks
*** SHOW DOWN ***
dobber888: shows [9h 5h] (two pair, Nines and Sixes)
hookonhook: mucks hand
dobber888 collected $23.52 from pot
*** SUMMARY ***
Total pot $24 | Rake $0.48
Board [Qc 6s 9s 6d As]
Seat 4: hookonhook (button) (small blind) mucked
Seat 6: dobber888 (big blind) showed [9h 5h] and won ($23.52) with two pair, Nines and Sixes


PokerStars Hand #171673173322:  Hold'em Limit ($3/$6 USD) - 2017/06/12 7:12:18 ET
Table 'Feronia' 6-max Seat #2 is the button
Seat 2: ABATAPP ($238.45 in chips)
Seat 3: aloven ($52.11 in chips)
ABATAPP: posts small blind $1
aloven: posts big blind $3
*** HOLE CARDS ***
ABATAPP: folds
Uncalled bet ($2) returned to aloven
aloven collected $2 from pot
aloven: doesn't show hand
*** SUMMARY ***
Total pot $2 | Rake $0
Seat 2: ABATAPP (button) (small blind) folded before Flop
Seat 3: aloven (big blind) collected ($2)


PokerStars Hand #171673171303:  Hold'em Limit ($3/$6 USD) - 2017/06/12 7:12:13 ET
Table 'Feronia' 6-max Seat #3 is the button
Seat 2: ABATAPP ($237.45 in chips)
Seat 3: aloven ($53.11 in chips)
aloven: posts small blind $1
ABATAPP: posts big blind $3
*** HOLE CARDS ***
aloven: folds
Uncalled bet ($2) returned to ABATAPP
ABATAPP collected $2 from pot
ABATAPP: doesn't show hand
*** SUMMARY ***
Total pot $2 | Rake $0
Seat 2: ABATAPP (big blind) collected ($2)
Seat 3: aloven (button) (small blind) folded before Flop


PokerStars Hand #171673157820:  Hold'em Limit ($3/$6 USD) - 2017/06/12 7:11:40 ET
Table 'Feronia' 6-max Seat #2 is the button
Seat 2: ABATAPP ($213.95 in chips)
Seat 3: aloven ($77.11 in chips)
ABATAPP: posts small blind $1
aloven: posts big blind $3
*** HOLE CARDS ***
ABATAPP: raises $3 to $6
aloven: raises $3 to $9
ABATAPP: calls $3
*** FLOP *** [9s 8d Qs]
aloven: bets $3
ABATAPP: calls $3
*** TURN *** [9s 8d Qs] [9h]
aloven: bets $6
ABATAPP: calls $6
*** RIVER *** [9s 8d Qs 9h] [6h]
aloven: bets $6
ABATAPP: calls $6
*** SHOW DOWN ***
aloven: shows [Ac Th] (a pair of Nines)
ABATAPP: shows [Jd 8s] (two pair, Nines and Eights)
ABATAPP collected $47.50 from pot
*** SUMMARY ***
Total pot $48 | Rake $0.50
Board [9s 8d Qs 9h 6h]
Seat 2: ABATAPP (button) (small blind) showed [Jd 8s] and won ($47.50) with two pair, Nines and Eights
Seat 3: aloven (big blind) showed [Ac Th] and lost with a pair of Nines


PokerStars Hand #171673190555:  Hold'em Limit ($3/$6 USD) - 2017/06/12 7:13:00 ET
Table 'Feronia' 6-max Seat #3 is the button
Seat 2: ABATAPP ($246.21 in chips)
Seat 3: aloven ($44.11 in chips)
aloven: posts small blind $1
ABATAPP: posts big blind $3
*** HOLE CARDS ***
aloven: raises $3 to $6
ABATAPP: calls $3
*** FLOP *** [Jc 6h Kd]
ABATAPP: checks
aloven: bets $3
ABATAPP: folds
Uncalled bet ($3) returned to aloven
aloven collected $11.76 from pot
aloven: doesn't show hand
*** SUMMARY ***
Total pot $12 | Rake $0.24
Board [Jc 6h Kd]
Seat 2: ABATAPP (big blind) folded on the Flop
Seat 3: aloven (button) (small blind) collected ($11.76)


PokerStars Hand #171673185816:  Hold'em Limit ($3/$6 USD) - 2017/06/12 7:12:48 ET
Table 'Feronia' 6-max Seat #3 is the button
Seat 2: ABATAPP ($246.21 in chips)
Seat 3: aloven ($44.11 in chips)
aloven: posts small blind $1
ABATAPP: posts big blind $3
*** HOLE CARDS ***
aloven: folds
Uncalled bet ($2) returned to ABATAPP
ABATAPP collected $2 from pot
ABATAPP: doesn't show hand
*** SUMMARY ***
Total pot $2 | Rake $0
Seat 2: ABATAPP (big blind) collected ($2)
Seat 3: aloven (button) (small blind) folded before Flop


PokerStars Hand #171673183127:  Hold'em Limit ($3/$6 USD) - 2017/06/12 7:12:42 ET
Table 'Feronia' 6-max Seat #2 is the button
Seat 2: ABATAPP ($243.21 in chips)
Seat 3: aloven ($47.11 in chips)
ABATAPP: posts small blind $1
aloven: posts big blind $3
*** HOLE CARDS ***
ABATAPP: raises $3 to $6
aloven: folds
Uncalled bet ($3) returned to ABATAPP
ABATAPP collected $6 from pot
ABATAPP: doesn't show hand
*** SUMMARY ***
Total pot $6 | Rake $0
Seat 2: ABATAPP (button) (small blind) collected ($6)
Seat 3: aloven (big blind) folded before Flop


PokerStars Hand #171673175433:  Hold'em Limit ($3/$6 USD) - 2017/06/12 7:12:23 ET
Table 'Feronia' 6-max Seat #3 is the button
Seat 2: ABATAPP ($237.45 in chips)
Seat 3: aloven ($53.11 in chips)
aloven: posts small blind $1
ABATAPP: posts big blind $3
*** HOLE CARDS ***
aloven: raises $3 to $6
ABATAPP: calls $3
*** FLOP *** [Kh Qc 9h]
ABATAPP: checks
aloven: checks
*** TURN *** [Kh Qc 9h] [Js]
ABATAPP: bets $6
aloven: folds
Uncalled bet ($6) returned to ABATAPP
ABATAPP collected $11.76 from pot
ABATAPP: doesn't show hand
*** SUMMARY ***
Total pot $12 | Rake $0.24
Board [Kh Qc 9h Js]
Seat 2: ABATAPP (big blind) collected ($11.76)
Seat 3: aloven (button) (small blind) folded on the Turn


PokerStars Hand #171673196117:  Hold'em Limit ($3/$6 USD) - 2017/06/12 7:13:13 ET
Table 'Feronia' 6-max Seat #2 is the button
Seat 2: ABATAPP ($240.21 in chips)
Seat 3: aloven ($49.87 in chips)
ABATAPP: posts small blind $1
aloven: posts big blind $3
*** HOLE CARDS ***
ABATAPP: folds
Uncalled bet ($2) returned to aloven
aloven collected $2 from pot
aloven: doesn't show hand
*** SUMMARY ***
Total pot $2 | Rake $0
Seat 2: ABATAPP (button) (small blind) folded before Flop
Seat 3: aloven (big blind) collected ($2)


PokerStars Hand #171673188086:  Hold'em Limit ($3/$6 USD) - 2017/06/12 7:12:54 ET
Table 'Feronia' 6-max Seat #2 is the button
Seat 2: ABATAPP ($247.21 in chips)
Seat 3: aloven ($43.11 in chips)
ABATAPP: posts small blind $1
aloven: posts big blind $3
*** HOLE CARDS ***
ABATAPP: folds
Uncalled bet ($2) returned to aloven
aloven collected $2 from pot
aloven: doesn't show hand
*** SUMMARY ***
Total pot $2 | Rake $0
Seat 2: ABATAPP (button) (small blind) folded before Flop
Seat 3: aloven (big blind) collected ($2)


PokerStars Hand #171673198868:  Hold'em Limit ($3/$6 USD) - 2017/06/12 7:13:20 ET
Table 'Feronia' 6-max Seat #3 is the button
Seat 2: ABATAPP ($239.21 in chips)
Seat 3: aloven ($50.87 in chips)
aloven: posts small blind $1
ABATAPP: posts big blind $3
*** HOLE CARDS ***
aloven: raises $3 to $6
ABATAPP: calls $3
*** FLOP *** [5d 5h 4h]
ABATAPP: checks
aloven: checks
*** TURN *** [5d 5h 4h] [9c]
ABATAPP: bets $6
aloven: folds
Uncalled bet ($6) returned to ABATAPP
ABATAPP collected $11.76 from pot
ABATAPP: doesn't show hand
*** SUMMARY ***
Total pot $12 | Rake $0.24
Board [5d 5h 4h 9c]
Seat 2: ABATAPP (big blind) collected ($11.76)
Seat 3: aloven (button) (small blind) folded on the Turn


PokerStars Hand #171673211276:  Hold'em Limit ($3/$6 USD) - 2017/06/12 7:13:50 ET
Table 'Feronia' 6-max Seat #3 is the button
Seat 2: ABATAPP ($247.97 in chips)
Seat 3: aloven ($41.87 in chips)
aloven: posts small blind $1
ABATAPP: posts big blind $3
*** HOLE CARDS ***
aloven: raises $3 to $6
ABATAPP: folds
Uncalled bet ($3) returned to aloven
aloven collected $6 from pot
aloven: doesn't show hand
*** SUMMARY ***
Total pot $6 | Rake $0
Seat 2: ABATAPP (big blind) folded before Flop
Seat 3: aloven (button) (small blind) collected ($6)


PokerStars Hand #171673223008:  Hold'em Limit ($3/$6 USD) - 2017/06/12 7:14:18 ET
Table 'Feronia' 6-max Seat #3 is the button
Seat 2: ABATAPP ($262.47 in chips)
Seat 3: aloven ($26.87 in chips)
aloven: posts small blind $1
ABATAPP: posts big blind $3
*** HOLE CARDS ***
aloven: folds
Uncalled bet ($2) returned to ABATAPP
ABATAPP collected $2 from pot
ABATAPP: doesn't show hand
*** SUMMARY ***
Total pot $2 | Rake $0
Seat 2: ABATAPP (big blind) collected ($2)
Seat 3: aloven (button) (small blind) folded before Flop


PokerStars Hand #171673214043:  Hold'em Limit ($3/$6 USD) - 2017/06/12 7:13:57 ET
Table 'Feronia' 6-max Seat #2 is the button
Seat 2: ABATAPP ($244.97 in chips)
Seat 3: aloven ($44.87 in chips)
ABATAPP: posts small blind $1
aloven: posts big blind $3
*** HOLE CARDS ***
ABATAPP: raises $3 to $6
aloven: calls $3
*** FLOP *** [5c Jd 4h]
aloven: checks
ABATAPP: checks
*** TURN *** [5c Jd 4h] [2c]
aloven: bets $6
ABATAPP: calls $6
*** RIVER *** [5c Jd 4h 2c] [6h]
aloven: checks
ABATAPP: bets $6
aloven: calls $6
*** SHOW DOWN ***
ABATAPP: shows [Jh Tc] (a pair of Jacks)
aloven: mucks hand
ABATAPP collected $35.50 from pot
*** SUMMARY ***
Total pot $36 | Rake $0.50
Board [5c Jd 4h 2c 6h]
Seat 2: ABATAPP (button) (small blind) showed [Jh Tc] and won ($35.50) with a pair of Jacks
Seat 3: aloven (big blind) mucked


PokerStars Hand #171673225223:  Hold'em Limit ($3/$6 USD) - 2017/06/12 7:14:24 ET
Table 'Feronia' 6-max Seat #2 is the button
Seat 2: ABATAPP ($263.47 in chips)
Seat 3: aloven ($25.87 in chips)
ABATAPP: posts small blind $1
aloven: posts big blind $3
*** HOLE CARDS ***
ABATAPP: calls $2
aloven: checks
*** FLOP *** [4s 9h Ks]
aloven: checks
ABATAPP: bets $3
aloven: folds
Uncalled bet ($3) returned to ABATAPP
ABATAPP collected $5.88 from pot
ABATAPP: doesn't show hand
*** SUMMARY ***
Total pot $6 | Rake $0.12
Board [4s 9h Ks]
Seat 2: ABATAPP (button) (small blind) collected ($5.88)
Seat 3: aloven (big blind) folded on the Flop


PokerStars Hand #171673235944:  Hold'em Limit ($3/$6 USD) - 2017/06/12 7:14:49 ET
Table 'Feronia' 6-max Seat #2 is the button
Seat 2: ABATAPP ($267.35 in chips)
Seat 3: aloven ($21.87 in chips)
ABATAPP: posts small blind $1
aloven: posts big blind $3
*** HOLE CARDS ***
ABATAPP: calls $2
aloven: raises $3 to $6
ABATAPP: calls $3
*** FLOP *** [7d Ah Ad]
aloven: checks
ABATAPP: bets $3
aloven: calls $3
*** TURN *** [7d Ah Ad] [4s]
aloven: checks
ABATAPP: checks
*** RIVER *** [7d Ah Ad 4s] [4h]
aloven: bets $6
ABATAPP: folds
Uncalled bet ($6) returned to aloven
aloven collected $17.64 from pot
aloven: doesn't show hand
*** SUMMARY ***
Total pot $18 | Rake $0.36
Board [7d Ah Ad 4s 4h]
Seat 2: ABATAPP (button) (small blind) folded on the River
Seat 3: aloven (big blind) collected ($17.64)


PokerStars Hand #171673248015:  Hold'em Limit ($3/$6 USD) - 2017/06/12 7:15:18 ET
Table 'Feronia' 6-max Seat #2 is the button
Seat 2: ABATAPP ($255.35 in chips)
Seat 3: aloven ($108.51 in chips)
ABATAPP: posts small blind $1
aloven: posts big blind $3
*** HOLE CARDS ***
ABATAPP: folds
Uncalled bet ($2) returned to aloven
aloven collected $2 from pot
aloven: doesn't show hand
*** SUMMARY ***
Total pot $2 | Rake $0
Seat 2: ABATAPP (button) (small blind) folded before Flop
Seat 3: aloven (big blind) collected ($2)


PokerStars Hand #171673232582:  Hold'em Limit ($3/$6 USD) - 2017/06/12 7:14:41 ET
Table 'Feronia' 6-max Seat #3 is the button
Seat 2: ABATAPP ($266.35 in chips)
Seat 3: aloven ($22.87 in chips)
aloven: posts small blind $1
ABATAPP: posts big blind $3
*** HOLE CARDS ***
aloven: folds
Uncalled bet ($2) returned to ABATAPP
ABATAPP collected $2 from pot
ABATAPP: doesn't show hand
*** SUMMARY ***
Total pot $2 | Rake $0
Seat 2: ABATAPP (big blind) collected ($2)
Seat 3: aloven (button) (small blind) folded before Flop


PokerStars Hand #171673250229:  Hold'em Limit ($3/$6 USD) - 2017/06/12 7:15:24 ET
Table 'Feronia' 6-max Seat #3 is the button
Seat 2: ABATAPP ($254.35 in chips)
Seat 3: aloven ($109.51 in chips)
aloven: posts small blind $1
ABATAPP: posts big blind $3
*** HOLE CARDS ***
aloven: folds
Uncalled bet ($2) returned to ABATAPP
ABATAPP collected $2 from pot
ABATAPP: doesn't show hand
*** SUMMARY ***
Total pot $2 | Rake $0
Seat 2: ABATAPP (big blind) collected ($2)
Seat 3: aloven (button) (small blind) folded before Flop


PokerStars Hand #171673260744:  Hold'em Limit ($3/$6 USD) - 2017/06/12 7:15:49 ET
Table 'Feronia' 6-max Seat #3 is the button
Seat 2: ABATAPP ($258.35 in chips)
Seat 3: aloven ($105.51 in chips)
aloven: posts small blind $1
ABATAPP: posts big blind $3
*** HOLE CARDS ***
aloven: folds
Uncalled bet ($2) returned to ABATAPP
ABATAPP collected $2 from pot
ABATAPP: doesn't show hand
*** SUMMARY ***
Total pot $2 | Rake $0
Seat 2: ABATAPP (big blind) collected ($2)
Seat 3: aloven (button) (small blind) folded before Flop


PokerStars Hand #171673256840:  Hold'em Limit ($3/$6 USD) - 2017/06/12 7:15:40 ET
Table 'Feronia' 6-max Seat #2 is the button
Seat 2: ABATAPP ($255.35 in chips)
Seat 3: aloven ($108.51 in chips)
ABATAPP: posts small blind $1
aloven: posts big blind $3
*** HOLE CARDS ***
ABATAPP: raises $3 to $6
aloven: folds
Uncalled bet ($3) returned to ABATAPP
ABATAPP collected $6 from pot
ABATAPP: doesn't show hand
*** SUMMARY ***
Total pot $6 | Rake $0
Seat 2: ABATAPP (button) (small blind) collected ($6)
Seat 3: aloven (big blind) folded before Flop


PokerStars Hand #171673254789:  Hold'em Limit ($3/$6 USD) - 2017/06/12 7:15:35 ET
Table 'Feronia' 6-max Seat #3 is the button
Seat 2: ABATAPP ($254.35 in chips)
Seat 3: aloven ($109.51 in chips)
aloven: posts small blind $1
ABATAPP: posts big blind $3
*** HOLE CARDS ***
aloven: folds
Uncalled bet ($2) returned to ABATAPP
ABATAPP collected $2 from pot
ABATAPP: doesn't show hand
*** SUMMARY ***
Total pot $2 | Rake $0
Seat 2: ABATAPP (big blind) collected ($2)
Seat 3: aloven (button) (small blind) folded before Flop


PokerStars Hand #171673294888:  Hold'em Limit ($3/$6 USD) - 2017/06/12 7:17:11 ET
Table 'Feronia' 6-max Seat #3 is the button
Seat 2: ABATAPP ($240.35 in chips)
Seat 3: aloven ($123.01 in chips)
aloven: posts small blind $1
ABATAPP: posts big blind $3
*** HOLE CARDS ***
aloven: folds
Uncalled bet ($2) returned to ABATAPP
ABATAPP collected $2 from pot
ABATAPP: doesn't show hand
*** SUMMARY ***
Total pot $2 | Rake $0
Seat 2: ABATAPP (big blind) collected ($2)
Seat 3: aloven (button) (small blind) folded before Flop


PokerStars Hand #171673292099:  Hold'em Limit ($3/$6 USD) - 2017/06/12 7:17:04 ET
Table 'Feronia' 6-max Seat #2 is the button
Seat 2: ABATAPP ($237.35 in chips)
Seat 3: aloven ($126.01 in chips)
ABATAPP: posts small blind $1
aloven: posts big blind $3
*** HOLE CARDS ***
ABATAPP: raises $3 to $6
aloven: folds
Uncalled bet ($3) returned to ABATAPP
ABATAPP collected $6 from pot
ABATAPP: doesn't show hand
*** SUMMARY ***
Total pot $6 | Rake $0
Seat 2: ABATAPP (button) (small blind) collected ($6)
Seat 3: aloven (big blind) folded before Flop


PokerStars Hand #171673277530:  Hold'em Limit ($3/$6 USD) - 2017/06/12 7:16:29 ET
Table 'Feronia' 6-max Seat #3 is the button
Seat 2: ABATAPP ($244.35 in chips)
Seat 3: aloven ($119.01 in chips)
aloven: posts small blind $1
ABATAPP: posts big blind $3
*** HOLE CARDS ***
aloven: raises $3 to $6
ABATAPP: folds
Uncalled bet ($3) returned to aloven
aloven collected $6 from pot
aloven: doesn't show hand
*** SUMMARY ***
Total pot $6 | Rake $0
Seat 2: ABATAPP (big blind) folded before Flop
Seat 3: aloven (button) (small blind) collected ($6)


PokerStars Hand #171673263082:  Hold'em Limit ($3/$6 USD) - 2017/06/12 7:15:55 ET
Table 'Feronia' 6-max Seat #2 is the button
Seat 2: ABATAPP ($259.35 in chips)
Seat 3: aloven ($104.51 in chips)
ABATAPP: posts small blind $1
aloven: posts big blind $3
*** HOLE CARDS ***
ABATAPP: raises $3 to $6
aloven: calls $3
*** FLOP *** [8d Jc Jh]
aloven: checks
ABATAPP: bets $3
aloven: calls $3
*** TURN *** [8d Jc Jh] [7s]
aloven: checks
ABATAPP: checks
*** RIVER *** [8d Jc Jh 7s] [Ah]
aloven: checks
ABATAPP: bets $6
aloven: calls $6
*** SHOW DOWN ***
ABATAPP: shows [4s 5d] (a pair of Jacks)
aloven: shows [6s 8h] (two pair, Jacks and Eights)
aloven collected $29.50 from pot
*** SUMMARY ***
Total pot $30 | Rake $0.50
Board [8d Jc Jh 7s Ah]
Seat 2: ABATAPP (button) (small blind) showed [4s 5d] and lost with a pair of Jacks
Seat 3: aloven (big blind) showed [6s 8h] and won ($29.50) with two pair, Jacks and Eights


PokerStars Hand #171673290111:  Hold'em Limit ($3/$6 USD) - 2017/06/12 7:17:00 ET
Table 'Feronia' 6-max Seat #3 is the button
Seat 2: ABATAPP ($236.35 in chips)
Seat 3: aloven ($127.01 in chips)
aloven: posts small blind $1
ABATAPP: posts big blind $3
*** HOLE CARDS ***
aloven: folds
Uncalled bet ($2) returned to ABATAPP
ABATAPP collected $2 from pot
ABATAPP: doesn't show hand
*** SUMMARY ***
Total pot $2 | Rake $0
Seat 2: ABATAPP (big blind) collected ($2)
Seat 3: aloven (button) (small blind) folded before Flop


PokerStars Hand #171673287989:  Hold'em Limit ($3/$6 USD) - 2017/06/12 7:16:54 ET
Table 'Feronia' 6-max Seat #2 is the button
Seat 2: ABATAPP ($237.35 in chips)
Seat 3: aloven ($126.01 in chips)
ABATAPP: posts small blind $1
aloven: posts big blind $3
*** HOLE CARDS ***
ABATAPP: folds
Uncalled bet ($2) returned to aloven
aloven collected $2 from pot
aloven: doesn't show hand
*** SUMMARY ***
Total pot $2 | Rake $0
Seat 2: ABATAPP (button) (small blind) folded before Flop
Seat 3: aloven (big blind) collected ($2)


PokerStars Hand #171673283615:  Hold'em Limit ($3/$6 USD) - 2017/06/12 7:16:44 ET
Table 'Feronia' 6-max Seat #3 is the button
Seat 2: ABATAPP ($240.35 in chips)
Seat 3: aloven ($123.01 in chips)
aloven: posts small blind $1
ABATAPP: posts big blind $3
*** HOLE CARDS ***
aloven: raises $3 to $6
ABATAPP: folds
Uncalled bet ($3) returned to aloven
aloven collected $6 from pot
aloven: doesn't show hand
*** SUMMARY ***
Total pot $6 | Rake $0
Seat 2: ABATAPP (big blind) folded before Flop
Seat 3: aloven (button) (small blind) collected ($6)


PokerStars Hand #171673280230:  Hold'em Limit ($3/$6 USD) - 2017/06/12 7:16:36 ET
Table 'Feronia' 6-max Seat #2 is the button
Seat 2: ABATAPP ($241.35 in chips)
Seat 3: aloven ($122.01 in chips)
ABATAPP: posts small blind $1
aloven: posts big blind $3
*** HOLE CARDS ***
ABATAPP: folds
Uncalled bet ($2) returned to aloven
aloven collected $2 from pot
aloven: doesn't show hand
*** SUMMARY ***
Total pot $2 | Rake $0
Seat 2: ABATAPP (button) (small blind) folded before Flop
Seat 3: aloven (big blind) collected ($2)


PokerStars Hand #171673297146:  Hold'em Limit ($3/$6 USD) - 2017/06/12 7:17:16 ET
Table 'Feronia' 6-max Seat #2 is the button
Seat 2: ABATAPP ($241.35 in chips)
Seat 3: aloven ($122.01 in chips)
ABATAPP: posts small blind $1
aloven: posts big blind $3
*** HOLE CARDS ***
ABATAPP: folds
Uncalled bet ($2) returned to aloven
aloven collected $2 from pot
aloven: doesn't show hand
*** SUMMARY ***
Total pot $2 | Rake $0
Seat 2: ABATAPP (button) (small blind) folded before Flop
Seat 3: aloven (big blind) collected ($2)


PokerStars Hand #171673306354:  Hold'em Limit ($3/$6 USD) - 2017/06/12 7:17:39 ET
Table 'Feronia' 6-max Seat #2 is the button
Seat 2: ABATAPP ($234.35 in chips)
Seat 3: aloven ($128.77 in chips)
ABATAPP: posts small blind $1
aloven: posts big blind $3
*** HOLE CARDS ***
ABATAPP: raises $3 to $6
aloven: calls $3
*** FLOP *** [Ac Ad 3s]
aloven: checks
ABATAPP: bets $3
aloven: folds
Uncalled bet ($3) returned to ABATAPP
ABATAPP collected $11.76 from pot
ABATAPP: doesn't show hand
*** SUMMARY ***
Total pot $12 | Rake $0.24
Board [Ac Ad 3s]
Seat 2: ABATAPP (button) (small blind) collected ($11.76)
Seat 3: aloven (big blind) folded on the Flop


PokerStars Hand #171673299433:  Hold'em Limit ($3/$6 USD) - 2017/06/12 7:17:22 ET
Table 'Feronia' 6-max Seat #3 is the button
Seat 2: ABATAPP ($240.35 in chips)
Seat 3: aloven ($123.01 in chips)
aloven: posts small blind $1
ABATAPP: posts big blind $3
*** HOLE CARDS ***
aloven: raises $3 to $6
ABATAPP: calls $3
*** FLOP *** [6s 5c 4c]
ABATAPP: checks
aloven: checks
*** TURN *** [6s 5c 4c] [Kc]
ABATAPP: checks
aloven: bets $6
ABATAPP: folds
Uncalled bet ($6) returned to aloven
aloven collected $11.76 from pot
aloven: doesn't show hand
*** SUMMARY ***
Total pot $12 | Rake $0.24
Board [6s 5c 4c Kc]
Seat 2: ABATAPP (big blind) folded on the Turn
Seat 3: aloven (button) (small blind) collected ($11.76)


PokerStars Hand #171673323777:  Hold'em Limit ($3/$6 USD) - 2017/06/12 7:18:20 ET
Table 'Feronia' 6-max Seat #2 is the button
Seat 2: ABATAPP ($222.11 in chips)
Seat 3: aloven ($140.27 in chips)
ABATAPP: posts small blind $1
aloven: posts big blind $3
*** HOLE CARDS ***
ABATAPP: folds
Uncalled bet ($2) returned to aloven
aloven collected $2 from pot
aloven: doesn't show hand
*** SUMMARY ***
Total pot $2 | Rake $0
Seat 2: ABATAPP (button) (small blind) folded before Flop
Seat 3: aloven (big blind) collected ($2)


PokerStars Hand #171673313720:  Hold'em Limit ($3/$6 USD) - 2017/06/12 7:17:56 ET
Table 'Feronia' 6-max Seat #3 is the button
Seat 2: ABATAPP ($240.11 in chips)
Seat 3: aloven ($122.77 in chips)
aloven: posts small blind $1
ABATAPP: posts big blind $3
*** HOLE CARDS ***
aloven: raises $3 to $6
ABATAPP: calls $3
*** FLOP *** [3d 6d 3h]
ABATAPP: checks
aloven: checks
*** TURN *** [3d 6d 3h] [4c]
ABATAPP: bets $6
aloven: calls $6
*** RIVER *** [3d 6d 3h 4c] [3c]
ABATAPP: bets $6
aloven: calls $6
*** SHOW DOWN ***
ABATAPP: shows [2c Qc] (three of a kind, Threes)
aloven: shows [As 5h] (three of a kind, Threes - Ace kicker)
aloven collected $35.50 from pot
*** SUMMARY ***
Total pot $36 | Rake $0.50
Board [3d 6d 3h 4c 3c]
Seat 2: ABATAPP (big blind) showed [2c Qc] and lost with three of a kind, Threes
Seat 3: aloven (button) (small blind) showed [As 5h] and won ($35.50) with three of a kind, Threes


PokerStars Hand #171673326057:  Hold'em Limit ($3/$6 USD) - 2017/06/12 7:18:26 ET
Table 'Feronia' 6-max Seat #3 is the button
Seat 2: ABATAPP ($221.11 in chips)
Seat 3: aloven ($141.27 in chips)
aloven: posts small blind $1
ABATAPP: posts big blind $3
*** HOLE CARDS ***
aloven: raises $3 to $6
ABATAPP: calls $3
*** FLOP *** [Tc Js 3s]
ABATAPP: checks
aloven: bets $3
ABATAPP: calls $3
*** TURN *** [Tc Js 3s] [Jh]
ABATAPP: checks
aloven: bets $6
ABATAPP: calls $6
*** RIVER *** [Tc Js 3s Jh] [8d]
ABATAPP: checks
aloven: bets $6
ABATAPP: calls $6
*** SHOW DOWN ***
aloven: shows [7c Th] (two pair, Jacks and Tens)
ABATAPP: mucks hand
aloven collected $41.50 from pot
*** SUMMARY ***
Total pot $42 | Rake $0.50
Board [Tc Js 3s Jh 8d]
Seat 2: ABATAPP (big blind) mucked
Seat 3: aloven (button) (small blind) showed [7c Th] and won ($41.50) with two pair, Jacks and Tens


PokerStars Hand #171673336887:  Hold'em Limit ($3/$6 USD) - 2017/06/12 7:18:52 ET
Table 'Feronia' 6-max Seat #2 is the button
Seat 2: ABATAPP ($200.11 in chips)
Seat 3: aloven ($161.77 in chips)
ABATAPP: posts small blind $1
aloven: posts big blind $3
*** HOLE CARDS ***
ABATAPP: raises $3 to $6
aloven: calls $3
*** FLOP *** [Jd 2h Td]
aloven: checks
ABATAPP: checks
*** TURN *** [Jd 2h Td] [4s]
aloven: checks
ABATAPP: bets $6
aloven: folds
Uncalled bet ($6) returned to ABATAPP
ABATAPP collected $11.76 from pot
ABATAPP: doesn't show hand
*** SUMMARY ***
Total pot $12 | Rake $0.24
Board [Jd 2h Td 4s]
Seat 2: ABATAPP (button) (small blind) collected ($11.76)
Seat 3: aloven (big blind) folded on the Turn


PokerStars Hand #171673357239:  Hold'em Limit ($3/$6 USD) - 2017/06/12 7:19:41 ET
Table 'Feronia' 6-max Seat #2 is the button
Seat 2: ABATAPP ($196.87 in chips)
Seat 3: aloven ($164.41 in chips)
ABATAPP: posts small blind $1
aloven: posts big blind $3
*** HOLE CARDS ***
ABATAPP: folds
Uncalled bet ($2) returned to aloven
aloven collected $2 from pot
aloven: doesn't show hand
*** SUMMARY ***
Total pot $2 | Rake $0
Seat 2: ABATAPP (button) (small blind) folded before Flop
Seat 3: aloven (big blind) collected ($2)


PokerStars Hand #171673347025:  Hold'em Limit ($3/$6 USD) - 2017/06/12 7:19:16 ET
Table 'Feronia' 6-max Seat #3 is the button
Seat 2: ABATAPP ($205.87 in chips)
Seat 3: aloven ($155.77 in chips)
aloven: posts small blind $1
ABATAPP: posts big blind $3
*** HOLE CARDS ***
aloven: raises $3 to $6
ABATAPP: calls $3
*** FLOP *** [Ts As 9s]
ABATAPP: checks
aloven: bets $3
ABATAPP: calls $3
*** TURN *** [Ts As 9s] [Th]
ABATAPP: checks
aloven: checks
*** RIVER *** [Ts As 9s Th] [9h]
ABATAPP: checks
aloven: bets $6
ABATAPP: folds
Uncalled bet ($6) returned to aloven
aloven collected $17.64 from pot
aloven: doesn't show hand
*** SUMMARY ***
Total pot $18 | Rake $0.36
Board [Ts As 9s Th 9h]
Seat 2: ABATAPP (big blind) folded on the River
Seat 3: aloven (button) (small blind) collected ($17.64)


PokerStars Hand #171673361744:  Hold'em Limit ($3/$6 USD) - 2017/06/12 7:19:52 ET
Table 'Feronia' 6-max Seat #2 is the button
Seat 2: ABATAPP ($196.87 in chips)
Seat 3: aloven ($164.41 in chips)
ABATAPP: posts small blind $1
aloven: posts big blind $3
*** HOLE CARDS ***
ABATAPP: raises $3 to $6
aloven: folds
Uncalled bet ($3) returned to ABATAPP
ABATAPP collected $6 from pot
ABATAPP: doesn't show hand
*** SUMMARY ***
Total pot $6 | Rake $0
Seat 2: ABATAPP (button) (small blind) collected ($6)
Seat 3: aloven (big blind) folded before Flop


PokerStars Hand #171673359458:  Hold'em Limit ($3/$6 USD) - 2017/06/12 7:19:46 ET
Table 'Feronia' 6-max Seat #3 is the button
Seat 2: ABATAPP ($195.87 in chips)
Seat 3: aloven ($165.41 in chips)
aloven: posts small blind $1
ABATAPP: posts big blind $3
*** HOLE CARDS ***
aloven: folds
Uncalled bet ($2) returned to ABATAPP
ABATAPP collected $2 from pot
ABATAPP: doesn't show hand
*** SUMMARY ***
Total pot $2 | Rake $0
Seat 2: ABATAPP (big blind) collected ($2)
Seat 3: aloven (button) (small blind) folded before Flop


PokerStars Hand #171673364158:  Hold'em Limit ($3/$6 USD) - 2017/06/12 7:19:57 ET
Table 'Feronia' 6-max Seat #3 is the button
Seat 2: ABATAPP ($199.87 in chips)
Seat 3: aloven ($161.41 in chips)
aloven: posts small blind $1
ABATAPP: posts big blind $3
*** HOLE CARDS ***
aloven: raises $3 to $6
ABATAPP: folds
Uncalled bet ($3) returned to aloven
aloven collected $6 from pot
aloven: doesn't show hand
*** SUMMARY ***
Total pot $6 | Rake $0
Seat 2: ABATAPP (big blind) folded before Flop
Seat 3: aloven (button) (small blind) collected ($6)


PokerStars Hand #171673383512:  Hold'em Limit ($3/$6 USD) - 2017/06/12 7:20:44 ET
Table 'Feronia' 6-max Seat #2 is the button
Seat 2: ABATAPP ($209.39 in chips)
Seat 3: aloven ($151.41 in chips)
ABATAPP: posts small blind $1
aloven: posts big blind $3
*** HOLE CARDS ***
ABATAPP: raises $3 to $6
aloven: calls $3
*** FLOP *** [8s 6h 4h]
aloven: bets $3
ABATAPP: calls $3
*** TURN *** [8s 6h 4h] [Js]
aloven: bets $6
ABATAPP: raises $6 to $12
aloven: calls $6
*** RIVER *** [8s 6h 4h Js] [5s]
aloven: bets $6
ABATAPP: calls $6
*** SHOW DOWN ***
aloven: shows [Td Qc] (high card Queen)
ABATAPP: shows [8c 5h] (two pair, Eights and Fives)
ABATAPP collected $53.50 from pot
*** SUMMARY ***
Total pot $54 | Rake $0.50
Board [8s 6h 4h Js 5s]
Seat 2: ABATAPP (button) (small blind) showed [8c 5h] and won ($53.50) with two pair, Eights and Fives
Seat 3: aloven (big blind) showed [Td Qc] and lost with high card Queen


PokerStars Hand #171673366872:  Hold'em Limit ($3/$6 USD) - 2017/06/12 7:20:04 ET
Table 'Feronia' 6-max Seat #2 is the button
Seat 2: ABATAPP ($196.87 in chips)
Seat 3: aloven ($164.41 in chips)
ABATAPP: posts small blind $1
aloven: posts big blind $3
*** HOLE CARDS ***
ABATAPP: raises $3 to $6
aloven: calls $3
*** FLOP *** [4d 9c 3d]
aloven: checks
ABATAPP: checks
*** TURN *** [4d 9c 3d] [7h]
aloven: checks
ABATAPP: checks
*** RIVER *** [4d 9c 3d 7h] [Jh]
aloven: bets $6
ABATAPP: calls $6
*** SHOW DOWN ***
aloven: shows [Jd 6h] (a pair of Jacks)
ABATAPP: shows [Qh Js] (a pair of Jacks - Queen kicker)
ABATAPP collected $23.52 from pot
*** SUMMARY ***
Total pot $24 | Rake $0.48
Board [4d 9c 3d 7h Jh]
Seat 2: ABATAPP (button) (small blind) showed [Qh Js] and won ($23.52) with a pair of Jacks
Seat 3: aloven (big blind) showed [Jd 6h] and lost with a pair of Jacks


PokerStars Hand #171673381421:  Hold'em Limit ($3/$6 USD) - 2017/06/12 7:20:39 ET
Table 'Feronia' 6-max Seat #3 is the button
Seat 2: ABATAPP ($208.39 in chips)
Seat 3: aloven ($152.41 in chips)
aloven: posts small blind $1
ABATAPP: posts big blind $3
*** HOLE CARDS ***
aloven: folds
Uncalled bet ($2) returned to ABATAPP
ABATAPP collected $2 from pot
ABATAPP: doesn't show hand
*** SUMMARY ***
Total pot $2 | Rake $0
Seat 2: ABATAPP (big blind) collected ($2)
Seat 3: aloven (button) (small blind) folded before Flop


PokerStars Hand #171673419597:  Hold'em Limit ($3/$6 USD) - 2017/06/12 7:22:10 ET
Table 'Feronia' 6-max Seat #3 is the button
Seat 2: ABATAPP ($245.39 in chips)
Seat 3: aloven ($113.91 in chips)
aloven: posts small blind $1
ABATAPP: posts big blind $3
*** HOLE CARDS ***
aloven: folds
Uncalled bet ($2) returned to ABATAPP
ABATAPP collected $2 from pot
ABATAPP: doesn't show hand
*** SUMMARY ***
Total pot $2 | Rake $0
Seat 2: ABATAPP (big blind) collected ($2)
Seat 3: aloven (button) (small blind) folded before Flop


PokerStars Hand #171673406946:  Hold'em Limit ($3/$6 USD) - 2017/06/12 7:21:40 ET
Table 'Feronia' 6-max Seat #2 is the button
Seat 2: ABATAPP ($221.89 in chips)
Seat 3: aloven ($137.91 in chips)
ABATAPP: posts small blind $1
aloven: posts big blind $3
*** HOLE CARDS ***
ABATAPP: raises $3 to $6
aloven: raises $3 to $9
ABATAPP: calls $3
*** FLOP *** [2c 8h Kh]
aloven: bets $3
ABATAPP: calls $3
*** TURN *** [2c 8h Kh] [9s]
aloven: bets $6
ABATAPP: raises $6 to $12
aloven: calls $6
*** RIVER *** [2c 8h Kh 9s] [Ah]
aloven: checks
ABATAPP: checks
*** SHOW DOWN ***
aloven: shows [8s 7h] (a pair of Eights)
ABATAPP: shows [8c Jh] (a pair of Eights - Ace+King+Jack kicker)
ABATAPP collected $47.50 from pot
*** SUMMARY ***
Total pot $48 | Rake $0.50
Board [2c 8h Kh 9s Ah]
Seat 2: ABATAPP (button) (small blind) showed [8c Jh] and won ($47.50) with a pair of Eights
Seat 3: aloven (big blind) showed [8s 7h] and lost with a pair of Eights


PokerStars Hand #171673402608:  Hold'em Limit ($3/$6 USD) - 2017/06/12 7:21:29 ET
Table 'Feronia' 6-max Seat #2 is the button
Seat 2: ABATAPP ($217.89 in chips)
Seat 3: aloven ($141.91 in chips)
ABATAPP: posts small blind $1
aloven: posts big blind $3
*** HOLE CARDS ***
ABATAPP: raises $3 to $6
aloven: folds
Uncalled bet ($3) returned to ABATAPP
ABATAPP collected $6 from pot
ABATAPP: doesn't show hand
*** SUMMARY ***
Total pot $6 | Rake $0
Seat 2: ABATAPP (button) (small blind) collected ($6)
Seat 3: aloven (big blind) folded before Flop


PokerStars Hand #171673421805:  Hold'em Limit ($3/$6 USD) - 2017/06/12 7:22:16 ET
Table 'Feronia' 6-max Seat #2 is the button
Seat 2: ABATAPP ($246.39 in chips)
Seat 3: aloven ($112.91 in chips)
ABATAPP: posts small blind $1
aloven: posts big blind $3
*** HOLE CARDS ***
ABATAPP: raises $3 to $6
aloven: folds
Uncalled bet ($3) returned to ABATAPP
ABATAPP collected $6 from pot
ABATAPP: doesn't show hand
*** SUMMARY ***
Total pot $6 | Rake $0
Seat 2: ABATAPP (button) (small blind) collected ($6)
Seat 3: aloven (big blind) folded before Flop


PokerStars Hand #171673404789:  Hold'em Limit ($3/$6 USD) - 2017/06/12 7:21:35 ET
Table 'Feronia' 6-max Seat #3 is the button
Seat 2: ABATAPP ($220.89 in chips)
Seat 3: aloven ($138.91 in chips)
aloven: posts small blind $1
ABATAPP: posts big blind $3
*** HOLE CARDS ***
aloven: folds
Uncalled bet ($2) returned to ABATAPP
ABATAPP collected $2 from pot
ABATAPP: doesn't show hand
*** SUMMARY ***
Total pot $2 | Rake $0
Seat 2: ABATAPP (big blind) collected ($2)
Seat 3: aloven (button) (small blind) folded before Flop


PokerStars Hand #171673440608:  Hold'em Limit ($3/$6 USD) - 2017/06/12 7:23:01 ET
Table 'Feronia' 6-max Seat #3 is the button
Seat 2: ABATAPP ($252.03 in chips)
Seat 3: aloven ($106.67 in chips)
aloven: posts small blind $1
ABATAPP: posts big blind $3
*** HOLE CARDS ***
aloven: folds
Uncalled bet ($2) returned to ABATAPP
ABATAPP collected $2 from pot
ABATAPP: doesn't show hand
*** SUMMARY ***
Total pot $2 | Rake $0
Seat 2: ABATAPP (big blind) collected ($2)
Seat 3: aloven (button) (small blind) folded before Flop


PokerStars Hand #171673429820:  Hold'em Limit ($3/$6 USD) - 2017/06/12 7:22:35 ET
Table 'Feronia' 6-max Seat #2 is the button
Seat 2: ABATAPP ($243.39 in chips)
Seat 3: aloven ($115.67 in chips)
ABATAPP: posts small blind $1
aloven: posts big blind $3
*** HOLE CARDS ***
ABATAPP: raises $3 to $6
aloven: calls $3
*** FLOP *** [3d 6h Jh]
aloven: checks
ABATAPP: bets $3
aloven: calls $3
*** TURN *** [3d 6h Jh] [2s]
aloven: checks
ABATAPP: checks
*** RIVER *** [3d 6h Jh 2s] [4s]
aloven: checks
ABATAPP: checks
*** SHOW DOWN ***
aloven: shows [Td Qs] (high card Queen)
ABATAPP: shows [Ks Qd] (high card King)
ABATAPP collected $17.64 from pot
*** SUMMARY ***
Total pot $18 | Rake $0.36
Board [3d 6h Jh 2s 4s]
Seat 2: ABATAPP (button) (small blind) showed [Ks Qd] and won ($17.64) with high card King
Seat 3: aloven (big blind) showed [Td Qs] and lost with high card Queen


PokerStars Hand #171673445828:  Hold'em Limit ($3/$6 USD) - 2017/06/12 7:23:13 ET
Table 'Feronia' 6-max Seat #3 is the button
Seat 2: ABATAPP ($256.03 in chips)
Seat 3: aloven ($102.67 in chips)
aloven: posts small blind $1
ABATAPP: posts big blind $3
*** HOLE CARDS ***
aloven: folds
Uncalled bet ($2) returned to ABATAPP
ABATAPP collected $2 from pot
ABATAPP: doesn't show hand
*** SUMMARY ***
Total pot $2 | Rake $0
Seat 2: ABATAPP (big blind) collected ($2)
Seat 3: aloven (button) (small blind) folded before Flop


PokerStars Hand #171673442801:  Hold'em Limit ($3/$6 USD) - 2017/06/12 7:23:06 ET
Table 'Feronia' 6-max Seat #2 is the button
Seat 2: ABATAPP ($253.03 in chips)
Seat 3: aloven ($105.67 in chips)
ABATAPP: posts small blind $1
aloven: posts big blind $3
*** HOLE CARDS ***
ABATAPP: raises $3 to $6
aloven: folds
Uncalled bet ($3) returned to ABATAPP
ABATAPP collected $6 from pot
ABATAPP: doesn't show hand
*** SUMMARY ***
Total pot $6 | Rake $0
Seat 2: ABATAPP (button) (small blind) collected ($6)
Seat 3: aloven (big blind) folded before Flop


PokerStars Hand #171673424588:  Hold'em Limit ($3/$6 USD) - 2017/06/12 7:22:23 ET
Table 'Feronia' 6-max Seat #3 is the button
Seat 2: ABATAPP ($249.39 in chips)
Seat 3: aloven ($109.91 in chips)
aloven: posts small blind $1
ABATAPP: posts big blind $3
*** HOLE CARDS ***
aloven: raises $3 to $6
ABATAPP: calls $3
*** FLOP *** [3h As 8h]
ABATAPP: checks
aloven: bets $3
ABATAPP: folds
Uncalled bet ($3) returned to aloven
aloven collected $11.76 from pot
aloven: doesn't show hand
*** SUMMARY ***
Total pot $12 | Rake $0.24
Board [3h As 8h]
Seat 2: ABATAPP (big blind) folded on the Flop
Seat 3: aloven (button) (small blind) collected ($11.76)


PokerStars Hand #171673461322:  Hold'em Limit ($3/$6 USD) - 2017/06/12 7:23:50 ET
Table 'Feronia' 6-max Seat #3 is the button
Seat 2: ABATAPP ($252.03 in chips)
Seat 3: aloven ($106.67 in chips)
aloven: posts small blind $1
ABATAPP: posts big blind $3
*** HOLE CARDS ***
aloven: raises $3 to $6
ABATAPP: calls $3
*** FLOP *** [Jd 3s Kd]
ABATAPP: checks
aloven: bets $3
ABATAPP: calls $3
*** TURN *** [Jd 3s Kd] [2d]
ABATAPP: checks
aloven: checks
*** RIVER *** [Jd 3s Kd 2d] [4c]
ABATAPP: bets $6
aloven: raises $6 to $12
ABATAPP: calls $6
*** SHOW DOWN ***
aloven: shows [Ac 5s] (a straight, Ace to Five)
ABATAPP: mucks hand
aloven collected $41.50 from pot
*** SUMMARY ***
Total pot $42 | Rake $0.50
Board [Jd 3s Kd 2d 4c]
Seat 2: ABATAPP (big blind) mucked
Seat 3: aloven (button) (small blind) showed [Ac 5s] and won ($41.50) with a straight, Ace to Five


PokerStars Hand #171673471838:  Hold'em Limit ($3/$6 USD) - 2017/06/12 7:24:15 ET
Table 'Feronia' 6-max Seat #2 is the button
Seat 2: ABATAPP ($231.03 in chips)
Seat 3: aloven ($127.17 in chips)
ABATAPP: posts small blind $1
aloven: posts big blind $3
*** HOLE CARDS ***
ABATAPP: raises $3 to $6
aloven: calls $3
*** FLOP *** [Jd 4c Jc]
aloven: checks
ABATAPP: checks
*** TURN *** [Jd 4c Jc] [Js]
aloven: bets $6
ABATAPP: folds
Uncalled bet ($6) returned to aloven
aloven collected $11.76 from pot
aloven: doesn't show hand
*** SUMMARY ***
Total pot $12 | Rake $0.24
Board [Jd 4c Jc Js]
Seat 2: ABATAPP (button) (small blind) folded on the Turn
Seat 3: aloven (big blind) collected ($11.76)


PokerStars Hand #171673456677:  Hold'em Limit ($3/$6 USD) - 2017/06/12 7:23:39 ET
Table 'Feronia' 6-max Seat #3 is the button
Seat 2: ABATAPP ($256.03 in chips)
Seat 3: aloven ($102.67 in chips)
aloven: posts small blind $1
ABATAPP: posts big blind $3
*** HOLE CARDS ***
aloven: raises $3 to $6
ABATAPP: folds
Uncalled bet ($3) returned to aloven
aloven collected $6 from pot
aloven: doesn't show hand
*** SUMMARY ***
Total pot $6 | Rake $0
Seat 2: ABATAPP (big blind) folded before Flop
Seat 3: aloven (button) (small blind) collected ($6)


PokerStars Hand #171673453490:  Hold'em Limit ($3/$6 USD) - 2017/06/12 7:23:31 ET
Table 'Feronia' 6-max Seat #2 is the button
Seat 2: ABATAPP ($253.03 in chips)
Seat 3: aloven ($105.67 in chips)
ABATAPP: posts small blind $1
aloven: posts big blind $3
*** HOLE CARDS ***
ABATAPP: raises $3 to $6
aloven: folds
Uncalled bet ($3) returned to ABATAPP
ABATAPP collected $6 from pot
ABATAPP: doesn't show hand
*** SUMMARY ***
Total pot $6 | Rake $0
Seat 2: ABATAPP (button) (small blind) collected ($6)
Seat 3: aloven (big blind) folded before Flop


PokerStars Hand #171673450645:  Hold'em Limit ($3/$6 USD) - 2017/06/12 7:23:25 ET
Table 'Feronia' 6-max Seat #3 is the button
Seat 2: ABATAPP ($256.03 in chips)
Seat 3: aloven ($102.67 in chips)
aloven: posts small blind $1
ABATAPP: posts big blind $3
*** HOLE CARDS ***
aloven: raises $3 to $6
ABATAPP: folds
Uncalled bet ($3) returned to aloven
aloven collected $6 from pot
aloven: doesn't show hand
*** SUMMARY ***
Total pot $6 | Rake $0
Seat 2: ABATAPP (big blind) folded before Flop
Seat 3: aloven (button) (small blind) collected ($6)


PokerStars Hand #171673493619:  Hold'em Limit ($3/$6 USD) - 2017/06/12 7:25:07 ET
Table 'Feronia' 6-max Seat #2 is the button
Seat 2: ABATAPP ($211.03 in chips)
Seat 3: aloven ($146.33 in chips)
ABATAPP: posts small blind $1
aloven: posts big blind $3
*** HOLE CARDS ***
ABATAPP: raises $3 to $6
aloven: calls $3
*** FLOP *** [8c 7h Ts]
aloven: checks
ABATAPP: checks
*** TURN *** [8c 7h Ts] [4h]
aloven: bets $6
ABATAPP: folds
Uncalled bet ($6) returned to aloven
aloven collected $11.76 from pot
aloven: doesn't show hand
*** SUMMARY ***
Total pot $12 | Rake $0.24
Board [8c 7h Ts 4h]
Seat 2: ABATAPP (button) (small blind) folded on the Turn
Seat 3: aloven (big blind) collected ($11.76)


PokerStars Hand #171673491414:  Hold'em Limit ($3/$6 USD) - 2017/06/12 7:25:01 ET
Table 'Feronia' 6-max Seat #3 is the button
Seat 2: ABATAPP ($210.03 in chips)
Seat 3: aloven ($147.33 in chips)
aloven: posts small blind $1
ABATAPP: posts big blind $3
*** HOLE CARDS ***
aloven: folds
Uncalled bet ($2) returned to ABATAPP
ABATAPP collected $2 from pot
ABATAPP: doesn't show hand
*** SUMMARY ***
Total pot $2 | Rake $0
Seat 2: ABATAPP (big blind) collected ($2)
Seat 3: aloven (button) (small blind) folded before Flop


PokerStars Hand #171673486916:  Hold'em Limit ($3/$6 USD) - 2017/06/12 7:24:51 ET
Table 'Feronia' 6-max Seat #2 is the button
Seat 2: ABATAPP ($216.03 in chips)
Seat 3: aloven ($141.57 in chips)
ABATAPP: posts small blind $1
aloven: posts big blind $3
*** HOLE CARDS ***
ABATAPP: raises $3 to $6
aloven: calls $3
*** FLOP *** [2d 9d 2c]
aloven: bets $3
ABATAPP: folds
Uncalled bet ($3) returned to aloven
aloven collected $11.76 from pot
aloven: doesn't show hand
*** SUMMARY ***
Total pot $12 | Rake $0.24
Board [2d 9d 2c]
Seat 2: ABATAPP (button) (small blind) folded on the Flop
Seat 3: aloven (big blind) collected ($11.76)


PokerStars Hand #171673478034:  Hold'em Limit ($3/$6 USD) - 2017/06/12 7:24:30 ET
Table 'Feronia' 6-max Seat #3 is the button
Seat 2: ABATAPP ($225.03 in chips)
Seat 3: aloven ($132.93 in chips)
aloven: posts small blind $1
ABATAPP: posts big blind $3
*** HOLE CARDS ***
aloven: raises $3 to $6
ABATAPP: calls $3
*** FLOP *** [6c 6h Jc]
ABATAPP: checks
aloven: bets $3
ABATAPP: calls $3
*** TURN *** [6c 6h Jc] [3d]
ABATAPP: checks
aloven: bets $6
ABATAPP: folds
Uncalled bet ($6) returned to aloven
aloven collected $17.64 from pot
aloven: doesn't show hand
*** SUMMARY ***
Total pot $18 | Rake $0.36
Board [6c 6h Jc 3d]
Seat 2: ABATAPP (big blind) folded on the Turn
Seat 3: aloven (button) (small blind) collected ($17.64)


PokerStars Hand #171673514112:  Hold'em Limit ($3/$6 USD) - 2017/06/12 7:25:56 ET
Table 'Feronia' 6-max Seat #2 is the button
Seat 2: ABATAPP ($206.03 in chips)
Seat 3: aloven ($151.09 in chips)
ABATAPP: posts small blind $1
aloven: posts big blind $3
*** HOLE CARDS ***
ABATAPP: raises $3 to $6
aloven: folds
Uncalled bet ($3) returned to ABATAPP
ABATAPP collected $6 from pot
ABATAPP: doesn't show hand
*** SUMMARY ***
Total pot $6 | Rake $0
Seat 2: ABATAPP (button) (small blind) collected ($6)
Seat 3: aloven (big blind) folded before Flop


PokerStars Hand #171673509356:  Hold'em Limit ($3/$6 USD) - 2017/06/12 7:25:44 ET
Table 'Feronia' 6-max Seat #2 is the button
Seat 2: ABATAPP ($206.03 in chips)
Seat 3: aloven ($151.09 in chips)
ABATAPP: posts small blind $1
aloven: posts big blind $3
*** HOLE CARDS ***
ABATAPP: folds
Uncalled bet ($2) returned to aloven
aloven collected $2 from pot
aloven: doesn't show hand
*** SUMMARY ***
Total pot $2 | Rake $0
Seat 2: ABATAPP (button) (small blind) folded before Flop
Seat 3: aloven (big blind) collected ($2)


PokerStars Hand #171673507152:  Hold'em Limit ($3/$6 USD) - 2017/06/12 7:25:39 ET
Table 'Feronia' 6-max Seat #3 is the button
Seat 2: ABATAPP ($205.03 in chips)
Seat 3: aloven ($152.09 in chips)
aloven: posts small blind $1
ABATAPP: posts big blind $3
*** HOLE CARDS ***
aloven: folds
Uncalled bet ($2) returned to ABATAPP
ABATAPP collected $2 from pot
ABATAPP: doesn't show hand
*** SUMMARY ***
Total pot $2 | Rake $0
Seat 2: ABATAPP (big blind) collected ($2)
Seat 3: aloven (button) (small blind) folded before Flop


PokerStars Hand #171673518704:  Hold'em Limit ($3/$6 USD) - 2017/06/12 7:26:06 ET
Table 'Feronia' 6-max Seat #3 is the button
Seat 2: ABATAPP ($209.03 in chips)
Seat 3: aloven ($148.09 in chips)
aloven: posts small blind $1
ABATAPP: posts big blind $3
*** HOLE CARDS ***
aloven: folds
Uncalled bet ($2) returned to ABATAPP
ABATAPP collected $2 from pot
ABATAPP: doesn't show hand
*** SUMMARY ***
Total pot $2 | Rake $0
Seat 2: ABATAPP (big blind) collected ($2)
Seat 3: aloven (button) (small blind) folded before Flop


PokerStars Hand #171673532385:  Hold'em Limit ($3/$6 USD) - 2017/06/12 7:26:39 ET
Table 'Feronia' 6-max Seat #2 is the button
Seat 2: ABATAPP ($198.03 in chips)
Seat 3: aloven ($158.73 in chips)
ABATAPP: posts small blind $1
aloven: posts big blind $3
*** HOLE CARDS ***
ABATAPP: raises $3 to $6
aloven: calls $3
*** FLOP *** [Js 8s Qc]
aloven: checks
ABATAPP: checks
*** TURN *** [Js 8s Qc] [3h]
aloven: checks
ABATAPP: bets $6
aloven: folds
Uncalled bet ($6) returned to ABATAPP
ABATAPP collected $11.76 from pot
ABATAPP: doesn't show hand
*** SUMMARY ***
Total pot $12 | Rake $0.24
Board [Js 8s Qc 3h]
Seat 2: ABATAPP (button) (small blind) collected ($11.76)
Seat 3: aloven (big blind) folded on the Turn


PokerStars Hand #171673529527:  Hold'em Limit ($3/$6 USD) - 2017/06/12 7:26:32 ET
Table 'Feronia' 6-max Seat #3 is the button
Seat 2: ABATAPP ($201.03 in chips)
Seat 3: aloven ($155.73 in chips)
aloven: posts small blind $1
ABATAPP: posts big blind $3
*** HOLE CARDS ***
aloven: raises $3 to $6
ABATAPP: folds
Uncalled bet ($3) returned to aloven
aloven collected $6 from pot
aloven: doesn't show hand
*** SUMMARY ***
Total pot $6 | Rake $0
Seat 2: ABATAPP (big blind) folded before Flop
Seat 3: aloven (button) (small blind) collected ($6)


PokerStars Hand #171673520928:  Hold'em Limit ($3/$6 USD) - 2017/06/12 7:26:12 ET
Table 'Feronia' 6-max Seat #2 is the button
Seat 2: ABATAPP ($210.03 in chips)
Seat 3: aloven ($147.09 in chips)
ABATAPP: posts small blind $1
aloven: posts big blind $3
*** HOLE CARDS ***
ABATAPP: raises $3 to $6
aloven: raises $3 to $9
ABATAPP: calls $3
*** FLOP *** [Th Ks 4d]
aloven: bets $3
ABATAPP: folds
Uncalled bet ($3) returned to aloven
aloven collected $17.64 from pot
aloven: doesn't show hand
*** SUMMARY ***
Total pot $18 | Rake $0.36
Board [Th Ks 4d]
Seat 2: ABATAPP (button) (small blind) folded on the Flop
Seat 3: aloven (big blind) collected ($17.64)


PokerStars Hand #171673545521:  Hold'em Limit ($3/$6 USD) - 2017/06/12 7:27:10 ET
Table 'Feronia' 6-max Seat #3 is the button
Seat 2: ABATAPP ($203.79 in chips)
Seat 3: aloven ($152.73 in chips)
aloven: posts small blind $1
ABATAPP: posts big blind $3
*** HOLE CARDS ***
aloven: folds
Uncalled bet ($2) returned to ABATAPP
ABATAPP collected $2 from pot
ABATAPP: doesn't show hand
*** SUMMARY ***
Total pot $2 | Rake $0
Seat 2: ABATAPP (big blind) collected ($2)
Seat 3: aloven (button) (small blind) folded before Flop


PokerStars Hand #171673547671:  Hold'em Limit ($3/$6 USD) - 2017/06/12 7:27:16 ET
Table 'Feronia' 6-max Seat #2 is the button
Seat 2: ABATAPP ($204.79 in chips)
Seat 3: aloven ($151.73 in chips)
ABATAPP: posts small blind $1
aloven: posts big blind $3
*** HOLE CARDS ***
ABATAPP: calls $2
aloven: checks
*** FLOP *** [5d 9h 7c]
aloven: checks
ABATAPP: bets $3
aloven: calls $3
*** TURN *** [5d 9h 7c] [8s]
aloven: checks
ABATAPP: checks
*** RIVER *** [5d 9h 7c 8s] [3c]
aloven: checks
ABATAPP: bets $6
aloven: calls $6
*** SHOW DOWN ***
ABATAPP: shows [5s 6c] (a straight, Five to Nine)
aloven: mucks hand
ABATAPP collected $23.52 from pot
*** SUMMARY ***
Total pot $24 | Rake $0.48
Board [5d 9h 7c 8s 3c]
Seat 2: ABATAPP (button) (small blind) showed [5s 6c] and won ($23.52) with a straight, Five to Nine
Seat 3: aloven (big blind) mucked


PokerStars Hand #171673564812:  Hold'em Limit ($3/$6 USD) - 2017/06/12 7:27:56 ET
Table 'Feronia' 6-max Seat #3 is the button
Seat 2: ABATAPP ($216.31 in chips)
Seat 3: aloven ($139.73 in chips)
aloven: posts small blind $1
ABATAPP: posts big blind $3
*** HOLE CARDS ***
aloven: raises $3 to $6
ABATAPP: folds
Uncalled bet ($3) returned to aloven
aloven collected $6 from pot
aloven: doesn't show hand
*** SUMMARY ***
Total pot $6 | Rake $0
Seat 2: ABATAPP (big blind) folded before Flop
Seat 3: aloven (button) (small blind) collected ($6)


PokerStars Hand #171673597630:  Hold'em Limit ($3/$6 USD) - 2017/06/12 7:29:14 ET
Table 'Feronia' 6-max Seat #2 is the button
Seat 2: ABATAPP ($215.95 in chips)
Seat 3: aloven ($139.49 in chips)
ABATAPP: posts small blind $1
aloven: posts big blind $3
*** HOLE CARDS ***
ABATAPP: folds
Uncalled bet ($2) returned to aloven
aloven collected $2 from pot
aloven: doesn't show hand
*** SUMMARY ***
Total pot $2 | Rake $0
Seat 2: ABATAPP (button) (small blind) folded before Flop
Seat 3: aloven (big blind) collected ($2)


PokerStars Hand #171673588489:  Hold'em Limit ($3/$6 USD) - 2017/06/12 7:28:53 ET
Table 'Feronia' 6-max Seat #3 is the button
Seat 2: ABATAPP ($221.95 in chips)
Seat 3: aloven ($133.73 in chips)
aloven: posts small blind $1
ABATAPP: posts big blind $3
*** HOLE CARDS ***
aloven: raises $3 to $6
ABATAPP: calls $3
*** FLOP *** [5s Ad 7d]
ABATAPP: checks
aloven: bets $3
ABATAPP: folds
Uncalled bet ($3) returned to aloven
aloven collected $11.76 from pot
aloven: doesn't show hand
*** SUMMARY ***
Total pot $12 | Rake $0.24
Board [5s Ad 7d]
Seat 2: ABATAPP (big blind) folded on the Flop
Seat 3: aloven (button) (small blind) collected ($11.76)


PokerStars Hand #171673568774:  Hold'em Limit ($3/$6 USD) - 2017/06/12 7:28:06 ET
Table 'Feronia' 6-max Seat #2 is the button
Seat 2: ABATAPP ($213.31 in chips)
Seat 3: aloven ($142.73 in chips)
ABATAPP: posts small blind $1
aloven: posts big blind $3
*** HOLE CARDS ***
ABATAPP: raises $3 to $6
aloven: calls $3
*** FLOP *** [Qc 8d Qs]
aloven: checks
ABATAPP: bets $3
aloven: calls $3
*** TURN *** [Qc 8d Qs] [Ts]
aloven: checks
ABATAPP: checks
*** RIVER *** [Qc 8d Qs Ts] [6c]
aloven: checks
ABATAPP: checks
*** SHOW DOWN ***
aloven: shows [5s 3s] (a pair of Queens)
ABATAPP: shows [Ah Jc] (a pair of Queens - Ace kicker)
ABATAPP collected $17.64 from pot
*** SUMMARY ***
Total pot $18 | Rake $0.36
Board [Qc 8d Qs Ts 6c]
Seat 2: ABATAPP (button) (small blind) showed [Ah Jc] and won ($17.64) with a pair of Queens
Seat 3: aloven (big blind) showed [5s 3s] and lost with a pair of Queens


PokerStars Hand #171673606839:  Hold'em Limit ($3/$6 USD) - 2017/06/12 7:29:36 ET
Table 'Feronia' 6-max Seat #3 is the button
Seat 2: ABATAPP ($210.95 in chips)
Seat 3: aloven ($144.49 in chips)
aloven: posts small blind $1
ABATAPP: posts big blind $3
*** HOLE CARDS ***
aloven: folds
Uncalled bet ($2) returned to ABATAPP
ABATAPP collected $2 from pot
ABATAPP: doesn't show hand
*** SUMMARY ***
Total pot $2 | Rake $0
Seat 2: ABATAPP (big blind) collected ($2)
Seat 3: aloven (button) (small blind) folded before Flop


PokerStars Hand #171673604409:  Hold'em Limit ($3/$6 USD) - 2017/06/12 7:29:31 ET
Table 'Feronia' 6-max Seat #2 is the button
Seat 2: ABATAPP ($211.95 in chips)
Seat 3: aloven ($143.49 in chips)
ABATAPP: posts small blind $1
aloven: posts big blind $3
*** HOLE CARDS ***
ABATAPP: folds
Uncalled bet ($2) returned to aloven
aloven collected $2 from pot
aloven: doesn't show hand
*** SUMMARY ***
Total pot $2 | Rake $0
Seat 2: ABATAPP (button) (small blind) folded before Flop
Seat 3: aloven (big blind) collected ($2)


PokerStars Hand #171673600034:  Hold'em Limit ($3/$6 USD) - 2017/06/12 7:29:20 ET
Table 'Feronia' 6-max Seat #3 is the button
Seat 2: ABATAPP ($214.95 in chips)
Seat 3: aloven ($140.49 in chips)
aloven: posts small blind $1
ABATAPP: posts big blind $3
*** HOLE CARDS ***
aloven: raises $3 to $6
ABATAPP: folds
Uncalled bet ($3) returned to aloven
aloven collected $6 from pot
aloven: doesn't show hand
*** SUMMARY ***
Total pot $6 | Rake $0
Seat 2: ABATAPP (big blind) folded before Flop
Seat 3: aloven (button) (small blind) collected ($6)


PokerStars Hand #171673611785:  Hold'em Limit ($3/$6 USD) - 2017/06/12 7:29:43 ET
Table 'Feronia' 6-max Seat #2 is the button
Seat 2: ABATAPP ($211.95 in chips)
Seat 3: aloven ($143.49 in chips)
ABATAPP: posts small blind $1
aloven: posts big blind $3
*** HOLE CARDS ***
ABATAPP: folds
Uncalled bet ($2) returned to aloven
aloven collected $2 from pot
aloven: doesn't show hand
*** SUMMARY ***
Total pot $2 | Rake $0
Seat 2: ABATAPP (button) (small blind) folded before Flop
Seat 3: aloven (big blind) collected ($2)


PokerStars Hand #171673645703:  Hold'em Limit ($3/$6 USD) - 2017/06/12 7:31:04 ET
Table 'Feronia' 6-max Seat #2 is the button
Seat 2: ABATAPP ($189.95 in chips)
Seat 3: aloven ($164.77 in chips)
ABATAPP: posts small blind $1
aloven: posts big blind $3
*** HOLE CARDS ***
ABATAPP: folds
Uncalled bet ($2) returned to aloven
aloven collected $2 from pot
aloven: doesn't show hand
*** SUMMARY ***
Total pot $2 | Rake $0
Seat 2: ABATAPP (button) (small blind) folded before Flop
Seat 3: aloven (big blind) collected ($2)


PokerStars Hand #171673639979:  Hold'em Limit ($3/$6 USD) - 2017/06/12 7:30:51 ET
Table 'Feronia' 6-max Seat #3 is the button
Seat 2: ABATAPP ($192.95 in chips)
Seat 3: aloven ($161.77 in chips)
aloven: posts small blind $1
ABATAPP: posts big blind $3
*** HOLE CARDS ***
aloven: raises $3 to $6
ABATAPP: folds
Uncalled bet ($3) returned to aloven
aloven collected $6 from pot
aloven: doesn't show hand
*** SUMMARY ***
Total pot $6 | Rake $0
Seat 2: ABATAPP (big blind) folded before Flop
Seat 3: aloven (button) (small blind) collected ($6)


PokerStars Hand #171673628450:  Hold'em Limit ($3/$6 USD) - 2017/06/12 7:30:23 ET
Table 'Feronia' 6-max Seat #2 is the button
Seat 2: ABATAPP ($201.95 in chips)
Seat 3: aloven ($153.13 in chips)
ABATAPP: posts small blind $1
aloven: posts big blind $3
*** HOLE CARDS ***
ABATAPP: raises $3 to $6
aloven: calls $3
*** FLOP *** [Tc 7d Ah]
aloven: checks
ABATAPP: bets $3
aloven: calls $3
*** TURN *** [Tc 7d Ah] [5d]
aloven: checks
ABATAPP: checks
*** RIVER *** [Tc 7d Ah 5d] [6c]
aloven: bets $6
ABATAPP: folds
Uncalled bet ($6) returned to aloven
aloven collected $17.64 from pot
aloven: doesn't show hand
*** SUMMARY ***
Total pot $18 | Rake $0.36
Board [Tc 7d Ah 5d 6c]
Seat 2: ABATAPP (button) (small blind) folded on the River
Seat 3: aloven (big blind) collected ($17.64)


PokerStars Hand #171673616199:  Hold'em Limit ($3/$6 USD) - 2017/06/12 7:29:54 ET
Table 'Feronia' 6-max Seat #3 is the button
Seat 2: ABATAPP ($210.95 in chips)
Seat 3: aloven ($144.49 in chips)
aloven: posts small blind $1
ABATAPP: posts big blind $3
*** HOLE CARDS ***
aloven: raises $3 to $6
ABATAPP: calls $3
*** FLOP *** [Jd 2h 3h]
ABATAPP: checks
aloven: bets $3
ABATAPP: calls $3
*** TURN *** [Jd 2h 3h] [As]
ABATAPP: checks
aloven: bets $6
ABATAPP: folds
Uncalled bet ($6) returned to aloven
aloven collected $17.64 from pot
aloven: doesn't show hand
*** SUMMARY ***
Total pot $18 | Rake $0.36
Board [Jd 2h 3h As]
Seat 2: ABATAPP (big blind) folded on the Turn
Seat 3: aloven (button) (small blind) collected ($17.64)


PokerStars Hand #171673657914:  Hold'em Limit ($3/$6 USD) - 2017/06/12 7:31:34 ET
Table 'Feronia' 6-max Seat #2 is the button
Seat 2: ABATAPP ($200.47 in chips)
Seat 3: aloven ($153.77 in chips)
ABATAPP: posts small blind $1
aloven: posts big blind $3
*** HOLE CARDS ***
ABATAPP: raises $3 to $6
aloven: folds
Uncalled bet ($3) returned to ABATAPP
ABATAPP collected $6 from pot
ABATAPP: doesn't show hand
*** SUMMARY ***
Total pot $6 | Rake $0
Seat 2: ABATAPP (button) (small blind) collected ($6)
Seat 3: aloven (big blind) folded before Flop


PokerStars Hand #171673648269:  Hold'em Limit ($3/$6 USD) - 2017/06/12 7:31:11 ET
Table 'Feronia' 6-max Seat #3 is the button
Seat 2: ABATAPP ($188.95 in chips)
Seat 3: aloven ($165.77 in chips)
aloven: posts small blind $1
ABATAPP: posts big blind $3
*** HOLE CARDS ***
aloven: raises $3 to $6
ABATAPP: calls $3
*** FLOP *** [2s 7h 9d]
ABATAPP: checks
aloven: checks
*** TURN *** [2s 7h 9d] [4c]
ABATAPP: bets $6
aloven: calls $6
*** RIVER *** [2s 7h 9d 4c] [4s]
ABATAPP: checks
aloven: checks
*** SHOW DOWN ***
ABATAPP: shows [7s Ks] (two pair, Sevens and Fours)
aloven: mucks hand
ABATAPP collected $23.52 from pot
*** SUMMARY ***
Total pot $24 | Rake $0.48
Board [2s 7h 9d 4c 4s]
Seat 2: ABATAPP (big blind) showed [7s Ks] and won ($23.52) with two pair, Sevens and Fours
Seat 3: aloven (button) (small blind) mucked


PokerStars Hand #171673683566:  Hold'em Limit ($3/$6 USD) - 2017/06/12 7:32:34 ET
Table 'Feronia' 6-max Seat #2 is the button
Seat 2: ABATAPP ($223.97 in chips)
Seat 3: aloven ($129.77 in chips)
ABATAPP: posts small blind $1
aloven: posts big blind $3
*** HOLE CARDS ***
ABATAPP: folds
Uncalled bet ($2) returned to aloven
aloven collected $2 from pot
aloven: doesn't show hand
*** SUMMARY ***
Total pot $2 | Rake $0
Seat 2: ABATAPP (button) (small blind) folded before Flop
Seat 3: aloven (big blind) collected ($2)


PokerStars Hand #171673689309:  Hold'em Limit ($3/$6 USD) - 2017/06/12 7:32:48 ET
Table 'Feronia' 6-max Seat #2 is the button
Seat 2: ABATAPP ($223.97 in chips)
Seat 3: aloven ($129.77 in chips)
ABATAPP: posts small blind $1
aloven: posts big blind $3
*** HOLE CARDS ***
ABATAPP: folds
Uncalled bet ($2) returned to aloven
aloven collected $2 from pot
aloven: doesn't show hand
*** SUMMARY ***
Total pot $2 | Rake $0
Seat 2: ABATAPP (button) (small blind) folded before Flop
Seat 3: aloven (big blind) collected ($2)


PokerStars Hand #171673681434:  Hold'em Limit ($3/$6 USD) - 2017/06/12 7:32:29 ET
Table 'Feronia' 6-max Seat #3 is the button
Seat 2: ABATAPP ($222.97 in chips)
Seat 3: aloven ($130.77 in chips)
aloven: posts small blind $1
ABATAPP: posts big blind $3
*** HOLE CARDS ***
aloven: folds
Uncalled bet ($2) returned to ABATAPP
ABATAPP collected $2 from pot
ABATAPP: doesn't show hand
*** SUMMARY ***
Total pot $2 | Rake $0
Seat 2: ABATAPP (big blind) collected ($2)
Seat 3: aloven (button) (small blind) folded before Flop


PokerStars Hand #171673695115:  Hold'em Limit ($3/$6 USD) - 2017/06/12 7:33:02 ET
Table 'Feronia' 6-max Seat #2 is the button
Seat 2: ABATAPP ($223.97 in chips)
Seat 3: aloven ($129.77 in chips)
ABATAPP: posts small blind $1
aloven: posts big blind $3
*** HOLE CARDS ***
ABATAPP: raises $3 to $6
aloven: folds
Uncalled bet ($3) returned to ABATAPP
ABATAPP collected $6 from pot
ABATAPP: doesn't show hand
*** SUMMARY ***
Total pot $6 | Rake $0
Seat 2: ABATAPP (button) (small blind) collected ($6)
Seat 3: aloven (big blind) folded before Flop


PokerStars Hand #171673679232:  Hold'em Limit ($3/$6 USD) - 2017/06/12 7:32:24 ET
Table 'Feronia' 6-max Seat #2 is the button
Seat 2: ABATAPP ($223.97 in chips)
Seat 3: aloven ($129.77 in chips)
ABATAPP: posts small blind $1
aloven: posts big blind $3
*** HOLE CARDS ***
ABATAPP: folds
Uncalled bet ($2) returned to aloven
aloven collected $2 from pot
aloven: doesn't show hand
*** SUMMARY ***
Total pot $2 | Rake $0
Seat 2: ABATAPP (button) (small blind) folded before Flop
Seat 3: aloven (big blind) collected ($2)


PokerStars Hand #171673661263:  Hold'em Limit ($3/$6 USD) - 2017/06/12 7:31:42 ET
Table 'Feronia' 6-max Seat #3 is the button
Seat 2: ABATAPP ($203.47 in chips)
Seat 3: aloven ($150.77 in chips)
aloven: posts small blind $1
ABATAPP: posts big blind $3
*** HOLE CARDS ***
aloven: raises $3 to $6
ABATAPP: calls $3
*** FLOP *** [Qs 5s 7h]
ABATAPP: checks
aloven: bets $3
ABATAPP: calls $3
*** TURN *** [Qs 5s 7h] [9s]
ABATAPP: checks
aloven: bets $6
ABATAPP: calls $6
*** RIVER *** [Qs 5s 7h 9s] [Kd]
ABATAPP: checks
aloven: bets $6
ABATAPP: calls $6
*** SHOW DOWN ***
aloven: shows [Td 6d] (high card King)
ABATAPP: shows [6c Ks] (a pair of Kings)
ABATAPP collected $41.50 from pot
*** SUMMARY ***
Total pot $42 | Rake $0.50
Board [Qs 5s 7h 9s Kd]
Seat 2: ABATAPP (big blind) showed [6c Ks] and won ($41.50) with a pair of Kings
Seat 3: aloven (button) (small blind) showed [Td 6d] and lost with high card King


PokerStars Hand #171673710916:  Hold'em Limit ($3/$6 USD) - 2017/06/12 7:33:39 ET
Table 'Feronia' 6-max Seat #3 is the button
Seat 2: ABATAPP ($236.61 in chips)
Seat 3: aloven ($116.77 in chips)
aloven: posts small blind $1
ABATAPP: posts big blind $3
*** HOLE CARDS ***
aloven: raises $3 to $6
ABATAPP: calls $3
*** FLOP *** [6c 3d 8c]
ABATAPP: checks
aloven: checks
*** TURN *** [6c 3d 8c] [5d]
ABATAPP: checks
aloven: checks
*** RIVER *** [6c 3d 8c 5d] [4s]
ABATAPP: bets $6
aloven: folds
Uncalled bet ($6) returned to ABATAPP
ABATAPP collected $11.76 from pot
ABATAPP: doesn't show hand
*** SUMMARY ***
Total pot $12 | Rake $0.24
Board [6c 3d 8c 5d 4s]
Seat 2: ABATAPP (big blind) collected ($11.76)
Seat 3: aloven (button) (small blind) folded on the River


PokerStars Hand #171673719029:  Hold'em Limit ($3/$6 USD) - 2017/06/12 7:33:58 ET
Table 'Feronia' 6-max Seat #2 is the button
Seat 2: ABATAPP ($242.37 in chips)
Seat 3: aloven ($110.77 in chips)
ABATAPP: posts small blind $1
aloven: posts big blind $3
*** HOLE CARDS ***
ABATAPP: raises $3 to $6
aloven: raises $3 to $9
ABATAPP: calls $3
*** FLOP *** [6s 2s 8s]
aloven: bets $3
ABATAPP: folds
Uncalled bet ($3) returned to aloven
aloven collected $17.64 from pot
aloven: doesn't show hand
*** SUMMARY ***
Total pot $18 | Rake $0.36
Board [6s 2s 8s]
Seat 2: ABATAPP (button) (small blind) folded on the Flop
Seat 3: aloven (big blind) collected ($17.64)


PokerStars Hand #171673701206:  Hold'em Limit ($3/$6 USD) - 2017/06/12 7:33:16 ET
Table 'Feronia' 6-max Seat #2 is the button
Seat 2: ABATAPP ($227.97 in chips)
Seat 3: aloven ($125.77 in chips)
ABATAPP: posts small blind $1
aloven: posts big blind $3
*** HOLE CARDS ***
ABATAPP: raises $3 to $6
aloven: calls $3
*** FLOP *** [9h Ah 8h]
aloven: checks
ABATAPP: bets $3
aloven: calls $3
*** TURN *** [9h Ah 8h] [Jd]
aloven: checks
ABATAPP: bets $6
aloven: folds
Uncalled bet ($6) returned to ABATAPP
ABATAPP collected $17.64 from pot
ABATAPP: doesn't show hand
*** SUMMARY ***
Total pot $18 | Rake $0.36
Board [9h Ah 8h Jd]
Seat 2: ABATAPP (button) (small blind) collected ($17.64)
Seat 3: aloven (big blind) folded on the Turn


PokerStars Hand #171673730290:  Hold'em Limit ($3/$6 USD) - 2017/06/12 7:34:24 ET
Table 'Feronia' 6-max Seat #2 is the button
Seat 2: ABATAPP ($234.37 in chips)
Seat 3: aloven ($118.41 in chips)
ABATAPP: posts small blind $1
aloven: posts big blind $3
*** HOLE CARDS ***
ABATAPP: raises $3 to $6
aloven: calls $3
*** FLOP *** [8h 9s Ts]
aloven: checks
ABATAPP: checks
*** TURN *** [8h 9s Ts] [9h]
aloven: bets $6
ABATAPP: calls $6
*** RIVER *** [8h 9s Ts 9h] [7h]
aloven: checks
ABATAPP: bets $6
aloven: calls $6
*** SHOW DOWN ***
ABATAPP: shows [Jh As] (a straight, Seven to Jack)
aloven: mucks hand
ABATAPP collected $35.50 from pot
*** SUMMARY ***
Total pot $36 | Rake $0.50
Board [8h 9s Ts 9h 7h]
Seat 2: ABATAPP (button) (small blind) showed [Jh As] and won ($35.50) with a straight, Seven to Jack
Seat 3: aloven (big blind) mucked


PokerStars Hand #171673756513:  Hold'em Limit ($3/$6 USD) - 2017/06/12 7:35:25 ET
Table 'Feronia' 6-max Seat #2 is the button
Seat 2: ABATAPP ($236.87 in chips)
Seat 3: aloven ($114.91 in chips)
ABATAPP: posts small blind $1
aloven: posts big blind $3
*** HOLE CARDS ***
ABATAPP: raises $3 to $6
aloven: calls $3
*** FLOP *** [3h 8d Th]
aloven: bets $3
ABATAPP: folds
Uncalled bet ($3) returned to aloven
aloven collected $11.76 from pot
aloven: doesn't show hand
*** SUMMARY ***
Total pot $12 | Rake $0.24
Board [3h 8d Th]
Seat 2: ABATAPP (button) (small blind) folded on the Flop
Seat 3: aloven (big blind) collected ($11.76)


PokerStars Hand #171673776077:  Hold'em Limit ($3/$6 USD) - 2017/06/12 7:36:11 ET
Table 'Feronia' 6-max Seat #2 is the button
Seat 2: ABATAPP ($236.63 in chips)
Seat 3: aloven ($114.67 in chips)
ABATAPP: posts small blind $1
aloven: posts big blind $3
*** HOLE CARDS ***
ABATAPP: folds
Uncalled bet ($2) returned to aloven
aloven collected $2 from pot
aloven: doesn't show hand
*** SUMMARY ***
Total pot $2 | Rake $0
Seat 2: ABATAPP (button) (small blind) folded before Flop
Seat 3: aloven (big blind) collected ($2)


PokerStars Hand #171673743662:  Hold'em Limit ($3/$6 USD) - 2017/06/12 7:34:55 ET
Table 'Feronia' 6-max Seat #3 is the button
Seat 2: ABATAPP ($251.87 in chips)
Seat 3: aloven ($100.41 in chips)
aloven: posts small blind $1
ABATAPP: posts big blind $3
*** HOLE CARDS ***
aloven: raises $3 to $6
ABATAPP: calls $3
*** FLOP *** [5d 3h 6c]
ABATAPP: checks
aloven: bets $3
ABATAPP: calls $3
*** TURN *** [5d 3h 6c] [Th]
ABATAPP: checks
aloven: checks
*** RIVER *** [5d 3h 6c Th] [4s]
ABATAPP: bets $6
aloven: calls $6
*** SHOW DOWN ***
ABATAPP: shows [9d 8c] (high card Ten)
aloven: shows [5h Ks] (a pair of Fives)
aloven collected $29.50 from pot
*** SUMMARY ***
Total pot $30 | Rake $0.50
Board [5d 3h 6c Th 4s]
Seat 2: ABATAPP (big blind) showed [9d 8c] and lost with high card Ten
Seat 3: aloven (button) (small blind) showed [5h Ks] and won ($29.50) with a pair of Fives


PokerStars Hand #171673764581:  Hold'em Limit ($3/$6 USD) - 2017/06/12 7:35:44 ET
Table 'Feronia' 6-max Seat #3 is the button
Seat 2: ABATAPP ($230.87 in chips)
Seat 3: aloven ($120.67 in chips)
aloven: posts small blind $1
ABATAPP: posts big blind $3
*** HOLE CARDS ***
aloven: raises $3 to $6
ABATAPP: calls $3
*** FLOP *** [5d Jc 3c]
ABATAPP: checks
aloven: checks
*** TURN *** [5d Jc 3c] [3h]
ABATAPP: bets $6
aloven: folds
Uncalled bet ($6) returned to ABATAPP
ABATAPP collected $11.76 from pot
ABATAPP: doesn't show hand
*** SUMMARY ***
Total pot $12 | Rake $0.24
Board [5d Jc 3c 3h]
Seat 2: ABATAPP (big blind) collected ($11.76)
Seat 3: aloven (button) (small blind) folded on the Turn


PokerStars Hand #171673778354:  Hold'em Limit ($3/$6 USD) - 2017/06/12 7:36:17 ET
Table 'Feronia' 6-max Seat #3 is the button
Seat 2: ABATAPP ($235.63 in chips)
Seat 3: aloven ($115.67 in chips)
aloven: posts small blind $1
ABATAPP: posts big blind $3
*** HOLE CARDS ***
aloven: raises $3 to $6
ABATAPP: calls $3
*** FLOP *** [7s Js 7h]
ABATAPP: checks
aloven: bets $3
ABATAPP: calls $3
*** TURN *** [7s Js 7h] [Qs]
ABATAPP: checks
aloven: checks
*** RIVER *** [7s Js 7h Qs] [Ah]
ABATAPP: bets $6
aloven: folds
Uncalled bet ($6) returned to ABATAPP
ABATAPP collected $17.64 from pot
ABATAPP: doesn't show hand
*** SUMMARY ***
Total pot $18 | Rake $0.36
Board [7s Js 7h Qs Ah]
Seat 2: ABATAPP (big blind) collected ($17.64)
Seat 3: aloven (button) (small blind) folded on the River


PokerStars Hand #171673801595:  Hold'em Limit ($3/$6 USD) - 2017/06/12 7:37:11 ET
Table 'Feronia' 6-max Seat #3 is the button
Seat 2: ABATAPP ($258.77 in chips)
Seat 3: aloven ($91.67 in chips)
aloven: posts small blind $1
ABATAPP: posts big blind $3
*** HOLE CARDS ***
aloven: folds
Uncalled bet ($2) returned to ABATAPP
ABATAPP collected $2 from pot
ABATAPP: doesn't show hand
*** SUMMARY ***
Total pot $2 | Rake $0
Seat 2: ABATAPP (big blind) collected ($2)
Seat 3: aloven (button) (small blind) folded before Flop


PokerStars Hand #171673789843:  Hold'em Limit ($3/$6 USD) - 2017/06/12 7:36:44 ET
Table 'Feronia' 6-max Seat #2 is the button
Seat 2: ABATAPP ($244.27 in chips)
Seat 3: aloven ($106.67 in chips)
ABATAPP: posts small blind $1
aloven: posts big blind $3
*** HOLE CARDS ***
ABATAPP: raises $3 to $6
aloven: calls $3
*** FLOP *** [Js 4d 6c]
aloven: checks
ABATAPP: bets $3
aloven: calls $3
*** TURN *** [Js 4d 6c] [5c]
aloven: checks
ABATAPP: checks
*** RIVER *** [Js 4d 6c 5c] [2s]
aloven: bets $6
ABATAPP: calls $6
*** SHOW DOWN ***
aloven: shows [Ts 7s] (high card Jack)
ABATAPP: shows [Kh Jc] (a pair of Jacks)
ABATAPP collected $29.50 from pot
*** SUMMARY ***
Total pot $30 | Rake $0.50
Board [Js 4d 6c 5c 2s]
Seat 2: ABATAPP (button) (small blind) showed [Kh Jc] and won ($29.50) with a pair of Jacks
Seat 3: aloven (big blind) showed [Ts 7s] and lost with high card Jack


PokerStars Hand #171673806476:  Hold'em Limit ($3/$6 USD) - 2017/06/12 7:37:23 ET
Table 'Feronia' 6-max Seat #3 is the button
Seat 2: ABATAPP ($258.77 in chips)
Seat 3: aloven ($91.67 in chips)
aloven: posts small blind $1
ABATAPP: posts big blind $3
*** HOLE CARDS ***
aloven: raises $3 to $6
ABATAPP: raises $3 to $9
aloven: calls $3
*** FLOP *** [Kd Ts Jh]
ABATAPP: bets $3
aloven: calls $3
*** TURN *** [Kd Ts Jh] [Qh]
ABATAPP: checks
aloven: bets $6
ABATAPP: calls $6
*** RIVER *** [Kd Ts Jh Qh] [2d]
ABATAPP: checks
aloven: bets $6
ABATAPP: calls $6
*** SHOW DOWN ***
aloven: shows [5c Ac] (a straight, Ten to Ace)
ABATAPP: mucks hand
aloven collected $47.50 from pot
*** SUMMARY ***
Total pot $48 | Rake $0.50
Board [Kd Ts Jh Qh 2d]
Seat 2: ABATAPP (big blind) mucked
Seat 3: aloven (button) (small blind) showed [5c Ac] and won ($47.50) with a straight, Ten to Ace


PokerStars Hand #171673817176:  Hold'em Limit ($3/$6 USD) - 2017/06/12 7:37:48 ET
Table 'Feronia' 6-max Seat #2 is the button
Seat 2: ABATAPP ($234.77 in chips)
Seat 3: aloven ($115.17 in chips)
ABATAPP: posts small blind $1
aloven: posts big blind $3
*** HOLE CARDS ***
ABATAPP: folds
Uncalled bet ($2) returned to aloven
aloven collected $2 from pot
aloven: doesn't show hand
*** SUMMARY ***
Total pot $2 | Rake $0
Seat 2: ABATAPP (button) (small blind) folded before Flop
Seat 3: aloven (big blind) collected ($2)


PokerStars Hand #171673824672:  Hold'em Limit ($3/$6 USD) - 2017/06/12 7:38:05 ET
Table 'Feronia' 6-max Seat #3 is the button
Seat 2: ABATAPP ($233.77 in chips)
Seat 3: aloven ($116.17 in chips)
aloven: posts small blind $1
ABATAPP: posts big blind $3
*** HOLE CARDS ***
aloven: raises $3 to $6
ABATAPP: folds
Uncalled bet ($3) returned to aloven
aloven collected $6 from pot
aloven: doesn't show hand
*** SUMMARY ***
Total pot $6 | Rake $0
Seat 2: ABATAPP (big blind) folded before Flop
Seat 3: aloven (button) (small blind) collected ($6)


PokerStars Hand #171673822316:  Hold'em Limit ($3/$6 USD) - 2017/06/12 7:37:59 ET
Table 'Feronia' 6-max Seat #2 is the button
Seat 2: ABATAPP ($234.77 in chips)
Seat 3: aloven ($115.17 in chips)
ABATAPP: posts small blind $1
aloven: posts big blind $3
*** HOLE CARDS ***
ABATAPP: folds
Uncalled bet ($2) returned to aloven
aloven collected $2 from pot
aloven: doesn't show hand
*** SUMMARY ***
Total pot $2 | Rake $0
Seat 2: ABATAPP (button) (small blind) folded before Flop
Seat 3: aloven (big blind) collected ($2)


PokerStars Hand #171673830941:  Hold'em Limit ($3/$6 USD) - 2017/06/12 7:38:19 ET
Table 'Feronia' 6-max Seat #3 is the button
Seat 2: ABATAPP ($229.77 in chips)
Seat 3: aloven ($120.17 in chips)
aloven: posts small blind $1
ABATAPP: posts big blind $3
*** HOLE CARDS ***
aloven: raises $3 to $6
ABATAPP: calls $3
*** FLOP *** [5h 8c Kc]
ABATAPP: checks
aloven: bets $3
ABATAPP: raises $3 to $6
aloven: calls $3
*** TURN *** [5h 8c Kc] [Qc]
ABATAPP: bets $6
aloven: calls $6
*** RIVER *** [5h 8c Kc Qc] [Jc]
ABATAPP: checks
aloven: checks
*** SHOW DOWN ***
ABATAPP: shows [Kh As] (a pair of Kings)
aloven: mucks hand
ABATAPP collected $35.50 from pot
*** SUMMARY ***
Total pot $36 | Rake $0.50
Board [5h 8c Kc Qc Jc]
Seat 2: ABATAPP (big blind) showed [Kh As] and won ($35.50) with a pair of Kings
Seat 3: aloven (button) (small blind) mucked


PokerStars Hand #171673845073:  Hold'em Limit ($3/$6 USD) - 2017/06/12 7:38:52 ET
Table 'Feronia' 6-max Seat #3 is the button
Seat 2: ABATAPP ($246.27 in chips)
Seat 3: aloven ($103.17 in chips)
aloven: posts small blind $1
ABATAPP: posts big blind $3
*** HOLE CARDS ***
aloven: folds
Uncalled bet ($2) returned to ABATAPP
ABATAPP collected $2 from pot
ABATAPP: doesn't show hand
*** SUMMARY ***
Total pot $2 | Rake $0
Seat 2: ABATAPP (big blind) collected ($2)
Seat 3: aloven (button) (small blind) folded before Flop


PokerStars Hand #171673847188:  Hold'em Limit ($3/$6 USD) - 2017/06/12 7:38:57 ET
Table 'Feronia' 6-max Seat #2 is the button
Seat 2: ABATAPP ($247.27 in chips)
Seat 3: aloven ($102.17 in chips)
ABATAPP: posts small blind $1
aloven: posts big blind $3
*** HOLE CARDS ***
ABATAPP: raises $3 to $6
aloven: calls $3
*** FLOP *** [7h 2c As]
hookonhook joins the table at seat #5
aloven: checks
ABATAPP: bets $3
aloven: folds
Uncalled bet ($3) returned to ABATAPP
ABATAPP collected $11.76 from pot
ABATAPP: doesn't show hand
*** SUMMARY ***
Total pot $12 | Rake $0.24
Board [7h 2c As]
Seat 2: ABATAPP (button) (small blind) collected ($11.76)
Seat 3: aloven (big blind) folded on the Flop


