PokerStars Hand #169963588044:  Hold'em Limit ($3/$6 USD) - 2017/05/04 18:57:48 ET
Table 'Feronia' 10-max Seat #1 is the button
Seat 1: Allegro75 ($72 in chips)
Seat 6: Jack_Wu1985 ($120 in chips)
Allegro75: posts small blind $1
Jack_Wu1985: posts big blind $3
*** HOLE CARDS ***
Allegro75: raises $3 to $6
Jack_Wu1985: folds
Uncalled bet ($3) returned to Allegro75
Allegro75 collected $6 from pot
Allegro75: doesn't show hand
*** SUMMARY ***
Total pot $6 | Rake $0
Seat 1: Allegro75 (button) (small blind) collected ($6)
Seat 6: Jack_Wu1985 (big blind) folded before Flop


PokerStars Hand #169963595164:  Hold'em Limit ($3/$6 USD) - 2017/05/04 18:58:00 ET
Table 'Feronia' 10-max Seat #6 is the button
Seat 1: Allegro75 ($75 in chips)
Seat 6: Jack_Wu1985 ($117 in chips)
Jack_Wu1985: posts small blind $1
Allegro75: posts big blind $3
*** HOLE CARDS ***
Jack_Wu1985: raises $3 to $6
Allegro75: raises $3 to $9
Jack_Wu1985: calls $3
*** FLOP *** [4h Ks 3c]
Allegro75: bets $3
Jack_Wu1985: raises $3 to $6
Allegro75: calls $3
*** TURN *** [4h Ks 3c] [7c]
Allegro75: checks
Jack_Wu1985: bets $6
Allegro75: folds
Uncalled bet ($6) returned to Jack_Wu1985
Jack_Wu1985 collected $29.50 from pot
Jack_Wu1985: doesn't show hand
*** SUMMARY ***
Total pot $30 | Rake $0.50
Board [4h Ks 3c 7c]
Seat 1: Allegro75 (big blind) folded on the Turn
Seat 6: Jack_Wu1985 (button) (small blind) collected ($29.50)


PokerStars Hand #169963619716:  Hold'em Limit ($3/$6 USD) - 2017/05/04 18:58:45 ET
Table 'Feronia' 10-max Seat #6 is the button
Seat 1: Allegro75 ($75 in chips)
Seat 6: Jack_Wu1985 ($128.50 in chips)
Jack_Wu1985: posts small blind $1
Allegro75: posts big blind $3
*** HOLE CARDS ***
Jack_Wu1985: raises $3 to $6
Allegro75: calls $3
*** FLOP *** [Ts 4h 5s]
Allegro75: bets $3
Jack_Wu1985: raises $3 to $6
Allegro75: calls $3
*** TURN *** [Ts 4h 5s] [8s]
Allegro75: checks
Jack_Wu1985: bets $6
Allegro75: calls $6
*** RIVER *** [Ts 4h 5s 8s] [3h]
Allegro75: checks
Jack_Wu1985: checks
*** SHOW DOWN ***
Allegro75: shows [6d 3d] (a pair of Threes)
Jack_Wu1985: mucks hand
Allegro75 collected $35.50 from pot
*** SUMMARY ***
Total pot $36 | Rake $0.50
Board [Ts 4h 5s 8s 3h]
Seat 1: Allegro75 (big blind) showed [6d 3d] and won ($35.50) with a pair of Threes
Seat 6: Jack_Wu1985 (button) (small blind) mucked


PokerStars Hand #169963609839:  Hold'em Limit ($3/$6 USD) - 2017/05/04 18:58:27 ET
Table 'Feronia' 10-max Seat #1 is the button
Seat 1: Allegro75 ($72 in chips)
Seat 6: Jack_Wu1985 ($131.50 in chips)
Allegro75: posts small blind $1
Jack_Wu1985: posts big blind $3
*** HOLE CARDS ***
Allegro75: raises $3 to $6
Jack_Wu1985: folds
Uncalled bet ($3) returned to Allegro75
Allegro75 collected $6 from pot
Allegro75: doesn't show hand
*** SUMMARY ***
Total pot $6 | Rake $0
Seat 1: Allegro75 (button) (small blind) collected ($6)
Seat 6: Jack_Wu1985 (big blind) folded before Flop


PokerStars Hand #169963645822:  Hold'em Limit ($3/$6 USD) - 2017/05/04 18:59:33 ET
Table 'Feronia' 10-max Seat #1 is the button
Seat 1: Allegro75 ($92.50 in chips)
Seat 6: Jack_Wu1985 ($110.50 in chips)
Allegro75: posts small blind $1
Jack_Wu1985: posts big blind $3
*** HOLE CARDS ***
Allegro75: raises $3 to $6
Jack_Wu1985: raises $3 to $9
Allegro75: calls $3
*** FLOP *** [5h Js Qs]
Jack_Wu1985: bets $3
Allegro75: calls $3
*** TURN *** [5h Js Qs] [6h]
Jack_Wu1985: checks
Allegro75: bets $6
Jack_Wu1985: raises $6 to $12
Allegro75: calls $6
*** RIVER *** [5h Js Qs 6h] [7h]
Jack_Wu1985: bets $6
Allegro75: calls $6
*** SHOW DOWN ***
Jack_Wu1985: shows [7d Qd] (two pair, Queens and Sevens)
Allegro75: mucks hand
Jack_Wu1985 collected $59.50 from pot
*** SUMMARY ***
Total pot $60 | Rake $0.50
Board [5h Js Qs 6h 7h]
Seat 1: Allegro75 (button) (small blind) mucked
Seat 6: Jack_Wu1985 (big blind) showed [7d Qd] and won ($59.50) with two pair, Queens and Sevens


PokerStars Hand #169964400366:  Hold'em Limit ($3/$6 USD) - 2017/05/04 19:18:37 ET
Table 'Feronia' 10-max Seat #1 is the button
Seat 1: Jack_Wu1985 ($120 in chips)
Seat 5: jememoi ($33 in chips)
Jack_Wu1985: posts small blind $1
jememoi: posts big blind $3
*** HOLE CARDS ***
Jack_Wu1985: folds
Uncalled bet ($2) returned to jememoi
jememoi collected $2 from pot
*** SUMMARY ***
Total pot $2 | Rake $0
Seat 1: Jack_Wu1985 (button) (small blind) folded before Flop
Seat 5: jememoi (big blind) collected ($2)


PokerStars Hand #169964395357:  Hold'em Limit ($3/$6 USD) - 2017/05/04 19:18:29 ET
Table 'Feronia' 10-max Seat #5 is the button
Seat 1: Jack_Wu1985 ($123 in chips)
Seat 5: jememoi ($30 in chips)
jememoi: posts small blind $1
Jack_Wu1985: posts big blind $3
*** HOLE CARDS ***
jememoi: raises $3 to $6
Jack_Wu1985: folds
Uncalled bet ($3) returned to jememoi
jememoi collected $6 from pot
*** SUMMARY ***
Total pot $6 | Rake $0
Seat 1: Jack_Wu1985 (big blind) folded before Flop
Seat 5: jememoi (button) (small blind) collected ($6)


PokerStars Hand #169964403837:  Hold'em Limit ($3/$6 USD) - 2017/05/04 19:18:43 ET
Table 'Feronia' 10-max Seat #5 is the button
Seat 1: Jack_Wu1985 ($119 in chips)
Seat 5: jememoi ($34 in chips)
jememoi: posts small blind $1
Jack_Wu1985: posts big blind $3
*** HOLE CARDS ***
jememoi: calls $2
Jack_Wu1985: checks
*** FLOP *** [3d Tc Kc]
Jack_Wu1985: bets $3
jememoi: calls $3
*** TURN *** [3d Tc Kc] [3c]
Jack_Wu1985: bets $6
jememoi: raises $6 to $12
Jack_Wu1985: calls $6
*** RIVER *** [3d Tc Kc 3c] [9d]
Jack_Wu1985: checks
jememoi: bets $6
Jack_Wu1985: folds
Uncalled bet ($6) returned to jememoi
jememoi collected $35.50 from pot
*** SUMMARY ***
Total pot $36 | Rake $0.50
Board [3d Tc Kc 3c 9d]
Seat 1: Jack_Wu1985 (big blind) folded on the River
Seat 5: jememoi (button) (small blind) collected ($35.50)


PokerStars Hand #169964422370:  Hold'em Limit ($3/$6 USD) - 2017/05/04 19:19:13 ET
Table 'Feronia' 10-max Seat #1 is the button
Seat 1: Jack_Wu1985 ($101 in chips)
Seat 5: jememoi ($51.50 in chips)
Jack_Wu1985: posts small blind $1
jememoi: posts big blind $3
*** HOLE CARDS ***
Jack_Wu1985: raises $3 to $6
jememoi: raises $3 to $9
Jack_Wu1985: calls $3
*** FLOP *** [Jc 4c 2s]
jememoi: bets $3
Jack_Wu1985: raises $3 to $6
jememoi: calls $3
*** TURN *** [Jc 4c 2s] [6c]
jememoi: checks
Jack_Wu1985: bets $6
jememoi: calls $6
*** RIVER *** [Jc 4c 2s 6c] [8h]
jememoi: checks
Jack_Wu1985: bets $6
jememoi: calls $6
*** SHOW DOWN ***
Jack_Wu1985: shows [Ac 7h] (high card Ace)
jememoi: shows [9c 9s] (a pair of Nines)
jememoi collected $53.50 from pot
*** SUMMARY ***
Total pot $54 | Rake $0.50
Board [Jc 4c 2s 6c 8h]
Seat 1: Jack_Wu1985 (button) (small blind) showed [Ac 7h] and lost with high card Ace
Seat 5: jememoi (big blind) showed [9c 9s] and won ($53.50) with a pair of Nines


PokerStars Hand #169964483341:  Hold'em Limit ($3/$6 USD) - 2017/05/04 19:20:53 ET
Table 'Feronia' 10-max Seat #1 is the button
Seat 1: Jack_Wu1985 ($125.76 in chips)
Seat 5: jememoi ($85.50 in chips)
Jack_Wu1985: posts small blind $1
jememoi: posts big blind $3
*** HOLE CARDS ***
Jack_Wu1985: raises $3 to $6
jememoi: folds
Uncalled bet ($3) returned to Jack_Wu1985
Jack_Wu1985 collected $6 from pot
Jack_Wu1985: doesn't show hand
*** SUMMARY ***
Total pot $6 | Rake $0
Seat 1: Jack_Wu1985 (button) (small blind) collected ($6)
Seat 5: jememoi (big blind) folded before Flop


PokerStars Hand #169964444201:  Hold'em Limit ($3/$6 USD) - 2017/05/04 19:19:48 ET
Table 'Feronia' 10-max Seat #5 is the button
Seat 1: Jack_Wu1985 ($74 in chips)
Seat 5: jememoi ($78 in chips)
jememoi: posts small blind $1
Jack_Wu1985: posts big blind $3
*** HOLE CARDS ***
jememoi: calls $2
Jack_Wu1985: raises $3 to $6
jememoi: calls $3
*** FLOP *** [Jc 8d 8h]
Jack_Wu1985: bets $3
jememoi: calls $3
*** TURN *** [Jc 8d 8h] [3c]
Jack_Wu1985: bets $6
jememoi: raises $6 to $12
Jack_Wu1985: folds
Uncalled bet ($6) returned to jememoi
jememoi collected $29.50 from pot
*** SUMMARY ***
Total pot $30 | Rake $0.50
Board [Jc 8d 8h 3c]
Seat 1: Jack_Wu1985 (big blind) folded on the Turn
Seat 5: jememoi (button) (small blind) collected ($29.50)


PokerStars Hand #169964466375:  Hold'em Limit ($3/$6 USD) - 2017/05/04 19:20:25 ET
Table 'Feronia' 10-max Seat #5 is the button
Seat 1: Jack_Wu1985 ($118 in chips)
Seat 5: jememoi ($93.50 in chips)
jememoi: posts small blind $1
Jack_Wu1985: posts big blind $3
*** HOLE CARDS ***
jememoi: folds
Uncalled bet ($2) returned to Jack_Wu1985
Jack_Wu1985 collected $2 from pot
Jack_Wu1985: doesn't show hand
*** SUMMARY ***
Total pot $2 | Rake $0
Seat 1: Jack_Wu1985 (big blind) collected ($2)
Seat 5: jememoi (button) (small blind) folded before Flop


PokerStars Hand #169964461745:  Hold'em Limit ($3/$6 USD) - 2017/05/04 19:20:17 ET
Table 'Feronia' 10-max Seat #1 is the button
Seat 1: Jack_Wu1985 ($119 in chips)
Seat 5: jememoi ($92.50 in chips)
Jack_Wu1985: posts small blind $1
jememoi: posts big blind $3
*** HOLE CARDS ***
Jack_Wu1985: folds
Uncalled bet ($2) returned to jememoi
jememoi collected $2 from pot
*** SUMMARY ***
Total pot $2 | Rake $0
Seat 1: Jack_Wu1985 (button) (small blind) folded before Flop
Seat 5: jememoi (big blind) collected ($2)


PokerStars Hand #169964480047:  Hold'em Limit ($3/$6 USD) - 2017/05/04 19:20:47 ET
Table 'Feronia' 10-max Seat #5 is the button
Seat 1: Jack_Wu1985 ($124.76 in chips)
Seat 5: jememoi ($86.50 in chips)
jememoi: posts small blind $1
Jack_Wu1985: posts big blind $3
*** HOLE CARDS ***
jememoi: folds
Uncalled bet ($2) returned to Jack_Wu1985
Jack_Wu1985 collected $2 from pot
Jack_Wu1985: doesn't show hand
*** SUMMARY ***
Total pot $2 | Rake $0
Seat 1: Jack_Wu1985 (big blind) collected ($2)
Seat 5: jememoi (button) (small blind) folded before Flop


PokerStars Hand #169964470317:  Hold'em Limit ($3/$6 USD) - 2017/05/04 19:20:31 ET
Table 'Feronia' 10-max Seat #1 is the button
Seat 1: Jack_Wu1985 ($119 in chips)
Seat 5: jememoi ($92.50 in chips)
Jack_Wu1985: posts small blind $1
jememoi: posts big blind $3
*** HOLE CARDS ***
Jack_Wu1985: raises $3 to $6
jememoi: calls $3
*** FLOP *** [Td 7s 9s]
jememoi: checks
Jack_Wu1985: bets $3
jememoi: folds
Uncalled bet ($3) returned to Jack_Wu1985
Jack_Wu1985 collected $11.76 from pot
Jack_Wu1985: doesn't show hand
*** SUMMARY ***
Total pot $12 | Rake $0.24
Board [Td 7s 9s]
Seat 1: Jack_Wu1985 (button) (small blind) collected ($11.76)
Seat 5: jememoi (big blind) folded on the Flop


PokerStars Hand #169964488530:  Hold'em Limit ($3/$6 USD) - 2017/05/04 19:21:01 ET
Table 'Feronia' 10-max Seat #5 is the button
Seat 1: Jack_Wu1985 ($128.76 in chips)
Seat 5: jememoi ($82.50 in chips)
jememoi: posts small blind $1
Jack_Wu1985: posts big blind $3
*** HOLE CARDS ***
jememoi: folds
Uncalled bet ($2) returned to Jack_Wu1985
Jack_Wu1985 collected $2 from pot
Jack_Wu1985: doesn't show hand
*** SUMMARY ***
Total pot $2 | Rake $0
Seat 1: Jack_Wu1985 (big blind) collected ($2)
Seat 5: jememoi (button) (small blind) folded before Flop


PokerStars Hand #169964507987:  Hold'em Limit ($3/$6 USD) - 2017/05/04 19:21:34 ET
Table 'Feronia' 10-max Seat #1 is the button
Seat 1: Jack_Wu1985 ($129.76 in chips)
Seat 5: jememoi ($81.50 in chips)
Jack_Wu1985: posts small blind $1
jememoi: posts big blind $3
*** HOLE CARDS ***
Jack_Wu1985: raises $3 to $6
jememoi: folds
Uncalled bet ($3) returned to Jack_Wu1985
Jack_Wu1985 collected $6 from pot
*** SUMMARY ***
Total pot $6 | Rake $0
Seat 1: Jack_Wu1985 (button) (small blind) collected ($6)
Seat 5: jememoi (big blind) folded before Flop


PokerStars Hand #169964514131:  Hold'em Limit ($3/$6 USD) - 2017/05/04 19:21:44 ET
Table 'Feronia' 10-max Seat #5 is the button
Seat 1: Jack_Wu1985 ($132.76 in chips)
Seat 5: jememoi ($78.50 in chips)
jememoi: posts small blind $1
Jack_Wu1985: posts big blind $3
*** HOLE CARDS ***
jememoi: raises $3 to $6
Jack_Wu1985: raises $3 to $9
jememoi: calls $3
*** FLOP *** [2h 7h 8s]
Jack_Wu1985: bets $3
jememoi: calls $3
*** TURN *** [2h 7h 8s] [5h]
Jack_Wu1985: bets $6
jememoi: calls $6
*** RIVER *** [2h 7h 8s 5h] [9h]
Jack_Wu1985: checks
jememoi: bets $6
Jack_Wu1985: calls $6
*** SHOW DOWN ***
jememoi: shows [6s Kc] (a straight, Five to Nine)
Jack_Wu1985: mucks hand
jememoi collected $47.50 from pot
*** SUMMARY ***
Total pot $48 | Rake $0.50
Board [2h 7h 8s 5h 9h]
Seat 1: Jack_Wu1985 (big blind) mucked
Seat 5: jememoi (button) (small blind) showed [6s Kc] and won ($47.50) with a straight, Five to Nine


PokerStars Hand #169964551008:  Hold'em Limit ($3/$6 USD) - 2017/05/04 19:22:45 ET
Table 'Feronia' 10-max Seat #1 is the button
Seat 1: Jack_Wu1985 ($108.76 in chips)
Seat 5: jememoi ($102 in chips)
Jack_Wu1985: posts small blind $1
jememoi: posts big blind $3
*** HOLE CARDS ***
Jack_Wu1985: raises $3 to $6
jememoi: calls $3
*** FLOP *** [5c Kd 8h]
jememoi: checks
Jack_Wu1985: bets $3
jememoi: raises $3 to $6
Jack_Wu1985: folds
Uncalled bet ($3) returned to jememoi
jememoi collected $17.64 from pot
*** SUMMARY ***
Total pot $18 | Rake $0.36
Board [5c Kd 8h]
Seat 1: Jack_Wu1985 (button) (small blind) folded on the Flop
Seat 5: jememoi (big blind) collected ($17.64)


PokerStars Hand #169964562511:  Hold'em Limit ($3/$6 USD) - 2017/05/04 19:23:04 ET
Table 'Feronia' 10-max Seat #5 is the button
Seat 1: Jack_Wu1985 ($99.76 in chips)
Seat 5: jememoi ($110.64 in chips)
jememoi: posts small blind $1
Jack_Wu1985: posts big blind $3
*** HOLE CARDS ***
jememoi: raises $3 to $6
Jack_Wu1985: folds
Uncalled bet ($3) returned to jememoi
jememoi collected $6 from pot
*** SUMMARY ***
Total pot $6 | Rake $0
Seat 1: Jack_Wu1985 (big blind) folded before Flop
Seat 5: jememoi (button) (small blind) collected ($6)


PokerStars Hand #169964581503:  Hold'em Limit ($3/$6 USD) - 2017/05/04 19:23:36 ET
Table 'Feronia' 10-max Seat #5 is the button
Seat 1: Jack_Wu1985 ($102.52 in chips)
Seat 5: jememoi ($107.64 in chips)
jememoi: posts small blind $1
Jack_Wu1985: posts big blind $3
*** HOLE CARDS ***
jememoi: folds
Uncalled bet ($2) returned to Jack_Wu1985
Jack_Wu1985 collected $2 from pot
Jack_Wu1985: doesn't show hand
*** SUMMARY ***
Total pot $2 | Rake $0
Seat 1: Jack_Wu1985 (big blind) collected ($2)
Seat 5: jememoi (button) (small blind) folded before Flop


PokerStars Hand #169964570159:  Hold'em Limit ($3/$6 USD) - 2017/05/04 19:23:17 ET
Table 'Feronia' 10-max Seat #1 is the button
Seat 1: Jack_Wu1985 ($96.76 in chips)
Seat 5: jememoi ($113.64 in chips)
Jack_Wu1985: posts small blind $1
jememoi: posts big blind $3
*** HOLE CARDS ***
Jack_Wu1985: raises $3 to $6
jememoi: calls $3
*** FLOP *** [Kc 3s Jh]
jememoi: checks
Jack_Wu1985: bets $3
jememoi: folds
Uncalled bet ($3) returned to Jack_Wu1985
Jack_Wu1985 collected $11.76 from pot
Jack_Wu1985: doesn't show hand
*** SUMMARY ***
Total pot $12 | Rake $0.24
Board [Kc 3s Jh]
Seat 1: Jack_Wu1985 (button) (small blind) collected ($11.76)
Seat 5: jememoi (big blind) folded on the Flop


PokerStars Hand #169964586829:  Hold'em Limit ($3/$6 USD) - 2017/05/04 19:23:45 ET
Table 'Feronia' 10-max Seat #1 is the button
Seat 1: Jack_Wu1985 ($103.52 in chips)
Seat 5: jememoi ($106.64 in chips)
Jack_Wu1985: posts small blind $1
jememoi: posts big blind $3
*** HOLE CARDS ***
Jack_Wu1985: folds
Uncalled bet ($2) returned to jememoi
jememoi collected $2 from pot
*** SUMMARY ***
Total pot $2 | Rake $0
Seat 1: Jack_Wu1985 (button) (small blind) folded before Flop
Seat 5: jememoi (big blind) collected ($2)


PokerStars Hand #169964590819:  Hold'em Limit ($3/$6 USD) - 2017/05/04 19:23:51 ET
Table 'Feronia' 10-max Seat #5 is the button
Seat 1: Jack_Wu1985 ($102.52 in chips)
Seat 5: jememoi ($107.64 in chips)
jememoi: posts small blind $1
Jack_Wu1985: posts big blind $3
*** HOLE CARDS ***
jememoi: raises $3 to $6
Jack_Wu1985: calls $3
*** FLOP *** [Th Td 4s]
Jack_Wu1985: checks
jememoi: bets $3
Jack_Wu1985: calls $3
*** TURN *** [Th Td 4s] [Kh]
Jack_Wu1985: checks
jememoi: checks
*** RIVER *** [Th Td 4s Kh] [3s]
Jack_Wu1985: bets $6
jememoi: calls $6
*** SHOW DOWN ***
Jack_Wu1985: shows [5c As] (a pair of Tens)
jememoi: shows [Kc 8d] (two pair, Kings and Tens)
jememoi collected $29.50 from pot
*** SUMMARY ***
Total pot $30 | Rake $0.50
Board [Th Td 4s Kh 3s]
Seat 1: Jack_Wu1985 (big blind) showed [5c As] and lost with a pair of Tens
Seat 5: jememoi (button) (small blind) showed [Kc 8d] and won ($29.50) with two pair, Kings and Tens


PokerStars Hand #169964615121:  Hold'em Limit ($3/$6 USD) - 2017/05/04 19:24:32 ET
Table 'Feronia' 10-max Seat #1 is the button
Seat 1: Jack_Wu1985 ($87.52 in chips)
Seat 5: jememoi ($122.14 in chips)
Jack_Wu1985: posts small blind $1
jememoi: posts big blind $3
*** HOLE CARDS ***
Jack_Wu1985: folds
Uncalled bet ($2) returned to jememoi
jememoi collected $2 from pot
*** SUMMARY ***
Total pot $2 | Rake $0
Seat 1: Jack_Wu1985 (button) (small blind) folded before Flop
Seat 5: jememoi (big blind) collected ($2)


PokerStars Hand #169964619941:  Hold'em Limit ($3/$6 USD) - 2017/05/04 19:24:40 ET
Table 'Feronia' 10-max Seat #5 is the button
Seat 1: Jack_Wu1985 ($86.52 in chips)
Seat 5: jememoi ($123.14 in chips)
jememoi: posts small blind $1
Jack_Wu1985: posts big blind $3
*** HOLE CARDS ***
jememoi: raises $3 to $6
Jack_Wu1985: folds
Uncalled bet ($3) returned to jememoi
jememoi collected $6 from pot
*** SUMMARY ***
Total pot $6 | Rake $0
Seat 1: Jack_Wu1985 (big blind) folded before Flop
Seat 5: jememoi (button) (small blind) collected ($6)


PokerStars Hand #169964628292:  Hold'em Limit ($3/$6 USD) - 2017/05/04 19:24:54 ET
Table 'Feronia' 10-max Seat #1 is the button
Seat 1: Jack_Wu1985 ($143.52 in chips)
Seat 5: jememoi ($126.14 in chips)
Jack_Wu1985: posts small blind $1
jememoi: posts big blind $3
*** HOLE CARDS ***
Jack_Wu1985: raises $3 to $6
jememoi: raises $3 to $9
Jack_Wu1985: calls $3
*** FLOP *** [Jd 7d 2d]
jememoi: bets $3
Jack_Wu1985: folds
Uncalled bet ($3) returned to jememoi
jememoi collected $17.64 from pot
*** SUMMARY ***
Total pot $18 | Rake $0.36
Board [Jd 7d 2d]
Seat 1: Jack_Wu1985 (button) (small blind) folded on the Flop
Seat 5: jememoi (big blind) collected ($17.64)


PokerStars Hand #169964639753:  Hold'em Limit ($3/$6 USD) - 2017/05/04 19:25:14 ET
Table 'Feronia' 10-max Seat #5 is the button
Seat 1: Jack_Wu1985 ($134.52 in chips)
Seat 5: jememoi ($134.78 in chips)
jememoi: posts small blind $1
Jack_Wu1985: posts big blind $3
*** HOLE CARDS ***
jememoi: folds
Uncalled bet ($2) returned to Jack_Wu1985
Jack_Wu1985 collected $2 from pot
Jack_Wu1985: doesn't show hand
*** SUMMARY ***
Total pot $2 | Rake $0
Seat 1: Jack_Wu1985 (big blind) collected ($2)
Seat 5: jememoi (button) (small blind) folded before Flop


PokerStars Hand #169964642649:  Hold'em Limit ($3/$6 USD) - 2017/05/04 19:25:19 ET
Table 'Feronia' 10-max Seat #1 is the button
Seat 1: Jack_Wu1985 ($135.52 in chips)
Seat 5: jememoi ($133.78 in chips)
Jack_Wu1985: posts small blind $1
jememoi: posts big blind $3
*** HOLE CARDS ***
Jack_Wu1985: folds
Uncalled bet ($2) returned to jememoi
jememoi collected $2 from pot
*** SUMMARY ***
Total pot $2 | Rake $0
Seat 1: Jack_Wu1985 (button) (small blind) folded before Flop
Seat 5: jememoi (big blind) collected ($2)


PokerStars Hand #169964647200:  Hold'em Limit ($3/$6 USD) - 2017/05/04 19:25:26 ET
Table 'Feronia' 10-max Seat #5 is the button
Seat 1: Jack_Wu1985 ($134.52 in chips)
Seat 5: jememoi ($134.78 in chips)
jememoi: posts small blind $1
Jack_Wu1985: posts big blind $3
*** HOLE CARDS ***
jememoi: folds
Uncalled bet ($2) returned to Jack_Wu1985
Jack_Wu1985 collected $2 from pot
*** SUMMARY ***
Total pot $2 | Rake $0
Seat 1: Jack_Wu1985 (big blind) collected ($2)
Seat 5: jememoi (button) (small blind) folded before Flop


PokerStars Hand #169964656334:  Hold'em Limit ($3/$6 USD) - 2017/05/04 19:25:42 ET
Table 'Feronia' 10-max Seat #1 is the button
Seat 1: Jack_Wu1985 ($135.52 in chips)
Seat 5: jememoi ($133.78 in chips)
Jack_Wu1985: posts small blind $1
jememoi: posts big blind $3
*** HOLE CARDS ***
Jack_Wu1985: raises $3 to $6
jememoi: raises $3 to $9
Jack_Wu1985: calls $3
*** FLOP *** [6h 7s 3h]
jememoi: bets $3
Jack_Wu1985: raises $3 to $6
jememoi: calls $3
*** TURN *** [6h 7s 3h] [8h]
jememoi: checks
Jack_Wu1985: bets $6
jememoi: calls $6
*** RIVER *** [6h 7s 3h 8h] [Kh]
jememoi: bets $6
Jack_Wu1985: calls $6
*** SHOW DOWN ***
jememoi: shows [Qs Qh] (a flush, King high)
Jack_Wu1985: mucks hand
jememoi collected $53.50 from pot
*** SUMMARY ***
Total pot $54 | Rake $0.50
Board [6h 7s 3h 8h Kh]
Seat 1: Jack_Wu1985 (button) (small blind) mucked
Seat 5: jememoi (big blind) showed [Qs Qh] and won ($53.50) with a flush, King high


PokerStars Hand #169964674301:  Hold'em Limit ($3/$6 USD) - 2017/05/04 19:26:13 ET
Table 'Feronia' 10-max Seat #5 is the button
Seat 1: Jack_Wu1985 ($108.52 in chips)
Seat 5: jememoi ($160.28 in chips)
jememoi: posts small blind $1
Jack_Wu1985: posts big blind $3
*** HOLE CARDS ***
jememoi: folds
Uncalled bet ($2) returned to Jack_Wu1985
Jack_Wu1985 collected $2 from pot
Jack_Wu1985: doesn't show hand
*** SUMMARY ***
Total pot $2 | Rake $0
Seat 1: Jack_Wu1985 (big blind) collected ($2)
Seat 5: jememoi (button) (small blind) folded before Flop


PokerStars Hand #169964677294:  Hold'em Limit ($3/$6 USD) - 2017/05/04 19:26:18 ET
Table 'Feronia' 10-max Seat #1 is the button
Seat 1: Jack_Wu1985 ($109.52 in chips)
Seat 5: jememoi ($159.28 in chips)
Jack_Wu1985: posts small blind $1
jememoi: posts big blind $3
*** HOLE CARDS ***
Jack_Wu1985: raises $3 to $6
jememoi: folds
Uncalled bet ($3) returned to Jack_Wu1985
Jack_Wu1985 collected $6 from pot
Jack_Wu1985: doesn't show hand
*** SUMMARY ***
Total pot $6 | Rake $0
Seat 1: Jack_Wu1985 (button) (small blind) collected ($6)
Seat 5: jememoi (big blind) folded before Flop


PokerStars Hand #169964683550:  Hold'em Limit ($3/$6 USD) - 2017/05/04 19:26:29 ET
Table 'Feronia' 10-max Seat #5 is the button
Seat 1: Jack_Wu1985 ($112.52 in chips)
Seat 5: jememoi ($156.28 in chips)
jememoi: posts small blind $1
Jack_Wu1985: posts big blind $3
*** HOLE CARDS ***
jememoi: raises $3 to $6
Jack_Wu1985: folds
Uncalled bet ($3) returned to jememoi
jememoi collected $6 from pot
*** SUMMARY ***
Total pot $6 | Rake $0
Seat 1: Jack_Wu1985 (big blind) folded before Flop
Seat 5: jememoi (button) (small blind) collected ($6)


PokerStars Hand #169964699699:  Hold'em Limit ($3/$6 USD) - 2017/05/04 19:26:57 ET
Table 'Feronia' 10-max Seat #1 is the button
Seat 1: Jack_Wu1985 ($109.52 in chips)
Seat 5: jememoi ($159.28 in chips)
Jack_Wu1985: posts small blind $1
jememoi: posts big blind $3
*** HOLE CARDS ***
Jack_Wu1985: raises $3 to $6
jememoi: calls $3
*** FLOP *** [8h 3c 9h]
jememoi: bets $3
Jack_Wu1985: raises $3 to $6
jememoi: calls $3
*** TURN *** [8h 3c 9h] [Ah]
jememoi: checks
UT23HS joins the table at seat #7
Jack_Wu1985: bets $6
jememoi: calls $6
*** RIVER *** [8h 3c 9h Ah] [8s]
jememoi: checks
Jack_Wu1985: bets $6
jememoi: folds
Uncalled bet ($6) returned to Jack_Wu1985
Jack_Wu1985 collected $35.50 from pot
Jack_Wu1985: doesn't show hand
*** SUMMARY ***
Total pot $36 | Rake $0.50
Board [8h 3c 9h Ah 8s]
Seat 1: Jack_Wu1985 (button) (small blind) collected ($35.50)
Seat 5: jememoi (big blind) folded on the River


PokerStars Hand #169964804950:  Hold'em Limit ($3/$6 USD) - 2017/05/04 19:29:56 ET
Table 'Feronia' 10-max Seat #7 is the button
Seat 1: Jack_Wu1985 ($221.87 in chips)
Seat 7: UT23HS ($38 in chips)
UT23HS: posts small blind $1
Jack_Wu1985: posts big blind $3
*** HOLE CARDS ***
UT23HS: raises $3 to $6
Jack_Wu1985: folds
Uncalled bet ($3) returned to UT23HS
UT23HS collected $6 from pot
UT23HS: doesn't show hand
*** SUMMARY ***
Total pot $6 | Rake $0
Seat 1: Jack_Wu1985 (big blind) folded before Flop
Seat 7: UT23HS (button) (small blind) collected ($6)


PokerStars Hand #169964789254:  Hold'em Limit ($3/$6 USD) - 2017/05/04 19:29:29 ET
Table 'Feronia' 10-max Seat #1 is the button
Seat 1: Jack_Wu1985 ($207.37 in chips)
Seat 7: UT23HS ($53 in chips)
Jack_Wu1985: posts small blind $1
UT23HS: posts big blind $3
*** HOLE CARDS ***
Jack_Wu1985: raises $3 to $6
jememoi leaves the table
UT23HS: calls $3
*** FLOP *** [6c Td 4c]
UT23HS: checks
Jack_Wu1985: bets $3
UT23HS: calls $3
*** TURN *** [6c Td 4c] [3h]
UT23HS: checks
Jack_Wu1985: bets $6
UT23HS: calls $6
*** RIVER *** [6c Td 4c 3h] [As]
UT23HS: checks
Jack_Wu1985: bets $6
UT23HS: folds
Uncalled bet ($6) returned to Jack_Wu1985
Jack_Wu1985 collected $29.50 from pot
Jack_Wu1985: doesn't show hand
*** SUMMARY ***
Total pot $30 | Rake $0.50
Board [6c Td 4c 3h As]
Seat 1: Jack_Wu1985 (button) (small blind) collected ($29.50)
Seat 7: UT23HS (big blind) folded on the River


PokerStars Hand #169964809355:  Hold'em Limit ($3/$6 USD) - 2017/05/04 19:30:04 ET
Table 'Feronia' 10-max Seat #1 is the button
Seat 1: Jack_Wu1985 ($218.87 in chips)
Seat 7: UT23HS ($41 in chips)
Jack_Wu1985: posts small blind $1
UT23HS: posts big blind $3
*** HOLE CARDS ***
Jack_Wu1985: raises $3 to $6
UT23HS: calls $3
*** FLOP *** [5c Js Kd]
UT23HS: checks
Jack_Wu1985: bets $3
UT23HS: folds
Uncalled bet ($3) returned to Jack_Wu1985
Jack_Wu1985 collected $11.76 from pot
Jack_Wu1985: doesn't show hand
*** SUMMARY ***
Total pot $12 | Rake $0.24
Board [5c Js Kd]
Seat 1: Jack_Wu1985 (button) (small blind) collected ($11.76)
Seat 7: UT23HS (big blind) folded on the Flop


PokerStars Hand #169964833859:  Hold'em Limit ($3/$6 USD) - 2017/05/04 19:30:45 ET
Table 'Feronia' 10-max Seat #1 is the button
Seat 1: Jack_Wu1985 ($232.15 in chips)
Seat 7: UT23HS ($27 in chips)
Jack_Wu1985: posts small blind $1
UT23HS: posts big blind $3
*** HOLE CARDS ***
Jack_Wu1985: folds
Uncalled bet ($2) returned to UT23HS
UT23HS collected $2 from pot
UT23HS: doesn't show hand
*** SUMMARY ***
Total pot $2 | Rake $0
Seat 1: Jack_Wu1985 (button) (small blind) folded before Flop
Seat 7: UT23HS (big blind) collected ($2)


PokerStars Hand #169964824478:  Hold'em Limit ($3/$6 USD) - 2017/05/04 19:30:29 ET
Table 'Feronia' 10-max Seat #7 is the button
Seat 1: Jack_Wu1985 ($220.63 in chips)
Seat 7: UT23HS ($39 in chips)
UT23HS: posts small blind $1
Jack_Wu1985: posts big blind $3
*** HOLE CARDS ***
UT23HS: raises $3 to $6
Jack_Wu1985: raises $3 to $9
UT23HS: calls $3
*** FLOP *** [3s Jd 8c]
Jack_Wu1985: bets $3
UT23HS: calls $3
*** TURN *** [3s Jd 8c] [Qh]
Jack_Wu1985: bets $6
UT23HS: folds
Uncalled bet ($6) returned to Jack_Wu1985
Jack_Wu1985 collected $23.52 from pot
Jack_Wu1985: doesn't show hand
*** SUMMARY ***
Total pot $24 | Rake $0.48
Board [3s Jd 8c Qh]
Seat 1: Jack_Wu1985 (big blind) collected ($23.52)
Seat 7: UT23HS (button) (small blind) folded on the Turn


PokerStars Hand #169964821154:  Hold'em Limit ($3/$6 USD) - 2017/05/04 19:30:24 ET
Table 'Feronia' 10-max Seat #1 is the button
Seat 1: Jack_Wu1985 ($221.63 in chips)
Seat 7: UT23HS ($38 in chips)
Jack_Wu1985: posts small blind $1
UT23HS: posts big blind $3
*** HOLE CARDS ***
Jack_Wu1985: folds
Uncalled bet ($2) returned to UT23HS
UT23HS collected $2 from pot
UT23HS: doesn't show hand
*** SUMMARY ***
Total pot $2 | Rake $0
Seat 1: Jack_Wu1985 (button) (small blind) folded before Flop
Seat 7: UT23HS (big blind) collected ($2)


PokerStars Hand #169964816190:  Hold'em Limit ($3/$6 USD) - 2017/05/04 19:30:15 ET
Table 'Feronia' 10-max Seat #7 is the button
Seat 1: Jack_Wu1985 ($224.63 in chips)
Seat 7: UT23HS ($35 in chips)
UT23HS: posts small blind $1
Jack_Wu1985: posts big blind $3
*** HOLE CARDS ***
UT23HS: raises $3 to $6
Jack_Wu1985: folds
Uncalled bet ($3) returned to UT23HS
UT23HS collected $6 from pot
UT23HS: doesn't show hand
*** SUMMARY ***
Total pot $6 | Rake $0
Seat 1: Jack_Wu1985 (big blind) folded before Flop
Seat 7: UT23HS (button) (small blind) collected ($6)


PokerStars Hand #169964837534:  Hold'em Limit ($3/$6 USD) - 2017/05/04 19:30:51 ET
Table 'Feronia' 10-max Seat #7 is the button
Seat 1: Jack_Wu1985 ($231.15 in chips)
Seat 7: UT23HS ($28 in chips)
UT23HS: posts small blind $1
Jack_Wu1985: posts big blind $3
*** HOLE CARDS ***
UT23HS: raises $3 to $6
Jack_Wu1985: raises $3 to $9
UT23HS: raises $3 to $12
Betting is capped
Jack_Wu1985: calls $3
*** FLOP *** [6c 8c 7s]
Jack_Wu1985: checks
UT23HS: bets $3
Jack_Wu1985: raises $3 to $6
UT23HS: raises $3 to $9
Jack_Wu1985: calls $3
*** TURN *** [6c 8c 7s] [4c]
Jack_Wu1985: bets $6
UT23HS: raises $1 to $7 and is all-in
Jack_Wu1985: calls $1
*** RIVER *** [6c 8c 7s 4c] [Qc]
*** SHOW DOWN ***
Jack_Wu1985: shows [5c Kh] (a flush, Queen high)
UT23HS: shows [Ah 7h] (a pair of Sevens)
Jack_Wu1985 collected $55.50 from pot
*** SUMMARY ***
Total pot $56 | Rake $0.50
Board [6c 8c 7s 4c Qc]
Seat 1: Jack_Wu1985 (big blind) showed [5c Kh] and won ($55.50) with a flush, Queen high
Seat 7: UT23HS (button) (small blind) showed [Ah 7h] and lost with a pair of Sevens


