PokerStars Hand #174914131039:  Hold'em Limit ($3/$6 USD) - 2017/08/28 16:45:05 ET
Table 'Fidelio' 10-max Seat #5 is the button
Seat 4: ValDayno ($120 in chips)
Seat 5: gumkola ($43.73 in chips)
gumkola: posts small blind $1
ValDayno: posts big blind $3
*** HOLE CARDS ***
gumkola: raises $3 to $6
ValDayno: folds
Uncalled bet ($3) returned to gumkola
gumkola collected $6 from pot
gumkola: doesn't show hand
*** SUMMARY ***
Total pot $6 | Rake $0
Seat 4: ValDayno (big blind) folded before Flop
Seat 5: gumkola (button) (small blind) collected ($6)


PokerStars Hand #174914137576:  Hold'em Limit ($3/$6 USD) - 2017/08/28 16:45:14 ET
Table 'Fidelio' 10-max Seat #4 is the button
Seat 4: ValDayno ($117 in chips)
Seat 5: gumkola ($46.73 in chips)
ValDayno: posts small blind $1
gumkola: posts big blind $3
*** HOLE CARDS ***
ValDayno: raises $3 to $6
gumkola: raises $3 to $9
ValDayno: raises $3 to $12
Betting is capped
gumkola: calls $3
*** FLOP *** [3c Ad 9s]
gumkola: bets $3
ValDayno: raises $3 to $6
gumkola: raises $3 to $9
ValDayno: folds
Uncalled bet ($3) returned to gumkola
gumkola collected $35.50 from pot
gumkola: doesn't show hand
*** SUMMARY ***
Total pot $36 | Rake $0.50
Board [3c Ad 9s]
Seat 4: ValDayno (button) (small blind) folded on the Flop
Seat 5: gumkola (big blind) collected ($35.50)


PokerStars Hand #174914177995:  Hold'em Limit ($3/$6 USD) - 2017/08/28 16:46:05 ET
Table 'Fidelio' 10-max Seat #4 is the button
Seat 4: ValDayno ($57 in chips)
Seat 5: gumkola ($105.73 in chips)
ValDayno: posts small blind $1
gumkola: posts big blind $3
*** HOLE CARDS ***
ValDayno: raises $3 to $6
gumkola: raises $3 to $9
ValDayno: calls $3
*** FLOP *** [5c 3s Ah]
gumkola: bets $3
ValDayno: folds
Uncalled bet ($3) returned to gumkola
gumkola collected $17.64 from pot
gumkola: doesn't show hand
*** SUMMARY ***
Total pot $18 | Rake $0.36
Board [5c 3s Ah]
Seat 4: ValDayno (button) (small blind) folded on the Flop
Seat 5: gumkola (big blind) collected ($17.64)


PokerStars Hand #174914153564:  Hold'em Limit ($3/$6 USD) - 2017/08/28 16:45:34 ET
Table 'Fidelio' 10-max Seat #5 is the button
Seat 4: ValDayno ($99 in chips)
Seat 5: gumkola ($64.23 in chips)
gumkola: posts small blind $1
ValDayno: posts big blind $3
*** HOLE CARDS ***
gumkola: raises $3 to $6
ValDayno: raises $3 to $9
gumkola: raises $3 to $12
Betting is capped
ValDayno: calls $3
*** FLOP *** [Qh 5d Ac]
ValDayno: bets $3
gumkola: raises $3 to $6
ValDayno: raises $3 to $9
gumkola: raises $3 to $12
Betting is capped
ValDayno: calls $3
*** TURN *** [Qh 5d Ac] [Qs]
ValDayno: bets $6
gumkola: raises $6 to $12
ValDayno: raises $6 to $18
gumkola: raises $6 to $24
Betting is capped
ValDayno: folds
Uncalled bet ($6) returned to gumkola
gumkola collected $83.50 from pot
gumkola: doesn't show hand
*** SUMMARY ***
Total pot $84 | Rake $0.50
Board [Qh 5d Ac Qs]
Seat 4: ValDayno (big blind) folded on the Turn
Seat 5: gumkola (button) (small blind) collected ($83.50)


PokerStars Hand #174914193620:  Hold'em Limit ($3/$6 USD) - 2017/08/28 16:46:25 ET
Table 'Fidelio' 10-max Seat #5 is the button
Seat 4: ValDayno ($48 in chips)
Seat 5: gumkola ($114.37 in chips)
gumkola: posts small blind $1
ValDayno: posts big blind $3
*** HOLE CARDS ***
gumkola: calls $2
ValDayno: raises $3 to $6
gumkola: folds
Uncalled bet ($3) returned to ValDayno
gumkola leaves the table
ValDayno collected $6 from pot
*** SUMMARY ***
Total pot $6 | Rake $0
Seat 4: ValDayno (big blind) collected ($6)
Seat 5: gumkola (button) (small blind) folded before Flop


