PokerStars Hand #147712192039:  Hold'em Limit ($3/$6 USD) - 2016/01/26 11:37:03 ET
Table 'Fides II' 6-max Seat #4 is the button
Seat 3: Luarvik888 ($133.61 in chips)
Seat 4: TbIP-TbIP 88 ($81.64 in chips)
TbIP-TbIP 88: posts small blind $1
Luarvik888: posts big blind $3
*** HOLE CARDS ***
TbIP-TbIP 88: raises $3 to $6
Luarvik888: raises $3 to $9
TbIP-TbIP 88: calls $3
*** FLOP *** [Kd Jh 4d]
Luarvik888: bets $3
TbIP-TbIP 88: folds
Uncalled bet ($3) returned to Luarvik888
Luarvik888 collected $17.64 from pot
*** SUMMARY ***
Total pot $18 | Rake $0.36
Board [Kd Jh 4d]
Seat 3: Luarvik888 (big blind) collected ($17.64)
Seat 4: TbIP-TbIP 88 (button) (small blind) folded on the Flop


PokerStars Hand #147712186956:  Hold'em Limit ($3/$6 USD) - 2016/01/26 11:36:57 ET
Table 'Fides II' 6-max Seat #3 is the button
Seat 3: Luarvik888 ($134.61 in chips)
Seat 4: TbIP-TbIP 88 ($80.64 in chips)
Luarvik888: posts small blind $1
TbIP-TbIP 88: posts big blind $3
*** HOLE CARDS ***
Luarvik888: folds
Uncalled bet ($2) returned to TbIP-TbIP 88
TbIP-TbIP 88 collected $2 from pot
TbIP-TbIP 88: doesn't show hand
*** SUMMARY ***
Total pot $2 | Rake $0
Seat 3: Luarvik888 (button) (small blind) folded before Flop
Seat 4: TbIP-TbIP 88 (big blind) collected ($2)


PokerStars Hand #147712171359:  Hold'em Limit ($3/$6 USD) - 2016/01/26 11:36:39 ET
Table 'Fides II' 6-max Seat #4 is the button
Seat 3: Luarvik888 ($143.61 in chips)
Seat 4: TbIP-TbIP 88 ($72 in chips)
TbIP-TbIP 88: posts small blind $1
Mordnilap: is sitting out
Luarvik888: posts big blind $3
*** HOLE CARDS ***
TbIP-TbIP 88: raises $3 to $6
Luarvik888: calls $3
*** FLOP *** [Js Kd 2s]
Mordnilap leaves the table
Luarvik888: checks
TbIP-TbIP 88: bets $3
Luarvik888: calls $3
*** TURN *** [Js Kd 2s] [6h]
Luarvik888: checks
TbIP-TbIP 88: bets $6
Luarvik888: folds
Uncalled bet ($6) returned to TbIP-TbIP 88
TbIP-TbIP 88 collected $17.64 from pot
TbIP-TbIP 88: doesn't show hand
*** SUMMARY ***
Total pot $18 | Rake $0.36
Board [Js Kd 2s 6h]
Seat 3: Luarvik888 (big blind) folded on the Turn
Seat 4: TbIP-TbIP 88 (button) (small blind) collected ($17.64)


PokerStars Hand #147712203947:  Hold'em Limit ($3/$6 USD) - 2016/01/26 11:37:17 ET
Table 'Fides II' 6-max Seat #3 is the button
Seat 3: Luarvik888 ($142.25 in chips)
Seat 4: TbIP-TbIP 88 ($72.64 in chips)
Luarvik888: posts small blind $1
TbIP-TbIP 88: posts big blind $3
*** HOLE CARDS ***
Luarvik888: raises $3 to $6
TbIP-TbIP 88: calls $3
*** FLOP *** [8d Td 6c]
TbIP-TbIP 88: bets $3
Luarvik888: raises $3 to $6
TbIP-TbIP 88: calls $3
*** TURN *** [8d Td 6c] [Qs]
TbIP-TbIP 88: checks
Luarvik888: checks
*** RIVER *** [8d Td 6c Qs] [6h]
LolDnkaments joins the table at seat #5
TbIP-TbIP 88: bets $6
Luarvik888: calls $6
*** SHOW DOWN ***
TbIP-TbIP 88: shows [8s Kc] (two pair, Eights and Sixes)
Luarvik888: mucks hand
TbIP-TbIP 88 collected $35.50 from pot
*** SUMMARY ***
Total pot $36 | Rake $0.50
Board [8d Td 6c Qs 6h]
Seat 3: Luarvik888 (button) (small blind) mucked
Seat 4: TbIP-TbIP 88 (big blind) showed [8s Kc] and won ($35.50) with two pair, Eights and Sixes


