PokerStars Hand #147922275276:  Hold'em Limit ($3/$6 USD) - 2016/01/30 5:45:05 ET
Table 'Fides III' 2-max Seat #1 is the button
Seat 1: obryadd ($87.18 in chips)
Seat 2: 22polina22 ($9 in chips)
obryadd: posts small blind $1
22polina22: posts big blind $3
*** HOLE CARDS ***
obryadd: raises $3 to $6
22polina22: folds
Uncalled bet ($3) returned to obryadd
obryadd collected $6 from pot
obryadd: doesn't show hand
*** SUMMARY ***
Total pot $6 | Rake $0
Seat 1: obryadd (button) (small blind) collected ($6)
Seat 2: 22polina22 (big blind) folded before Flop


PokerStars Hand #147922270848:  Hold'em Limit ($3/$6 USD) - 2016/01/30 5:44:56 ET
Table 'Fides III' 2-max Seat #2 is the button
Seat 1: obryadd ($81.18 in chips)
Seat 2: 22polina22 ($15 in chips)
22polina22: posts small blind $1
obryadd: posts big blind $3
*** HOLE CARDS ***
22polina22: raises $3 to $6
obryadd: raises $3 to $9
22polina22: folds
Uncalled bet ($3) returned to obryadd
obryadd collected $12 from pot
obryadd: doesn't show hand
*** SUMMARY ***
Total pot $12 | Rake $0
Seat 1: obryadd (big blind) collected ($12)
Seat 2: 22polina22 (button) (small blind) folded before Flop


PokerStars Hand #147922264633:  Hold'em Limit ($3/$6 USD) - 2016/01/30 5:44:44 ET
Table 'Fides III' 2-max Seat #1 is the button
Seat 1: obryadd ($72.18 in chips)
Seat 2: 22polina22 ($24 in chips)
obryadd: posts small blind $1
22polina22: posts big blind $3
*** HOLE CARDS ***
obryadd: raises $3 to $6
22polina22: raises $3 to $9
obryadd: raises $3 to $12
Betting is capped
22polina22: folds
Uncalled bet ($3) returned to obryadd
obryadd collected $18 from pot
obryadd: doesn't show hand
*** SUMMARY ***
Total pot $18 | Rake $0
Seat 1: obryadd (button) (small blind) collected ($18)
Seat 2: 22polina22 (big blind) folded before Flop


PokerStars Hand #147922279482:  Hold'em Limit ($3/$6 USD) - 2016/01/30 5:45:12 ET
Table 'Fides III' 2-max Seat #2 is the button
Seat 1: obryadd ($90.18 in chips)
Seat 2: 22polina22 ($6 in chips)
22polina22: posts small blind $1
obryadd: posts big blind $3
*** HOLE CARDS ***
22polina22: raises $3 to $6 and is all-in
obryadd: calls $3
*** FLOP *** [Qh Jc 9c]
*** TURN *** [Qh Jc 9c] [2c]
*** RIVER *** [Qh Jc 9c 2c] [Th]
*** SHOW DOWN ***
obryadd: shows [7c 7d] (a pair of Sevens)
22polina22: shows [3c 5s] (high card Queen)
obryadd collected $11.76 from pot
*** SUMMARY ***
Total pot $12 | Rake $0.24
Board [Qh Jc 9c 2c Th]
Seat 1: obryadd (big blind) showed [7c 7d] and won ($11.76) with a pair of Sevens
Seat 2: 22polina22 (button) (small blind) showed [3c 5s] and lost with high card Queen


