PokerStars Hand #168670944828:  Hold'em Limit ($3/$6 USD) - 2017/04/06 15:42:53 ET
Table 'Fides II' 6-max Seat #3 is the button
Seat 3: JCDurocher ($120 in chips)
Seat 5: MTails ($120 in chips)
JCDurocher: posts small blind $1
MTails: posts big blind $3
*** HOLE CARDS ***
JCDurocher: raises $3 to $6
MTails: calls $3
*** FLOP *** [7c 4d Jc]
MTails: checks
GoliafUa joins the table at seat #4
JCDurocher: bets $3
MTails: raises $3 to $6
JCDurocher: calls $3
*** TURN *** [7c 4d Jc] [5d]
MTails: bets $6
JCDurocher: calls $6
*** RIVER *** [7c 4d Jc 5d] [Kc]
ToDaFelt joins the table at seat #6
MTails: bets $6
JCDurocher: calls $6
*** SHOW DOWN ***
MTails: shows [8c Ah] (high card Ace)
JCDurocher: shows [7h Js] (two pair, Jacks and Sevens)
JCDurocher collected $47.50 from pot
*** SUMMARY ***
Total pot $48 | Rake $0.50
Board [7c 4d Jc 5d Kc]
Seat 3: JCDurocher (button) (small blind) showed [7h Js] and won ($47.50) with two pair, Jacks and Sevens
Seat 5: MTails (big blind) showed [8c Ah] and lost with high card Ace


PokerStars Hand #168672320032:  Hold'em Limit ($3/$6 USD) - 2017/04/06 16:09:00 ET
Table 'Fides II' 6-max Seat #5 is the button
Seat 3: JCDurocher ($165.18 in chips)
Seat 5: Chessnok ($124.19 in chips)
Chessnok: posts small blind $1
JCDurocher: posts big blind $3
*** HOLE CARDS ***
Chessnok: folds
Uncalled bet ($2) returned to JCDurocher
JCDurocher collected $2 from pot
JCDurocher: doesn't show hand
*** SUMMARY ***
Total pot $2 | Rake $0
Seat 3: JCDurocher (big blind) collected ($2)
Seat 5: Chessnok (button) (small blind) folded before Flop


PokerStars Hand #168672331946:  Hold'em Limit ($3/$6 USD) - 2017/04/06 16:09:13 ET
Table 'Fides II' 6-max Seat #5 is the button
Seat 3: JCDurocher ($169.18 in chips)
Seat 5: Chessnok ($120.19 in chips)
Chessnok: posts small blind $1
JCDurocher: posts big blind $3
*** HOLE CARDS ***
Chessnok: raises $3 to $6
JCDurocher: folds
Uncalled bet ($3) returned to Chessnok
Chessnok collected $6 from pot
Chessnok: doesn't show hand
*** SUMMARY ***
Total pot $6 | Rake $0
Seat 3: JCDurocher (big blind) folded before Flop
Seat 5: Chessnok (button) (small blind) collected ($6)


PokerStars Hand #168672324692:  Hold'em Limit ($3/$6 USD) - 2017/04/06 16:09:05 ET
Table 'Fides II' 6-max Seat #3 is the button
Seat 3: JCDurocher ($166.18 in chips)
Seat 5: Chessnok ($123.19 in chips)
JCDurocher: posts small blind $1
Chessnok: posts big blind $3
*** HOLE CARDS ***
JCDurocher: raises $3 to $6
Chessnok: folds
Uncalled bet ($3) returned to JCDurocher
JCDurocher collected $6 from pot
JCDurocher: doesn't show hand
*** SUMMARY ***
Total pot $6 | Rake $0
Seat 3: JCDurocher (button) (small blind) collected ($6)
Seat 5: Chessnok (big blind) folded before Flop


PokerStars Hand #168672336723:  Hold'em Limit ($3/$6 USD) - 2017/04/06 16:09:18 ET
Table 'Fides II' 6-max Seat #3 is the button
Seat 3: JCDurocher ($166.18 in chips)
Seat 5: Chessnok ($123.19 in chips)
JCDurocher: posts small blind $1
Chessnok: posts big blind $3
*** HOLE CARDS ***
JCDurocher: raises $3 to $6
Chessnok: calls $3
*** FLOP *** [3h Th 3s]
Chessnok: checks
JCDurocher: bets $3
Chessnok: folds
Uncalled bet ($3) returned to JCDurocher
JCDurocher collected $11.76 from pot
JCDurocher: doesn't show hand
*** SUMMARY ***
Total pot $12 | Rake $0.24
Board [3h Th 3s]
Seat 3: JCDurocher (button) (small blind) collected ($11.76)
Seat 5: Chessnok (big blind) folded on the Flop


PokerStars Hand #168672346687:  Hold'em Limit ($3/$6 USD) - 2017/04/06 16:09:28 ET
Table 'Fides II' 6-max Seat #5 is the button
Seat 3: JCDurocher ($171.94 in chips)
Seat 5: Chessnok ($117.19 in chips)
Chessnok: posts small blind $1
JCDurocher: posts big blind $3
*** HOLE CARDS ***
Chessnok: raises $3 to $6
JCDurocher: folds
Uncalled bet ($3) returned to Chessnok
Chessnok collected $6 from pot
Chessnok: doesn't show hand
*** SUMMARY ***
Total pot $6 | Rake $0
Seat 3: JCDurocher (big blind) folded before Flop
Seat 5: Chessnok (button) (small blind) collected ($6)


PokerStars Hand #168672369349:  Hold'em Limit ($3/$6 USD) - 2017/04/06 16:09:52 ET
Table 'Fides II' 6-max Seat #5 is the button
Seat 3: JCDurocher ($162.94 in chips)
Seat 5: Chessnok ($125.95 in chips)
Chessnok: posts small blind $1
JCDurocher: posts big blind $3
*** HOLE CARDS ***
Chessnok: folds
Uncalled bet ($2) returned to JCDurocher
JCDurocher collected $2 from pot
JCDurocher: doesn't show hand
*** SUMMARY ***
Total pot $2 | Rake $0
Seat 3: JCDurocher (big blind) collected ($2)
Seat 5: Chessnok (button) (small blind) folded before Flop


PokerStars Hand #168672352837:  Hold'em Limit ($3/$6 USD) - 2017/04/06 16:09:35 ET
Table 'Fides II' 6-max Seat #3 is the button
Seat 3: JCDurocher ($168.94 in chips)
Seat 5: Chessnok ($120.19 in chips)
JCDurocher: posts small blind $1
Chessnok: posts big blind $3
*** HOLE CARDS ***
JCDurocher: raises $3 to $6
Chessnok: calls $3
*** FLOP *** [Kh 5c Qs]
Chessnok: checks
JCDurocher: checks
*** TURN *** [Kh 5c Qs] [3d]
Chessnok: checks
JCDurocher: checks
*** RIVER *** [Kh 5c Qs 3d] [Kc]
Chessnok: checks
JCDurocher: checks
*** SHOW DOWN ***
Chessnok: shows [Js 4d] (a pair of Kings)
JCDurocher: mucks hand
Chessnok collected $11.76 from pot
*** SUMMARY ***
Total pot $12 | Rake $0.24
Board [Kh 5c Qs 3d Kc]
Seat 3: JCDurocher (button) (small blind) mucked
Seat 5: Chessnok (big blind) showed [Js 4d] and won ($11.76) with a pair of Kings


PokerStars Hand #168672398240:  Hold'em Limit ($3/$6 USD) - 2017/04/06 16:10:23 ET
Table 'Fides II' 6-max Seat #5 is the button
Seat 3: JCDurocher ($136.94 in chips)
Seat 5: Chessnok ($151.45 in chips)
Chessnok: posts small blind $1
JCDurocher: posts big blind $3
*** HOLE CARDS ***
Chessnok: raises $3 to $6
JCDurocher: folds
Uncalled bet ($3) returned to Chessnok
Chessnok collected $6 from pot
Chessnok: doesn't show hand
*** SUMMARY ***
Total pot $6 | Rake $0
Seat 3: JCDurocher (big blind) folded before Flop
Seat 5: Chessnok (button) (small blind) collected ($6)


PokerStars Hand #168672373434:  Hold'em Limit ($3/$6 USD) - 2017/04/06 16:09:57 ET
Table 'Fides II' 6-max Seat #3 is the button
Seat 3: JCDurocher ($163.94 in chips)
Seat 5: Chessnok ($124.95 in chips)
JCDurocher: posts small blind $1
Chessnok: posts big blind $3
*** HOLE CARDS ***
JCDurocher: raises $3 to $6
Chessnok: calls $3
*** FLOP *** [6c 5d 9c]
Chessnok: checks
JCDurocher: bets $3
Chessnok: calls $3
*** TURN *** [6c 5d 9c] [Td]
Chessnok: checks
JCDurocher: bets $6
Chessnok: raises $6 to $12
JCDurocher: calls $6
*** RIVER *** [6c 5d 9c Td] [9s]
Chessnok: bets $6
JCDurocher: calls $6
*** SHOW DOWN ***
Chessnok: shows [Kc Ts] (two pair, Tens and Nines)
JCDurocher: mucks hand
Chessnok collected $53.50 from pot
*** SUMMARY ***
Total pot $54 | Rake $0.50
Board [6c 5d 9c Td 9s]
Seat 3: JCDurocher (button) (small blind) mucked
Seat 5: Chessnok (big blind) showed [Kc Ts] and won ($53.50) with two pair, Tens and Nines


PokerStars Hand #168672404501:  Hold'em Limit ($3/$6 USD) - 2017/04/06 16:10:30 ET
Table 'Fides II' 6-max Seat #3 is the button
Seat 3: JCDurocher ($133.94 in chips)
Seat 5: Chessnok ($154.45 in chips)
JCDurocher: posts small blind $1
Chessnok: posts big blind $3
*** HOLE CARDS ***
JCDurocher: folds
Uncalled bet ($2) returned to Chessnok
Chessnok collected $2 from pot
Chessnok: doesn't show hand
*** SUMMARY ***
Total pot $2 | Rake $0
Seat 3: JCDurocher (button) (small blind) folded before Flop
Seat 5: Chessnok (big blind) collected ($2)


