PokerStars Hand #171913142123:  Hold'em Limit ($3/$6 USD) - 2017/06/17 21:35:07 ET
Table 'Fiducia' 6-max Seat #6 is the button
Seat 4: **Geka**555 ($32 in chips)
Seat 6: scorpio04 ($155 in chips)
scorpio04: posts small blind $1
**Geka**555: posts big blind $3
*** HOLE CARDS ***
scorpio04: raises $3 to $6
**Geka**555: raises $3 to $9
scorpio04: calls $3
*** FLOP *** [8c Td Ac]
**Geka**555: bets $3
scorpio04: calls $3
*** TURN *** [8c Td Ac] [6c]
**Geka**555: bets $6
scorpio04: raises $6 to $12
**Geka**555: calls $6
*** RIVER *** [8c Td Ac 6c] [4d]
**Geka**555: checks
scorpio04: bets $6
**Geka**555: calls $6
*** SHOW DOWN ***
scorpio04: shows [Ad Th] (two pair, Aces and Tens)
**Geka**555: mucks hand
scorpio04 collected $59.50 from pot
*** SUMMARY ***
Total pot $60 | Rake $0.50
Board [8c Td Ac 6c 4d]
Seat 4: **Geka**555 (big blind) mucked
Seat 6: scorpio04 (button) (small blind) showed [Ad Th] and won ($59.50) with two pair, Aces and Tens


PokerStars Hand #171913135438:  Hold'em Limit ($3/$6 USD) - 2017/06/17 21:34:50 ET
Table 'Fiducia' 6-max Seat #4 is the button
Seat 4: **Geka**555 ($37 in chips)
Seat 6: scorpio04 ($150 in chips)
**Geka**555: posts small blind $1
scorpio04: posts big blind $3
*** HOLE CARDS ***
**Geka**555: folds
Uncalled bet ($2) returned to scorpio04
scorpio04 collected $2 from pot
scorpio04: doesn't show hand
*** SUMMARY ***
Total pot $2 | Rake $0
Seat 4: **Geka**555 (button) (small blind) folded before Flop
Seat 6: scorpio04 (big blind) collected ($2)


PokerStars Hand #171913139967:  Hold'em Limit ($3/$6 USD) - 2017/06/17 21:35:01 ET
Table 'Fiducia' 6-max Seat #4 is the button
Seat 4: **Geka**555 ($33 in chips)
Seat 6: scorpio04 ($154 in chips)
**Geka**555: posts small blind $1
scorpio04: posts big blind $3
*** HOLE CARDS ***
**Geka**555: folds
Uncalled bet ($2) returned to scorpio04
scorpio04 collected $2 from pot
scorpio04: doesn't show hand
*** SUMMARY ***
Total pot $2 | Rake $0
Seat 4: **Geka**555 (button) (small blind) folded before Flop
Seat 6: scorpio04 (big blind) collected ($2)


PokerStars Hand #171913137352:  Hold'em Limit ($3/$6 USD) - 2017/06/17 21:34:55 ET
Table 'Fiducia' 6-max Seat #6 is the button
Seat 4: **Geka**555 ($36 in chips)
Seat 6: scorpio04 ($151 in chips)
scorpio04: posts small blind $1
**Geka**555: posts big blind $3
*** HOLE CARDS ***
scorpio04: raises $3 to $6
**Geka**555: folds
Uncalled bet ($3) returned to scorpio04
scorpio04 collected $6 from pot
scorpio04: doesn't show hand
*** SUMMARY ***
Total pot $6 | Rake $0
Seat 4: **Geka**555 (big blind) folded before Flop
Seat 6: scorpio04 (button) (small blind) collected ($6)


PokerStars Hand #171913380069:  Hold'em Limit ($3/$6 USD) - 2017/06/17 21:45:22 ET
Table 'Fiducia' 6-max Seat #3 is the button
Seat 3: Pt. Scalare ($109.12 in chips)
Seat 6: scorpio04 ($184.50 in chips)
Pt. Scalare: posts small blind $1
scorpio04: posts big blind $3
*** HOLE CARDS ***
Pt. Scalare: folds
Uncalled bet ($2) returned to scorpio04
scorpio04 collected $2 from pot
*** SUMMARY ***
Total pot $2 | Rake $0
Seat 3: Pt. Scalare (button) (small blind) folded before Flop
Seat 6: scorpio04 (big blind) collected ($2)


PokerStars Hand #171913381661:  Hold'em Limit ($3/$6 USD) - 2017/06/17 21:45:26 ET
Table 'Fiducia' 6-max Seat #6 is the button
Seat 3: Pt. Scalare ($108.12 in chips)
Seat 6: scorpio04 ($185.50 in chips)
scorpio04: posts small blind $1
Pt. Scalare: posts big blind $3
*** HOLE CARDS ***
scorpio04: raises $3 to $6
Pt. Scalare: raises $3 to $9
scorpio04: calls $3
*** FLOP *** [7c 2c 9s]
Pt. Scalare: bets $3
scorpio04: calls $3
*** TURN *** [7c 2c 9s] [4d]
Pt. Scalare: checks
scorpio04: bets $6
Pt. Scalare: calls $6
*** RIVER *** [7c 2c 9s 4d] [Ks]
Pt. Scalare: checks
scorpio04: bets $6
Pt. Scalare: calls $6
*** SHOW DOWN ***
scorpio04: shows [7d 8c] (a pair of Sevens)
Pt. Scalare: shows [Kd Qc] (a pair of Kings)
Pt. Scalare collected $47.50 from pot
*** SUMMARY ***
Total pot $48 | Rake $0.50
Board [7c 2c 9s 4d Ks]
Seat 3: Pt. Scalare (big blind) showed [Kd Qc] and won ($47.50) with a pair of Kings
Seat 6: scorpio04 (button) (small blind) showed [7d 8c] and lost with a pair of Sevens


PokerStars Hand #171913390380:  Hold'em Limit ($3/$6 USD) - 2017/06/17 21:45:50 ET
Table 'Fiducia' 6-max Seat #3 is the button
Seat 3: Pt. Scalare ($131.62 in chips)
Seat 6: scorpio04 ($161.50 in chips)
Pt. Scalare: posts small blind $1
scorpio04: posts big blind $3
*** HOLE CARDS ***
Pt. Scalare: folds
Uncalled bet ($2) returned to scorpio04
scorpio04 collected $2 from pot
scorpio04: doesn't show hand
*** SUMMARY ***
Total pot $2 | Rake $0
Seat 3: Pt. Scalare (button) (small blind) folded before Flop
Seat 6: scorpio04 (big blind) collected ($2)


PokerStars Hand #171913427007:  Hold'em Limit ($3/$6 USD) - 2017/06/17 21:47:29 ET
Table 'Fiducia' 6-max Seat #3 is the button
Seat 3: Pt. Scalare ($94.62 in chips)
Seat 6: scorpio04 ($197.50 in chips)
Pt. Scalare: posts small blind $1
scorpio04: posts big blind $3
*** HOLE CARDS ***
Pt. Scalare: calls $2
scorpio04: checks
*** FLOP *** [Jh Qd 9h]
scorpio04: bets $3
Pt. Scalare: calls $3
*** TURN *** [Jh Qd 9h] [3d]
scorpio04: bets $6
Pt. Scalare: folds
Uncalled bet ($6) returned to scorpio04
scorpio04 collected $11.76 from pot
scorpio04: doesn't show hand
*** SUMMARY ***
Total pot $12 | Rake $0.24
Board [Jh Qd 9h 3d]
Seat 3: Pt. Scalare (button) (small blind) folded on the Turn
Seat 6: scorpio04 (big blind) collected ($11.76)


PokerStars Hand #171913424485:  Hold'em Limit ($3/$6 USD) - 2017/06/17 21:47:22 ET
Table 'Fiducia' 6-max Seat #6 is the button
Seat 3: Pt. Scalare ($97.62 in chips)
Seat 6: scorpio04 ($194.50 in chips)
scorpio04: posts small blind $1
Pt. Scalare: posts big blind $3
*** HOLE CARDS ***
scorpio04: raises $3 to $6
Pt. Scalare: folds
Uncalled bet ($3) returned to scorpio04
scorpio04 collected $6 from pot
scorpio04: doesn't show hand
*** SUMMARY ***
Total pot $6 | Rake $0
Seat 3: Pt. Scalare (big blind) folded before Flop
Seat 6: scorpio04 (button) (small blind) collected ($6)


PokerStars Hand #171913404004:  Hold'em Limit ($3/$6 USD) - 2017/06/17 21:46:26 ET
Table 'Fiducia' 6-max Seat #3 is the button
Seat 3: Pt. Scalare ($115.62 in chips)
Seat 6: scorpio04 ($177 in chips)
Pt. Scalare: posts small blind $1
scorpio04: posts big blind $3
*** HOLE CARDS ***
Pt. Scalare: calls $2
scorpio04: checks
*** FLOP *** [7d 2h Jc]
scorpio04: checks
Pt. Scalare: bets $3
scorpio04: calls $3
*** TURN *** [7d 2h Jc] [5c]
scorpio04: checks
Pt. Scalare: bets $6
scorpio04: calls $6
*** RIVER *** [7d 2h Jc 5c] [Kh]
scorpio04: checks
Pt. Scalare: bets $6
scorpio04: calls $6
*** SHOW DOWN ***
Pt. Scalare: shows [Ac Qc] (high card Ace)
scorpio04: shows [2s Qh] (a pair of Deuces)
scorpio04 collected $35.50 from pot
*** SUMMARY ***
Total pot $36 | Rake $0.50
Board [7d 2h Jc 5c Kh]
Seat 3: Pt. Scalare (button) (small blind) showed [Ac Qc] and lost with high card Ace
Seat 6: scorpio04 (big blind) showed [2s Qh] and won ($35.50) with a pair of Deuces


PokerStars Hand #171913445929:  Hold'em Limit ($3/$6 USD) - 2017/06/17 21:48:20 ET
Table 'Fiducia' 6-max Seat #3 is the button
Seat 3: Pt. Scalare ($97.26 in chips)
Seat 6: scorpio04 ($194.26 in chips)
Pt. Scalare: posts small blind $1
scorpio04: posts big blind $3
*** HOLE CARDS ***
Pt. Scalare: calls $2
scorpio04: checks
*** FLOP *** [3s 7d 8c]
scorpio04: checks
Pt. Scalare: bets $3
scorpio04: raises $3 to $6
Pt. Scalare: calls $3
*** TURN *** [3s 7d 8c] [5c]
scorpio04: bets $6
Pt. Scalare: calls $6
*** RIVER *** [3s 7d 8c 5c] [2c]
scorpio04: bets $6
Pt. Scalare: calls $6
*** SHOW DOWN ***
scorpio04: shows [8h 6c] (a pair of Eights)
Pt. Scalare: mucks hand
scorpio04 collected $41.50 from pot
*** SUMMARY ***
Total pot $42 | Rake $0.50
Board [3s 7d 8c 5c 2c]
Seat 3: Pt. Scalare (button) (small blind) mucked
Seat 6: scorpio04 (big blind) showed [8h 6c] and won ($41.50) with a pair of Eights


PokerStars Hand #171913461915:  Hold'em Limit ($3/$6 USD) - 2017/06/17 21:49:04 ET
Table 'Fiducia' 6-max Seat #3 is the button
Seat 3: Pt. Scalare ($70.26 in chips)
Seat 6: scorpio04 ($220.52 in chips)
Pt. Scalare: posts small blind $1
scorpio04: posts big blind $3
*** HOLE CARDS ***
Pt. Scalare: folds
Uncalled bet ($2) returned to scorpio04
scorpio04 collected $2 from pot
scorpio04: doesn't show hand
*** SUMMARY ***
Total pot $2 | Rake $0
Seat 3: Pt. Scalare (button) (small blind) folded before Flop
Seat 6: scorpio04 (big blind) collected ($2)


PokerStars Hand #171913457655:  Hold'em Limit ($3/$6 USD) - 2017/06/17 21:48:53 ET
Table 'Fiducia' 6-max Seat #6 is the button
Seat 3: Pt. Scalare ($76.26 in chips)
Seat 6: scorpio04 ($214.76 in chips)
scorpio04: posts small blind $1
Pt. Scalare: posts big blind $3
*** HOLE CARDS ***
scorpio04: raises $3 to $6
Pt. Scalare: calls $3
*** FLOP *** [6s 6h Ts]
Pt. Scalare: checks
scorpio04: bets $3
Pt. Scalare: folds
Uncalled bet ($3) returned to scorpio04
scorpio04 collected $11.76 from pot
scorpio04: doesn't show hand
*** SUMMARY ***
Total pot $12 | Rake $0.24
Board [6s 6h Ts]
Seat 3: Pt. Scalare (big blind) folded on the Flop
Seat 6: scorpio04 (button) (small blind) collected ($11.76)


PokerStars Hand #171913434925:  Hold'em Limit ($3/$6 USD) - 2017/06/17 21:47:50 ET
Table 'Fiducia' 6-max Seat #6 is the button
Seat 3: Pt. Scalare ($88.62 in chips)
Seat 6: scorpio04 ($203.26 in chips)
scorpio04: posts small blind $1
Pt. Scalare: posts big blind $3
*** HOLE CARDS ***
scorpio04: raises $3 to $6
Pt. Scalare: calls $3
*** FLOP *** [Ks 8h Qc]
Pt. Scalare: checks
scorpio04: bets $3
Pt. Scalare: calls $3
*** TURN *** [Ks 8h Qc] [3c]
Pt. Scalare: checks
scorpio04: checks
*** RIVER *** [Ks 8h Qc 3c] [Td]
Pt. Scalare: checks
scorpio04: checks
*** SHOW DOWN ***
Pt. Scalare: shows [Th 4h] (a pair of Tens)
scorpio04: mucks hand
Pt. Scalare collected $17.64 from pot
*** SUMMARY ***
Total pot $18 | Rake $0.36
Board [Ks 8h Qc 3c Td]
Seat 3: Pt. Scalare (big blind) showed [Th 4h] and won ($17.64) with a pair of Tens
Seat 6: scorpio04 (button) (small blind) mucked


PokerStars Hand #171913463664:  Hold'em Limit ($3/$6 USD) - 2017/06/17 21:49:09 ET
Table 'Fiducia' 6-max Seat #6 is the button
Seat 3: Pt. Scalare ($69.26 in chips)
Seat 6: scorpio04 ($221.52 in chips)
scorpio04: posts small blind $1
Pt. Scalare: posts big blind $3
*** HOLE CARDS ***
scorpio04: raises $3 to $6
Pt. Scalare: calls $3
*** FLOP *** [Qd 9s Ah]
Pt. Scalare: checks
scorpio04: bets $3
Pt. Scalare: folds
Uncalled bet ($3) returned to scorpio04
scorpio04 collected $11.76 from pot
scorpio04: doesn't show hand
*** SUMMARY ***
Total pot $12 | Rake $0.24
Board [Qd 9s Ah]
Seat 3: Pt. Scalare (big blind) folded on the Flop
Seat 6: scorpio04 (button) (small blind) collected ($11.76)


PokerStars Hand #171913468836:  Hold'em Limit ($3/$6 USD) - 2017/06/17 21:49:23 ET
Table 'Fiducia' 6-max Seat #3 is the button
Seat 3: Pt. Scalare ($63.26 in chips)
Seat 6: scorpio04 ($227.28 in chips)
Pt. Scalare: posts small blind $1
scorpio04: posts big blind $3
*** HOLE CARDS ***
Pt. Scalare: calls $2
scorpio04: raises $3 to $6
Pt. Scalare: calls $3
*** FLOP *** [Jc Jd 3s]
scorpio04: checks
Pt. Scalare: checks
*** TURN *** [Jc Jd 3s] [4s]
scorpio04: bets $6
Pt. Scalare: calls $6
*** RIVER *** [Jc Jd 3s 4s] [5h]
scorpio04: checks
belik555 joins the table at seat #4
Pt. Scalare: checks
*** SHOW DOWN ***
scorpio04: shows [Tc Ad] (a pair of Jacks)
Pt. Scalare: mucks hand
scorpio04 collected $23.52 from pot
*** SUMMARY ***
Total pot $24 | Rake $0.48
Board [Jc Jd 3s 4s 5h]
Seat 3: Pt. Scalare (button) (small blind) mucked
Seat 6: scorpio04 (big blind) showed [Tc Ad] and won ($23.52) with a pair of Jacks


PokerStars Hand #171913477081:  Hold'em Limit ($3/$6 USD) - 2017/06/17 21:49:46 ET
Table 'Fiducia' 6-max Seat #6 is the button
Seat 3: Pt. Scalare ($51.26 in chips)
Seat 6: scorpio04 ($238.80 in chips)
scorpio04: posts small blind $1
Pt. Scalare: posts big blind $3
*** HOLE CARDS ***
scorpio04: folds
Uncalled bet ($2) returned to Pt. Scalare
Pt. Scalare collected $2 from pot
Pt. Scalare: doesn't show hand
*** SUMMARY ***
Total pot $2 | Rake $0
Seat 3: Pt. Scalare (big blind) collected ($2)
Seat 6: scorpio04 (button) (small blind) folded before Flop


