PokerStars Hand #148376581826:  Hold'em Limit ($3/$6 USD) - 2016/02/07 3:54:21 ET
Table 'Fiducia II' 6-max Seat #1 is the button
Seat 1: kolaz03 ($121 in chips)
Seat 6: harrydonkey ($14.31 in chips)
kolaz03: posts small blind $1
Agrotait: is sitting out
harrydonkey: posts big blind $3
*** HOLE CARDS ***
kolaz03: raises $3 to $6
Agrotait leaves the table
harrydonkey: folds
Uncalled bet ($3) returned to kolaz03
kolaz03 said, "nice hand"
kolaz03 collected $6 from pot
kolaz03: doesn't show hand
*** SUMMARY ***
Total pot $6 | Rake $0
Seat 1: kolaz03 (button) (small blind) collected ($6)
Seat 6: harrydonkey (big blind) folded before Flop


PokerStars Hand #148376588100:  Hold'em Limit ($3/$6 USD) - 2016/02/07 3:54:37 ET
Table 'Fiducia II' 6-max Seat #6 is the button
Seat 1: kolaz03 ($124 in chips)
Seat 6: harrydonkey ($11.31 in chips)
harrydonkey: posts small blind $1
kolaz03: posts big blind $3
*** HOLE CARDS ***
harrydonkey: calls $2
kolaz03: raises $3 to $6
harrydonkey: raises $3 to $9
kolaz03: raises $3 to $12
Betting is capped
harrydonkey: calls $2.31 and is all-in
Uncalled bet ($0.69) returned to kolaz03
*** FLOP *** [5h 4h As]
*** TURN *** [5h 4h As] [7h]
*** RIVER *** [5h 4h As 7h] [9h]
*** SHOW DOWN ***
kolaz03: shows [8d Ah] (a flush, Ace high)
harrydonkey: shows [Js 5s] (a pair of Fives)
kolaz03 collected $22.17 from pot
*** SUMMARY ***
Total pot $22.62 | Rake $0.45
Board [5h 4h As 7h 9h]
Seat 1: kolaz03 (big blind) showed [8d Ah] and won ($22.17) with a flush, Ace high
Seat 6: harrydonkey (button) (small blind) showed [Js 5s] and lost with a pair of Fives


