PokerStars Hand #148940548118:  Hold'em Limit ($3/$6 USD) - 2016/02/17 2:08:50 ET
Table 'Fiducia II' 6-max Seat #4 is the button
Seat 1: megabaitt ($114 in chips)
Seat 4: Agrotait ($77.76 in chips)
Agrotait: posts small blind $1
megabaitt: posts big blind $3
*** HOLE CARDS ***
Agrotait: raises $3 to $6
megabaitt: folds
Uncalled bet ($3) returned to Agrotait
Agrotait collected $6 from pot
Agrotait: doesn't show hand
*** SUMMARY ***
Total pot $6 | Rake $0
Seat 1: megabaitt (big blind) folded before Flop
Seat 4: Agrotait (button) (small blind) collected ($6)


PokerStars Hand #148940535204:  Hold'em Limit ($3/$6 USD) - 2016/02/17 2:08:08 ET
Table 'Fiducia II' 6-max Seat #1 is the button
Seat 1: megabaitt ($120 in chips)
Seat 4: Agrotait ($72 in chips)
megabaitt: posts small blind $1
Agrotait: posts big blind $3
*** HOLE CARDS ***
megabaitt: calls $2
Agrotait: checks
*** FLOP *** [2h 7c 3d]
Agrotait: checks
megabaitt: bets $3
Agrotait: raises $3 to $6
megabaitt: folds
Uncalled bet ($3) returned to Agrotait
Agrotait collected $11.76 from pot
Agrotait: doesn't show hand
*** SUMMARY ***
Total pot $12 | Rake $0.24
Board [2h 7c 3d]
Seat 1: megabaitt (button) (small blind) folded on the Flop
Seat 4: Agrotait (big blind) collected ($11.76)


PokerStars Hand #148940550276:  Hold'em Limit ($3/$6 USD) - 2016/02/17 2:08:57 ET
Table 'Fiducia II' 6-max Seat #1 is the button
Seat 1: megabaitt ($111 in chips)
Seat 4: Agrotait ($80.76 in chips)
megabaitt: posts small blind $1
Agrotait: posts big blind $3
*** HOLE CARDS ***
megabaitt: folds
Uncalled bet ($2) returned to Agrotait
Agrotait collected $2 from pot
Agrotait: doesn't show hand
*** SUMMARY ***
Total pot $2 | Rake $0
Seat 1: megabaitt (button) (small blind) folded before Flop
Seat 4: Agrotait (big blind) collected ($2)


PokerStars Hand #148940552009:  Hold'em Limit ($3/$6 USD) - 2016/02/17 2:09:02 ET
Table 'Fiducia II' 6-max Seat #4 is the button
Seat 1: megabaitt ($110 in chips)
Seat 4: Agrotait ($81.76 in chips)
Agrotait: posts small blind $1
megabaitt: posts big blind $3
*** HOLE CARDS ***
Agrotait: raises $3 to $6
megabaitt: calls $3
*** FLOP *** [Qc Ah 7s]
megabaitt: checks
Agrotait: bets $3
megabaitt: calls $3
*** TURN *** [Qc Ah 7s] [Td]
megabaitt: checks
Agrotait: checks
*** RIVER *** [Qc Ah 7s Td] [6s]
megabaitt: checks
Agrotait: checks
*** SHOW DOWN ***
megabaitt: shows [7d 9h] (a pair of Sevens)
Agrotait: mucks hand
megabaitt collected $17.64 from pot
*** SUMMARY ***
Total pot $18 | Rake $0.36
Board [Qc Ah 7s Td 6s]
Seat 1: megabaitt (big blind) showed [7d 9h] and won ($17.64) with a pair of Sevens
Seat 4: Agrotait (button) (small blind) mucked


PokerStars Hand #148940562377:  Hold'em Limit ($3/$6 USD) - 2016/02/17 2:09:35 ET
Table 'Fiducia II' 6-max Seat #1 is the button
Seat 1: megabaitt ($118.64 in chips)
Seat 4: Agrotait ($72.76 in chips)
megabaitt: posts small blind $1
Agrotait: posts big blind $3
*** HOLE CARDS ***
megabaitt: calls $2
Agrotait: raises $3 to $6
megabaitt: calls $3
*** FLOP *** [9s 5c 4h]
Agrotait: bets $3
megabaitt: calls $3
*** TURN *** [9s 5c 4h] [4d]
Agrotait: bets $6
megabaitt: raises $6 to $12
Agrotait: folds
Uncalled bet ($6) returned to megabaitt
megabaitt collected $29.50 from pot
megabaitt: doesn't show hand
*** SUMMARY ***
Total pot $30 | Rake $0.50
Board [9s 5c 4h 4d]
Seat 1: megabaitt (button) (small blind) collected ($29.50)
Seat 4: Agrotait (big blind) folded on the Turn


PokerStars Hand #148940571724:  Hold'em Limit ($3/$6 USD) - 2016/02/17 2:10:05 ET
Table 'Fiducia II' 6-max Seat #4 is the button
Seat 1: megabaitt ($133.14 in chips)
Seat 4: Agrotait ($72 in chips)
Agrotait: posts small blind $1
megabaitt: posts big blind $3
*** HOLE CARDS ***
Agrotait: raises $3 to $6
megabaitt: calls $3
*** FLOP *** [7s Td Qc]
megabaitt: checks
Agrotait: bets $3
megabaitt: calls $3
*** TURN *** [7s Td Qc] [Th]
megabaitt: checks
Agrotait: checks
*** RIVER *** [7s Td Qc Th] [Ts]
megabaitt: bets $6
Agrotait: folds
Uncalled bet ($6) returned to megabaitt
megabaitt collected $17.64 from pot
megabaitt: doesn't show hand
*** SUMMARY ***
Total pot $18 | Rake $0.36
Board [7s Td Qc Th Ts]
Seat 1: megabaitt (big blind) collected ($17.64)
Seat 4: Agrotait (button) (small blind) folded on the River


PokerStars Hand #148940579621:  Hold'em Limit ($3/$6 USD) - 2016/02/17 2:10:30 ET
Table 'Fiducia II' 6-max Seat #4 is the button
Seat 1: megabaitt ($140.78 in chips)
Seat 4: Agrotait ($64 in chips)
Agrotait: posts small blind $1
megabaitt: posts big blind $3
*** HOLE CARDS ***
Agrotait: raises $3 to $6
megabaitt: folds
Uncalled bet ($3) returned to Agrotait
Agrotait collected $6 from pot
Agrotait: doesn't show hand
*** SUMMARY ***
Total pot $6 | Rake $0
Seat 1: megabaitt (big blind) folded before Flop
Seat 4: Agrotait (button) (small blind) collected ($6)


PokerStars Hand #148940577899:  Hold'em Limit ($3/$6 USD) - 2016/02/17 2:10:25 ET
Table 'Fiducia II' 6-max Seat #1 is the button
Seat 1: megabaitt ($141.78 in chips)
Seat 4: Agrotait ($63 in chips)
megabaitt: posts small blind $1
Agrotait: posts big blind $3
*** HOLE CARDS ***
megabaitt: folds
Uncalled bet ($2) returned to Agrotait
Agrotait collected $2 from pot
Agrotait: doesn't show hand
*** SUMMARY ***
Total pot $2 | Rake $0
Seat 1: megabaitt (button) (small blind) folded before Flop
Seat 4: Agrotait (big blind) collected ($2)


PokerStars Hand #148940581793:  Hold'em Limit ($3/$6 USD) - 2016/02/17 2:10:37 ET
Table 'Fiducia II' 6-max Seat #1 is the button
Seat 1: megabaitt ($137.78 in chips)
Seat 4: Agrotait ($67 in chips)
megabaitt: posts small blind $1
Agrotait: posts big blind $3
*** HOLE CARDS ***
megabaitt: folds
Uncalled bet ($2) returned to Agrotait
Agrotait collected $2 from pot
Agrotait: doesn't show hand
*** SUMMARY ***
Total pot $2 | Rake $0
Seat 1: megabaitt (button) (small blind) folded before Flop
Seat 4: Agrotait (big blind) collected ($2)


PokerStars Hand #148940607513:  Hold'em Limit ($3/$6 USD) - 2016/02/17 2:11:59 ET
Table 'Fiducia II' 6-max Seat #4 is the button
Seat 1: megabaitt ($186.28 in chips)
Seat 4: Agrotait ($78.88 in chips)
Agrotait: posts small blind $1
megabaitt: posts big blind $3
*** HOLE CARDS ***
Agrotait: raises $3 to $6
megabaitt: folds
Uncalled bet ($3) returned to Agrotait
Agrotait collected $6 from pot
Agrotait: doesn't show hand
*** SUMMARY ***
Total pot $6 | Rake $0
Seat 1: megabaitt (big blind) folded before Flop
Seat 4: Agrotait (button) (small blind) collected ($6)


PokerStars Hand #148940603618:  Hold'em Limit ($3/$6 USD) - 2016/02/17 2:11:47 ET
Table 'Fiducia II' 6-max Seat #1 is the button
Seat 1: megabaitt ($189.28 in chips)
Seat 4: Agrotait ($76 in chips)
megabaitt: posts small blind $1
Agrotait: posts big blind $3
*** HOLE CARDS ***
megabaitt: calls $2
Agrotait: checks
*** FLOP *** [Qh Kc 7d]
Agrotait: bets $3
megabaitt: folds
Uncalled bet ($3) returned to Agrotait
Agrotait collected $5.88 from pot
Agrotait: doesn't show hand
*** SUMMARY ***
Total pot $6 | Rake $0.12
Board [Qh Kc 7d]
Seat 1: megabaitt (button) (small blind) folded on the Flop
Seat 4: Agrotait (big blind) collected ($5.88)


PokerStars Hand #148940583431:  Hold'em Limit ($3/$6 USD) - 2016/02/17 2:10:42 ET
Table 'Fiducia II' 6-max Seat #4 is the button
Seat 1: megabaitt ($136.78 in chips)
Seat 4: Agrotait ($68 in chips)
Agrotait: posts small blind $1
megabaitt: posts big blind $3
*** HOLE CARDS ***
Agrotait: raises $3 to $6
megabaitt: calls $3
*** FLOP *** [Kc Jc Qd]
megabaitt: checks
Agrotait: bets $3
megabaitt: calls $3
*** TURN *** [Kc Jc Qd] [Jd]
megabaitt: checks
Agrotait: bets $6
megabaitt: raises $6 to $12
Agrotait: raises $6 to $18
megabaitt: raises $6 to $24
Betting is capped
Agrotait: calls $6
*** RIVER *** [Kc Jc Qd Jd] [6h]
megabaitt: bets $6
Agrotait: raises $6 to $12
megabaitt: raises $6 to $18
Agrotait: raises $6 to $24
Betting is capped
megabaitt: calls $6
*** SHOW DOWN ***
Agrotait: shows [Qh Qc] (a full house, Queens full of Jacks)
megabaitt: shows [Kd Kh] (a full house, Kings full of Jacks)
megabaitt collected $113.50 from pot
*** SUMMARY ***
Total pot $114 | Rake $0.50
Board [Kc Jc Qd Jd 6h]
Seat 1: megabaitt (big blind) showed [Kd Kh] and won ($113.50) with a full house, Kings full of Jacks
Seat 4: Agrotait (button) (small blind) showed [Qh Qc] and lost with a full house, Queens full of Jacks


PokerStars Hand #148940598479:  Hold'em Limit ($3/$6 USD) - 2016/02/17 2:11:30 ET
Table 'Fiducia II' 6-max Seat #4 is the button
Seat 1: megabaitt ($192.28 in chips)
Seat 4: Agrotait ($73 in chips)
Agrotait: posts small blind $1
megabaitt: posts big blind $3
*** HOLE CARDS ***
Agrotait: raises $3 to $6
megabaitt: folds
Uncalled bet ($3) returned to Agrotait
Agrotait collected $6 from pot
Agrotait: doesn't show hand
*** SUMMARY ***
Total pot $6 | Rake $0
Seat 1: megabaitt (big blind) folded before Flop
Seat 4: Agrotait (button) (small blind) collected ($6)


PokerStars Hand #148940621466:  Hold'em Limit ($3/$6 USD) - 2016/02/17 2:12:44 ET
Table 'Fiducia II' 6-max Seat #1 is the button
Seat 1: megabaitt ($162.28 in chips)
Seat 4: Agrotait ($102.14 in chips)
megabaitt: posts small blind $1
Agrotait: posts big blind $3
*** HOLE CARDS ***
megabaitt: calls $2
Agrotait: checks
*** FLOP *** [As Jc 2s]
Agrotait: checks
megabaitt: bets $3
Agrotait: calls $3
*** TURN *** [As Jc 2s] [2c]
Agrotait: checks
megabaitt: checks
*** RIVER *** [As Jc 2s 2c] [7h]
Agrotait: bets $6
megabaitt: calls $6
*** SHOW DOWN ***
Agrotait: shows [4h Js] (two pair, Jacks and Deuces)
megabaitt: mucks hand
Agrotait collected $23.52 from pot
*** SUMMARY ***
Total pot $24 | Rake $0.48
Board [As Jc 2s 2c 7h]
Seat 1: megabaitt (button) (small blind) mucked
Seat 4: Agrotait (big blind) showed [4h Js] and won ($23.52) with two pair, Jacks and Deuces


PokerStars Hand #148940609754:  Hold'em Limit ($3/$6 USD) - 2016/02/17 2:12:06 ET
Table 'Fiducia II' 6-max Seat #1 is the button
Seat 1: megabaitt ($183.28 in chips)
Seat 4: Agrotait ($81.88 in chips)
megabaitt: posts small blind $1
Agrotait: posts big blind $3
*** HOLE CARDS ***
megabaitt: calls $2
Agrotait: raises $3 to $6
megabaitt: calls $3
*** FLOP *** [Qh Qd Ks]
Agrotait: bets $3
megabaitt: folds
Uncalled bet ($3) returned to Agrotait
Agrotait collected $11.76 from pot
Agrotait: doesn't show hand
*** SUMMARY ***
Total pot $12 | Rake $0.24
Board [Qh Qd Ks]
Seat 1: megabaitt (button) (small blind) folded on the Flop
Seat 4: Agrotait (big blind) collected ($11.76)


PokerStars Hand #148940627937:  Hold'em Limit ($3/$6 USD) - 2016/02/17 2:13:04 ET
Table 'Fiducia II' 6-max Seat #4 is the button
Seat 1: megabaitt ($150.28 in chips)
Seat 4: Agrotait ($113.66 in chips)
Agrotait: posts small blind $1
megabaitt: posts big blind $3
*** HOLE CARDS ***
Agrotait: raises $3 to $6
megabaitt: folds
Uncalled bet ($3) returned to Agrotait
Agrotait collected $6 from pot
Agrotait: doesn't show hand
*** SUMMARY ***
Total pot $6 | Rake $0
Seat 1: megabaitt (big blind) folded before Flop
Seat 4: Agrotait (button) (small blind) collected ($6)


PokerStars Hand #148940630351:  Hold'em Limit ($3/$6 USD) - 2016/02/17 2:13:12 ET
Table 'Fiducia II' 6-max Seat #1 is the button
Seat 1: megabaitt ($147.28 in chips)
Seat 4: Agrotait ($116.66 in chips)
megabaitt: posts small blind $1
Agrotait: posts big blind $3
*** HOLE CARDS ***
megabaitt: folds
Uncalled bet ($2) returned to Agrotait
megabaitt leaves the table
Agrotait collected $2 from pot
Agrotait: doesn't show hand
*** SUMMARY ***
Total pot $2 | Rake $0
Seat 1: megabaitt (button) (small blind) folded before Flop
Seat 4: Agrotait (big blind) collected ($2)


