PokerStars Hand #149450956306:  Hold'em Limit ($3/$6 USD) - 2016/02/26 12:59:02 ET
Table 'Field' 6-max Seat #3 is the button
Seat 3: Kosova1968 ($126.01 in chips)
Seat 4: TbIP-TbIP 88 ($72 in chips)
Kosova1968: posts small blind $1
TbIP-TbIP 88: posts big blind $3
*** HOLE CARDS ***
Kosova1968: raises $3 to $6
TbIP-TbIP 88: raises $3 to $9
Kosova1968: calls $3
*** FLOP *** [3h Qc 4h]
TbIP-TbIP 88: bets $3
Kosova1968: calls $3
*** TURN *** [3h Qc 4h] [Qh]
TbIP-TbIP 88: checks
Kosova1968: checks
*** RIVER *** [3h Qc 4h Qh] [8s]
TbIP-TbIP 88: checks
Kosova1968: checks
*** SHOW DOWN ***
TbIP-TbIP 88: shows [Ah Ts] (a pair of Queens)
Kosova1968: shows [Jc Ks] (a pair of Queens - lower kicker)
TbIP-TbIP 88 collected $23.52 from pot
*** SUMMARY ***
Total pot $24 | Rake $0.48
Board [3h Qc 4h Qh 8s]
Seat 3: Kosova1968 (button) (small blind) showed [Jc Ks] and lost with a pair of Queens
Seat 4: TbIP-TbIP 88 (big blind) showed [Ah Ts] and won ($23.52) with a pair of Queens


PokerStars Hand #149450930474:  Hold'em Limit ($3/$6 USD) - 2016/02/26 12:58:25 ET
Table 'Field' 6-max Seat #4 is the button
Seat 3: Kosova1968 ($105.51 in chips)
Seat 4: TbIP-TbIP 88 ($73 in chips)
TbIP-TbIP 88: posts small blind $1
Kosova1968: posts big blind $3
*** HOLE CARDS ***
TbIP-TbIP 88: raises $3 to $6
Kosova1968: calls $3
*** FLOP *** [8s 7c 4s]
krytalex joins the table at seat #5
Kosova1968: checks
TbIP-TbIP 88: bets $3
Kosova1968: calls $3
*** TURN *** [8s 7c 4s] [5d]
Kosova1968: bets $6
TbIP-TbIP 88: calls $6
*** RIVER *** [8s 7c 4s 5d] [8c]
Kosova1968: bets $6
TbIP-TbIP 88: calls $6
*** SHOW DOWN ***
Kosova1968: shows [7s 6d] (a straight, Four to Eight)
TbIP-TbIP 88: mucks hand
Kosova1968 collected $41.50 from pot
*** SUMMARY ***
Total pot $42 | Rake $0.50
Board [8s 7c 4s 5d 8c]
Seat 3: Kosova1968 (big blind) showed [7s 6d] and won ($41.50) with a straight, Four to Eight
Seat 4: TbIP-TbIP 88 (button) (small blind) mucked


PokerStars Hand #149453508669:  Hold'em Limit ($3/$6 USD) - 2016/02/26 13:46:29 ET
Table 'Field' 6-max Seat #1 is the button
Seat 1: Günni1959 ($61.46 in chips)
Seat 5: krytalex ($72 in chips)
Günni1959: posts small blind $1
ValeryRon leaves the table
krytalex: posts big blind $3
*** HOLE CARDS ***
Günni1959: calls $2
Niaong joins the table at seat #2
ZinZar joins the table at seat #4
krytalex: checks
*** FLOP *** [Jh 6h 3h]
krytalex: checks
Niaong leaves the table
Günni1959: checks
*** TURN *** [Jh 6h 3h] [Kd]
krytalex: checks
Nirelle joins the table at seat #6
Günni1959: bets $6
krytalex: calls $6
*** RIVER *** [Jh 6h 3h Kd] [2c]
krytalex: checks
Günni1959: bets $6
krytalex: folds
Uncalled bet ($6) returned to Günni1959
Günni1959 collected $17.64 from pot
Günni1959: doesn't show hand
*** SUMMARY ***
Total pot $18 | Rake $0.36
Board [Jh 6h 3h Kd 2c]
Seat 1: Günni1959 (button) (small blind) collected ($17.64)
Seat 5: krytalex (big blind) folded on the River


