PokerStars Hand #155690472690:  Hold'em Limit ($3/$6 USD) - 2016/07/07 17:54:21 ET
Table 'Field' 6-max Seat #2 is the button
Seat 2: TinaTurner72 ($120 in chips)
Seat 3: No.9 ($120 in chips)
TinaTurner72: posts small blind $1
No.9: posts big blind $3
*** HOLE CARDS ***
TinaTurner72: raises $3 to $6
Pokali joins the table at seat #4
No.9: calls $3
*** FLOP *** [Jh 3s 6h]
No.9: checks
TinaTurner72: bets $3
No.9: folds
Uncalled bet ($3) returned to TinaTurner72
TinaTurner72 collected $11.76 from pot
TinaTurner72: doesn't show hand
*** SUMMARY ***
Total pot $12 | Rake $0.24
Board [Jh 3s 6h]
Seat 2: TinaTurner72 (button) (small blind) collected ($11.76)
Seat 3: No.9 (big blind) folded on the Flop


PokerStars Hand #155690784359:  Hold'em Limit ($3/$6 USD) - 2016/07/07 18:02:59 ET
Table 'Field' 6-max Seat #4 is the button
Seat 3: jacmar01 ($95.97 in chips)
Seat 4: Great_Kang ($122.88 in chips)
Great_Kang: posts small blind $1
jacmar01: posts big blind $3
*** HOLE CARDS ***
Great_Kang: folds
Uncalled bet ($2) returned to jacmar01
jacmar01 collected $2 from pot
jacmar01: doesn't show hand
*** SUMMARY ***
Total pot $2 | Rake $0
Seat 3: jacmar01 (big blind) collected ($2)
Seat 4: Great_Kang (button) (small blind) folded before Flop


PokerStars Hand #155690759786:  Hold'em Limit ($3/$6 USD) - 2016/07/07 18:02:22 ET
Table 'Field' 6-max Seat #3 is the button
Seat 3: jacmar01 ($98.97 in chips)
Seat 4: Great_Kang ($120 in chips)
jacmar01: posts small blind $1
Great_Kang: posts big blind $3
*** HOLE CARDS ***
jacmar01: calls $2
Great_Kang: checks
*** FLOP *** [6d Js Ah]
Great_Kang: bets $3
jacmar01: folds
Uncalled bet ($3) returned to Great_Kang
Great_Kang collected $5.88 from pot
Great_Kang: doesn't show hand
*** SUMMARY ***
Total pot $6 | Rake $0.12
Board [6d Js Ah]
Seat 3: jacmar01 (button) (small blind) folded on the Flop
Seat 4: Great_Kang (big blind) collected ($5.88)


PokerStars Hand #155690808820:  Hold'em Limit ($3/$6 USD) - 2016/07/07 18:03:36 ET
Table 'Field' 6-max Seat #3 is the button
Seat 3: jacmar01 ($101.73 in chips)
Seat 4: Great_Kang ($120 in chips)
jacmar01: posts small blind $1
Great_Kang: posts big blind $3
*** HOLE CARDS ***
jacmar01: raises $3 to $6
Great_Kang: calls $3
*** FLOP *** [7h 7s 9d]
Great_Kang: checks
jacmar01: bets $3
Masqb joins the table at seat #6
Great_Kang: folds
Uncalled bet ($3) returned to jacmar01
jacmar01 collected $11.76 from pot
jacmar01: doesn't show hand
*** SUMMARY ***
Total pot $12 | Rake $0.24
Board [7h 7s 9d]
Seat 3: jacmar01 (button) (small blind) collected ($11.76)
Seat 4: Great_Kang (big blind) folded on the Flop


PokerStars Hand #155690791933:  Hold'em Limit ($3/$6 USD) - 2016/07/07 18:03:10 ET
Table 'Field' 6-max Seat #4 is the button
Seat 3: jacmar01 ($95.97 in chips)
Seat 4: Great_Kang ($122.88 in chips)
Great_Kang: posts small blind $1
jacmar01: posts big blind $3
*** HOLE CARDS ***
Great_Kang: raises $3 to $6
jacmar01: calls $3
*** FLOP *** [8s 7s Th]
jestanie joins the table at seat #5
jacmar01: bets $3
Great_Kang: folds
Uncalled bet ($3) returned to jacmar01
jacmar01 collected $11.76 from pot
jacmar01: doesn't show hand
*** SUMMARY ***
Total pot $12 | Rake $0.24
Board [8s 7s Th]
Seat 3: jacmar01 (big blind) collected ($11.76)
Seat 4: Great_Kang (button) (small blind) folded on the Flop


PokerStars Hand #155690787801:  Hold'em Limit ($3/$6 USD) - 2016/07/07 18:03:04 ET
Table 'Field' 6-max Seat #3 is the button
Seat 3: jacmar01 ($96.97 in chips)
Seat 4: Great_Kang ($121.88 in chips)
jacmar01: posts small blind $1
Great_Kang: posts big blind $3
*** HOLE CARDS ***
jacmar01: folds
Uncalled bet ($2) returned to Great_Kang
Great_Kang collected $2 from pot
Great_Kang: doesn't show hand
*** SUMMARY ***
Total pot $2 | Rake $0
Seat 3: jacmar01 (button) (small blind) folded before Flop
Seat 4: Great_Kang (big blind) collected ($2)


