PokerStars Hand #144303212002:  Hold'em Limit ($3/$6 USD) - 2015/11/24 5:30:34 ET
Table 'Field' 10-max Seat #6 is the button
Seat 5: pokerjunk035 ($114 in chips)
Seat 6: MTails ($139.30 in chips)
MTails: posts small blind $1
pokerjunk035: posts big blind $3
*** HOLE CARDS ***
MTails: raises $3 to $6
pokerjunk035: calls $3
*** FLOP *** [3s Js 8s]
pokerjunk035: checks
MTails: bets $3
pokerjunk035: raises $3 to $6
MTails: calls $3
*** TURN *** [3s Js 8s] [5d]
pokerjunk035: bets $6
MTails: raises $6 to $12
pokerjunk035: calls $6
*** RIVER *** [3s Js 8s 5d] [6c]
pokerjunk035: checks
MTails: bets $6
pokerjunk035: calls $6
*** SHOW DOWN ***
MTails: shows [8c 6h] (two pair, Eights and Sixes)
pokerjunk035: mucks hand
MTails collected $59.50 from pot
*** SUMMARY ***
Total pot $60 | Rake $0.50
Board [3s Js 8s 5d 6c]
Seat 5: pokerjunk035 (big blind) mucked
Seat 6: MTails (button) (small blind) showed [8c 6h] and won ($59.50) with two pair, Eights and Sixes


PokerStars Hand #144303219946:  Hold'em Limit ($3/$6 USD) - 2015/11/24 5:30:53 ET
Table 'Field' 10-max Seat #5 is the button
Seat 5: pokerjunk035 ($84 in chips)
Seat 6: MTails ($168.80 in chips)
pokerjunk035: posts small blind $1
MTails: posts big blind $3
*** HOLE CARDS ***
pokerjunk035: raises $3 to $6
MTails: calls $3
*** FLOP *** [9s Jc 3h]
MTails: checks
pokerjunk035: checks
*** TURN *** [9s Jc 3h] [5d]
MTails: bets $6
pokerjunk035: calls $6
*** RIVER *** [9s Jc 3h 5d] [7c]
MTails: bets $6
pokerjunk035: raises $6 to $12
MTails: calls $6
*** SHOW DOWN ***
pokerjunk035: shows [6s 4s] (a straight, Three to Seven)
MTails: mucks hand
pokerjunk035 collected $47.50 from pot
*** SUMMARY ***
Total pot $48 | Rake $0.50
Board [9s Jc 3h 5d 7c]
Seat 5: pokerjunk035 (button) (small blind) showed [6s 4s] and won ($47.50) with a straight, Three to Seven
Seat 6: MTails (big blind) mucked


PokerStars Hand #144303227561:  Hold'em Limit ($3/$6 USD) - 2015/11/24 5:31:11 ET
Table 'Field' 10-max Seat #6 is the button
Seat 5: pokerjunk035 ($107.50 in chips)
Seat 6: MTails ($144.80 in chips)
MTails: posts small blind $1
pokerjunk035: posts big blind $3
*** HOLE CARDS ***
MTails: raises $3 to $6
pokerjunk035: calls $3
*** FLOP *** [5d Ad 8d]
pokerjunk035: checks
MTails: bets $3
pokerjunk035: folds
Uncalled bet ($3) returned to MTails
MTails collected $11.76 from pot
*** SUMMARY ***
Total pot $12 | Rake $0.24
Board [5d Ad 8d]
Seat 5: pokerjunk035 (big blind) folded on the Flop
Seat 6: MTails (button) (small blind) collected ($11.76)


PokerStars Hand #144303239774:  Hold'em Limit ($3/$6 USD) - 2015/11/24 5:31:41 ET
Table 'Field' 10-max Seat #6 is the button
Seat 5: pokerjunk035 ($80.50 in chips)
Seat 6: MTails ($171.06 in chips)
MTails: posts small blind $1
pokerjunk035: posts big blind $3
*** HOLE CARDS ***
MTails: raises $3 to $6
pokerjunk035: folds
Uncalled bet ($3) returned to MTails
MTails collected $6 from pot
*** SUMMARY ***
Total pot $6 | Rake $0
Seat 5: pokerjunk035 (big blind) folded before Flop
Seat 6: MTails (button) (small blind) collected ($6)


PokerStars Hand #144303241863:  Hold'em Limit ($3/$6 USD) - 2015/11/24 5:31:46 ET
Table 'Field' 10-max Seat #5 is the button
Seat 5: pokerjunk035 ($77.50 in chips)
Seat 6: MTails ($174.06 in chips)
pokerjunk035: posts small blind $1
MTails: posts big blind $3
*** HOLE CARDS ***
pokerjunk035: raises $3 to $6
MTails: calls $3
*** FLOP *** [Td Qd 6d]
MTails: checks
pokerjunk035: bets $3
MTails: raises $3 to $6
pokerjunk035: calls $3
*** TURN *** [Td Qd 6d] [2h]
MTails: bets $6
pokerjunk035: calls $6
*** RIVER *** [Td Qd 6d 2h] [Jd]
MTails: checks
pokerjunk035: checks
*** SHOW DOWN ***
MTails: shows [9s Kd] (a flush, King high)
pokerjunk035: mucks hand
MTails collected $35.50 from pot
*** SUMMARY ***
Total pot $36 | Rake $0.50
Board [Td Qd 6d 2h Jd]
Seat 5: pokerjunk035 (button) (small blind) mucked
Seat 6: MTails (big blind) showed [9s Kd] and won ($35.50) with a flush, King high


PokerStars Hand #144303249050:  Hold'em Limit ($3/$6 USD) - 2015/11/24 5:32:03 ET
Table 'Field' 10-max Seat #6 is the button
Seat 5: pokerjunk035 ($59.50 in chips)
Seat 6: MTails ($191.56 in chips)
MTails: posts small blind $1
pokerjunk035: posts big blind $3
*** HOLE CARDS ***
MTails: raises $3 to $6
pokerjunk035: folds
Uncalled bet ($3) returned to MTails
MTails collected $6 from pot
MTails: doesn't show hand
*** SUMMARY ***
Total pot $6 | Rake $0
Seat 5: pokerjunk035 (big blind) folded before Flop
Seat 6: MTails (button) (small blind) collected ($6)


PokerStars Hand #144303251923:  Hold'em Limit ($3/$6 USD) - 2015/11/24 5:32:10 ET
Table 'Field' 10-max Seat #5 is the button
Seat 5: pokerjunk035 ($56.50 in chips)
Seat 6: MTails ($194.56 in chips)
pokerjunk035: posts small blind $1
MTails: posts big blind $3
*** HOLE CARDS ***
pokerjunk035: raises $3 to $6
MTails: raises $3 to $9
pokerjunk035: calls $3
*** FLOP *** [9c 5c Th]
MTails: bets $3
pokerjunk035: raises $3 to $6
MTails: calls $3
*** TURN *** [9c 5c Th] [7s]
MTails: checks
pokerjunk035: bets $6
MTails: raises $6 to $12
pokerjunk035: calls $6
*** RIVER *** [9c 5c Th 7s] [Ad]
MTails: bets $6
pokerjunk035: calls $6
*** SHOW DOWN ***
MTails: shows [7d 7h] (three of a kind, Sevens)
pokerjunk035: mucks hand
MTails collected $65.50 from pot
*** SUMMARY ***
Total pot $66 | Rake $0.50
Board [9c 5c Th 7s Ad]
Seat 5: pokerjunk035 (button) (small blind) mucked
Seat 6: MTails (big blind) showed [7d 7h] and won ($65.50) with three of a kind, Sevens


PokerStars Hand #144303233595:  Hold'em Limit ($3/$6 USD) - 2015/11/24 5:31:26 ET
Table 'Field' 10-max Seat #5 is the button
Seat 5: pokerjunk035 ($101.50 in chips)
Seat 6: MTails ($150.56 in chips)
pokerjunk035: posts small blind $1
MTails: posts big blind $3
*** HOLE CARDS ***
pokerjunk035: raises $3 to $6
MTails: calls $3
*** FLOP *** [2s 2h 9h]
MTails: checks
pokerjunk035: bets $3
MTails: calls $3
*** TURN *** [2s 2h 9h] [7s]
MTails: checks
pokerjunk035: bets $6
MTails: calls $6
*** RIVER *** [2s 2h 9h 7s] [Ad]
MTails: checks
pokerjunk035: bets $6
MTails: calls $6
*** SHOW DOWN ***
pokerjunk035: shows [5s Ts] (a pair of Deuces)
MTails: shows [Qd Jc] (a pair of Deuces - Ace+Queen kicker)
MTails collected $41.50 from pot
*** SUMMARY ***
Total pot $42 | Rake $0.50
Board [2s 2h 9h 7s Ad]
Seat 5: pokerjunk035 (button) (small blind) showed [5s Ts] and lost with a pair of Deuces
Seat 6: MTails (big blind) showed [Qd Jc] and won ($41.50) with a pair of Deuces


PokerStars Hand #144303259070:  Hold'em Limit ($3/$6 USD) - 2015/11/24 5:32:27 ET
Table 'Field' 10-max Seat #6 is the button
Seat 5: pokerjunk035 ($23.50 in chips)
Seat 6: MTails ($227.06 in chips)
MTails: posts small blind $1
pokerjunk035: posts big blind $3
*** HOLE CARDS ***
MTails: raises $3 to $6
pokerjunk035: folds
Uncalled bet ($3) returned to MTails
pokerjunk035 leaves the table
MTails collected $6 from pot
MTails: doesn't show hand
*** SUMMARY ***
Total pot $6 | Rake $0
Seat 5: pokerjunk035 (big blind) folded before Flop
Seat 6: MTails (button) (small blind) collected ($6)


