PokerStars Hand #168625109382:  Hold'em Limit ($3/$6 USD) - 2017/04/05 15:48:36 ET
Table 'Field' 6-max Seat #3 is the button
Seat 3: sokol-max-PS ($62.43 in chips)
Seat 4: MTails ($150.46 in chips)
sokol-max-PS: posts small blind $1
MTails: posts big blind $3
*** HOLE CARDS ***
sokol-max-PS: raises $3 to $6
MTails: calls $3
*** FLOP *** [6d 2h Jc]
MTails: checks
sokol-max-PS: bets $3
MTails: calls $3
*** TURN *** [6d 2h Jc] [4h]
MTails: checks
sokol-max-PS: bets $6
MTails: raises $6 to $12
sokol-max-PS: calls $6
*** RIVER *** [6d 2h Jc 4h] [5h]
MTails: bets $6
sokol-max-PS: calls $6
*** SHOW DOWN ***
MTails: shows [6h 9h] (a flush, Nine high)
sokol-max-PS: mucks hand
MTails collected $53.50 from pot
*** SUMMARY ***
Total pot $54 | Rake $0.50
Board [6d 2h Jc 4h 5h]
Seat 3: sokol-max-PS (button) (small blind) mucked
Seat 4: MTails (big blind) showed [6h 9h] and won ($53.50) with a flush, Nine high


PokerStars Hand #168625088632:  Hold'em Limit ($3/$6 USD) - 2017/04/05 15:48:12 ET
Table 'Field' 6-max Seat #4 is the button
Seat 3: sokol-max-PS ($32.93 in chips)
Seat 4: MTails ($180.46 in chips)
MTails: posts small blind $1
perten: is sitting out
sokol-max-PS: posts big blind $3
*** HOLE CARDS ***
MTails: raises $3 to $6
sokol-max-PS: raises $3 to $9
MTails: calls $3
*** FLOP *** [4d 3s Qs]
perten leaves the table
sokol-max-PS: bets $3
MTails: calls $3
*** TURN *** [4d 3s Qs] [Th]
sokol-max-PS: bets $6
MTails: raises $6 to $12
surfguy4 joins the table at seat #2
sokol-max-PS: calls $6
*** RIVER *** [4d 3s Qs Th] [Kc]
sokol-max-PS: bets $6
MTails: calls $6
*** SHOW DOWN ***
sokol-max-PS: shows [Ks 5s] (a pair of Kings)
MTails: mucks hand
sokol-max-PS collected $59.50 from pot
*** SUMMARY ***
Total pot $60 | Rake $0.50
Board [4d 3s Qs Th Kc]
Seat 3: sokol-max-PS (big blind) showed [Ks 5s] and won ($59.50) with a pair of Kings
Seat 4: MTails (button) (small blind) mucked


PokerStars Hand #168625281078:  Hold'em Limit ($3/$6 USD) - 2017/04/05 15:51:48 ET
Table 'Field' 6-max Seat #3 is the button
Seat 3: sokol-max-PS ($104.49 in chips)
Seat 4: MTails ($143.10 in chips)
sokol-max-PS: posts small blind $1
MTails: posts big blind $3
*** HOLE CARDS ***
sokol-max-PS: folds
Uncalled bet ($2) returned to MTails
MTails collected $2 from pot
*** SUMMARY ***
Total pot $2 | Rake $0
Seat 3: sokol-max-PS (button) (small blind) folded before Flop
Seat 4: MTails (big blind) collected ($2)


PokerStars Hand #168625266901:  Hold'em Limit ($3/$6 USD) - 2017/04/05 15:51:32 ET
Table 'Field' 6-max Seat #4 is the button
Seat 3: sokol-max-PS ($110.49 in chips)
Seat 4: MTails ($137.34 in chips)
MTails: posts small blind $1
sokol-max-PS: posts big blind $3
*** HOLE CARDS ***
MTails: raises $3 to $6
sokol-max-PS: calls $3
*** FLOP *** [5c Qs Kh]
sokol-max-PS: checks
MTails: bets $3
sokol-max-PS: folds
Uncalled bet ($3) returned to MTails
MTails collected $11.76 from pot
*** SUMMARY ***
Total pot $12 | Rake $0.24
Board [5c Qs Kh]
Seat 3: sokol-max-PS (big blind) folded on the Flop
Seat 4: MTails (button) (small blind) collected ($11.76)


PokerStars Hand #168625312949:  Hold'em Limit ($3/$6 USD) - 2017/04/05 15:52:24 ET
Table 'Field' 6-max Seat #3 is the button
Seat 3: sokol-max-PS ($117.99 in chips)
Seat 4: MTails ($129.10 in chips)
sokol-max-PS: posts small blind $1
MTails: posts big blind $3
*** HOLE CARDS ***
sokol-max-PS: raises $3 to $6
MTails: raises $3 to $9
sokol-max-PS: raises $3 to $12
Betting is capped
MTails: calls $3
*** FLOP *** [2c 8c Tc]
MTails: checks
sokol-max-PS: bets $3
MTails: raises $3 to $6
storpecka joins the table at seat #2
sokol-max-PS: raises $3 to $9
MTails: calls $3
*** TURN *** [2c 8c Tc] [Qd]
MTails: checks
sokol-max-PS: bets $6
MTails: calls $6
*** RIVER *** [2c 8c Tc Qd] [4s]
MTails: checks
sokol-max-PS: bets $6
MTails: calls $6
*** SHOW DOWN ***
sokol-max-PS: shows [Ts Td] (three of a kind, Tens)
MTails: mucks hand
sokol-max-PS collected $65.50 from pot
*** SUMMARY ***
Total pot $66 | Rake $0.50
Board [2c 8c Tc Qd 4s]
Seat 3: sokol-max-PS (button) (small blind) showed [Ts Td] and won ($65.50) with three of a kind, Tens
Seat 4: MTails (big blind) mucked


PokerStars Hand #168625285602:  Hold'em Limit ($3/$6 USD) - 2017/04/05 15:51:53 ET
Table 'Field' 6-max Seat #4 is the button
Seat 3: sokol-max-PS ($103.49 in chips)
Seat 4: MTails ($144.10 in chips)
MTails: posts small blind $1
sokol-max-PS: posts big blind $3
*** HOLE CARDS ***
MTails: raises $3 to $6
sokol-max-PS: calls $3
*** FLOP *** [9s 3c 7s]
sokol-max-PS: checks
MTails: bets $3
sokol-max-PS: calls $3
*** TURN *** [9s 3c 7s] [Ad]
sokol-max-PS: checks
MTails: bets $6
sokol-max-PS: calls $6
*** RIVER *** [9s 3c 7s Ad] [6h]
sokol-max-PS: checks
MTails: checks
*** SHOW DOWN ***
sokol-max-PS: shows [2d Ah] (a pair of Aces)
MTails: mucks hand
sokol-max-PS collected $29.50 from pot
*** SUMMARY ***
Total pot $30 | Rake $0.50
Board [9s 3c 7s Ad 6h]
Seat 3: sokol-max-PS (big blind) showed [2d Ah] and won ($29.50) with a pair of Aces
Seat 4: MTails (button) (small blind) mucked


PokerStars Hand #168626643039:  Hold'em Limit ($3/$6 USD) - 2017/04/05 16:18:23 ET
Table 'Field' 6-max Seat #6 is the button
Seat 4: makimaki ($94.74 in chips)
Seat 6: Chessnok ($127.15 in chips)
Chessnok: posts small blind $1
Ingmar Ross: is sitting out
makimaki: posts big blind $3
*** HOLE CARDS ***
Chessnok: folds
Uncalled bet ($2) returned to makimaki
makimaki collected $2 from pot
makimaki: doesn't show hand
Ingmar Ross leaves the table
*** SUMMARY ***
Total pot $2 | Rake $0
Seat 4: makimaki (big blind) collected ($2)
Seat 6: Chessnok (button) (small blind) folded before Flop


PokerStars Hand #168626678572:  Hold'em Limit ($3/$6 USD) - 2017/04/05 16:19:03 ET
Table 'Field' 6-max Seat #6 is the button
Seat 5: dimi1972775 ($173.99 in chips)
Seat 6: Chessnok ($117.15 in chips)
Chessnok: posts small blind $1
makimaki: is sitting out
dimi1972775: posts big blind $3
*** HOLE CARDS ***
Chessnok: raises $3 to $6
dimi1972775: calls $3
*** FLOP *** [4h Tc 5s]
dimi1972775: checks
Chessnok: bets $3
dimi1972775: calls $3
*** TURN *** [4h Tc 5s] [2d]
dimi1972775: checks
Chessnok: bets $6
dimi1972775: calls $6
*** RIVER *** [4h Tc 5s 2d] [8h]
makimaki leaves the table
dimi1972775: checks
Chessnok: checks
*** SHOW DOWN ***
dimi1972775: shows [9s 7d] (high card Ten)
Chessnok: shows [Qs 4d] (a pair of Fours)
Chessnok collected $29.50 from pot
*** SUMMARY ***
Total pot $30 | Rake $0.50
Board [4h Tc 5s 2d 8h]
Seat 5: dimi1972775 (big blind) showed [9s 7d] and lost with high card Ten
Seat 6: Chessnok (button) (small blind) showed [Qs 4d] and won ($29.50) with a pair of Fours


PokerStars Hand #168626706757:  Hold'em Limit ($3/$6 USD) - 2017/04/05 16:19:35 ET
Table 'Field' 6-max Seat #6 is the button
Seat 5: dimi1972775 ($157.99 in chips)
Seat 6: Chessnok ($132.65 in chips)
Chessnok: posts small blind $1
dimi1972775: posts big blind $3
*** HOLE CARDS ***
Chessnok: folds
Uncalled bet ($2) returned to dimi1972775
dimi1972775 collected $2 from pot
B_loJkl leaves the table
dimi1972775: doesn't show hand
*** SUMMARY ***
Total pot $2 | Rake $0
Seat 5: dimi1972775 (big blind) collected ($2)
Seat 6: Chessnok (button) (small blind) folded before Flop


PokerStars Hand #168626701791:  Hold'em Limit ($3/$6 USD) - 2017/04/05 16:19:29 ET
Table 'Field' 6-max Seat #5 is the button
Seat 5: dimi1972775 ($158.99 in chips)
Seat 6: Chessnok ($131.65 in chips)
dimi1972775: posts small blind $1
Chessnok: posts big blind $3
*** HOLE CARDS ***
dimi1972775: folds
Uncalled bet ($2) returned to Chessnok
Chessnok collected $2 from pot
Chessnok: doesn't show hand
*** SUMMARY ***
Total pot $2 | Rake $0
Seat 5: dimi1972775 (button) (small blind) folded before Flop
Seat 6: Chessnok (big blind) collected ($2)


PokerStars Hand #168626710673:  Hold'em Limit ($3/$6 USD) - 2017/04/05 16:19:39 ET
Table 'Field' 6-max Seat #5 is the button
Seat 5: dimi1972775 ($158.99 in chips)
Seat 6: Chessnok ($131.65 in chips)
dimi1972775: posts small blind $1
Chessnok: posts big blind $3
*** HOLE CARDS ***
dimi1972775: raises $3 to $6
Chessnok: calls $3
*** FLOP *** [7h Ac 5c]
Chessnok: checks
dimi1972775: bets $3
Chessnok: calls $3
*** TURN *** [7h Ac 5c] [Ts]
Chessnok: checks
dimi1972775: bets $6
Chessnok: raises $6 to $12
dimi1972775: calls $6
*** RIVER *** [7h Ac 5c Ts] [Qc]
Chessnok: bets $6
dimi1972775: calls $6
*** SHOW DOWN ***
Chessnok: shows [Tc 5s] (two pair, Tens and Fives)
dimi1972775: mucks hand
Chessnok collected $53.50 from pot
*** SUMMARY ***
Total pot $54 | Rake $0.50
Board [7h Ac 5c Ts Qc]
Seat 5: dimi1972775 (button) (small blind) mucked
Seat 6: Chessnok (big blind) showed [Tc 5s] and won ($53.50) with two pair, Tens and Fives


PokerStars Hand #168626743812:  Hold'em Limit ($3/$6 USD) - 2017/04/05 16:20:16 ET
Table 'Field' 6-max Seat #5 is the button
Seat 5: dimi1972775 ($125.99 in chips)
Seat 6: Chessnok ($163.91 in chips)
dimi1972775: posts small blind $1
Chessnok: posts big blind $3
*** HOLE CARDS ***
dimi1972775: folds
Uncalled bet ($2) returned to Chessnok
Chessnok collected $2 from pot
Chessnok: doesn't show hand
*** SUMMARY ***
Total pot $2 | Rake $0
Seat 5: dimi1972775 (button) (small blind) folded before Flop
Seat 6: Chessnok (big blind) collected ($2)


PokerStars Hand #168626731931:  Hold'em Limit ($3/$6 USD) - 2017/04/05 16:20:03 ET
Table 'Field' 6-max Seat #6 is the button
Seat 5: dimi1972775 ($131.99 in chips)
Seat 6: Chessnok ($158.15 in chips)
Chessnok: posts small blind $1
dimi1972775: posts big blind $3
*** HOLE CARDS ***
Chessnok: raises $3 to $6
B_loJkl joins the table at seat #1
dimi1972775: calls $3
*** FLOP *** [Kc Kd 7h]
dimi1972775: checks
Chessnok: bets $3
dimi1972775: folds
Uncalled bet ($3) returned to Chessnok
Chessnok collected $11.76 from pot
Chessnok: doesn't show hand
*** SUMMARY ***
Total pot $12 | Rake $0.24
Board [Kc Kd 7h]
Seat 5: dimi1972775 (big blind) folded on the Flop
Seat 6: Chessnok (button) (small blind) collected ($11.76)


