PokerStars Hand #166311034040:  Hold'em Limit ($3/$6 USD) - 2017/02/16 15:40:20 ET
Table 'Figneria' 6-max Seat #4 is the button
Seat 4: MTails ($120 in chips)
Seat 5: tigras ($80 in chips)
MTails: posts small blind $1
tigras: posts big blind $3
*** HOLE CARDS ***
MTails: raises $3 to $6
tigras: raises $3 to $9
MTails: calls $3
*** FLOP *** [5d 2s 3s]
tigras: bets $3
MTails: calls $3
*** TURN *** [5d 2s 3s] [5c]
tigras: bets $6
MTails: calls $6
*** RIVER *** [5d 2s 3s 5c] [Qc]
tigras: bets $6
MTails: calls $6
*** SHOW DOWN ***
tigras: shows [Jh Ad] (a pair of Fives)
MTails: mucks hand
tigras collected $47.50 from pot
*** SUMMARY ***
Total pot $48 | Rake $0.50
Board [5d 2s 3s 5c Qc]
Seat 4: MTails (button) (small blind) mucked
Seat 5: tigras (big blind) showed [Jh Ad] and won ($47.50) with a pair of Fives


PokerStars Hand #166311055471:  Hold'em Limit ($3/$6 USD) - 2017/02/16 15:40:43 ET
Table 'Figneria' 6-max Seat #5 is the button
Seat 4: MTails ($96 in chips)
Seat 5: tigras ($103.50 in chips)
tigras: posts small blind $1
MTails: posts big blind $3
*** HOLE CARDS ***
tigras: calls $2
MTails: raises $3 to $6
tigras: calls $3
*** FLOP *** [5s 9d Td]
MTails: bets $3
tigras: calls $3
*** TURN *** [5s 9d Td] [5h]
MTails: bets $6
tigras: folds
Uncalled bet ($6) returned to MTails
MTails collected $17.64 from pot
*** SUMMARY ***
Total pot $18 | Rake $0.36
Board [5s 9d Td 5h]
Seat 4: MTails (big blind) collected ($17.64)
Seat 5: tigras (button) (small blind) folded on the Turn


PokerStars Hand #166311071394:  Hold'em Limit ($3/$6 USD) - 2017/02/16 15:41:00 ET
Table 'Figneria' 6-max Seat #4 is the button
Seat 4: MTails ($104.64 in chips)
Seat 5: tigras ($94.50 in chips)
MTails: posts small blind $1
tigras: posts big blind $3
*** HOLE CARDS ***
MTails: raises $3 to $6
tigras: calls $3
*** FLOP *** [3h 4s 3s]
tigras: checks
MTails: bets $3
tigras: calls $3
*** TURN *** [3h 4s 3s] [Kh]
tigras: checks
MTails: checks
*** RIVER *** [3h 4s 3s Kh] [Ks]
tigras: bets $6
MTails: raises $6 to $12
tigras: folds
Uncalled bet ($6) returned to MTails
MTails collected $29.50 from pot
*** SUMMARY ***
Total pot $30 | Rake $0.50
Board [3h 4s 3s Kh Ks]
Seat 4: MTails (button) (small blind) collected ($29.50)
Seat 5: tigras (big blind) folded on the River


PokerStars Hand #166311090981:  Hold'em Limit ($3/$6 USD) - 2017/02/16 15:41:21 ET
Table 'Figneria' 6-max Seat #5 is the button
Seat 4: MTails ($119.14 in chips)
Seat 5: tigras ($79.50 in chips)
tigras: posts small blind $1
MTails: posts big blind $3
*** HOLE CARDS ***
tigras: folds
Uncalled bet ($2) returned to MTails
MTails collected $2 from pot
MTails: doesn't show hand
*** SUMMARY ***
Total pot $2 | Rake $0
Seat 4: MTails (big blind) collected ($2)
Seat 5: tigras (button) (small blind) folded before Flop


PokerStars Hand #166311116816:  Hold'em Limit ($3/$6 USD) - 2017/02/16 15:41:49 ET
Table 'Figneria' 6-max Seat #5 is the button
Seat 4: MTails ($143.64 in chips)
Seat 5: tigras ($54.50 in chips)
tigras: posts small blind $1
MTails: posts big blind $3
*** HOLE CARDS ***
tigras: calls $2
MTails: raises $3 to $6
tigras: calls $3
*** FLOP *** [8h 9d 3d]
MTails: bets $3
tigras: calls $3
*** TURN *** [8h 9d 3d] [7h]
MTails: checks
tigras: checks
*** RIVER *** [8h 9d 3d 7h] [Ac]
MTails: checks
tigras: checks
*** SHOW DOWN ***
MTails: shows [Kc 4s] (high card Ace)
tigras: mucks hand
MTails collected $17.64 from pot
*** SUMMARY ***
Total pot $18 | Rake $0.36
Board [8h 9d 3d 7h Ac]
Seat 4: MTails (big blind) showed [Kc 4s] and won ($17.64) with high card Ace
Seat 5: tigras (button) (small blind) mucked


PokerStars Hand #166311095913:  Hold'em Limit ($3/$6 USD) - 2017/02/16 15:41:26 ET
Table 'Figneria' 6-max Seat #4 is the button
Seat 4: MTails ($120.14 in chips)
Seat 5: tigras ($78.50 in chips)
MTails: posts small blind $1
tigras: posts big blind $3
*** HOLE CARDS ***
MTails: raises $3 to $6
tigras: calls $3
*** FLOP *** [9d Qc Ks]
tigras: checks
MTails: bets $3
tigras: raises $3 to $6
MTails: calls $3
*** TURN *** [9d Qc Ks] [5c]
tigras: bets $6
MTails: raises $6 to $12
tigras: calls $6
*** RIVER *** [9d Qc Ks 5c] [Th]
tigras: checks
MTails: bets $6
tigras: folds
Uncalled bet ($6) returned to MTails
MTails collected $47.50 from pot
MTails: doesn't show hand
*** SUMMARY ***
Total pot $48 | Rake $0.50
Board [9d Qc Ks 5c Th]
Seat 4: MTails (button) (small blind) collected ($47.50)
Seat 5: tigras (big blind) folded on the River


PokerStars Hand #166311135200:  Hold'em Limit ($3/$6 USD) - 2017/02/16 15:42:09 ET
Table 'Figneria' 6-max Seat #4 is the button
Seat 4: MTails ($152.28 in chips)
Seat 5: tigras ($45.50 in chips)
MTails: posts small blind $1
tigras: posts big blind $3
*** HOLE CARDS ***
MTails: raises $3 to $6
tigras: raises $3 to $9
MTails: calls $3
*** FLOP *** [9h 6d Kc]
tigras: bets $3
MTails: calls $3
*** TURN *** [9h 6d Kc] [Th]
tigras: bets $6
MTails: raises $6 to $12
tigras: raises $6 to $18
MTails: raises $6 to $24
Betting is capped
tigras: calls $6
*** RIVER *** [9h 6d Kc Th] [3h]
tigras: bets $6
MTails: raises $6 to $12
tigras: calls $3.50 and is all-in
Uncalled bet ($2.50) returned to MTails
*** SHOW DOWN ***
MTails: shows [Td 9s] (two pair, Tens and Nines)
tigras: shows [Qs Qc] (a pair of Queens)
MTails collected $90.50 from pot
*** SUMMARY ***
Total pot $91 | Rake $0.50
Board [9h 6d Kc Th 3h]
Seat 4: MTails (button) (small blind) showed [Td 9s] and won ($90.50) with two pair, Tens and Nines
Seat 5: tigras (big blind) showed [Qs Qc] and lost with a pair of Queens


