PokerStars Hand #158724415401:  Hold'em Limit ($3/$6 USD) - 2016/09/17 12:01:24 ET
Table 'Figneria' 10-max Seat #2 is the button
Seat 1: SmellyToes4u ($213.09 in chips)
Seat 2: ExtraResistance ($174.42 in chips)
ExtraResistance: posts small blind $1
SmellyToes4u: posts big blind $3
*** HOLE CARDS ***
ExtraResistance: raises $3 to $6
SmellyToes4u: calls $3
*** FLOP *** [Qd 2h 8c]
SmellyToes4u: checks
ExtraResistance: bets $3
SmellyToes4u: calls $3
*** TURN *** [Qd 2h 8c] [5s]
SmellyToes4u: checks
ExtraResistance: bets $6
SmellyToes4u: folds
Uncalled bet ($6) returned to ExtraResistance
ExtraResistance collected $17.64 from pot
ExtraResistance: doesn't show hand
*** SUMMARY ***
Total pot $18 | Rake $0.36
Board [Qd 2h 8c 5s]
Seat 1: SmellyToes4u (big blind) folded on the Turn
Seat 2: ExtraResistance (button) (small blind) collected ($17.64)


PokerStars Hand #158724426491:  Hold'em Limit ($3/$6 USD) - 2016/09/17 12:01:41 ET
Table 'Figneria' 10-max Seat #1 is the button
Seat 1: SmellyToes4u ($204.09 in chips)
Seat 2: ExtraResistance ($183.06 in chips)
SmellyToes4u: posts small blind $1
ExtraResistance: posts big blind $3
*** HOLE CARDS ***
Apanage joins the table at seat #3
SmellyToes4u: folds
Uncalled bet ($2) returned to ExtraResistance
ExtraResistance collected $2 from pot
ExtraResistance: doesn't show hand
*** SUMMARY ***
Total pot $2 | Rake $0
Seat 1: SmellyToes4u (button) (small blind) folded before Flop
Seat 2: ExtraResistance (big blind) collected ($2)


PokerStars Hand #158724407246:  Hold'em Limit ($3/$6 USD) - 2016/09/17 12:01:12 ET
Table 'Figneria' 10-max Seat #1 is the button
Seat 1: SmellyToes4u ($222.09 in chips)
Seat 2: ExtraResistance ($165.78 in chips)
SmellyToes4u: posts small blind $1
ExtraResistance: posts big blind $3
*** HOLE CARDS ***
SmellyToes4u: raises $3 to $6
ExtraResistance: calls $3
*** FLOP *** [9s 8s 6s]
ExtraResistance: checks
SmellyToes4u: bets $3
ExtraResistance: raises $3 to $6
SmellyToes4u: folds
Uncalled bet ($3) returned to ExtraResistance
ExtraResistance collected $17.64 from pot
ExtraResistance: doesn't show hand
*** SUMMARY ***
Total pot $18 | Rake $0.36
Board [9s 8s 6s]
Seat 1: SmellyToes4u (button) (small blind) folded on the Flop
Seat 2: ExtraResistance (big blind) collected ($17.64)


PokerStars Hand #158724404205:  Hold'em Limit ($3/$6 USD) - 2016/09/17 12:01:07 ET
Table 'Figneria' 10-max Seat #2 is the button
Seat 1: SmellyToes4u ($221.09 in chips)
Seat 2: ExtraResistance ($166.78 in chips)
ExtraResistance: posts small blind $1
SmellyToes4u: posts big blind $3
*** HOLE CARDS ***
ExtraResistance: folds
Uncalled bet ($2) returned to SmellyToes4u
SmellyToes4u collected $2 from pot
SmellyToes4u: doesn't show hand
*** SUMMARY ***
Total pot $2 | Rake $0
Seat 1: SmellyToes4u (big blind) collected ($2)
Seat 2: ExtraResistance (button) (small blind) folded before Flop


PokerStars Hand #158724399928:  Hold'em Limit ($3/$6 USD) - 2016/09/17 12:01:00 ET
Table 'Figneria' 10-max Seat #1 is the button
Seat 1: SmellyToes4u ($218.09 in chips)
Seat 2: ExtraResistance ($169.78 in chips)
SmellyToes4u: posts small blind $1
ExtraResistance: posts big blind $3
*** HOLE CARDS ***
SmellyToes4u: raises $3 to $6
ExtraResistance: folds
Uncalled bet ($3) returned to SmellyToes4u
SmellyToes4u collected $6 from pot
SmellyToes4u: doesn't show hand
*** SUMMARY ***
Total pot $6 | Rake $0
Seat 1: SmellyToes4u (button) (small blind) collected ($6)
Seat 2: ExtraResistance (big blind) folded before Flop


PokerStars Hand #158724857024:  Hold'em Limit ($3/$6 USD) - 2016/09/17 12:12:00 ET
Table 'Figneria' 10-max Seat #2 is the button
Seat 2: ExtraResistance ($327.51 in chips)
Seat 3: SmellyToes4u ($56 in chips)
ExtraResistance: posts small blind $1
SmellyToes4u: posts big blind $3
*** HOLE CARDS ***
ExtraResistance: raises $3 to $6
SmellyToes4u: calls $3
*** FLOP *** [6d 8c Kd]
SmellyToes4u: checks
ExtraResistance: bets $3
SmellyToes4u: folds
Uncalled bet ($3) returned to ExtraResistance
ExtraResistance collected $11.76 from pot
ExtraResistance: doesn't show hand
*** SUMMARY ***
Total pot $12 | Rake $0.24
Board [6d 8c Kd]
Seat 2: ExtraResistance (button) (small blind) collected ($11.76)
Seat 3: SmellyToes4u (big blind) folded on the Flop


PokerStars Hand #158724843292:  Hold'em Limit ($3/$6 USD) - 2016/09/17 12:11:40 ET
Table 'Figneria' 10-max Seat #3 is the button
Seat 2: ExtraResistance ($327.76 in chips)
Seat 3: SmellyToes4u ($56 in chips)
SmellyToes4u: posts small blind $1
ExtraResistance: posts big blind $3
*** HOLE CARDS ***
SmellyToes4u: raises $3 to $6
ExtraResistance: calls $3
*** FLOP *** [4c 7h 6h]
ExtraResistance: checks
SmellyToes4u: bets $3
ExtraResistance: calls $3
*** TURN *** [4c 7h 6h] [9s]
ExtraResistance: checks
SmellyToes4u: bets $6
ExtraResistance: calls $6
*** RIVER *** [4c 7h 6h 9s] [3s]
ExtraResistance: checks
SmellyToes4u: bets $6
ExtraResistance: raises $6 to $12
SmellyToes4u: raises $6 to $18
ExtraResistance: calls $6
*** SHOW DOWN ***
SmellyToes4u: shows [5h 3h] (a straight, Three to Seven)
ExtraResistance: shows [Kc 5c] (a straight, Three to Seven)
ExtraResistance collected $32.75 from pot
SmellyToes4u collected $32.75 from pot
*** SUMMARY ***
Total pot $66 | Rake $0.50
Board [4c 7h 6h 9s 3s]
Seat 2: ExtraResistance (big blind) showed [Kc 5c] and won ($32.75) with a straight, Three to Seven
Seat 3: SmellyToes4u (button) (small blind) showed [5h 3h] and won ($32.75) with a straight, Three to Seven


PokerStars Hand #158724839729:  Hold'em Limit ($3/$6 USD) - 2016/09/17 12:11:35 ET
Table 'Figneria' 10-max Seat #2 is the button
Seat 2: ExtraResistance ($324.76 in chips)
Seat 3: SmellyToes4u ($56 in chips)
ExtraResistance: posts small blind $1
SmellyToes4u: posts big blind $3
*** HOLE CARDS ***
ExtraResistance: raises $3 to $6
SmellyToes4u: folds
Uncalled bet ($3) returned to ExtraResistance
ExtraResistance collected $6 from pot
ExtraResistance: doesn't show hand
*** SUMMARY ***
Total pot $6 | Rake $0
Seat 2: ExtraResistance (button) (small blind) collected ($6)
Seat 3: SmellyToes4u (big blind) folded before Flop


PokerStars Hand #158724893802:  Hold'em Limit ($3/$6 USD) - 2016/09/17 12:12:53 ET
Table 'Figneria' 10-max Seat #3 is the button
Seat 2: ExtraResistance ($336.77 in chips)
Seat 3: SmellyToes4u ($56 in chips)
SmellyToes4u: posts small blind $1
ExtraResistance: posts big blind $3
*** HOLE CARDS ***
SmellyToes4u: raises $3 to $6
ExtraResistance: calls $3
*** FLOP *** [Kd 6s Js]
ExtraResistance: checks
SmellyToes4u: bets $3
ExtraResistance: folds
Uncalled bet ($3) returned to SmellyToes4u
SmellyToes4u collected $11.76 from pot
SmellyToes4u: doesn't show hand
*** SUMMARY ***
Total pot $12 | Rake $0.24
Board [Kd 6s Js]
Seat 2: ExtraResistance (big blind) folded on the Flop
Seat 3: SmellyToes4u (button) (small blind) collected ($11.76)


PokerStars Hand #158724887942:  Hold'em Limit ($3/$6 USD) - 2016/09/17 12:12:44 ET
Table 'Figneria' 10-max Seat #2 is the button
Seat 2: ExtraResistance ($333.77 in chips)
Seat 3: SmellyToes4u ($56 in chips)
ExtraResistance: posts small blind $1
SmellyToes4u: posts big blind $3
*** HOLE CARDS ***
ExtraResistance: raises $3 to $6
SmellyToes4u: folds
Uncalled bet ($3) returned to ExtraResistance
ExtraResistance collected $6 from pot
ExtraResistance: doesn't show hand
*** SUMMARY ***
Total pot $6 | Rake $0
Seat 2: ExtraResistance (button) (small blind) collected ($6)
Seat 3: SmellyToes4u (big blind) folded before Flop


PokerStars Hand #158724884023:  Hold'em Limit ($3/$6 USD) - 2016/09/17 12:12:39 ET
Table 'Figneria' 10-max Seat #3 is the button
Seat 2: ExtraResistance ($332.77 in chips)
Seat 3: SmellyToes4u ($56 in chips)
SmellyToes4u: posts small blind $1
ExtraResistance: posts big blind $3
*** HOLE CARDS ***
SmellyToes4u: folds
Uncalled bet ($2) returned to ExtraResistance
ExtraResistance collected $2 from pot
ExtraResistance: doesn't show hand
*** SUMMARY ***
Total pot $2 | Rake $0
Seat 2: ExtraResistance (big blind) collected ($2)
Seat 3: SmellyToes4u (button) (small blind) folded before Flop


PokerStars Hand #158724873346:  Hold'em Limit ($3/$6 USD) - 2016/09/17 12:12:23 ET
Table 'Figneria' 10-max Seat #2 is the button
Seat 2: ExtraResistance ($309.27 in chips)
Seat 3: SmellyToes4u ($79.50 in chips)
ExtraResistance: posts small blind $1
SmellyToes4u: posts big blind $3
*** HOLE CARDS ***
ExtraResistance: raises $3 to $6
SmellyToes4u: calls $3
*** FLOP *** [2d 9d 6h]
SmellyToes4u: checks
ExtraResistance: bets $3
SmellyToes4u: raises $3 to $6
ExtraResistance: calls $3
*** TURN *** [2d 9d 6h] [7h]
SmellyToes4u: bets $6
ExtraResistance: calls $6
*** RIVER *** [2d 9d 6h 7h] [3c]
SmellyToes4u: bets $6
ExtraResistance: calls $6
*** SHOW DOWN ***
SmellyToes4u: shows [3d Qd] (a pair of Threes)
ExtraResistance: shows [4d 4c] (a pair of Fours)
ExtraResistance collected $47.50 from pot
*** SUMMARY ***
Total pot $48 | Rake $0.50
Board [2d 9d 6h 7h 3c]
Seat 2: ExtraResistance (button) (small blind) showed [4d 4c] and won ($47.50) with a pair of Fours
Seat 3: SmellyToes4u (big blind) showed [3d Qd] and lost with a pair of Threes


PokerStars Hand #158724862467:  Hold'em Limit ($3/$6 USD) - 2016/09/17 12:12:08 ET
Table 'Figneria' 10-max Seat #3 is the button
Seat 2: ExtraResistance ($333.27 in chips)
Seat 3: SmellyToes4u ($56 in chips)
SmellyToes4u: posts small blind $1
ExtraResistance: posts big blind $3
*** HOLE CARDS ***
jano2156 leaves the table
SmellyToes4u: raises $3 to $6
ExtraResistance: calls $3
*** FLOP *** [2d Qs 8d]
ExtraResistance: checks
SmellyToes4u: bets $3
ExtraResistance: raises $3 to $6
SmellyToes4u: calls $3
*** TURN *** [2d Qs 8d] [Ts]
ExtraResistance: bets $6
SmellyToes4u: raises $6 to $12
ExtraResistance: calls $6
*** RIVER *** [2d Qs 8d Ts] [4h]
ExtraResistance: checks
SmellyToes4u: bets $6
ExtraResistance: folds
Uncalled bet ($6) returned to SmellyToes4u
SmellyToes4u collected $47.50 from pot
SmellyToes4u: doesn't show hand
*** SUMMARY ***
Total pot $48 | Rake $0.50
Board [2d Qs 8d Ts 4h]
Seat 2: ExtraResistance (big blind) folded on the River
Seat 3: SmellyToes4u (button) (small blind) collected ($47.50)


