PokerStars Hand #173821649179:  Hold'em Limit ($3/$6 USD) - 2017/08/02 5:50:21 ET
Table 'Figneria' 6-max Seat #4 is the button
Seat 4: VolkovDmitri ($120 in chips)
Seat 6: WSpieler ($84.70 in chips)
VolkovDmitri: posts small blind $1
WSpieler: posts big blind $3
*** HOLE CARDS ***
VolkovDmitri: raises $3 to $6
WSpieler: raises $3 to $9
VolkovDmitri: calls $3
*** FLOP *** [8h 4s 8c]
ELCapitano26 leaves the table
WSpieler: bets $3
VolkovDmitri: calls $3
*** TURN *** [8h 4s 8c] [Kc]
WSpieler: bets $6
VolkovDmitri: raises $6 to $12
WSpieler: folds
Uncalled bet ($6) returned to VolkovDmitri
VolkovDmitri collected $35.50 from pot
VolkovDmitri: doesn't show hand
*** SUMMARY ***
Total pot $36 | Rake $0.50
Board [8h 4s 8c Kc]
Seat 4: VolkovDmitri (button) (small blind) collected ($35.50)
Seat 6: WSpieler (big blind) folded on the Turn


PokerStars Hand #173821664279:  Hold'em Limit ($3/$6 USD) - 2017/08/02 5:51:03 ET
Table 'Figneria' 6-max Seat #6 is the button
Seat 4: VolkovDmitri ($137.50 in chips)
Seat 6: WSpieler ($66.70 in chips)
WSpieler: posts small blind $1
VolkovDmitri: posts big blind $3
*** HOLE CARDS ***
WSpieler: calls $2
VolkovDmitri: checks
*** FLOP *** [9s Tc 6c]
VolkovDmitri: checks
WSpieler: bets $3
VolkovDmitri: folds
Uncalled bet ($3) returned to WSpieler
WSpieler collected $5.88 from pot
WSpieler: doesn't show hand
*** SUMMARY ***
Total pot $6 | Rake $0.12
Board [9s Tc 6c]
Seat 4: VolkovDmitri (big blind) folded on the Flop
Seat 6: WSpieler (button) (small blind) collected ($5.88)


PokerStars Hand #173821669763:  Hold'em Limit ($3/$6 USD) - 2017/08/02 5:51:19 ET
Table 'Figneria' 6-max Seat #4 is the button
Seat 4: VolkovDmitri ($134.50 in chips)
Seat 6: WSpieler ($69.58 in chips)
VolkovDmitri: posts small blind $1
WSpieler: posts big blind $3
*** HOLE CARDS ***
hairy1961 joins the table at seat #5
VolkovDmitri: raises $3 to $6
WSpieler: calls $3
*** FLOP *** [9c Ad 3c]
WSpieler: checks
VolkovDmitri: bets $3
WSpieler: calls $3
*** TURN *** [9c Ad 3c] [Js]
WSpieler: checks
VolkovDmitri: checks
*** RIVER *** [9c Ad 3c Js] [2d]
WSpieler: bets $6
VolkovDmitri: folds
Uncalled bet ($6) returned to WSpieler
WSpieler collected $17.64 from pot
WSpieler: doesn't show hand
*** SUMMARY ***
Total pot $18 | Rake $0.36
Board [9c Ad 3c Js 2d]
Seat 4: VolkovDmitri (button) (small blind) folded on the River
Seat 6: WSpieler (big blind) collected ($17.64)


PokerStars Hand #173821689785:  Hold'em Limit ($3/$6 USD) - 2017/08/02 5:52:16 ET
Table 'Figneria' 6-max Seat #6 is the button
Seat 4: VolkovDmitri ($125.50 in chips)
Seat 6: WSpieler ($78.22 in chips)
WSpieler: posts small blind $1
VolkovDmitri: posts big blind $3
*** HOLE CARDS ***
WSpieler: raises $3 to $6
VolkovDmitri: raises $3 to $9
WSpieler: raises $3 to $12
Betting is capped
VolkovDmitri: calls $3
*** FLOP *** [7d 3s Qc]
VolkovDmitri: checks
WSpieler: checks
*** TURN *** [7d 3s Qc] [As]
VolkovDmitri: checks
WSpieler: checks
*** RIVER *** [7d 3s Qc As] [Jc]
VolkovDmitri: bets $6
WSpieler: folds
Uncalled bet ($6) returned to VolkovDmitri
VolkovDmitri collected $23.52 from pot
VolkovDmitri: doesn't show hand
*** SUMMARY ***
Total pot $24 | Rake $0.48
Board [7d 3s Qc As Jc]
Seat 4: VolkovDmitri (big blind) collected ($23.52)
Seat 6: WSpieler (button) (small blind) folded on the River


PokerStars Hand #173821720308:  Hold'em Limit ($3/$6 USD) - 2017/08/02 5:53:42 ET
Table 'Figneria' 6-max Seat #6 is the button
Seat 5: hairy1961 ($57.46 in chips)
Seat 6: WSpieler ($63.22 in chips)
WSpieler: posts small blind $1
VolkovDmitri: is sitting out
hairy1961: posts big blind $3
*** HOLE CARDS ***
WSpieler: folds
Uncalled bet ($2) returned to hairy1961
hairy1961 collected $2 from pot
*** SUMMARY ***
Total pot $2 | Rake $0
Seat 5: hairy1961 (big blind) collected ($2)
Seat 6: WSpieler (button) (small blind) folded before Flop


PokerStars Hand #173821724086:  Hold'em Limit ($3/$6 USD) - 2017/08/02 5:53:53 ET
Table 'Figneria' 6-max Seat #6 is the button
Seat 5: hairy1961 ($57.46 in chips)
Seat 6: WSpieler ($63.22 in chips)
WSpieler: posts small blind $1
hairy1961: posts big blind $3
*** HOLE CARDS ***
WSpieler: folds
Uncalled bet ($2) returned to hairy1961
hairy1961 collected $2 from pot
*** SUMMARY ***
Total pot $2 | Rake $0
Seat 5: hairy1961 (big blind) collected ($2)
Seat 6: WSpieler (button) (small blind) folded before Flop


PokerStars Hand #173821726219:  Hold'em Limit ($3/$6 USD) - 2017/08/02 5:53:59 ET
Table 'Figneria' 6-max Seat #5 is the button
Seat 5: hairy1961 ($58.46 in chips)
Seat 6: WSpieler ($62.22 in chips)
hairy1961: posts small blind $1
WSpieler: posts big blind $3
*** HOLE CARDS ***
hairy1961: raises $3 to $6
WSpieler: calls $3
*** FLOP *** [3c 3h Ac]
WSpieler: checks
hairy1961: bets $3
WSpieler: folds
Uncalled bet ($3) returned to hairy1961
hairy1961 collected $11.76 from pot
*** SUMMARY ***
Total pot $12 | Rake $0.24
Board [3c 3h Ac]
Seat 5: hairy1961 (button) (small blind) collected ($11.76)
Seat 6: WSpieler (big blind) folded on the Flop


PokerStars Hand #173821730182:  Hold'em Limit ($3/$6 USD) - 2017/08/02 5:54:10 ET
Table 'Figneria' 6-max Seat #6 is the button
Seat 5: hairy1961 ($64.22 in chips)
Seat 6: WSpieler ($56.22 in chips)
WSpieler: posts small blind $1
hairy1961: posts big blind $3
*** HOLE CARDS ***
WSpieler: raises $3 to $6
hairy1961: calls $3
*** FLOP *** [7d Kh 5d]
hairy1961: checks
WSpieler: bets $3
hairy1961: calls $3
*** TURN *** [7d Kh 5d] [4c]
hairy1961: checks
WSpieler: bets $6
hairy1961: calls $6
*** RIVER *** [7d Kh 5d 4c] [5s]
hairy1961: checks
WSpieler: bets $6
hairy1961: calls $6
*** SHOW DOWN ***
WSpieler: shows [8s 6s] (a straight, Four to Eight)
hairy1961: mucks hand
WSpieler collected $41.50 from pot
*** SUMMARY ***
Total pot $42 | Rake $0.50
Board [7d Kh 5d 4c 5s]
Seat 5: hairy1961 (big blind) mucked
Seat 6: WSpieler (button) (small blind) showed [8s 6s] and won ($41.50) with a straight, Four to Eight


PokerStars Hand #173821722146:  Hold'em Limit ($3/$6 USD) - 2017/08/02 5:53:47 ET
Table 'Figneria' 6-max Seat #5 is the button
Seat 5: hairy1961 ($58.46 in chips)
Seat 6: WSpieler ($62.22 in chips)
hairy1961: posts small blind $1
WSpieler: posts big blind $3
*** HOLE CARDS ***
hairy1961: folds
Uncalled bet ($2) returned to WSpieler
WSpieler collected $2 from pot
WSpieler: doesn't show hand
VolkovDmitri leaves the table
*** SUMMARY ***
Total pot $2 | Rake $0
Seat 5: hairy1961 (button) (small blind) folded before Flop
Seat 6: WSpieler (big blind) collected ($2)


PokerStars Hand #173821741199:  Hold'em Limit ($3/$6 USD) - 2017/08/02 5:54:42 ET
Table 'Figneria' 6-max Seat #6 is the button
Seat 5: hairy1961 ($42.22 in chips)
Seat 6: WSpieler ($77.72 in chips)
WSpieler: posts small blind $1
hairy1961: posts big blind $3
*** HOLE CARDS ***
WSpieler: folds
Uncalled bet ($2) returned to hairy1961
hairy1961 collected $2 from pot
*** SUMMARY ***
Total pot $2 | Rake $0
Seat 5: hairy1961 (big blind) collected ($2)
Seat 6: WSpieler (button) (small blind) folded before Flop


PokerStars Hand #173821739225:  Hold'em Limit ($3/$6 USD) - 2017/08/02 5:54:36 ET
Table 'Figneria' 6-max Seat #5 is the button
Seat 5: hairy1961 ($43.22 in chips)
Seat 6: WSpieler ($76.72 in chips)
hairy1961: posts small blind $1
WSpieler: posts big blind $3
*** HOLE CARDS ***
hairy1961: folds
Uncalled bet ($2) returned to WSpieler
WSpieler collected $2 from pot
WSpieler: doesn't show hand
*** SUMMARY ***
Total pot $2 | Rake $0
Seat 5: hairy1961 (button) (small blind) folded before Flop
Seat 6: WSpieler (big blind) collected ($2)


PokerStars Hand #173821751171:  Hold'em Limit ($3/$6 USD) - 2017/08/02 5:55:10 ET
Table 'Figneria' 6-max Seat #5 is the button
Seat 5: hairy1961 ($31.22 in chips)
Seat 6: WSpieler ($88.36 in chips)
hairy1961: posts small blind $1
WSpieler: posts big blind $3
*** HOLE CARDS ***
hairy1961: raises $3 to $6
WSpieler: calls $3
*** FLOP *** [Qs Ad 4c]
WSpieler: checks
hairy1961: bets $3
WSpieler: folds
Uncalled bet ($3) returned to hairy1961
hairy1961 collected $11.76 from pot
*** SUMMARY ***
Total pot $12 | Rake $0.24
Board [Qs Ad 4c]
Seat 5: hairy1961 (button) (small blind) collected ($11.76)
Seat 6: WSpieler (big blind) folded on the Flop


PokerStars Hand #173821756032:  Hold'em Limit ($3/$6 USD) - 2017/08/02 5:55:26 ET
Table 'Figneria' 6-max Seat #6 is the button
Seat 5: hairy1961 ($36.98 in chips)
Seat 6: WSpieler ($82.36 in chips)
WSpieler: posts small blind $1
hairy1961: posts big blind $3
*** HOLE CARDS ***
WSpieler: raises $3 to $6
hairy1961: folds
Uncalled bet ($3) returned to WSpieler
WSpieler collected $6 from pot
WSpieler: doesn't show hand
*** SUMMARY ***
Total pot $6 | Rake $0
Seat 5: hairy1961 (big blind) folded before Flop
Seat 6: WSpieler (button) (small blind) collected ($6)


PokerStars Hand #173821749098:  Hold'em Limit ($3/$6 USD) - 2017/08/02 5:55:04 ET
Table 'Figneria' 6-max Seat #6 is the button
Seat 5: hairy1961 ($34.22 in chips)
Seat 6: WSpieler ($85.36 in chips)
WSpieler: posts small blind $1
hairy1961: posts big blind $3
*** HOLE CARDS ***
WSpieler: raises $3 to $6
hairy1961: folds
Uncalled bet ($3) returned to WSpieler
WSpieler collected $6 from pot
WSpieler: doesn't show hand
*** SUMMARY ***
Total pot $6 | Rake $0
Seat 5: hairy1961 (big blind) folded before Flop
Seat 6: WSpieler (button) (small blind) collected ($6)


PokerStars Hand #173821743149:  Hold'em Limit ($3/$6 USD) - 2017/08/02 5:54:47 ET
Table 'Figneria' 6-max Seat #5 is the button
Seat 5: hairy1961 ($43.22 in chips)
Seat 6: WSpieler ($76.72 in chips)
hairy1961: posts small blind $1
WSpieler: posts big blind $3
*** HOLE CARDS ***
hairy1961: raises $3 to $6
WSpieler: calls $3
*** FLOP *** [Ad 9c Qs]
WSpieler: checks
hairy1961: bets $3
WSpieler: calls $3
*** TURN *** [Ad 9c Qs] [Jh]
WSpieler: checks
hairy1961: checks
*** RIVER *** [Ad 9c Qs Jh] [9s]
WSpieler: bets $6
hairy1961: folds
Uncalled bet ($6) returned to WSpieler
WSpieler collected $17.64 from pot
WSpieler: doesn't show hand
*** SUMMARY ***
Total pot $18 | Rake $0.36
Board [Ad 9c Qs Jh 9s]
Seat 5: hairy1961 (button) (small blind) folded on the River
Seat 6: WSpieler (big blind) collected ($17.64)


PokerStars Hand #173821757934:  Hold'em Limit ($3/$6 USD) - 2017/08/02 5:55:32 ET
Table 'Figneria' 6-max Seat #5 is the button
Seat 5: hairy1961 ($33.98 in chips)
Seat 6: WSpieler ($85.36 in chips)
hairy1961: posts small blind $1
WSpieler: posts big blind $3
*** HOLE CARDS ***
hairy1961: calls $2
WSpieler: checks
*** FLOP *** [3s 7d Ad]
WSpieler: bets $3
hairy1961: calls $3
*** TURN *** [3s 7d Ad] [9d]
WSpieler: bets $6
hairy1961: raises $6 to $12
WSpieler: calls $6
*** RIVER *** [3s 7d Ad 9d] [3d]
frednoel1986 joins the table at seat #4
WSpieler: checks
hairy1961: bets $6
WSpieler: calls $6
*** SHOW DOWN ***
hairy1961: shows [Td 5d] (a flush, Ace high)
WSpieler: mucks hand
hairy1961 collected $47.50 from pot
*** SUMMARY ***
Total pot $48 | Rake $0.50
Board [3s 7d Ad 9d 3d]
Seat 5: hairy1961 (button) (small blind) showed [Td 5d] and won ($47.50) with a flush, Ace high
Seat 6: WSpieler (big blind) mucked


PokerStars Hand #173821787174:  Hold'em Limit ($3/$6 USD) - 2017/08/02 5:57:04 ET
Table 'Figneria' 6-max Seat #4 is the button
Seat 4: frednoel1986 ($137.51 in chips)
Seat 6: WSpieler ($90.35 in chips)
Icecold will be allowed to play after the button
frednoel1986: posts small blind $1
WSpieler: posts big blind $3
*** HOLE CARDS ***
hairy1961 leaves the table
frednoel1986: folds
Uncalled bet ($2) returned to WSpieler
WSpieler collected $2 from pot
*** SUMMARY ***
Total pot $2 | Rake $0
Seat 4: frednoel1986 (button) (small blind) folded before Flop
Seat 6: WSpieler (big blind) collected ($2)


