PokerStars Hand #174248159944:  Hold'em Limit ($3/$6 USD) - 2017/08/12 14:39:13 ET
Table 'Fini' 6-max Seat #2 is the button
Seat 2: andyrr ($80 in chips)
Seat 3: SANKO2009 ($75.67 in chips)
andyrr: posts small blind $1
SANKO2009: posts big blind $3
*** HOLE CARDS ***
andyrr: folds
Uncalled bet ($2) returned to SANKO2009
SANKO2009 collected $2 from pot
*** SUMMARY ***
Total pot $2 | Rake $0
Seat 2: andyrr (button) (small blind) folded before Flop
Seat 3: SANKO2009 (big blind) collected ($2)


PokerStars Hand #174248156616:  Hold'em Limit ($3/$6 USD) - 2017/08/12 14:39:08 ET
Table 'Fini' 6-max Seat #3 is the button
Seat 2: andyrr ($79 in chips)
Seat 3: SANKO2009 ($76.67 in chips)
SANKO2009: posts small blind $1
andyrr: posts big blind $3
*** HOLE CARDS ***
SANKO2009: folds
Uncalled bet ($2) returned to andyrr
andyrr collected $2 from pot
*** SUMMARY ***
Total pot $2 | Rake $0
Seat 2: andyrr (big blind) collected ($2)
Seat 3: SANKO2009 (button) (small blind) folded before Flop


PokerStars Hand #174248143124:  Hold'em Limit ($3/$6 USD) - 2017/08/12 14:38:49 ET
Table 'Fini' 6-max Seat #2 is the button
Seat 2: andyrr ($100 in chips)
Seat 3: SANKO2009 ($56.17 in chips)
andyrr: posts small blind $1
SANKO2009: posts big blind $3
*** HOLE CARDS ***
andyrr: raises $3 to $6
SANKO2009: calls $3
*** FLOP *** [5h Qd 9h]
SANKO2009: checks
andyrr: bets $3
SANKO2009: calls $3
*** TURN *** [5h Qd 9h] [As]
SANKO2009: checks
andyrr: bets $6
SANKO2009: calls $6
*** RIVER *** [5h Qd 9h As] [Js]
SANKO2009: bets $6
andyrr: calls $6
*** SHOW DOWN ***
SANKO2009: shows [3c Qs] (a pair of Queens)
andyrr: mucks hand
SANKO2009 collected $41.50 from pot
*** SUMMARY ***
Total pot $42 | Rake $0.50
Board [5h Qd 9h As Js]
Seat 2: andyrr (button) (small blind) mucked
Seat 3: SANKO2009 (big blind) showed [3c Qs] and won ($41.50) with a pair of Queens


PokerStars Hand #174248192723:  Hold'em Limit ($3/$6 USD) - 2017/08/12 14:39:49 ET
Table 'Fini' 6-max Seat #2 is the button
Seat 2: andyrr ($105.50 in chips)
Seat 3: SANKO2009 ($49.67 in chips)
andyrr: posts small blind $1
SANKO2009: posts big blind $3
*** HOLE CARDS ***
andyrr: raises $3 to $6
SANKO2009: calls $3
*** FLOP *** [Kh 8s Ac]
andyrr said, "2-8 - nice"
SANKO2009: bets $3
andyrr: folds
Uncalled bet ($3) returned to SANKO2009
SANKO2009 collected $11.76 from pot
*** SUMMARY ***
Total pot $12 | Rake $0.24
Board [Kh 8s Ac]
Seat 2: andyrr (button) (small blind) folded on the Flop
Seat 3: SANKO2009 (big blind) collected ($11.76)


PokerStars Hand #174248162970:  Hold'em Limit ($3/$6 USD) - 2017/08/12 14:39:17 ET
Table 'Fini' 6-max Seat #3 is the button
Seat 2: andyrr ($79 in chips)
Seat 3: SANKO2009 ($76.67 in chips)
SANKO2009: posts small blind $1
andyrr: posts big blind $3
*** HOLE CARDS ***
SANKO2009: calls $2
andyrr: checks
*** FLOP *** [9c 6c 7h]
andyrr: bets $3
SANKO2009: raises $3 to $6
andyrr: raises $3 to $9
SANKO2009: raises $3 to $12
Betting is capped
andyrr: calls $3
*** TURN *** [9c 6c 7h] [Qd]
andyrr: checks
SANKO2009: bets $6
andyrr: calls $6
*** RIVER *** [9c 6c 7h Qd] [2s]
andyrr: checks
vestimokrec joins the table at seat #4
SANKO2009: bets $6
andyrr: calls $6
*** SHOW DOWN ***
SANKO2009: shows [2c 8c] (a pair of Deuces)
andyrr: shows [7d 5h] (a pair of Sevens)
andyrr collected $53.50 from pot
*** SUMMARY ***
Total pot $54 | Rake $0.50
Board [9c 6c 7h Qd 2s]
Seat 2: andyrr (big blind) showed [7d 5h] and won ($53.50) with a pair of Sevens
Seat 3: SANKO2009 (button) (small blind) showed [2c 8c] and lost with a pair of Deuces


PokerStars Hand #174248430272:  Hold'em Limit ($3/$6 USD) - 2017/08/12 14:45:34 ET
Table 'Fini' 6-max Seat #4 is the button
Seat 3: SANKO2009 ($90.24 in chips)
Seat 4: vestimokrec ($150.49 in chips)
vestimokrec: posts small blind $1
SANKO2009: posts big blind $3
*** HOLE CARDS ***
vestimokrec: raises $3 to $6
SANKO2009: folds
Uncalled bet ($3) returned to vestimokrec
vestimokrec collected $6 from pot
vestimokrec: doesn't show hand
*** SUMMARY ***
Total pot $6 | Rake $0
Seat 3: SANKO2009 (big blind) folded before Flop
Seat 4: vestimokrec (button) (small blind) collected ($6)


PokerStars Hand #174248412851:  Hold'em Limit ($3/$6 USD) - 2017/08/12 14:45:09 ET
Table 'Fini' 6-max Seat #3 is the button
Seat 3: SANKO2009 ($108.24 in chips)
Seat 4: vestimokrec ($132.99 in chips)
SANKO2009: posts small blind $1
vestimokrec: posts big blind $3
*** HOLE CARDS ***
SANKO2009: raises $3 to $6
vestimokrec: calls $3
*** FLOP *** [5c 4d 2c]
vestimokrec: checks
SANKO2009: bets $3
vestimokrec: raises $3 to $6
SANKO2009: calls $3
*** TURN *** [5c 4d 2c] [Jh]
vestimokrec: bets $6
SANKO2009: calls $6
*** RIVER *** [5c 4d 2c Jh] [Ad]
vestimokrec: checks
SANKO2009: checks
*** SHOW DOWN ***
vestimokrec: shows [6s 6d] (a pair of Sixes)
SANKO2009: mucks hand
vestimokrec collected $35.50 from pot
*** SUMMARY ***
Total pot $36 | Rake $0.50
Board [5c 4d 2c Jh Ad]
Seat 3: SANKO2009 (button) (small blind) mucked
Seat 4: vestimokrec (big blind) showed [6s 6d] and won ($35.50) with a pair of Sixes


PokerStars Hand #174248398564:  Hold'em Limit ($3/$6 USD) - 2017/08/12 14:44:48 ET
Table 'Fini' 6-max Seat #4 is the button
Seat 3: SANKO2009 ($99.60 in chips)
Seat 4: vestimokrec ($141.99 in chips)
vestimokrec: posts small blind $1
SANKO2009: posts big blind $3
*** HOLE CARDS ***
vestimokrec: raises $3 to $6
SANKO2009: raises $3 to $9
vestimokrec: calls $3
*** FLOP *** [7s Ah 3d]
SANKO2009: bets $3
vestimokrec: folds
Uncalled bet ($3) returned to SANKO2009
SANKO2009 collected $17.64 from pot
*** SUMMARY ***
Total pot $18 | Rake $0.36
Board [7s Ah 3d]
Seat 3: SANKO2009 (big blind) collected ($17.64)
Seat 4: vestimokrec (button) (small blind) folded on the Flop


PokerStars Hand #174248437384:  Hold'em Limit ($3/$6 USD) - 2017/08/12 14:45:44 ET
Table 'Fini' 6-max Seat #4 is the button
Seat 3: SANKO2009 ($86.24 in chips)
Seat 4: vestimokrec ($154.49 in chips)
vestimokrec: posts small blind $1
SANKO2009: posts big blind $3
*** HOLE CARDS ***
vestimokrec: raises $3 to $6
SANKO2009: raises $3 to $9
vestimokrec: calls $3
*** FLOP *** [9h 7s 2s]
SANKO2009: bets $3
vestimokrec: folds
Uncalled bet ($3) returned to SANKO2009
SANKO2009 collected $17.64 from pot
*** SUMMARY ***
Total pot $18 | Rake $0.36
Board [9h 7s 2s]
Seat 3: SANKO2009 (big blind) collected ($17.64)
Seat 4: vestimokrec (button) (small blind) folded on the Flop


PokerStars Hand #174248463261:  Hold'em Limit ($3/$6 USD) - 2017/08/12 14:46:22 ET
Table 'Fini' 6-max Seat #4 is the button
Seat 3: SANKO2009 ($100.64 in chips)
Seat 4: vestimokrec ($139.49 in chips)
vestimokrec: posts small blind $1
SANKO2009: posts big blind $3
*** HOLE CARDS ***
vestimokrec: folds
Uncalled bet ($2) returned to SANKO2009
SANKO2009 collected $2 from pot
*** SUMMARY ***
Total pot $2 | Rake $0
Seat 3: SANKO2009 (big blind) collected ($2)
Seat 4: vestimokrec (button) (small blind) folded before Flop


PokerStars Hand #174248452720:  Hold'em Limit ($3/$6 USD) - 2017/08/12 14:46:07 ET
Table 'Fini' 6-max Seat #3 is the button
Seat 3: SANKO2009 ($94.88 in chips)
Seat 4: vestimokrec ($145.49 in chips)
SANKO2009: posts small blind $1
vestimokrec: posts big blind $3
*** HOLE CARDS ***
SANKO2009: raises $3 to $6
vestimokrec: calls $3
*** FLOP *** [Qs Td 6s]
vestimokrec: checks
SANKO2009: bets $3
vestimokrec: folds
Uncalled bet ($3) returned to SANKO2009
SANKO2009 collected $11.76 from pot
*** SUMMARY ***
Total pot $12 | Rake $0.24
Board [Qs Td 6s]
Seat 3: SANKO2009 (button) (small blind) collected ($11.76)
Seat 4: vestimokrec (big blind) folded on the Flop


PokerStars Hand #174248434190:  Hold'em Limit ($3/$6 USD) - 2017/08/12 14:45:40 ET
Table 'Fini' 6-max Seat #3 is the button
Seat 3: SANKO2009 ($87.24 in chips)
Seat 4: vestimokrec ($153.49 in chips)
SANKO2009: posts small blind $1
vestimokrec: posts big blind $3
*** HOLE CARDS ***
SANKO2009: folds
Uncalled bet ($2) returned to vestimokrec
vestimokrec collected $2 from pot
vestimokrec: doesn't show hand
*** SUMMARY ***
Total pot $2 | Rake $0
Seat 3: SANKO2009 (button) (small blind) folded before Flop
Seat 4: vestimokrec (big blind) collected ($2)


PokerStars Hand #174248466223:  Hold'em Limit ($3/$6 USD) - 2017/08/12 14:46:26 ET
Table 'Fini' 6-max Seat #3 is the button
Seat 3: SANKO2009 ($101.64 in chips)
Seat 4: vestimokrec ($138.49 in chips)
SANKO2009: posts small blind $1
vestimokrec: posts big blind $3
*** HOLE CARDS ***
SANKO2009: raises $3 to $6
vestimokrec: calls $3
*** FLOP *** [5c 5h 2d]
vestimokrec: checks
SANKO2009: checks
*** TURN *** [5c 5h 2d] [6h]
vestimokrec: bets $6
SANKO2009: calls $6
*** RIVER *** [5c 5h 2d 6h] [5s]
vestimokrec: bets $6
SANKO2009: calls $6
*** SHOW DOWN ***
vestimokrec: shows [6c 8h] (a full house, Fives full of Sixes)
SANKO2009: mucks hand
vestimokrec collected $35.50 from pot
*** SUMMARY ***
Total pot $36 | Rake $0.50
Board [5c 5h 2d 6h 5s]
Seat 3: SANKO2009 (button) (small blind) mucked
Seat 4: vestimokrec (big blind) showed [6c 8h] and won ($35.50) with a full house, Fives full of Sixes


PokerStars Hand #174248526320:  Hold'em Limit ($3/$6 USD) - 2017/08/12 14:47:53 ET
Table 'Fini' 6-max Seat #3 is the button
Seat 3: SANKO2009 ($101.14 in chips)
Seat 4: vestimokrec ($137.99 in chips)
SANKO2009: posts small blind $1
vestimokrec: posts big blind $3
*** HOLE CARDS ***
SANKO2009: calls $2
vestimokrec: checks
*** FLOP *** [Kd 2h 8h]
vestimokrec: checks
SANKO2009: checks
*** TURN *** [Kd 2h 8h] [5h]
vestimokrec: checks
SANKO2009: checks
*** RIVER *** [Kd 2h 8h 5h] [Qh]
vestimokrec: checks
SANKO2009: checks
*** SHOW DOWN ***
vestimokrec: shows [9d 3h] (a flush, Queen high)
SANKO2009: mucks hand
vestimokrec collected $5.88 from pot
*** SUMMARY ***
Total pot $6 | Rake $0.12
Board [Kd 2h 8h 5h Qh]
Seat 3: SANKO2009 (button) (small blind) mucked
Seat 4: vestimokrec (big blind) showed [9d 3h] and won ($5.88) with a flush, Queen high


PokerStars Hand #174248542984:  Hold'em Limit ($3/$6 USD) - 2017/08/12 14:48:17 ET
Table 'Fini' 6-max Seat #4 is the button
Seat 3: SANKO2009 ($98.14 in chips)
Seat 4: vestimokrec ($140.87 in chips)
vestimokrec: posts small blind $1
SANKO2009: posts big blind $3
*** HOLE CARDS ***
vestimokrec: raises $3 to $6
SANKO2009: folds
Uncalled bet ($3) returned to vestimokrec
vestimokrec collected $6 from pot
vestimokrec: doesn't show hand
*** SUMMARY ***
Total pot $6 | Rake $0
Seat 3: SANKO2009 (big blind) folded before Flop
Seat 4: vestimokrec (button) (small blind) collected ($6)


PokerStars Hand #174248496296:  Hold'em Limit ($3/$6 USD) - 2017/08/12 14:47:10 ET
Table 'Fini' 6-max Seat #4 is the button
Seat 3: SANKO2009 ($83.64 in chips)
Seat 4: vestimokrec ($155.99 in chips)
vestimokrec: posts small blind $1
SANKO2009: posts big blind $3
*** HOLE CARDS ***
vestimokrec: raises $3 to $6
SANKO2009: raises $3 to $9
vestimokrec: calls $3
*** FLOP *** [8s 2d 7s]
EMALAYS leaves the table
SANKO2009: bets $3
vestimokrec: calls $3
*** TURN *** [8s 2d 7s] [As]
SANKO2009: bets $6
vestimokrec: calls $6
*** RIVER *** [8s 2d 7s As] [9s]
SANKO2009: bets $6
vestimokrec: folds
Uncalled bet ($6) returned to SANKO2009
SANKO2009 collected $35.50 from pot
*** SUMMARY ***
Total pot $36 | Rake $0.50
Board [8s 2d 7s As 9s]
Seat 3: SANKO2009 (big blind) collected ($35.50)
Seat 4: vestimokrec (button) (small blind) folded on the River


