PokerStars Hand #157514455143:  Hold'em Limit ($3/$6 USD) - 2016/08/20 11:27:26 ET
Table 'Fini' 10-max Seat #5 is the button
Seat 5: ladnavoda ($97.05 in chips)
Seat 7: VolkovDmitri ($146.50 in chips)
ladnavoda: posts small blind $1
VolkovDmitri: posts big blind $3
*** HOLE CARDS ***
ladnavoda: raises $3 to $6
VolkovDmitri: raises $3 to $9
ladnavoda: calls $3
*** FLOP *** [Ks 4h 2d]
VolkovDmitri: bets $3
ladnavoda: folds
Uncalled bet ($3) returned to VolkovDmitri
VolkovDmitri collected $17.64 from pot
VolkovDmitri: doesn't show hand
*** SUMMARY ***
Total pot $18 | Rake $0.36
Board [Ks 4h 2d]
Seat 5: ladnavoda (button) (small blind) folded on the Flop
Seat 7: VolkovDmitri (big blind) collected ($17.64)


PokerStars Hand #157514452024:  Hold'em Limit ($3/$6 USD) - 2016/08/20 11:27:21 ET
Table 'Fini' 10-max Seat #7 is the button
Seat 5: ladnavoda ($100.05 in chips)
Seat 7: VolkovDmitri ($143.50 in chips)
VolkovDmitri: posts small blind $1
ladnavoda: posts big blind $3
*** HOLE CARDS ***
VolkovDmitri: raises $3 to $6
ladnavoda: folds
Uncalled bet ($3) returned to VolkovDmitri
VolkovDmitri collected $6 from pot
VolkovDmitri: doesn't show hand
*** SUMMARY ***
Total pot $6 | Rake $0
Seat 5: ladnavoda (big blind) folded before Flop
Seat 7: VolkovDmitri (button) (small blind) collected ($6)


PokerStars Hand #157514437573:  Hold'em Limit ($3/$6 USD) - 2016/08/20 11:26:56 ET
Table 'Fini' 10-max Seat #5 is the button
Seat 5: ladnavoda ($124.05 in chips)
Seat 7: VolkovDmitri ($120 in chips)
ladnavoda: posts small blind $1
VolkovDmitri: posts big blind $3
*** HOLE CARDS ***
ladnavoda: raises $3 to $6
VolkovDmitri: calls $3
*** FLOP *** [3s 3h 2c]
VolkovDmitri: checks
ladnavoda: bets $3
VolkovDmitri: raises $3 to $6
ladnavoda: calls $3
*** TURN *** [3s 3h 2c] [4h]
VolkovDmitri: bets $6
ladnavoda: calls $6
*** RIVER *** [3s 3h 2c 4h] [7c]
VolkovDmitri: bets $6
ladnavoda: calls $6
*** SHOW DOWN ***
VolkovDmitri: shows [3d 2d] (a full house, Threes full of Deuces)
ladnavoda: mucks hand
VolkovDmitri collected $47.50 from pot
*** SUMMARY ***
Total pot $48 | Rake $0.50
Board [3s 3h 2c 4h 7c]
Seat 5: ladnavoda (button) (small blind) mucked
Seat 7: VolkovDmitri (big blind) showed [3d 2d] and won ($47.50) with a full house, Threes full of Deuces


PokerStars Hand #157514461223:  Hold'em Limit ($3/$6 USD) - 2016/08/20 11:27:36 ET
Table 'Fini' 10-max Seat #7 is the button
Seat 5: ladnavoda ($88.05 in chips)
Seat 7: VolkovDmitri ($155.14 in chips)
VolkovDmitri: posts small blind $1
ladnavoda: posts big blind $3
*** HOLE CARDS ***
VolkovDmitri: raises $3 to $6
ladnavoda: calls $3
*** FLOP *** [5d 2h Ks]
ladnavoda: checks
VolkovDmitri: bets $3
ladnavoda: raises $3 to $6
VolkovDmitri: calls $3
*** TURN *** [5d 2h Ks] [9s]
ladnavoda: bets $6
VolkovDmitri: calls $6
*** RIVER *** [5d 2h Ks 9s] [As]
ladnavoda: bets $6
VolkovDmitri: calls $6
*** SHOW DOWN ***
ladnavoda: shows [4c 2s] (a pair of Deuces)
VolkovDmitri: shows [Td Th] (a pair of Tens)
VolkovDmitri collected $47.50 from pot
*** SUMMARY ***
Total pot $48 | Rake $0.50
Board [5d 2h Ks 9s As]
Seat 5: ladnavoda (big blind) showed [4c 2s] and lost with a pair of Deuces
Seat 7: VolkovDmitri (button) (small blind) showed [Td Th] and won ($47.50) with a pair of Tens


PokerStars Hand #157514496176:  Hold'em Limit ($3/$6 USD) - 2016/08/20 11:28:35 ET
Table 'Fini' 10-max Seat #5 is the button
Seat 5: ladnavoda ($42.81 in chips)
Seat 7: VolkovDmitri ($199.14 in chips)
ladnavoda: posts small blind $1
VolkovDmitri: posts big blind $3
*** HOLE CARDS ***
ladnavoda: raises $3 to $6
VolkovDmitri: folds
Uncalled bet ($3) returned to ladnavoda
ladnavoda collected $6 from pot
ladnavoda: doesn't show hand
*** SUMMARY ***
Total pot $6 | Rake $0
Seat 5: ladnavoda (button) (small blind) collected ($6)
Seat 7: VolkovDmitri (big blind) folded before Flop


PokerStars Hand #157514488243:  Hold'em Limit ($3/$6 USD) - 2016/08/20 11:28:22 ET
Table 'Fini' 10-max Seat #7 is the button
Seat 5: ladnavoda ($37.05 in chips)
Seat 7: VolkovDmitri ($205.14 in chips)
VolkovDmitri: posts small blind $1
ladnavoda: posts big blind $3
*** HOLE CARDS ***
VolkovDmitri: calls $2
ladnavoda: raises $3 to $6
VolkovDmitri: calls $3
*** FLOP *** [4h 8s Ac]
ladnavoda: bets $3
VolkovDmitri: folds
Uncalled bet ($3) returned to ladnavoda
ladnavoda collected $11.76 from pot
ladnavoda: doesn't show hand
*** SUMMARY ***
Total pot $12 | Rake $0.24
Board [4h 8s Ac]
Seat 5: ladnavoda (big blind) collected ($11.76)
Seat 7: VolkovDmitri (button) (small blind) folded on the Flop


PokerStars Hand #157514473259:  Hold'em Limit ($3/$6 USD) - 2016/08/20 11:27:56 ET
Table 'Fini' 10-max Seat #5 is the button
Seat 5: ladnavoda ($64.05 in chips)
Seat 7: VolkovDmitri ($178.64 in chips)
ladnavoda: posts small blind $1
VolkovDmitri: posts big blind $3
*** HOLE CARDS ***
ladnavoda: raises $3 to $6
VolkovDmitri: calls $3
*** FLOP *** [7c 6d Qd]
VolkovDmitri: checks
ladnavoda: bets $3
VolkovDmitri: calls $3
*** TURN *** [7c 6d Qd] [9d]
VolkovDmitri: checks
ladnavoda: checks
*** RIVER *** [7c 6d Qd 9d] [Kh]
VolkovDmitri: bets $6
ladnavoda: raises $6 to $12
VolkovDmitri: raises $6 to $18
ladnavoda: calls $6
*** SHOW DOWN ***
VolkovDmitri: shows [Jc Th] (a straight, Nine to King)
ladnavoda: mucks hand
VolkovDmitri collected $53.50 from pot
*** SUMMARY ***
Total pot $54 | Rake $0.50
Board [7c 6d Qd 9d Kh]
Seat 5: ladnavoda (button) (small blind) mucked
Seat 7: VolkovDmitri (big blind) showed [Jc Th] and won ($53.50) with a straight, Nine to King


PokerStars Hand #157514499371:  Hold'em Limit ($3/$6 USD) - 2016/08/20 11:28:41 ET
Table 'Fini' 10-max Seat #7 is the button
Seat 5: ladnavoda ($45.81 in chips)
Seat 7: VolkovDmitri ($196.14 in chips)
VolkovDmitri: posts small blind $1
ladnavoda: posts big blind $3
*** HOLE CARDS ***
VolkovDmitri: raises $3 to $6
ladnavoda: calls $3
*** FLOP *** [3d 2d Th]
ladnavoda: checks
VolkovDmitri: bets $3
ladnavoda: folds
Uncalled bet ($3) returned to VolkovDmitri
VolkovDmitri collected $11.76 from pot
VolkovDmitri: doesn't show hand
*** SUMMARY ***
Total pot $12 | Rake $0.24
Board [3d 2d Th]
Seat 5: ladnavoda (big blind) folded on the Flop
Seat 7: VolkovDmitri (button) (small blind) collected ($11.76)


PokerStars Hand #157514509036:  Hold'em Limit ($3/$6 USD) - 2016/08/20 11:28:57 ET
Table 'Fini' 10-max Seat #5 is the button
Seat 5: ladnavoda ($39.81 in chips)
Seat 7: VolkovDmitri ($201.90 in chips)
ladnavoda: posts small blind $1
VolkovDmitri: posts big blind $3
*** HOLE CARDS ***
ladnavoda: raises $3 to $6
VolkovDmitri: calls $3
*** FLOP *** [Td 4d Js]
VolkovDmitri: checks
ladnavoda: bets $3
VolkovDmitri: calls $3
*** TURN *** [Td 4d Js] [4c]
VolkovDmitri: checks
mh1111 joins the table at seat #3
ladnavoda: bets $6
VolkovDmitri: calls $6
*** RIVER *** [Td 4d Js 4c] [5s]
VolkovDmitri: checks
ladnavoda: bets $6
VolkovDmitri: calls $6
*** SHOW DOWN ***
ladnavoda: shows [Tc 7h] (two pair, Tens and Fours)
VolkovDmitri: mucks hand
ladnavoda collected $41.50 from pot
*** SUMMARY ***
Total pot $42 | Rake $0.50
Board [Td 4d Js 4c 5s]
Seat 5: ladnavoda (button) (small blind) showed [Tc 7h] and won ($41.50) with two pair, Tens and Fours
Seat 7: VolkovDmitri (big blind) mucked


PokerStars Hand #157517534478:  Hold'em Limit ($3/$6 USD) - 2016/08/20 12:51:53 ET
Table 'Fini' 10-max Seat #10 is the button
Seat 1: VolkovDmitri ($152.60 in chips)
Seat 10: Kaukadiginte ($101.25 in chips)
Kaukadiginte: posts small blind $1
VolkovDmitri: posts big blind $3
*** HOLE CARDS ***
Kaukadiginte: folds
Uncalled bet ($2) returned to VolkovDmitri
VolkovDmitri collected $2 from pot
VolkovDmitri: doesn't show hand
*** SUMMARY ***
Total pot $2 | Rake $0
Seat 1: VolkovDmitri (big blind) collected ($2)
Seat 10: Kaukadiginte (button) (small blind) folded before Flop


PokerStars Hand #157517508338:  Hold'em Limit ($3/$6 USD) - 2016/08/20 12:51:14 ET
Table 'Fini' 10-max Seat #1 is the button
Seat 1: VolkovDmitri ($161.60 in chips)
Seat 10: Kaukadiginte ($92.61 in chips)
VolkovDmitri: posts small blind $1
Actionni13: is sitting out
Kaukadiginte: posts big blind $3
*** HOLE CARDS ***
VolkovDmitri: raises $3 to $6
Jan Duda leaves the table
Kaukadiginte: calls $3
*** FLOP *** [8s As Kd]
Kaukadiginte: checks
VolkovDmitri: bets $3
Kaukadiginte: calls $3
*** TURN *** [8s As Kd] [2d]
Kaukadiginte: checks
VolkovDmitri: checks
*** RIVER *** [8s As Kd 2d] [6s]
Kaukadiginte: checks
VolkovDmitri: checks
*** SHOW DOWN ***
Kaukadiginte: shows [8h 5d] (a pair of Eights)
VolkovDmitri: mucks hand
Kaukadiginte collected $17.64 from pot
*** SUMMARY ***
Total pot $18 | Rake $0.36
Board [8s As Kd 2d 6s]
Seat 1: VolkovDmitri (button) (small blind) mucked
Seat 10: Kaukadiginte (big blind) showed [8h 5d] and won ($17.64) with a pair of Eights


PokerStars Hand #157517568127:  Hold'em Limit ($3/$6 USD) - 2016/08/20 12:52:43 ET
Table 'Fini' 10-max Seat #10 is the button
Seat 1: VolkovDmitri ($132.60 in chips)
Seat 10: Kaukadiginte ($120.75 in chips)
Kaukadiginte: posts small blind $1
VolkovDmitri: posts big blind $3
*** HOLE CARDS ***
Kaukadiginte: folds
Uncalled bet ($2) returned to VolkovDmitri
VolkovDmitri collected $2 from pot
VolkovDmitri: doesn't show hand
*** SUMMARY ***
Total pot $2 | Rake $0
Seat 1: VolkovDmitri (big blind) collected ($2)
Seat 10: Kaukadiginte (button) (small blind) folded before Flop


PokerStars Hand #157517539778:  Hold'em Limit ($3/$6 USD) - 2016/08/20 12:52:00 ET
Table 'Fini' 10-max Seat #1 is the button
Seat 1: VolkovDmitri ($153.60 in chips)
Seat 10: Kaukadiginte ($100.25 in chips)
VolkovDmitri: posts small blind $1
Kaukadiginte: posts big blind $3
*** HOLE CARDS ***
VolkovDmitri: raises $3 to $6
Kaukadiginte: calls $3
*** FLOP *** [6h 4s Js]
Kaukadiginte: checks
VolkovDmitri: bets $3
Kaukadiginte: calls $3
*** TURN *** [6h 4s Js] [Kd]
Kaukadiginte: bets $6
VolkovDmitri: calls $6
*** RIVER *** [6h 4s Js Kd] [6s]
Kaukadiginte: bets $6
VolkovDmitri: calls $6
*** SHOW DOWN ***
Kaukadiginte: shows [Kh Qh] (two pair, Kings and Sixes)
VolkovDmitri: mucks hand
Kaukadiginte collected $41.50 from pot
*** SUMMARY ***
Total pot $42 | Rake $0.50
Board [6h 4s Js Kd 6s]
Seat 1: VolkovDmitri (button) (small blind) mucked
Seat 10: Kaukadiginte (big blind) showed [Kh Qh] and won ($41.50) with two pair, Kings and Sixes


PokerStars Hand #157517582837:  Hold'em Limit ($3/$6 USD) - 2016/08/20 12:53:05 ET
Table 'Fini' 10-max Seat #10 is the button
Seat 1: VolkovDmitri ($132.60 in chips)
Seat 10: Kaukadiginte ($120.75 in chips)
Kaukadiginte: posts small blind $1
VolkovDmitri: posts big blind $3
*** HOLE CARDS ***
Kaukadiginte: folds
Uncalled bet ($2) returned to VolkovDmitri
VolkovDmitri collected $2 from pot
VolkovDmitri: doesn't show hand
*** SUMMARY ***
Total pot $2 | Rake $0
Seat 1: VolkovDmitri (big blind) collected ($2)
Seat 10: Kaukadiginte (button) (small blind) folded before Flop


PokerStars Hand #157517572124:  Hold'em Limit ($3/$6 USD) - 2016/08/20 12:52:49 ET
Table 'Fini' 10-max Seat #1 is the button
Seat 1: VolkovDmitri ($133.60 in chips)
Seat 10: Kaukadiginte ($119.75 in chips)
VolkovDmitri: posts small blind $1
Kaukadiginte: posts big blind $3
*** HOLE CARDS ***
VolkovDmitri: folds
Uncalled bet ($2) returned to Kaukadiginte
Kaukadiginte collected $2 from pot
Kaukadiginte: doesn't show hand
*** SUMMARY ***
Total pot $2 | Rake $0
Seat 1: VolkovDmitri (button) (small blind) folded before Flop
Seat 10: Kaukadiginte (big blind) collected ($2)


PokerStars Hand #157517605768:  Hold'em Limit ($3/$6 USD) - 2016/08/20 12:53:39 ET
Table 'Fini' 10-max Seat #10 is the button
Seat 1: VolkovDmitri ($140.60 in chips)
Seat 10: Kaukadiginte ($112.75 in chips)
Kaukadiginte: posts small blind $1
VolkovDmitri: posts big blind $3
*** HOLE CARDS ***
Kaukadiginte: folds
Uncalled bet ($2) returned to VolkovDmitri
VolkovDmitri collected $2 from pot
VolkovDmitri: doesn't show hand
*** SUMMARY ***
Total pot $2 | Rake $0
Seat 1: VolkovDmitri (big blind) collected ($2)
Seat 10: Kaukadiginte (button) (small blind) folded before Flop


PokerStars Hand #157517599886:  Hold'em Limit ($3/$6 USD) - 2016/08/20 12:53:30 ET
Table 'Fini' 10-max Seat #1 is the button
Seat 1: VolkovDmitri ($137.60 in chips)
Seat 10: Kaukadiginte ($115.75 in chips)
VolkovDmitri: posts small blind $1
Kaukadiginte: posts big blind $3
*** HOLE CARDS ***
VolkovDmitri: raises $3 to $6
Kaukadiginte: folds
Uncalled bet ($3) returned to VolkovDmitri
VolkovDmitri collected $6 from pot
VolkovDmitri: doesn't show hand
*** SUMMARY ***
Total pot $6 | Rake $0
Seat 1: VolkovDmitri (button) (small blind) collected ($6)
Seat 10: Kaukadiginte (big blind) folded before Flop


PokerStars Hand #157517596452:  Hold'em Limit ($3/$6 USD) - 2016/08/20 12:53:25 ET
Table 'Fini' 10-max Seat #10 is the button
Seat 1: VolkovDmitri ($136.60 in chips)
Seat 10: Kaukadiginte ($116.75 in chips)
Kaukadiginte: posts small blind $1
VolkovDmitri: posts big blind $3
*** HOLE CARDS ***
Kaukadiginte: folds
Uncalled bet ($2) returned to VolkovDmitri
VolkovDmitri collected $2 from pot
VolkovDmitri: doesn't show hand
*** SUMMARY ***
Total pot $2 | Rake $0
Seat 1: VolkovDmitri (big blind) collected ($2)
Seat 10: Kaukadiginte (button) (small blind) folded before Flop


PokerStars Hand #157517586762:  Hold'em Limit ($3/$6 USD) - 2016/08/20 12:53:10 ET
Table 'Fini' 10-max Seat #1 is the button
Seat 1: VolkovDmitri ($133.60 in chips)
Seat 10: Kaukadiginte ($119.75 in chips)
VolkovDmitri: posts small blind $1
Kaukadiginte: posts big blind $3
*** HOLE CARDS ***
VolkovDmitri: raises $3 to $6
Kaukadiginte: folds
Uncalled bet ($3) returned to VolkovDmitri
VolkovDmitri collected $6 from pot
VolkovDmitri: doesn't show hand
*** SUMMARY ***
Total pot $6 | Rake $0
Seat 1: VolkovDmitri (button) (small blind) collected ($6)
Seat 10: Kaukadiginte (big blind) folded before Flop


PokerStars Hand #157517632066:  Hold'em Limit ($3/$6 USD) - 2016/08/20 12:54:18 ET
Table 'Fini' 10-max Seat #10 is the button
Seat 1: VolkovDmitri ($162.10 in chips)
Seat 10: Kaukadiginte ($90.75 in chips)
Kaukadiginte: posts small blind $1
VolkovDmitri: posts big blind $3
*** HOLE CARDS ***
Kaukadiginte: calls $2
VolkovDmitri: checks
*** FLOP *** [7c 2s As]
Actionni13 leaves the table
VolkovDmitri: bets $3
Kaukadiginte: calls $3
*** TURN *** [7c 2s As] [3s]
VolkovDmitri: checks
Kaukadiginte: bets $6
VolkovDmitri: folds
Uncalled bet ($6) returned to Kaukadiginte
Kaukadiginte collected $11.76 from pot
Kaukadiginte: doesn't show hand
*** SUMMARY ***
Total pot $12 | Rake $0.24
Board [7c 2s As 3s]
Seat 1: VolkovDmitri (big blind) folded on the Turn
Seat 10: Kaukadiginte (button) (small blind) collected ($11.76)


PokerStars Hand #157517658054:  Hold'em Limit ($3/$6 USD) - 2016/08/20 12:54:57 ET
Table 'Fini' 10-max Seat #1 is the button
Seat 1: VolkovDmitri ($156.10 in chips)
Seat 10: Kaukadiginte ($96.51 in chips)
VolkovDmitri: posts small blind $1
Kaukadiginte: posts big blind $3
*** HOLE CARDS ***
VolkovDmitri: raises $3 to $6
Kaukadiginte: folds
Uncalled bet ($3) returned to VolkovDmitri
VolkovDmitri collected $6 from pot
VolkovDmitri: doesn't show hand
*** SUMMARY ***
Total pot $6 | Rake $0
Seat 1: VolkovDmitri (button) (small blind) collected ($6)
Seat 10: Kaukadiginte (big blind) folded before Flop


PokerStars Hand #157517609294:  Hold'em Limit ($3/$6 USD) - 2016/08/20 12:53:44 ET
Table 'Fini' 10-max Seat #1 is the button
Seat 1: VolkovDmitri ($141.60 in chips)
Seat 10: Kaukadiginte ($111.75 in chips)
VolkovDmitri: posts small blind $1
Kaukadiginte: posts big blind $3
*** HOLE CARDS ***
VolkovDmitri: raises $3 to $6
Kaukadiginte: calls $3
*** FLOP *** [Td 9c 9d]
Kaukadiginte: bets $3
VolkovDmitri: calls $3
*** TURN *** [Td 9c 9d] [4h]
Kaukadiginte: bets $6
VolkovDmitri: calls $6
*** RIVER *** [Td 9c 9d 4h] [Qc]
Kaukadiginte: bets $6
VolkovDmitri: calls $6
*** SHOW DOWN ***
Kaukadiginte: shows [2d Jd] (a pair of Nines)
VolkovDmitri: shows [4c Jc] (two pair, Nines and Fours)
VolkovDmitri collected $41.50 from pot
*** SUMMARY ***
Total pot $42 | Rake $0.50
Board [Td 9c 9d 4h Qc]
Seat 1: VolkovDmitri (button) (small blind) showed [4c Jc] and won ($41.50) with two pair, Nines and Fours
Seat 10: Kaukadiginte (big blind) showed [2d Jd] and lost with a pair of Nines


PokerStars Hand #157517665771:  Hold'em Limit ($3/$6 USD) - 2016/08/20 12:55:08 ET
Table 'Fini' 10-max Seat #10 is the button
Seat 1: VolkovDmitri ($159.10 in chips)
Seat 10: Kaukadiginte ($93.51 in chips)
Kaukadiginte: posts small blind $1
VolkovDmitri: posts big blind $3
*** HOLE CARDS ***
Kaukadiginte: calls $2
VolkovDmitri: checks
*** FLOP *** [2s 9h Jc]
VolkovDmitri: bets $3
Kaukadiginte: calls $3
*** TURN *** [2s 9h Jc] [3s]
VolkovDmitri: bets $6
Kaukadiginte: calls $6
*** RIVER *** [2s 9h Jc 3s] [5c]
VolkovDmitri: bets $6
Kaukadiginte: folds
Uncalled bet ($6) returned to VolkovDmitri
VolkovDmitri collected $23.52 from pot
VolkovDmitri: doesn't show hand
*** SUMMARY ***
Total pot $24 | Rake $0.48
Board [2s 9h Jc 3s 5c]
Seat 1: VolkovDmitri (big blind) collected ($23.52)
Seat 10: Kaukadiginte (button) (small blind) folded on the River


PokerStars Hand #157517702226:  Hold'em Limit ($3/$6 USD) - 2016/08/20 12:56:24 ET
Table 'Fini' 10-max Seat #10 is the button
Seat 1: VolkovDmitri ($179.26 in chips)
Seat 10: Kaukadiginte ($72.51 in chips)
Kaukadiginte: posts small blind $1
VolkovDmitri: posts big blind $3
*** HOLE CARDS ***
Kaukadiginte: calls $2
VolkovDmitri: raises $3 to $6
Kaukadiginte: calls $3
*** FLOP *** [6d 4c Jc]
VolkovDmitri: bets $3
Kaukadiginte: calls $3
*** TURN *** [6d 4c Jc] [9s]
VolkovDmitri: bets $6
Kaukadiginte: calls $6
*** RIVER *** [6d 4c Jc 9s] [7c]
VolkovDmitri: bets $6
Kaukadiginte: raises $6 to $12
VolkovDmitri: calls $6
*** SHOW DOWN ***
Kaukadiginte: shows [Tc 6c] (a flush, Jack high)
VolkovDmitri: mucks hand
Kaukadiginte collected $53.50 from pot
*** SUMMARY ***
Total pot $54 | Rake $0.50
Board [6d 4c Jc 9s 7c]
Seat 1: VolkovDmitri (big blind) mucked
Seat 10: Kaukadiginte (button) (small blind) showed [Tc 6c] and won ($53.50) with a flush, Jack high


PokerStars Hand #157517717359:  Hold'em Limit ($3/$6 USD) - 2016/08/20 12:56:55 ET
Table 'Fini' 10-max Seat #10 is the button
Seat 1: VolkovDmitri ($155.26 in chips)
Seat 10: Kaukadiginte ($96.01 in chips)
Kaukadiginte: posts small blind $1
VolkovDmitri: posts big blind $3
*** HOLE CARDS ***
Kaukadiginte: folds
Uncalled bet ($2) returned to VolkovDmitri
VolkovDmitri collected $2 from pot
VolkovDmitri: doesn't show hand
*** SUMMARY ***
Total pot $2 | Rake $0
Seat 1: VolkovDmitri (big blind) collected ($2)
Seat 10: Kaukadiginte (button) (small blind) folded before Flop


PokerStars Hand #157517714613:  Hold'em Limit ($3/$6 USD) - 2016/08/20 12:56:49 ET
Table 'Fini' 10-max Seat #1 is the button
Seat 1: VolkovDmitri ($152.26 in chips)
Seat 10: Kaukadiginte ($99.01 in chips)
VolkovDmitri: posts small blind $1
Kaukadiginte: posts big blind $3
*** HOLE CARDS ***
VolkovDmitri: raises $3 to $6
Kaukadiginte: folds
Uncalled bet ($3) returned to VolkovDmitri
VolkovDmitri collected $6 from pot
VolkovDmitri: doesn't show hand
*** SUMMARY ***
Total pot $6 | Rake $0
Seat 1: VolkovDmitri (button) (small blind) collected ($6)
Seat 10: Kaukadiginte (big blind) folded before Flop


PokerStars Hand #157517687907:  Hold'em Limit ($3/$6 USD) - 2016/08/20 12:55:54 ET
Table 'Fini' 10-max Seat #1 is the button
Seat 1: VolkovDmitri ($170.62 in chips)
Seat 10: Kaukadiginte ($81.51 in chips)
VolkovDmitri: posts small blind $1
Kaukadiginte: posts big blind $3
*** HOLE CARDS ***
VolkovDmitri: raises $3 to $6
Kaukadiginte: calls $3
*** FLOP *** [Ad 8h Qh]
Kaukadiginte: checks
VolkovDmitri: bets $3
Kaukadiginte: calls $3
*** TURN *** [Ad 8h Qh] [9c]
Kaukadiginte: checks
VolkovDmitri: checks
*** RIVER *** [Ad 8h Qh 9c] [Jh]
Kaukadiginte: checks
VolkovDmitri: bets $6
Kaukadiginte: folds
Uncalled bet ($6) returned to VolkovDmitri
VolkovDmitri collected $17.64 from pot
VolkovDmitri: doesn't show hand
*** SUMMARY ***
Total pot $18 | Rake $0.36
Board [Ad 8h Qh 9c Jh]
Seat 1: VolkovDmitri (button) (small blind) collected ($17.64)
Seat 10: Kaukadiginte (big blind) folded on the River


PokerStars Hand #157517740678:  Hold'em Limit ($3/$6 USD) - 2016/08/20 12:57:43 ET
Table 'Fini' 10-max Seat #1 is the button
Seat 1: VolkovDmitri ($158.90 in chips)
Seat 10: Kaukadiginte ($91.77 in chips)
VolkovDmitri: posts small blind $1
Kaukadiginte: posts big blind $3
*** HOLE CARDS ***
VolkovDmitri: raises $3 to $6
Kaukadiginte: folds
Uncalled bet ($3) returned to VolkovDmitri
VolkovDmitri collected $6 from pot
VolkovDmitri: doesn't show hand
*** SUMMARY ***
Total pot $6 | Rake $0
Seat 1: VolkovDmitri (button) (small blind) collected ($6)
Seat 10: Kaukadiginte (big blind) folded before Flop


PokerStars Hand #157517729115:  Hold'em Limit ($3/$6 USD) - 2016/08/20 12:57:19 ET
Table 'Fini' 10-max Seat #10 is the button
Seat 1: VolkovDmitri ($150.26 in chips)
Seat 10: Kaukadiginte ($100.77 in chips)
Kaukadiginte: posts small blind $1
VolkovDmitri: posts big blind $3
*** HOLE CARDS ***
Kaukadiginte: calls $2
VolkovDmitri: raises $3 to $6
Kaukadiginte: calls $3
*** FLOP *** [4d 2s 3c]
VolkovDmitri: bets $3
Kaukadiginte: calls $3
*** TURN *** [4d 2s 3c] [Jh]
VolkovDmitri: bets $6
Kaukadiginte: folds
Uncalled bet ($6) returned to VolkovDmitri
VolkovDmitri collected $17.64 from pot
VolkovDmitri: doesn't show hand
*** SUMMARY ***
Total pot $18 | Rake $0.36
Board [4d 2s 3c Jh]
Seat 1: VolkovDmitri (big blind) collected ($17.64)
Seat 10: Kaukadiginte (button) (small blind) folded on the Turn


PokerStars Hand #157517719870:  Hold'em Limit ($3/$6 USD) - 2016/08/20 12:57:00 ET
Table 'Fini' 10-max Seat #1 is the button
Seat 1: VolkovDmitri ($156.26 in chips)
Seat 10: Kaukadiginte ($95.01 in chips)
VolkovDmitri: posts small blind $1
Kaukadiginte: posts big blind $3
*** HOLE CARDS ***
VolkovDmitri: raises $3 to $6
Kaukadiginte: calls $3
*** FLOP *** [Kh As 3s]
Kaukadiginte: bets $3
VolkovDmitri: folds
Uncalled bet ($3) returned to Kaukadiginte
Kaukadiginte collected $11.76 from pot
Kaukadiginte: doesn't show hand
*** SUMMARY ***
Total pot $12 | Rake $0.24
Board [Kh As 3s]
Seat 1: VolkovDmitri (button) (small blind) folded on the Flop
Seat 10: Kaukadiginte (big blind) collected ($11.76)


PokerStars Hand #157517767136:  Hold'em Limit ($3/$6 USD) - 2016/08/20 12:58:18 ET
Table 'Fini' 10-max Seat #1 is the button
Seat 1: VolkovDmitri ($152.90 in chips)
Seat 10: Kaukadiginte ($97.41 in chips)
VolkovDmitri: posts small blind $1
Kaukadiginte: posts big blind $3
*** HOLE CARDS ***
VolkovDmitri: raises $3 to $6
Kaukadiginte: folds
Uncalled bet ($3) returned to VolkovDmitri
VolkovDmitri collected $6 from pot
VolkovDmitri: doesn't show hand
*** SUMMARY ***
Total pot $6 | Rake $0
Seat 1: VolkovDmitri (button) (small blind) collected ($6)
Seat 10: Kaukadiginte (big blind) folded before Flop


PokerStars Hand #157517745549:  Hold'em Limit ($3/$6 USD) - 2016/08/20 12:57:53 ET
Table 'Fini' 10-max Seat #10 is the button
Seat 1: VolkovDmitri ($161.90 in chips)
Seat 10: Kaukadiginte ($88.77 in chips)
Kaukadiginte: posts small blind $1
VolkovDmitri: posts big blind $3
*** HOLE CARDS ***
Kaukadiginte: calls $2
VolkovDmitri: raises $3 to $6
Kaukadiginte: calls $3
*** FLOP *** [As 2d 9h]
VolkovDmitri: bets $3
Kaukadiginte: calls $3
*** TURN *** [As 2d 9h] [Kc]
VolkovDmitri: checks
Kaukadiginte: bets $6
VolkovDmitri: folds
Uncalled bet ($6) returned to Kaukadiginte
Kaukadiginte collected $17.64 from pot
Kaukadiginte: doesn't show hand
*** SUMMARY ***
Total pot $18 | Rake $0.36
Board [As 2d 9h Kc]
Seat 1: VolkovDmitri (big blind) folded on the Turn
Seat 10: Kaukadiginte (button) (small blind) collected ($17.64)


PokerStars Hand #157517784350:  Hold'em Limit ($3/$6 USD) - 2016/08/20 12:58:52 ET
Table 'Fini' 10-max Seat #1 is the button
Seat 1: VolkovDmitri ($134.90 in chips)
Seat 10: Kaukadiginte ($114.91 in chips)
VolkovDmitri: posts small blind $1
Kaukadiginte: posts big blind $3
*** HOLE CARDS ***
VolkovDmitri: folds
Uncalled bet ($2) returned to Kaukadiginte
Kaukadiginte collected $2 from pot
Kaukadiginte: doesn't show hand
*** SUMMARY ***
Total pot $2 | Rake $0
Seat 1: VolkovDmitri (button) (small blind) folded before Flop
Seat 10: Kaukadiginte (big blind) collected ($2)


PokerStars Hand #157517772164:  Hold'em Limit ($3/$6 USD) - 2016/08/20 12:58:28 ET
Table 'Fini' 10-max Seat #10 is the button
Seat 1: VolkovDmitri ($155.90 in chips)
Seat 10: Kaukadiginte ($94.41 in chips)
Kaukadiginte: posts small blind $1
VolkovDmitri: posts big blind $3
*** HOLE CARDS ***
Kaukadiginte: calls $2
VolkovDmitri: raises $3 to $6
Kaukadiginte: calls $3
*** FLOP *** [4c 9h Ks]
VolkovDmitri: bets $3
Kaukadiginte: calls $3
*** TURN *** [4c 9h Ks] [Jd]
VolkovDmitri: bets $6
Kaukadiginte: calls $6
*** RIVER *** [4c 9h Ks Jd] [2c]
VolkovDmitri: checks
Kaukadiginte: bets $6
VolkovDmitri: calls $6
*** SHOW DOWN ***
Kaukadiginte: shows [8d Ac] (high card Ace)
VolkovDmitri: mucks hand
Kaukadiginte collected $41.50 from pot
*** SUMMARY ***
Total pot $42 | Rake $0.50
Board [4c 9h Ks Jd 2c]
Seat 1: VolkovDmitri (big blind) mucked
Seat 10: Kaukadiginte (button) (small blind) showed [8d Ac] and won ($41.50) with high card Ace


PokerStars Hand #157517788948:  Hold'em Limit ($3/$6 USD) - 2016/08/20 12:59:02 ET
Table 'Fini' 10-max Seat #10 is the button
Seat 1: VolkovDmitri ($133.90 in chips)
Seat 10: Kaukadiginte ($115.91 in chips)
Kaukadiginte: posts small blind $1
VolkovDmitri: posts big blind $3
*** HOLE CARDS ***
Kaukadiginte: calls $2
VolkovDmitri: checks
*** FLOP *** [6h Ad 6c]
VolkovDmitri: bets $3
Kaukadiginte: calls $3
*** TURN *** [6h Ad 6c] [5d]
VolkovDmitri: checks
Kaukadiginte: checks
*** RIVER *** [6h Ad 6c 5d] [4c]
VolkovDmitri: checks
Kaukadiginte: checks
*** SHOW DOWN ***
VolkovDmitri: shows [3d 4d] (two pair, Sixes and Fours)
Kaukadiginte: mucks hand
VolkovDmitri collected $11.76 from pot
*** SUMMARY ***
Total pot $12 | Rake $0.24
Board [6h Ad 6c 5d 4c]
Seat 1: VolkovDmitri (big blind) showed [3d 4d] and won ($11.76) with two pair, Sixes and Fours
Seat 10: Kaukadiginte (button) (small blind) mucked


