PokerStars Hand #159719758051:  Hold'em Limit ($3/$6 USD) - 2016/10/09 21:05:32 ET
Table 'Fini' 6-max Seat #3 is the button
Seat 3: jrisaacnet ($52.50 in chips)
Seat 4: LolDnkaments ($72 in chips)
jrisaacnet: posts small blind $1
LolDnkaments: posts big blind $3
*** HOLE CARDS ***
jrisaacnet: calls $2
LolDnkaments: checks
*** FLOP *** [8h Jh Td]
LolDnkaments: checks
jrisaacnet: bets $3
LolDnkaments: folds
Uncalled bet ($3) returned to jrisaacnet
jrisaacnet collected $5.88 from pot
*** SUMMARY ***
Total pot $6 | Rake $0.12
Board [8h Jh Td]
Seat 3: jrisaacnet (button) (small blind) collected ($5.88)
Seat 4: LolDnkaments (big blind) folded on the Flop


PokerStars Hand #159719774914:  Hold'em Limit ($3/$6 USD) - 2016/10/09 21:06:14 ET
Table 'Fini' 6-max Seat #4 is the button
Seat 3: jrisaacnet ($60.90 in chips)
Seat 4: LolDnkaments ($72 in chips)
LolDnkaments: posts small blind $1
jrisaacnet: posts big blind $3
*** HOLE CARDS ***
LolDnkaments: raises $3 to $6
jrisaacnet: calls $3
*** FLOP *** [4s 5h 2d]
jrisaacnet: checks
LolDnkaments: bets $3
jrisaacnet: calls $3
*** TURN *** [4s 5h 2d] [Qh]
jrisaacnet: checks
LolDnkaments: bets $6
jrisaacnet: calls $6
*** RIVER *** [4s 5h 2d Qh] [Tc]
jrisaacnet: checks
LolDnkaments: bets $6
jrisaacnet: folds
Uncalled bet ($6) returned to LolDnkaments
LolDnkaments collected $29.50 from pot
LolDnkaments: doesn't show hand
*** SUMMARY ***
Total pot $30 | Rake $0.50
Board [4s 5h 2d Qh Tc]
Seat 3: jrisaacnet (big blind) folded on the River
Seat 4: LolDnkaments (button) (small blind) collected ($29.50)


PokerStars Hand #159719763229:  Hold'em Limit ($3/$6 USD) - 2016/10/09 21:05:45 ET
Table 'Fini' 6-max Seat #4 is the button
Seat 3: jrisaacnet ($55.38 in chips)
Seat 4: LolDnkaments ($72 in chips)
LolDnkaments: posts small blind $1
jrisaacnet: posts big blind $3
*** HOLE CARDS ***
LolDnkaments: raises $3 to $6
jrisaacnet: calls $3
*** FLOP *** [As Ks 6c]
jrisaacnet: checks
LolDnkaments: bets $3
jrisaacnet: folds
Uncalled bet ($3) returned to LolDnkaments
LolDnkaments collected $11.76 from pot
LolDnkaments: doesn't show hand
*** SUMMARY ***
Total pot $12 | Rake $0.24
Board [As Ks 6c]
Seat 3: jrisaacnet (big blind) folded on the Flop
Seat 4: LolDnkaments (button) (small blind) collected ($11.76)


PokerStars Hand #159719768996:  Hold'em Limit ($3/$6 USD) - 2016/10/09 21:05:59 ET
Table 'Fini' 6-max Seat #3 is the button
Seat 3: jrisaacnet ($49.38 in chips)
Seat 4: LolDnkaments ($77.76 in chips)
jrisaacnet: posts small blind $1
LolDnkaments: posts big blind $3
*** HOLE CARDS ***
jrisaacnet: raises $3 to $6
LolDnkaments: raises $3 to $9
jrisaacnet: calls $3
*** FLOP *** [Qd Ad 6s]
LolDnkaments: bets $3
jrisaacnet: raises $3 to $6
LolDnkaments: folds
Uncalled bet ($3) returned to jrisaacnet
jrisaacnet collected $23.52 from pot
jrisaacnet: doesn't show hand
*** SUMMARY ***
Total pot $24 | Rake $0.48
Board [Qd Ad 6s]
Seat 3: jrisaacnet (button) (small blind) collected ($23.52)
Seat 4: LolDnkaments (big blind) folded on the Flop


PokerStars Hand #159719793708:  Hold'em Limit ($3/$6 USD) - 2016/10/09 21:07:01 ET
Table 'Fini' 6-max Seat #4 is the button
Seat 3: jrisaacnet ($72.40 in chips)
Seat 4: LolDnkaments ($72 in chips)
LolDnkaments: posts small blind $1
jrisaacnet: posts big blind $3
*** HOLE CARDS ***
LolDnkaments: raises $3 to $6
jrisaacnet: calls $3
*** FLOP *** [9h 3c 3s]
jrisaacnet: checks
LolDnkaments: bets $3
jrisaacnet: raises $3 to $6
LolDnkaments: folds
Uncalled bet ($3) returned to jrisaacnet
jrisaacnet collected $17.64 from pot
jrisaacnet: doesn't show hand
*** SUMMARY ***
Total pot $18 | Rake $0.36
Board [9h 3c 3s]
Seat 3: jrisaacnet (big blind) collected ($17.64)
Seat 4: LolDnkaments (button) (small blind) folded on the Flop


PokerStars Hand #159719784154:  Hold'em Limit ($3/$6 USD) - 2016/10/09 21:06:37 ET
Table 'Fini' 6-max Seat #3 is the button
Seat 3: jrisaacnet ($45.90 in chips)
Seat 4: LolDnkaments ($86.50 in chips)
jrisaacnet: posts small blind $1
LolDnkaments: posts big blind $3
*** HOLE CARDS ***
jrisaacnet: raises $3 to $6
LolDnkaments: calls $3
*** FLOP *** [2s 9h 5c]
LolDnkaments: checks
jrisaacnet: bets $3
LolDnkaments: calls $3
*** TURN *** [2s 9h 5c] [9d]
LolDnkaments: checks
jrisaacnet: bets $6
LolDnkaments: raises $6 to $12
jrisaacnet: calls $6
*** RIVER *** [2s 9h 5c 9d] [Qc]
LolDnkaments: bets $6
jrisaacnet: calls $6
*** SHOW DOWN ***
LolDnkaments: shows [8h 7c] (a pair of Nines)
jrisaacnet: shows [Js 2h] (two pair, Nines and Deuces)
jrisaacnet collected $53.50 from pot
*** SUMMARY ***
Total pot $54 | Rake $0.50
Board [2s 9h 5c 9d Qc]
Seat 3: jrisaacnet (button) (small blind) showed [Js 2h] and won ($53.50) with two pair, Nines and Deuces
Seat 4: LolDnkaments (big blind) showed [8h 7c] and lost with a pair of Nines


PokerStars Hand #159719801672:  Hold'em Limit ($3/$6 USD) - 2016/10/09 21:07:21 ET
Table 'Fini' 6-max Seat #3 is the button
Seat 3: jrisaacnet ($81.04 in chips)
Seat 4: LolDnkaments ($72 in chips)
jrisaacnet: posts small blind $1
LolDnkaments: posts big blind $3
*** HOLE CARDS ***
jrisaacnet: calls $2
LolDnkaments: checks
*** FLOP *** [Ks 7c Kc]
LolDnkaments: bets $3
jrisaacnet: calls $3
*** TURN *** [Ks 7c Kc] [6d]
LolDnkaments: bets $6
jrisaacnet: calls $6
*** RIVER *** [Ks 7c Kc 6d] [6s]
LolDnkaments: bets $6
jrisaacnet: calls $6
*** SHOW DOWN ***
LolDnkaments: shows [Jc 8s] (two pair, Kings and Sixes)
jrisaacnet: shows [Ac 4s] (two pair, Kings and Sixes - Ace kicker)
jrisaacnet collected $35.50 from pot
*** SUMMARY ***
Total pot $36 | Rake $0.50
Board [Ks 7c Kc 6d 6s]
Seat 3: jrisaacnet (button) (small blind) showed [Ac 4s] and won ($35.50) with two pair, Kings and Sixes
Seat 4: LolDnkaments (big blind) showed [Jc 8s] and lost with two pair, Kings and Sixes


PokerStars Hand #159719816468:  Hold'em Limit ($3/$6 USD) - 2016/10/09 21:07:58 ET
Table 'Fini' 6-max Seat #4 is the button
Seat 3: jrisaacnet ($94.54 in chips)
Seat 4: LolDnkaments ($76 in chips)
LolDnkaments: posts small blind $1
jrisaacnet: posts big blind $3
*** HOLE CARDS ***
LolDnkaments: raises $3 to $6
jrisaacnet: raises $3 to $9
LolDnkaments: calls $3
*** FLOP *** [Qs 7s Js]
jrisaacnet: bets $3
LolDnkaments: calls $3
*** TURN *** [Qs 7s Js] [2s]
jrisaacnet: bets $6
LolDnkaments: calls $6
*** RIVER *** [Qs 7s Js 2s] [7c]
jrisaacnet: checks
LolDnkaments: checks
*** SHOW DOWN ***
jrisaacnet: shows [Kh 6c] (a pair of Sevens)
LolDnkaments: shows [Kc 7h] (three of a kind, Sevens)
LolDnkaments collected $35.50 from pot
*** SUMMARY ***
Total pot $36 | Rake $0.50
Board [Qs 7s Js 2s 7c]
Seat 3: jrisaacnet (big blind) showed [Kh 6c] and lost with a pair of Sevens
Seat 4: LolDnkaments (button) (small blind) showed [Kc 7h] and won ($35.50) with three of a kind, Sevens


PokerStars Hand #159719814135:  Hold'em Limit ($3/$6 USD) - 2016/10/09 21:07:52 ET
Table 'Fini' 6-max Seat #3 is the button
Seat 3: jrisaacnet ($95.54 in chips)
Seat 4: LolDnkaments ($75 in chips)
jrisaacnet: posts small blind $1
LolDnkaments: posts big blind $3
*** HOLE CARDS ***
jrisaacnet: folds
Uncalled bet ($2) returned to LolDnkaments
LolDnkaments collected $2 from pot
LolDnkaments: doesn't show hand
*** SUMMARY ***
Total pot $2 | Rake $0
Seat 3: jrisaacnet (button) (small blind) folded before Flop
Seat 4: LolDnkaments (big blind) collected ($2)


PokerStars Hand #159719811395:  Hold'em Limit ($3/$6 USD) - 2016/10/09 21:07:45 ET
Table 'Fini' 6-max Seat #4 is the button
Seat 3: jrisaacnet ($98.54 in chips)
Seat 4: LolDnkaments ($72 in chips)
LolDnkaments: posts small blind $1
jrisaacnet: posts big blind $3
*** HOLE CARDS ***
LolDnkaments: raises $3 to $6
jrisaacnet: folds
Uncalled bet ($3) returned to LolDnkaments
LolDnkaments collected $6 from pot
LolDnkaments: doesn't show hand
*** SUMMARY ***
Total pot $6 | Rake $0
Seat 3: jrisaacnet (big blind) folded before Flop
Seat 4: LolDnkaments (button) (small blind) collected ($6)


PokerStars Hand #159719831582:  Hold'em Limit ($3/$6 USD) - 2016/10/09 21:08:36 ET
Table 'Fini' 6-max Seat #4 is the button
Seat 3: jrisaacnet ($79.42 in chips)
Seat 4: LolDnkaments ($90.50 in chips)
LolDnkaments: posts small blind $1
jrisaacnet: posts big blind $3
*** HOLE CARDS ***
LolDnkaments: folds
Uncalled bet ($2) returned to jrisaacnet
jrisaacnet collected $2 from pot
jrisaacnet: doesn't show hand
*** SUMMARY ***
Total pot $2 | Rake $0
Seat 3: jrisaacnet (big blind) collected ($2)
Seat 4: LolDnkaments (button) (small blind) folded before Flop


PokerStars Hand #159719825138:  Hold'em Limit ($3/$6 USD) - 2016/10/09 21:08:20 ET
Table 'Fini' 6-max Seat #3 is the button
Seat 3: jrisaacnet ($76.54 in chips)
Seat 4: LolDnkaments ($93.50 in chips)
jrisaacnet: posts small blind $1
LolDnkaments: posts big blind $3
*** HOLE CARDS ***
jrisaacnet: calls $2
LolDnkaments: checks
*** FLOP *** [Ks Th 6d]
LolDnkaments: checks
jrisaacnet: bets $3
LolDnkaments: folds
Uncalled bet ($3) returned to jrisaacnet
jrisaacnet collected $5.88 from pot
*** SUMMARY ***
Total pot $6 | Rake $0.12
Board [Ks Th 6d]
Seat 3: jrisaacnet (button) (small blind) collected ($5.88)
Seat 4: LolDnkaments (big blind) folded on the Flop


PokerStars Hand #159719838751:  Hold'em Limit ($3/$6 USD) - 2016/10/09 21:08:54 ET
Table 'Fini' 6-max Seat #4 is the button
Seat 3: jrisaacnet ($77.42 in chips)
Seat 4: LolDnkaments ($92.38 in chips)
LolDnkaments: posts small blind $1
jrisaacnet: posts big blind $3
*** HOLE CARDS ***
LolDnkaments: raises $3 to $6
jrisaacnet: raises $3 to $9
LolDnkaments: calls $3
*** FLOP *** [6c Jh 3h]
jrisaacnet: bets $3
LolDnkaments: folds
Uncalled bet ($3) returned to jrisaacnet
jrisaacnet collected $17.64 from pot
*** SUMMARY ***
Total pot $18 | Rake $0.36
Board [6c Jh 3h]
Seat 3: jrisaacnet (big blind) collected ($17.64)
Seat 4: LolDnkaments (button) (small blind) folded on the Flop


PokerStars Hand #159719844756:  Hold'em Limit ($3/$6 USD) - 2016/10/09 21:09:09 ET
Table 'Fini' 6-max Seat #3 is the button
Seat 3: jrisaacnet ($86.06 in chips)
Seat 4: LolDnkaments ($83.38 in chips)
jrisaacnet: posts small blind $1
LolDnkaments: posts big blind $3
*** HOLE CARDS ***
jrisaacnet: calls $2
LolDnkaments: checks
*** FLOP *** [9h Qc Jd]
LolDnkaments: checks
jrisaacnet: bets $3
LolDnkaments: folds
Uncalled bet ($3) returned to jrisaacnet
jrisaacnet collected $5.88 from pot
jrisaacnet: doesn't show hand
*** SUMMARY ***
Total pot $6 | Rake $0.12
Board [9h Qc Jd]
Seat 3: jrisaacnet (button) (small blind) collected ($5.88)
Seat 4: LolDnkaments (big blind) folded on the Flop


PokerStars Hand #159719833629:  Hold'em Limit ($3/$6 USD) - 2016/10/09 21:08:41 ET
Table 'Fini' 6-max Seat #3 is the button
Seat 3: jrisaacnet ($80.42 in chips)
Seat 4: LolDnkaments ($89.50 in chips)
jrisaacnet: posts small blind $1
LolDnkaments: posts big blind $3
*** HOLE CARDS ***
jrisaacnet: calls $2
LolDnkaments: checks
*** FLOP *** [Td Jd 2s]
LolDnkaments: checks
jrisaacnet: checks
*** TURN *** [Td Jd 2s] [Ah]
LolDnkaments: bets $6
jrisaacnet: folds
Uncalled bet ($6) returned to LolDnkaments
LolDnkaments collected $5.88 from pot
LolDnkaments: doesn't show hand
*** SUMMARY ***
Total pot $6 | Rake $0.12
Board [Td Jd 2s Ah]
Seat 3: jrisaacnet (button) (small blind) folded on the Turn
Seat 4: LolDnkaments (big blind) collected ($5.88)


PokerStars Hand #159719849883:  Hold'em Limit ($3/$6 USD) - 2016/10/09 21:09:27 ET
Table 'Fini' 6-max Seat #4 is the button
Seat 3: jrisaacnet ($88.94 in chips)
Seat 4: LolDnkaments ($80.38 in chips)
LolDnkaments: posts small blind $1
jrisaacnet: posts big blind $3
*** HOLE CARDS ***
LolDnkaments: raises $3 to $6
jrisaacnet: calls $3
*** FLOP *** [Js 2s 8c]
jrisaacnet: checks
LolDnkaments: bets $3
jrisaacnet: calls $3
*** TURN *** [Js 2s 8c] [Jd]
jrisaacnet: checks
LolDnkaments: checks
*** RIVER *** [Js 2s 8c Jd] [7s]
jrisaacnet: bets $6
LolDnkaments: folds
Uncalled bet ($6) returned to jrisaacnet
jrisaacnet collected $17.64 from pot
jrisaacnet: doesn't show hand
*** SUMMARY ***
Total pot $18 | Rake $0.36
Board [Js 2s 8c Jd 7s]
Seat 3: jrisaacnet (big blind) collected ($17.64)
Seat 4: LolDnkaments (button) (small blind) folded on the River


PokerStars Hand #159719858977:  Hold'em Limit ($3/$6 USD) - 2016/10/09 21:09:47 ET
Table 'Fini' 6-max Seat #3 is the button
Seat 3: jrisaacnet ($97.58 in chips)
Seat 4: LolDnkaments ($72 in chips)
jrisaacnet: posts small blind $1
LolDnkaments: posts big blind $3
*** HOLE CARDS ***
jrisaacnet: calls $2
LolDnkaments: checks
*** FLOP *** [3s 2d Ts]
LolDnkaments: bets $3
jrisaacnet: calls $3
*** TURN *** [3s 2d Ts] [Jc]
LolDnkaments: checks
jrisaacnet: checks
*** RIVER *** [3s 2d Ts Jc] [3h]
LolDnkaments: checks
jrisaacnet: checks
*** SHOW DOWN ***
LolDnkaments: shows [9c 4h] (a pair of Threes)
jrisaacnet: shows [9h Kh] (a pair of Threes - King kicker)
jrisaacnet collected $11.76 from pot
*** SUMMARY ***
Total pot $12 | Rake $0.24
Board [3s 2d Ts Jc 3h]
Seat 3: jrisaacnet (button) (small blind) showed [9h Kh] and won ($11.76) with a pair of Threes
Seat 4: LolDnkaments (big blind) showed [9c 4h] and lost with a pair of Threes


PokerStars Hand #159719872077:  Hold'em Limit ($3/$6 USD) - 2016/10/09 21:10:20 ET
Table 'Fini' 6-max Seat #3 is the button
Seat 3: jrisaacnet ($97.34 in chips)
Seat 4: LolDnkaments ($77.76 in chips)
jrisaacnet: posts small blind $1
LolDnkaments: posts big blind $3
*** HOLE CARDS ***
jrisaacnet: folds
Uncalled bet ($2) returned to LolDnkaments
LolDnkaments collected $2 from pot
LolDnkaments: doesn't show hand
*** SUMMARY ***
Total pot $2 | Rake $0
Seat 3: jrisaacnet (button) (small blind) folded before Flop
Seat 4: LolDnkaments (big blind) collected ($2)


PokerStars Hand #159719866501:  Hold'em Limit ($3/$6 USD) - 2016/10/09 21:10:06 ET
Table 'Fini' 6-max Seat #4 is the button
Seat 3: jrisaacnet ($103.34 in chips)
Seat 4: LolDnkaments ($72 in chips)
LolDnkaments: posts small blind $1
jrisaacnet: posts big blind $3
*** HOLE CARDS ***
LolDnkaments: raises $3 to $6
jrisaacnet: calls $3
*** FLOP *** [6s 6h 7c]
jrisaacnet: checks
LolDnkaments: bets $3
jrisaacnet: folds
Uncalled bet ($3) returned to LolDnkaments
LolDnkaments collected $11.76 from pot
LolDnkaments: doesn't show hand
*** SUMMARY ***
Total pot $12 | Rake $0.24
Board [6s 6h 7c]
Seat 3: jrisaacnet (big blind) folded on the Flop
Seat 4: LolDnkaments (button) (small blind) collected ($11.76)


PokerStars Hand #159719874234:  Hold'em Limit ($3/$6 USD) - 2016/10/09 21:10:26 ET
Table 'Fini' 6-max Seat #4 is the button
Seat 3: jrisaacnet ($96.34 in chips)
Seat 4: LolDnkaments ($78.76 in chips)
LolDnkaments: posts small blind $1
jrisaacnet: posts big blind $3
*** HOLE CARDS ***
LolDnkaments: raises $3 to $6
jrisaacnet: folds
Uncalled bet ($3) returned to LolDnkaments
LolDnkaments collected $6 from pot
LolDnkaments: doesn't show hand
*** SUMMARY ***
Total pot $6 | Rake $0
Seat 3: jrisaacnet (big blind) folded before Flop
Seat 4: LolDnkaments (button) (small blind) collected ($6)


PokerStars Hand #159719877249:  Hold'em Limit ($3/$6 USD) - 2016/10/09 21:10:34 ET
Table 'Fini' 6-max Seat #3 is the button
Seat 3: jrisaacnet ($93.34 in chips)
Seat 4: LolDnkaments ($81.76 in chips)
jrisaacnet: posts small blind $1
LolDnkaments: posts big blind $3
*** HOLE CARDS ***
jrisaacnet: raises $3 to $6
LolDnkaments: raises $3 to $9
jrisaacnet: calls $3
*** FLOP *** [7c 5h Ah]
LolDnkaments: bets $3
jrisaacnet: raises $3 to $6
LolDnkaments: raises $3 to $9
jrisaacnet: raises $3 to $12
Betting is capped
LolDnkaments: calls $3
*** TURN *** [7c 5h Ah] [Td]
LolDnkaments: checks
jrisaacnet: bets $6
LolDnkaments: raises $6 to $12
jrisaacnet: raises $6 to $18
LolDnkaments: calls $6
*** RIVER *** [7c 5h Ah Td] [4h]
LolDnkaments: checks
jrisaacnet: bets $6
LolDnkaments: raises $6 to $12
jrisaacnet: calls $6
*** SHOW DOWN ***
LolDnkaments: shows [9h 8h] (a flush, Ace high)
jrisaacnet: mucks hand
LolDnkaments collected $101.50 from pot
*** SUMMARY ***
Total pot $102 | Rake $0.50
Board [7c 5h Ah Td 4h]
Seat 3: jrisaacnet (button) (small blind) mucked
Seat 4: LolDnkaments (big blind) showed [9h 8h] and won ($101.50) with a flush, Ace high


PokerStars Hand #159719890031:  Hold'em Limit ($3/$6 USD) - 2016/10/09 21:11:06 ET
Table 'Fini' 6-max Seat #4 is the button
Seat 3: jrisaacnet ($42.34 in chips)
Seat 4: LolDnkaments ($132.26 in chips)
LolDnkaments: posts small blind $1
jrisaacnet: posts big blind $3
*** HOLE CARDS ***
LolDnkaments: raises $3 to $6
jrisaacnet: calls $3
*** FLOP *** [8s 4s Jh]
jrisaacnet: checks
LolDnkaments: bets $3
jrisaacnet: raises $3 to $6
LolDnkaments: calls $3
*** TURN *** [8s 4s Jh] [2s]
jrisaacnet: bets $6
LolDnkaments: calls $6
*** RIVER *** [8s 4s Jh 2s] [Ks]
jrisaacnet: checks
LolDnkaments: checks
*** SHOW DOWN ***
jrisaacnet: shows [3d 4d] (a pair of Fours)
LolDnkaments: shows [Kc Jd] (two pair, Kings and Jacks)
LolDnkaments collected $35.50 from pot
*** SUMMARY ***
Total pot $36 | Rake $0.50
Board [8s 4s Jh 2s Ks]
Seat 3: jrisaacnet (big blind) showed [3d 4d] and lost with a pair of Fours
Seat 4: LolDnkaments (button) (small blind) showed [Kc Jd] and won ($35.50) with two pair, Kings and Jacks


PokerStars Hand #159719900440:  Hold'em Limit ($3/$6 USD) - 2016/10/09 21:11:33 ET
Table 'Fini' 6-max Seat #3 is the button
Seat 3: jrisaacnet ($24.34 in chips)
Seat 4: LolDnkaments ($149.76 in chips)
jrisaacnet: posts small blind $1
LolDnkaments: posts big blind $3
*** HOLE CARDS ***
jrisaacnet: calls $2
LolDnkaments: raises $3 to $6
jrisaacnet: calls $3
*** FLOP *** [3d 8h 4d]
LolDnkaments: bets $3
jrisaacnet: calls $3
*** TURN *** [3d 8h 4d] [Th]
LolDnkaments: bets $6
jrisaacnet: raises $6 to $12
LolDnkaments: raises $6 to $18
jrisaacnet: calls $3.34 and is all-in
Uncalled bet ($2.66) returned to LolDnkaments
*** RIVER *** [3d 8h 4d Th] [6d]
*** SHOW DOWN ***
LolDnkaments: shows [Ks Kd] (a pair of Kings)
jrisaacnet: shows [8c 9d] (a pair of Eights)
LolDnkaments collected $48.18 from pot
*** SUMMARY ***
Total pot $48.68 | Rake $0.50
Board [3d 8h 4d Th 6d]
Seat 3: jrisaacnet (button) (small blind) showed [8c 9d] and lost with a pair of Eights
Seat 4: LolDnkaments (big blind) showed [Ks Kd] and won ($48.18) with a pair of Kings


