PokerStars Hand #150424519730:  Hold'em Limit ($3/$6 USD) - 2016/03/15 23:42:08 ET
Table 'Fini' 6-max Seat #3 is the button
Seat 3: zepsweden ($173.68 in chips)
Seat 4: AzureCaper ($72 in chips)
zepsweden: posts small blind $1
AzureCaper: posts big blind $3
*** HOLE CARDS ***
zepsweden: raises $3 to $6
AzureCaper: folds
Uncalled bet ($3) returned to zepsweden
zepsweden collected $6 from pot
zepsweden: doesn't show hand
*** SUMMARY ***
Total pot $6 | Rake $0
Seat 3: zepsweden (button) (small blind) collected ($6)
Seat 4: AzureCaper (big blind) folded before Flop


PokerStars Hand #150424523243:  Hold'em Limit ($3/$6 USD) - 2016/03/15 23:42:19 ET
Table 'Fini' 6-max Seat #4 is the button
Seat 3: zepsweden ($176.68 in chips)
Seat 4: AzureCaper ($72 in chips)
AzureCaper: posts small blind $1
zepsweden: posts big blind $3
*** HOLE CARDS ***
AzureCaper: folds
Uncalled bet ($2) returned to zepsweden
zepsweden collected $2 from pot
zepsweden: doesn't show hand
*** SUMMARY ***
Total pot $2 | Rake $0
Seat 3: zepsweden (big blind) collected ($2)
Seat 4: AzureCaper (button) (small blind) folded before Flop


PokerStars Hand #150424534110:  Hold'em Limit ($3/$6 USD) - 2016/03/15 23:42:53 ET
Table 'Fini' 6-max Seat #4 is the button
Seat 3: zepsweden ($186.32 in chips)
Seat 4: AzureCaper ($72 in chips)
AzureCaper: posts small blind $1
zepsweden: posts big blind $3
*** HOLE CARDS ***
AzureCaper: raises $3 to $6
zepsweden: folds
Uncalled bet ($3) returned to AzureCaper
AzureCaper collected $6 from pot
AzureCaper: doesn't show hand
*** SUMMARY ***
Total pot $6 | Rake $0
Seat 3: zepsweden (big blind) folded before Flop
Seat 4: AzureCaper (button) (small blind) collected ($6)


PokerStars Hand #150424524660:  Hold'em Limit ($3/$6 USD) - 2016/03/15 23:42:23 ET
Table 'Fini' 6-max Seat #3 is the button
Seat 3: zepsweden ($177.68 in chips)
Seat 4: AzureCaper ($72 in chips)
zepsweden: posts small blind $1
AzureCaper: posts big blind $3
*** HOLE CARDS ***
zepsweden: raises $3 to $6
AzureCaper: calls $3
*** FLOP *** [Qh Jc 7c]
AzureCaper: checks
zepsweden: bets $3
AzureCaper: calls $3
*** TURN *** [Qh Jc 7c] [Qd]
AzureCaper: checks
zepsweden: bets $6
AzureCaper: folds
Uncalled bet ($6) returned to zepsweden
zepsweden collected $17.64 from pot
zepsweden: doesn't show hand
*** SUMMARY ***
Total pot $18 | Rake $0.36
Board [Qh Jc 7c Qd]
Seat 3: zepsweden (button) (small blind) collected ($17.64)
Seat 4: AzureCaper (big blind) folded on the Turn


PokerStars Hand #150424558100:  Hold'em Limit ($3/$6 USD) - 2016/03/15 23:44:09 ET
Table 'Fini' 6-max Seat #3 is the button
Seat 3: zepsweden ($174.72 in chips)
Seat 4: AzureCaper ($83.50 in chips)
zepsweden: posts small blind $1
AzureCaper: posts big blind $3
*** HOLE CARDS ***
zepsweden: folds
Uncalled bet ($2) returned to AzureCaper
AzureCaper collected $2 from pot
AzureCaper: doesn't show hand
*** SUMMARY ***
Total pot $2 | Rake $0
Seat 3: zepsweden (button) (small blind) folded before Flop
Seat 4: AzureCaper (big blind) collected ($2)


PokerStars Hand #150424545674:  Hold'em Limit ($3/$6 USD) - 2016/03/15 23:43:30 ET
Table 'Fini' 6-max Seat #4 is the button
Seat 3: zepsweden ($186.20 in chips)
Seat 4: AzureCaper ($73 in chips)
AzureCaper: posts small blind $1
zepsweden: posts big blind $3
*** HOLE CARDS ***
AzureCaper: raises $3 to $6
zepsweden: raises $3 to $9
AzureCaper: calls $3
*** FLOP *** [2c Tc 6h]
zepsweden: bets $3
AzureCaper: calls $3
*** TURN *** [2c Tc 6h] [8c]
zepsweden: bets $6
AzureCaper: calls $6
*** RIVER *** [2c Tc 6h 8c] [7h]
zepsweden: bets $6
AzureCaper: calls $6
*** SHOW DOWN ***
zepsweden: shows [Ah Jh] (high card Ace)
AzureCaper: shows [5s 6s] (a pair of Sixes)
AzureCaper collected $47.50 from pot
*** SUMMARY ***
Total pot $48 | Rake $0.50
Board [2c Tc 6h 8c 7h]
Seat 3: zepsweden (big blind) showed [Ah Jh] and lost with high card Ace
Seat 4: AzureCaper (button) (small blind) showed [5s 6s] and won ($47.50) with a pair of Sixes


PokerStars Hand #150424544125:  Hold'em Limit ($3/$6 USD) - 2016/03/15 23:43:25 ET
Table 'Fini' 6-max Seat #3 is the button
Seat 3: zepsweden ($187.20 in chips)
Seat 4: AzureCaper ($72 in chips)
zepsweden: posts small blind $1
AzureCaper: posts big blind $3
*** HOLE CARDS ***
zepsweden: folds
Uncalled bet ($2) returned to AzureCaper
AzureCaper collected $2 from pot
AzureCaper: doesn't show hand
*** SUMMARY ***
Total pot $2 | Rake $0
Seat 3: zepsweden (button) (small blind) folded before Flop
Seat 4: AzureCaper (big blind) collected ($2)


PokerStars Hand #150424542557:  Hold'em Limit ($3/$6 USD) - 2016/03/15 23:43:20 ET
Table 'Fini' 6-max Seat #4 is the button
Seat 3: zepsweden ($186.20 in chips)
Seat 4: AzureCaper ($72 in chips)
AzureCaper: posts small blind $1
zepsweden: posts big blind $3
*** HOLE CARDS ***
GoliafUa joins the table at seat #5
AzureCaper: folds
Uncalled bet ($2) returned to zepsweden
zepsweden collected $2 from pot
zepsweden: doesn't show hand
*** SUMMARY ***
Total pot $2 | Rake $0
Seat 3: zepsweden (big blind) collected ($2)
Seat 4: AzureCaper (button) (small blind) folded before Flop


PokerStars Hand #150424536256:  Hold'em Limit ($3/$6 USD) - 2016/03/15 23:43:00 ET
Table 'Fini' 6-max Seat #3 is the button
Seat 3: zepsweden ($183.32 in chips)
Seat 4: AzureCaper ($75 in chips)
zepsweden: posts small blind $1
AzureCaper: posts big blind $3
*** HOLE CARDS ***
zepsweden: calls $2
AzureCaper: checks
*** FLOP *** [Ah Jc 3c]
AzureCaper: checks
zepsweden: checks
*** TURN *** [Ah Jc 3c] [9c]
AzureCaper: checks
zepsweden: bets $6
AzureCaper: folds
Uncalled bet ($6) returned to zepsweden
zepsweden collected $5.88 from pot
zepsweden: doesn't show hand
*** SUMMARY ***
Total pot $6 | Rake $0.12
Board [Ah Jc 3c 9c]
Seat 3: zepsweden (button) (small blind) collected ($5.88)
Seat 4: AzureCaper (big blind) folded on the Turn


PokerStars Hand #150424556802:  Hold'em Limit ($3/$6 USD) - 2016/03/15 23:44:05 ET
Table 'Fini' 6-max Seat #4 is the button
Seat 3: zepsweden ($173.72 in chips)
Seat 4: AzureCaper ($84.50 in chips)
AzureCaper: posts small blind $1
zepsweden: posts big blind $3
*** HOLE CARDS ***
AzureCaper: folds
Uncalled bet ($2) returned to zepsweden
zepsweden collected $2 from pot
zepsweden: doesn't show hand
*** SUMMARY ***
Total pot $2 | Rake $0
Seat 3: zepsweden (big blind) collected ($2)
Seat 4: AzureCaper (button) (small blind) folded before Flop


PokerStars Hand #150424551300:  Hold'em Limit ($3/$6 USD) - 2016/03/15 23:43:47 ET
Table 'Fini' 6-max Seat #3 is the button
Seat 3: zepsweden ($162.20 in chips)
Seat 4: AzureCaper ($96.50 in chips)
zepsweden: posts small blind $1
AzureCaper: posts big blind $3
*** HOLE CARDS ***
zepsweden: raises $3 to $6
AzureCaper: calls $3
*** FLOP *** [7d Ks 9s]
AzureCaper: checks
zepsweden: checks
*** TURN *** [7d Ks 9s] [Td]
AzureCaper: checks
zepsweden: bets $6
AzureCaper: calls $6
*** RIVER *** [7d Ks 9s Td] [9c]
AzureCaper: checks
zepsweden: bets $6
AzureCaper: folds
Uncalled bet ($6) returned to zepsweden
zepsweden collected $23.52 from pot
zepsweden: doesn't show hand
*** SUMMARY ***
Total pot $24 | Rake $0.48
Board [7d Ks 9s Td 9c]
Seat 3: zepsweden (button) (small blind) collected ($23.52)
Seat 4: AzureCaper (big blind) folded on the River


PokerStars Hand #150424568832:  Hold'em Limit ($3/$6 USD) - 2016/03/15 23:44:43 ET
Table 'Fini' 6-max Seat #3 is the button
Seat 3: zepsweden ($188.22 in chips)
Seat 4: AzureCaper ($72 in chips)
zepsweden: posts small blind $1
AzureCaper: posts big blind $3
*** HOLE CARDS ***
zepsweden: raises $3 to $6
AzureCaper: calls $3
*** FLOP *** [4h Th 8s]
AzureCaper: checks
JayEm82 leaves the table
zepsweden: bets $3
AzureCaper: calls $3
*** TURN *** [4h Th 8s] [8h]
AzureCaper: checks
zepsweden: bets $6
AzureCaper: raises $6 to $12
zepsweden: folds
Uncalled bet ($6) returned to AzureCaper
AzureCaper collected $29.50 from pot
AzureCaper: doesn't show hand
*** SUMMARY ***
Total pot $30 | Rake $0.50
Board [4h Th 8s 8h]
Seat 3: zepsweden (button) (small blind) folded on the Turn
Seat 4: AzureCaper (big blind) collected ($29.50)


PokerStars Hand #150424559658:  Hold'em Limit ($3/$6 USD) - 2016/03/15 23:44:14 ET
Table 'Fini' 6-max Seat #4 is the button
Seat 3: zepsweden ($173.72 in chips)
Seat 4: AzureCaper ($84.50 in chips)
AzureCaper: posts small blind $1
zepsweden: posts big blind $3
*** HOLE CARDS ***
AzureCaper: raises $3 to $6
zepsweden: calls $3
*** FLOP *** [Ks 7h 5h]
zepsweden: bets $3
AzureCaper: calls $3
*** TURN *** [Ks 7h 5h] [Tc]
zepsweden: bets $6
AzureCaper: calls $6
*** RIVER *** [Ks 7h 5h Tc] [4d]
zepsweden: bets $6
AzureCaper: folds
Uncalled bet ($6) returned to zepsweden
JayEm82 joins the table at seat #6
zepsweden collected $29.50 from pot
zepsweden: doesn't show hand
*** SUMMARY ***
Total pot $30 | Rake $0.50
Board [Ks 7h 5h Tc 4d]
Seat 3: zepsweden (big blind) collected ($29.50)
Seat 4: AzureCaper (button) (small blind) folded on the River


PokerStars Hand #150424583979:  Hold'em Limit ($3/$6 USD) - 2016/03/15 23:45:31 ET
Table 'Fini' 6-max Seat #3 is the button
Seat 3: zepsweden ($187.72 in chips)
Seat 4: AzureCaper ($72 in chips)
zepsweden: posts small blind $1
AzureCaper: posts big blind $3
*** HOLE CARDS ***
zepsweden: raises $3 to $6
AzureCaper: calls $3
*** FLOP *** [Ad 3h Td]
AzureCaper: checks
zepsweden: checks
*** TURN *** [Ad 3h Td] [3c]
AzureCaper: checks
zepsweden: checks
*** RIVER *** [Ad 3h Td 3c] [Js]
AzureCaper: checks
zepsweden: bets $6
AzureCaper: folds
Uncalled bet ($6) returned to zepsweden
zepsweden collected $11.76 from pot
zepsweden: doesn't show hand
*** SUMMARY ***
Total pot $12 | Rake $0.24
Board [Ad 3h Td 3c Js]
Seat 3: zepsweden (button) (small blind) collected ($11.76)
Seat 4: AzureCaper (big blind) folded on the River


PokerStars Hand #150424576877:  Hold'em Limit ($3/$6 USD) - 2016/03/15 23:45:09 ET
Table 'Fini' 6-max Seat #4 is the button
Seat 3: zepsweden ($173.22 in chips)
Seat 4: AzureCaper ($86.50 in chips)
AzureCaper: posts small blind $1
zepsweden: posts big blind $3
*** HOLE CARDS ***
AzureCaper: raises $3 to $6
zepsweden: calls $3
*** FLOP *** [8c 2c 6d]
zepsweden: checks
AzureCaper: bets $3
zepsweden: calls $3
*** TURN *** [8c 2c 6d] [5d]
zepsweden: bets $6
AzureCaper: calls $6
*** RIVER *** [8c 2c 6d 5d] [3h]
zepsweden: bets $6
AzureCaper: folds
Uncalled bet ($6) returned to zepsweden
zepsweden collected $29.50 from pot
zepsweden: doesn't show hand
*** SUMMARY ***
Total pot $30 | Rake $0.50
Board [8c 2c 6d 5d 3h]
Seat 3: zepsweden (big blind) collected ($29.50)
Seat 4: AzureCaper (button) (small blind) folded on the River


PokerStars Hand #150424602897:  Hold'em Limit ($3/$6 USD) - 2016/03/15 23:46:30 ET
Table 'Fini' 6-max Seat #3 is the button
Seat 3: zepsweden ($202.12 in chips)
Seat 4: AzureCaper ($72 in chips)
zepsweden: posts small blind $1
AzureCaper: posts big blind $3
*** HOLE CARDS ***
zepsweden: calls $2
AzureCaper: checks
*** FLOP *** [4c 5h As]
AzureCaper: checks
nhalks joins the table at seat #6
JayEm82 joins the table at seat #2
zepsweden: bets $3
AzureCaper: folds
Uncalled bet ($3) returned to zepsweden
zepsweden collected $5.88 from pot
zepsweden: doesn't show hand
*** SUMMARY ***
Total pot $6 | Rake $0.12
Board [4c 5h As]
Seat 3: zepsweden (button) (small blind) collected ($5.88)
Seat 4: AzureCaper (big blind) folded on the Flop


PokerStars Hand #150424594292:  Hold'em Limit ($3/$6 USD) - 2016/03/15 23:46:03 ET
Table 'Fini' 6-max Seat #4 is the button
Seat 3: zepsweden ($193.48 in chips)
Seat 4: AzureCaper ($72 in chips)
AzureCaper: posts small blind $1
zepsweden: posts big blind $3
*** HOLE CARDS ***
AzureCaper: raises $3 to $6
zepsweden: raises $3 to $9
AzureCaper: calls $3
*** FLOP *** [2c Ad 2s]
zepsweden: bets $3
AzureCaper: folds
Uncalled bet ($3) returned to zepsweden
zepsweden collected $17.64 from pot
zepsweden: doesn't show hand
*** SUMMARY ***
Total pot $18 | Rake $0.36
Board [2c Ad 2s]
Seat 3: zepsweden (big blind) collected ($17.64)
Seat 4: AzureCaper (button) (small blind) folded on the Flop


