PokerStars Hand #150632139432:  Hold'em Limit ($3/$6 USD) - 2016/03/20 3:03:18 ET
Table 'Fini' 6-max Seat #4 is the button
Seat 1: manly70 ($237.21 in chips)
Seat 4: Agrotait ($69 in chips)
Agrotait: posts small blind $1
manly70: posts big blind $3
*** HOLE CARDS ***
Agrotait: raises $3 to $6
manly70: calls $3
*** FLOP *** [4d 3s Qd]
manly70: checks
Agrotait: bets $3
manly70: folds
Uncalled bet ($3) returned to Agrotait
Agrotait collected $11.76 from pot
Agrotait: doesn't show hand
*** SUMMARY ***
Total pot $12 | Rake $0.24
Board [4d 3s Qd]
Seat 1: manly70 (big blind) folded on the Flop
Seat 4: Agrotait (button) (small blind) collected ($11.76)


PokerStars Hand #150632131029:  Hold'em Limit ($3/$6 USD) - 2016/03/20 3:02:50 ET
Table 'Fini' 6-max Seat #1 is the button
Seat 1: manly70 ($234.21 in chips)
Seat 4: Agrotait ($72 in chips)
manly70: posts small blind $1
Agrotait: posts big blind $3
*** HOLE CARDS ***
manly70: raises $3 to $6
Agrotait: folds
Uncalled bet ($3) returned to manly70
manly70 collected $6 from pot
*** SUMMARY ***
Total pot $6 | Rake $0
Seat 1: manly70 (button) (small blind) collected ($6)
Seat 4: Agrotait (big blind) folded before Flop


PokerStars Hand #150632147517:  Hold'em Limit ($3/$6 USD) - 2016/03/20 3:03:44 ET
Table 'Fini' 6-max Seat #1 is the button
Seat 1: manly70 ($231.21 in chips)
Seat 4: Agrotait ($74.76 in chips)
manly70: posts small blind $1
Agrotait: posts big blind $3
*** HOLE CARDS ***
manly70: raises $3 to $6
Agrotait: raises $3 to $9
manly70: calls $3
*** FLOP *** [8h 2s 5d]
Agrotait: bets $3
manly70: calls $3
*** TURN *** [8h 2s 5d] [4s]
Agrotait: bets $6
manly70: calls $6
*** RIVER *** [8h 2s 5d 4s] [5s]
Agrotait: checks
manly70: bets $6
Agrotait: folds
Uncalled bet ($6) returned to manly70
manly70 collected $35.50 from pot
*** SUMMARY ***
Total pot $36 | Rake $0.50
Board [8h 2s 5d 4s 5s]
Seat 1: manly70 (button) (small blind) collected ($35.50)
Seat 4: Agrotait (big blind) folded on the River


PokerStars Hand #150632170910:  Hold'em Limit ($3/$6 USD) - 2016/03/20 3:05:01 ET
Table 'Fini' 6-max Seat #4 is the button
Seat 1: manly70 ($248.71 in chips)
Seat 4: Agrotait ($72 in chips)
Agrotait: posts small blind $1
manly70: posts big blind $3
*** HOLE CARDS ***
Agrotait: raises $3 to $6
manly70: calls $3
*** FLOP *** [6c 8h 3d]
manly70: checks
Agrotait: bets $3
manly70: raises $3 to $6
Agrotait: calls $3
*** TURN *** [6c 8h 3d] [2s]
manly70: bets $6
Agrotait: calls $6
*** RIVER *** [6c 8h 3d 2s] [5c]
manly70: checks
Agrotait: checks
*** SHOW DOWN ***
manly70: shows [Ts 6s] (a pair of Sixes)
Agrotait: mucks hand
manly70 collected $35.50 from pot
*** SUMMARY ***
Total pot $36 | Rake $0.50
Board [6c 8h 3d 2s 5c]
Seat 1: manly70 (big blind) showed [Ts 6s] and won ($35.50) with a pair of Sixes
Seat 4: Agrotait (button) (small blind) mucked


PokerStars Hand #150632185700:  Hold'em Limit ($3/$6 USD) - 2016/03/20 3:05:49 ET
Table 'Fini' 6-max Seat #1 is the button
Seat 1: manly70 ($266.21 in chips)
Seat 4: Agrotait ($72 in chips)
manly70: posts small blind $1
Agrotait: posts big blind $3
*** HOLE CARDS ***
manly70: raises $3 to $6
Agrotait: raises $3 to $9
manly70: calls $3
*** FLOP *** [9s 2d 5h]
Agrotait: bets $3
manly70: calls $3
*** TURN *** [9s 2d 5h] [8s]
Agrotait: bets $6
manly70: folds
Uncalled bet ($6) returned to Agrotait
Agrotait collected $23.52 from pot
Agrotait: doesn't show hand
*** SUMMARY ***
Total pot $24 | Rake $0.48
Board [9s 2d 5h 8s]
Seat 1: manly70 (button) (small blind) folded on the Turn
Seat 4: Agrotait (big blind) collected ($23.52)


PokerStars Hand #150632216734:  Hold'em Limit ($3/$6 USD) - 2016/03/20 3:07:31 ET
Table 'Fini' 6-max Seat #4 is the button
Seat 1: manly70 ($273.71 in chips)
Seat 4: Agrotait ($63.52 in chips)
Agrotait: posts small blind $1
manly70: posts big blind $3
*** HOLE CARDS ***
Agrotait: folds
Uncalled bet ($2) returned to manly70
manly70 collected $2 from pot
*** SUMMARY ***
Total pot $2 | Rake $0
Seat 1: manly70 (big blind) collected ($2)
Seat 4: Agrotait (button) (small blind) folded before Flop


PokerStars Hand #150632213288:  Hold'em Limit ($3/$6 USD) - 2016/03/20 3:07:19 ET
Table 'Fini' 6-max Seat #1 is the button
Seat 1: manly70 ($274.71 in chips)
Seat 4: Agrotait ($62.52 in chips)
manly70: posts small blind $1
Agrotait: posts big blind $3
*** HOLE CARDS ***
manly70: folds
Uncalled bet ($2) returned to Agrotait
Agrotait collected $2 from pot
Agrotait: doesn't show hand
*** SUMMARY ***
Total pot $2 | Rake $0
Seat 1: manly70 (button) (small blind) folded before Flop
Seat 4: Agrotait (big blind) collected ($2)


PokerStars Hand #150632195409:  Hold'em Limit ($3/$6 USD) - 2016/03/20 3:06:21 ET
Table 'Fini' 6-max Seat #4 is the button
Seat 1: manly70 ($254.21 in chips)
Seat 4: Agrotait ($83.52 in chips)
Agrotait: posts small blind $1
manly70: posts big blind $3
*** HOLE CARDS ***
Agrotait: raises $3 to $6
manly70: calls $3
*** FLOP *** [8d Jh Ks]
manly70: checks
Agrotait: bets $3
manly70: calls $3
*** TURN *** [8d Jh Ks] [As]
manly70: checks
Agrotait: bets $6
manly70: calls $6
*** RIVER *** [8d Jh Ks As] [7h]
manly70: bets $6
Agrotait: calls $6
*** SHOW DOWN ***
manly70: shows [9d Th] (a straight, Seven to Jack)
Agrotait: mucks hand
manly70 collected $41.50 from pot
*** SUMMARY ***
Total pot $42 | Rake $0.50
Board [8d Jh Ks As 7h]
Seat 1: manly70 (big blind) showed [9d Th] and won ($41.50) with a straight, Seven to Jack
Seat 4: Agrotait (button) (small blind) mucked


PokerStars Hand #150632219082:  Hold'em Limit ($3/$6 USD) - 2016/03/20 3:07:39 ET
Table 'Fini' 6-max Seat #1 is the button
Seat 1: manly70 ($274.71 in chips)
Seat 4: Agrotait ($62.52 in chips)
manly70: posts small blind $1
Agrotait: posts big blind $3
*** HOLE CARDS ***
manly70: calls $2
Agrotait: checks
*** FLOP *** [As 6s 4h]
Agrotait: bets $3
manly70: calls $3
*** TURN *** [As 6s 4h] [6d]
Agrotait: bets $6
manly70: raises $6 to $12
Agrotait: raises $6 to $18
manly70: calls $6
*** RIVER *** [As 6s 4h 6d] [Kd]
Agrotait: bets $6
manly70: calls $6
*** SHOW DOWN ***
Agrotait: shows [6c Qs] (three of a kind, Sixes)
manly70: shows [8c 6h] (three of a kind, Sixes)
Agrotait collected $29.75 from pot
manly70 collected $29.75 from pot
*** SUMMARY ***
Total pot $60 | Rake $0.50
Board [As 6s 4h 6d Kd]
Seat 1: manly70 (button) (small blind) showed [8c 6h] and won ($29.75) with three of a kind, Sixes
Seat 4: Agrotait (big blind) showed [6c Qs] and won ($29.75) with three of a kind, Sixes


PokerStars Hand #150632242045:  Hold'em Limit ($3/$6 USD) - 2016/03/20 3:08:53 ET
Table 'Fini' 6-max Seat #4 is the button
Seat 1: manly70 ($274.46 in chips)
Seat 4: Agrotait ($62.27 in chips)
Agrotait: posts small blind $1
manly70: posts big blind $3
*** HOLE CARDS ***
Agrotait: raises $3 to $6
manly70: calls $3
*** FLOP *** [Kc 8h 2c]
manly70: checks
Agrotait: bets $3
manly70: calls $3
*** TURN *** [Kc 8h 2c] [4h]
manly70: checks
Agrotait: bets $6
manly70: calls $6
*** RIVER *** [Kc 8h 2c 4h] [As]
manly70: checks
Agrotait: checks
*** SHOW DOWN ***
manly70: shows [6s 6d] (a pair of Sixes)
Agrotait: shows [8d 9c] (a pair of Eights)
Agrotait collected $29.50 from pot
*** SUMMARY ***
Total pot $30 | Rake $0.50
Board [Kc 8h 2c 4h As]
Seat 1: manly70 (big blind) showed [6s 6d] and lost with a pair of Sixes
Seat 4: Agrotait (button) (small blind) showed [8d 9c] and won ($29.50) with a pair of Eights


PokerStars Hand #150632254994:  Hold'em Limit ($3/$6 USD) - 2016/03/20 3:09:35 ET
Table 'Fini' 6-max Seat #1 is the button
Seat 1: manly70 ($259.46 in chips)
Seat 4: Agrotait ($76.77 in chips)
manly70: posts small blind $1
Agrotait: posts big blind $3
*** HOLE CARDS ***
manly70: raises $3 to $6
Agrotait: calls $3
*** FLOP *** [Jh 9c 8d]
Agrotait: checks
manly70: checks
*** TURN *** [Jh 9c 8d] [5c]
Agrotait: bets $6
manly70: calls $6
*** RIVER *** [Jh 9c 8d 5c] [7h]
Agrotait: bets $6
manly70: calls $6
*** SHOW DOWN ***
Agrotait: shows [7s 9s] (two pair, Nines and Sevens)
manly70: shows [6c Kc] (a straight, Five to Nine)
manly70 collected $35.50 from pot
*** SUMMARY ***
Total pot $36 | Rake $0.50
Board [Jh 9c 8d 5c 7h]
Seat 1: manly70 (button) (small blind) showed [6c Kc] and won ($35.50) with a straight, Five to Nine
Seat 4: Agrotait (big blind) showed [7s 9s] and lost with two pair, Nines and Sevens


PokerStars Hand #150632266786:  Hold'em Limit ($3/$6 USD) - 2016/03/20 3:10:12 ET
Table 'Fini' 6-max Seat #4 is the button
Seat 1: manly70 ($276.96 in chips)
Seat 4: Agrotait ($72 in chips)
Agrotait: posts small blind $1
manly70: posts big blind $3
*** HOLE CARDS ***
Agrotait: raises $3 to $6
manly70: raises $3 to $9
Agrotait: calls $3
*** FLOP *** [Td 7h Kh]
manly70: bets $3
Agrotait: raises $3 to $6
manly70: raises $3 to $9
Agrotait: calls $3
*** TURN *** [Td 7h Kh] [2c]
manly70: bets $6
Agrotait: calls $6
*** RIVER *** [Td 7h Kh 2c] [4c]
manly70: bets $6
Agrotait: calls $6
*** SHOW DOWN ***
manly70: shows [Th Tc] (three of a kind, Tens)
Agrotait: mucks hand
manly70 collected $59.50 from pot
*** SUMMARY ***
Total pot $60 | Rake $0.50
Board [Td 7h Kh 2c 4c]
Seat 1: manly70 (big blind) showed [Th Tc] and won ($59.50) with three of a kind, Tens
Seat 4: Agrotait (button) (small blind) mucked


PokerStars Hand #150632317315:  Hold'em Limit ($3/$6 USD) - 2016/03/20 3:12:55 ET
Table 'Fini' 6-max Seat #1 is the button
Seat 1: manly70 ($271.46 in chips)
Seat 4: Agrotait ($106.50 in chips)
manly70: posts small blind $1
Agrotait: posts big blind $3
*** HOLE CARDS ***
manly70: raises $3 to $6
Agrotait: folds
Uncalled bet ($3) returned to manly70
manly70 collected $6 from pot
*** SUMMARY ***
Total pot $6 | Rake $0
Seat 1: manly70 (button) (small blind) collected ($6)
Seat 4: Agrotait (big blind) folded before Flop


PokerStars Hand #150632314570:  Hold'em Limit ($3/$6 USD) - 2016/03/20 3:12:46 ET
Table 'Fini' 6-max Seat #4 is the button
Seat 1: manly70 ($270.46 in chips)
Seat 4: Agrotait ($107.50 in chips)
Agrotait: posts small blind $1
manly70: posts big blind $3
*** HOLE CARDS ***
Agrotait: folds
Uncalled bet ($2) returned to manly70
manly70 collected $2 from pot
*** SUMMARY ***
Total pot $2 | Rake $0
Seat 1: manly70 (big blind) collected ($2)
Seat 4: Agrotait (button) (small blind) folded before Flop


PokerStars Hand #150632291018:  Hold'em Limit ($3/$6 USD) - 2016/03/20 3:11:31 ET
Table 'Fini' 6-max Seat #1 is the button
Seat 1: manly70 ($306.46 in chips)
Seat 4: Agrotait ($72 in chips)
manly70: posts small blind $1
Agrotait: posts big blind $3
*** HOLE CARDS ***
manly70: raises $3 to $6
Agrotait: raises $3 to $9
manly70: calls $3
*** FLOP *** [7d 4h Ks]
Agrotait: bets $3
manly70: calls $3
*** TURN *** [7d 4h Ks] [5d]
Agrotait: bets $6
manly70: raises $6 to $12
Agrotait: raises $6 to $18
manly70: raises $6 to $24
Betting is capped
Agrotait: calls $6
*** RIVER *** [7d 4h Ks 5d] [6c]
Agrotait: checks
manly70: checks
*** SHOW DOWN ***
Agrotait: shows [Kh Kc] (three of a kind, Kings)
manly70: mucks hand
Agrotait collected $71.50 from pot
*** SUMMARY ***
Total pot $72 | Rake $0.50
Board [7d 4h Ks 5d 6c]
Seat 1: manly70 (button) (small blind) mucked
Seat 4: Agrotait (big blind) showed [Kh Kc] and won ($71.50) with three of a kind, Kings


PokerStars Hand #150632321177:  Hold'em Limit ($3/$6 USD) - 2016/03/20 3:13:08 ET
Table 'Fini' 6-max Seat #4 is the button
Seat 1: manly70 ($274.46 in chips)
Seat 4: Agrotait ($103.50 in chips)
Agrotait: posts small blind $1
manly70: posts big blind $3
*** HOLE CARDS ***
Agrotait: raises $3 to $6
manly70: calls $3
*** FLOP *** [Jd Jc 9s]
manly70: checks
Agrotait: bets $3
manly70: calls $3
*** TURN *** [Jd Jc 9s] [Qh]
manly70: checks
Agrotait: checks
*** RIVER *** [Jd Jc 9s Qh] [6s]
manly70: checks
Agrotait: checks
*** SHOW DOWN ***
manly70: shows [Ad 6c] (two pair, Jacks and Sixes)
Agrotait: mucks hand
manly70 collected $17.64 from pot
*** SUMMARY ***
Total pot $18 | Rake $0.36
Board [Jd Jc 9s Qh 6s]
Seat 1: manly70 (big blind) showed [Ad 6c] and won ($17.64) with two pair, Jacks and Sixes
Seat 4: Agrotait (button) (small blind) mucked


PokerStars Hand #150632337671:  Hold'em Limit ($3/$6 USD) - 2016/03/20 3:14:01 ET
Table 'Fini' 6-max Seat #1 is the button
Seat 1: manly70 ($283.10 in chips)
Seat 4: Agrotait ($94.50 in chips)
manly70: posts small blind $1
Agrotait: posts big blind $3
*** HOLE CARDS ***
manly70: raises $3 to $6
Agrotait: calls $3
*** FLOP *** [8d 4h Jh]
Agrotait: checks
manly70: bets $3
Agrotait: calls $3
*** TURN *** [8d 4h Jh] [3s]
Agrotait: checks
manly70: checks
*** RIVER *** [8d 4h Jh 3s] [4c]
Agrotait: bets $6
manly70: calls $6
*** SHOW DOWN ***
Agrotait: shows [8s Tc] (two pair, Eights and Fours)
manly70: mucks hand
Agrotait collected $29.50 from pot
*** SUMMARY ***
Total pot $30 | Rake $0.50
Board [8d 4h Jh 3s 4c]
Seat 1: manly70 (button) (small blind) mucked
Seat 4: Agrotait (big blind) showed [8s Tc] and won ($29.50) with two pair, Eights and Fours


PokerStars Hand #150632358017:  Hold'em Limit ($3/$6 USD) - 2016/03/20 3:15:06 ET
Table 'Fini' 6-max Seat #4 is the button
Seat 1: manly70 ($268.10 in chips)
Seat 4: Agrotait ($109 in chips)
Agrotait: posts small blind $1
manly70: posts big blind $3
*** HOLE CARDS ***
Agrotait: raises $3 to $6
manly70: calls $3
*** FLOP *** [4d 2s 5s]
manly70: checks
Agrotait: bets $3
manly70: raises $3 to $6
Agrotait: calls $3
*** TURN *** [4d 2s 5s] [9c]
manly70: bets $6
Agrotait: calls $6
*** RIVER *** [4d 2s 5s 9c] [7d]
manly70: bets $6
Agrotait: folds
Uncalled bet ($6) returned to manly70
manly70 collected $35.50 from pot
*** SUMMARY ***
Total pot $36 | Rake $0.50
Board [4d 2s 5s 9c 7d]
Seat 1: manly70 (big blind) collected ($35.50)
Seat 4: Agrotait (button) (small blind) folded on the River


PokerStars Hand #150632398501:  Hold'em Limit ($3/$6 USD) - 2016/03/20 3:16:54 ET
Table 'Fini' 6-max Seat #1 is the button
Seat 1: manly70 ($285.60 in chips)
Seat 4: Agrotait ($91 in chips)
manly70: posts small blind $1
Agrotait: posts big blind $3
*** HOLE CARDS ***
manly70: raises $3 to $6
Agrotait: calls $3
*** FLOP *** [6d 3c 3d]
Agrotait: checks
manly70: bets $3
Agrotait: raises $3 to $6
manly70: raises $3 to $9
Agrotait: calls $3
*** TURN *** [6d 3c 3d] [6h]
Agrotait: checks
manly70: checks
*** RIVER *** [6d 3c 3d 6h] [3s]
Agrotait: checks
manly70: bets $6
Agrotait: calls $6
*** SHOW DOWN ***
manly70: shows [3h Ad] (four of a kind, Threes)
Agrotait: mucks hand
manly70 collected $41.50 from pot
*** SUMMARY ***
Total pot $42 | Rake $0.50
Board [6d 3c 3d 6h 3s]
Seat 1: manly70 (button) (small blind) showed [3h Ad] and won ($41.50) with four of a kind, Threes
Seat 4: Agrotait (big blind) mucked


PokerStars Hand #150632420557:  Hold'em Limit ($3/$6 USD) - 2016/03/20 3:18:04 ET
Table 'Fini' 6-max Seat #4 is the button
Seat 1: manly70 ($306.10 in chips)
Seat 4: Agrotait ($70 in chips)
Agrotait: posts small blind $1
manly70: posts big blind $3
*** HOLE CARDS ***
Agrotait: raises $3 to $6
manly70: calls $3
*** FLOP *** [Kh 3c Qs]
manly70: checks
Agrotait: bets $3
manly70: folds
Uncalled bet ($3) returned to Agrotait
Agrotait collected $11.76 from pot
Agrotait: doesn't show hand
*** SUMMARY ***
Total pot $12 | Rake $0.24
Board [Kh 3c Qs]
Seat 1: manly70 (big blind) folded on the Flop
Seat 4: Agrotait (button) (small blind) collected ($11.76)


PokerStars Hand #150632426937:  Hold'em Limit ($3/$6 USD) - 2016/03/20 3:18:24 ET
Table 'Fini' 6-max Seat #1 is the button
Seat 1: manly70 ($300.10 in chips)
Seat 4: Agrotait ($75.76 in chips)
manly70: posts small blind $1
Agrotait: posts big blind $3
*** HOLE CARDS ***
manly70: raises $3 to $6
Agrotait: folds
Uncalled bet ($3) returned to manly70
manly70 collected $6 from pot
*** SUMMARY ***
Total pot $6 | Rake $0
Seat 1: manly70 (button) (small blind) collected ($6)
Seat 4: Agrotait (big blind) folded before Flop


PokerStars Hand #150632431066:  Hold'em Limit ($3/$6 USD) - 2016/03/20 3:18:37 ET
Table 'Fini' 6-max Seat #4 is the button
Seat 1: manly70 ($303.10 in chips)
Seat 4: Agrotait ($72.76 in chips)
Agrotait: posts small blind $1
manly70: posts big blind $3
*** HOLE CARDS ***
Agrotait: folds
Uncalled bet ($2) returned to manly70
manly70 collected $2 from pot
*** SUMMARY ***
Total pot $2 | Rake $0
Seat 1: manly70 (big blind) collected ($2)
Seat 4: Agrotait (button) (small blind) folded before Flop


PokerStars Hand #150632433199:  Hold'em Limit ($3/$6 USD) - 2016/03/20 3:18:44 ET
Table 'Fini' 6-max Seat #1 is the button
Seat 1: manly70 ($304.10 in chips)
Seat 4: Agrotait ($71.76 in chips)
manly70: posts small blind $1
Agrotait: posts big blind $3
*** HOLE CARDS ***
manly70: folds
Uncalled bet ($2) returned to Agrotait
Agrotait collected $2 from pot
Agrotait: doesn't show hand
*** SUMMARY ***
Total pot $2 | Rake $0
Seat 1: manly70 (button) (small blind) folded before Flop
Seat 4: Agrotait (big blind) collected ($2)


PokerStars Hand #150632435175:  Hold'em Limit ($3/$6 USD) - 2016/03/20 3:18:50 ET
Table 'Fini' 6-max Seat #4 is the button
Seat 1: manly70 ($303.10 in chips)
Seat 4: Agrotait ($72.76 in chips)
Agrotait: posts small blind $1
manly70: posts big blind $3
*** HOLE CARDS ***
Agrotait: raises $3 to $6
manly70: folds
Uncalled bet ($3) returned to Agrotait
Agrotait collected $6 from pot
Agrotait: doesn't show hand
*** SUMMARY ***
Total pot $6 | Rake $0
Seat 1: manly70 (big blind) folded before Flop
Seat 4: Agrotait (button) (small blind) collected ($6)


PokerStars Hand #150632440082:  Hold'em Limit ($3/$6 USD) - 2016/03/20 3:19:05 ET
Table 'Fini' 6-max Seat #1 is the button
Seat 1: manly70 ($300.10 in chips)
Seat 4: Agrotait ($75.76 in chips)
manly70: posts small blind $1
Agrotait: posts big blind $3
*** HOLE CARDS ***
manly70: raises $3 to $6
Agrotait: calls $3
*** FLOP *** [7c 8h 3c]
Agrotait: checks
manly70: checks
*** TURN *** [7c 8h 3c] [As]
Agrotait: bets $6
manly70: folds
Uncalled bet ($6) returned to Agrotait
Agrotait collected $11.76 from pot
Agrotait: doesn't show hand
*** SUMMARY ***
Total pot $12 | Rake $0.24
Board [7c 8h 3c As]
Seat 1: manly70 (button) (small blind) folded on the Turn
Seat 4: Agrotait (big blind) collected ($11.76)


PokerStars Hand #150632451818:  Hold'em Limit ($3/$6 USD) - 2016/03/20 3:19:41 ET
Table 'Fini' 6-max Seat #4 is the button
Seat 1: manly70 ($294.10 in chips)
Seat 4: Agrotait ($81.52 in chips)
Agrotait: posts small blind $1
manly70: posts big blind $3
*** HOLE CARDS ***
Agrotait: raises $3 to $6
manly70: calls $3
*** FLOP *** [Jh Ah Jd]
manly70: checks
Agrotait: bets $3
manly70: folds
Uncalled bet ($3) returned to Agrotait
Agrotait collected $11.76 from pot
Agrotait: doesn't show hand
*** SUMMARY ***
Total pot $12 | Rake $0.24
Board [Jh Ah Jd]
Seat 1: manly70 (big blind) folded on the Flop
Seat 4: Agrotait (button) (small blind) collected ($11.76)


PokerStars Hand #150632458163:  Hold'em Limit ($3/$6 USD) - 2016/03/20 3:20:01 ET
Table 'Fini' 6-max Seat #1 is the button
Seat 1: manly70 ($288.10 in chips)
Seat 4: Agrotait ($87.28 in chips)
manly70: posts small blind $1
Agrotait: posts big blind $3
*** HOLE CARDS ***
manly70: folds
Uncalled bet ($2) returned to Agrotait
Agrotait collected $2 from pot
Agrotait: doesn't show hand
*** SUMMARY ***
Total pot $2 | Rake $0
Seat 1: manly70 (button) (small blind) folded before Flop
Seat 4: Agrotait (big blind) collected ($2)


PokerStars Hand #150632461748:  Hold'em Limit ($3/$6 USD) - 2016/03/20 3:20:12 ET
Table 'Fini' 6-max Seat #4 is the button
Seat 1: manly70 ($287.10 in chips)
Seat 4: Agrotait ($88.28 in chips)
Agrotait: posts small blind $1
manly70: posts big blind $3
*** HOLE CARDS ***
Agrotait: raises $3 to $6
manly70: calls $3
*** FLOP *** [Ks Qd 6h]
manly70: checks
Agrotait: bets $3
manly70: calls $3
*** TURN *** [Ks Qd 6h] [Jd]
manly70: checks
Agrotait: checks
*** RIVER *** [Ks Qd 6h Jd] [3d]
manly70: bets $6
Agrotait: raises $6 to $12
manly70: folds
Uncalled bet ($6) returned to Agrotait
Agrotait collected $29.50 from pot
Agrotait: doesn't show hand
*** SUMMARY ***
Total pot $30 | Rake $0.50
Board [Ks Qd 6h Jd 3d]
Seat 1: manly70 (big blind) folded on the River
Seat 4: Agrotait (button) (small blind) collected ($29.50)


PokerStars Hand #150632478144:  Hold'em Limit ($3/$6 USD) - 2016/03/20 3:21:03 ET
Table 'Fini' 6-max Seat #1 is the button
Seat 1: manly70 ($272.10 in chips)
Seat 4: Agrotait ($102.78 in chips)
manly70: posts small blind $1
Agrotait: posts big blind $3
*** HOLE CARDS ***
manly70: raises $3 to $6
Agrotait: calls $3
*** FLOP *** [8s Jh 4h]
Agrotait: checks
manly70: bets $3
Agrotait: calls $3
*** TURN *** [8s Jh 4h] [9c]
Agrotait: checks
manly70: checks
*** RIVER *** [8s Jh 4h 9c] [8h]
Agrotait: bets $6
manly70: folds
Uncalled bet ($6) returned to Agrotait
Agrotait collected $17.64 from pot
Agrotait: doesn't show hand
*** SUMMARY ***
Total pot $18 | Rake $0.36
Board [8s Jh 4h 9c 8h]
Seat 1: manly70 (button) (small blind) folded on the River
Seat 4: Agrotait (big blind) collected ($17.64)


PokerStars Hand #150632492771:  Hold'em Limit ($3/$6 USD) - 2016/03/20 3:21:48 ET
Table 'Fini' 6-max Seat #4 is the button
Seat 1: manly70 ($263.10 in chips)
Seat 4: Agrotait ($111.42 in chips)
Agrotait: posts small blind $1
manly70: posts big blind $3
*** HOLE CARDS ***
Agrotait: folds
Uncalled bet ($2) returned to manly70
manly70 collected $2 from pot
*** SUMMARY ***
Total pot $2 | Rake $0
Seat 1: manly70 (big blind) collected ($2)
Seat 4: Agrotait (button) (small blind) folded before Flop


PokerStars Hand #150632497454:  Hold'em Limit ($3/$6 USD) - 2016/03/20 3:22:02 ET
Table 'Fini' 6-max Seat #1 is the button
Seat 1: manly70 ($264.10 in chips)
Seat 4: Agrotait ($110.42 in chips)
manly70: posts small blind $1
Agrotait: posts big blind $3
*** HOLE CARDS ***
manly70: folds
Uncalled bet ($2) returned to Agrotait
Agrotait collected $2 from pot
Agrotait: doesn't show hand
*** SUMMARY ***
Total pot $2 | Rake $0
Seat 1: manly70 (button) (small blind) folded before Flop
Seat 4: Agrotait (big blind) collected ($2)


PokerStars Hand #150632499971:  Hold'em Limit ($3/$6 USD) - 2016/03/20 3:22:10 ET
Table 'Fini' 6-max Seat #4 is the button
Seat 1: manly70 ($263.10 in chips)
Seat 4: Agrotait ($111.42 in chips)
Agrotait: posts small blind $1
manly70: posts big blind $3
*** HOLE CARDS ***
Agrotait: raises $3 to $6
manly70: calls $3
*** FLOP *** [3c Ah 4c]
manly70: checks
Agrotait: bets $3
manly70: folds
Uncalled bet ($3) returned to Agrotait
Agrotait collected $11.76 from pot
*** SUMMARY ***
Total pot $12 | Rake $0.24
Board [3c Ah 4c]
Seat 1: manly70 (big blind) folded on the Flop
Seat 4: Agrotait (button) (small blind) collected ($11.76)


PokerStars Hand #150632509637:  Hold'em Limit ($3/$6 USD) - 2016/03/20 3:22:40 ET
Table 'Fini' 6-max Seat #1 is the button
Seat 1: manly70 ($257.10 in chips)
Seat 4: Agrotait ($117.18 in chips)
manly70: posts small blind $1
Agrotait: posts big blind $3
*** HOLE CARDS ***
manly70: raises $3 to $6
Agrotait: calls $3
*** FLOP *** [Td Jc 9d]
Agrotait: checks
manly70: bets $3
Agrotait: calls $3
*** TURN *** [Td Jc 9d] [6s]
Agrotait: checks
manly70: bets $6
tangxueke joins the table at seat #3
Agrotait: calls $6
*** RIVER *** [Td Jc 9d 6s] [Qh]
Agrotait: checks
manly70: bets $6
Agrotait: folds
Uncalled bet ($6) returned to manly70
manly70 collected $29.50 from pot
*** SUMMARY ***
Total pot $30 | Rake $0.50
Board [Td Jc 9d 6s Qh]
Seat 1: manly70 (button) (small blind) collected ($29.50)
Seat 4: Agrotait (big blind) folded on the River


PokerStars Hand #150632524035:  Hold'em Limit ($3/$6 USD) - 2016/03/20 3:23:24 ET
Table 'Fini' 6-max Seat #4 is the button
Seat 1: manly70 ($271.60 in chips)
Seat 4: Agrotait ($102.18 in chips)
Agrotait: posts small blind $1
manly70: posts big blind $3
*** HOLE CARDS ***
Agrotait: raises $3 to $6
manly70: raises $3 to $9
Agrotait: calls $3
*** FLOP *** [Kh Jd 2d]
manly70: bets $3
Agrotait: folds
Uncalled bet ($3) returned to manly70
manly70 collected $17.64 from pot
*** SUMMARY ***
Total pot $18 | Rake $0.36
Board [Kh Jd 2d]
Seat 1: manly70 (big blind) collected ($17.64)
Seat 4: Agrotait (button) (small blind) folded on the Flop


PokerStars Hand #150632988534:  Hold'em Limit ($3/$6 USD) - 2016/03/20 3:46:29 ET
Table 'Fini' 6-max Seat #2 is the button
Seat 1: manly70 ($218.44 in chips)
Seat 2: liolilove ($87.32 in chips)
liolilove: posts small blind $1
markusfriebe: is sitting out
manly70: posts big blind $3
*** HOLE CARDS ***
liolilove: raises $3 to $6
markusfriebe leaves the table
manly70: folds
Uncalled bet ($3) returned to liolilove
liolilove collected $6 from pot
liolilove: doesn't show hand
*** SUMMARY ***
Total pot $6 | Rake $0
Seat 1: manly70 (big blind) folded before Flop
Seat 2: liolilove (button) (small blind) collected ($6)


PokerStars Hand #150632991699:  Hold'em Limit ($3/$6 USD) - 2016/03/20 3:46:38 ET
Table 'Fini' 6-max Seat #1 is the button
Seat 1: manly70 ($215.44 in chips)
Seat 2: liolilove ($90.32 in chips)
manly70: posts small blind $1
liolilove: posts big blind $3
*** HOLE CARDS ***
manly70: raises $3 to $6
liolilove: calls $3
*** FLOP *** [9h Ac 3c]
liolilove: checks
manly70: bets $3
liolilove: folds
Uncalled bet ($3) returned to manly70
manly70 collected $11.76 from pot
*** SUMMARY ***
Total pot $12 | Rake $0.24
Board [9h Ac 3c]
Seat 1: manly70 (button) (small blind) collected ($11.76)
Seat 2: liolilove (big blind) folded on the Flop


PokerStars Hand #150633001414:  Hold'em Limit ($3/$6 USD) - 2016/03/20 3:47:06 ET
Table 'Fini' 6-max Seat #2 is the button
Seat 1: manly70 ($221.20 in chips)
Seat 2: liolilove ($84.32 in chips)
liolilove: posts small blind $1
manly70: posts big blind $3
*** HOLE CARDS ***
liolilove: raises $3 to $6
manly70: calls $3
*** FLOP *** [Jc 4s 2c]
manly70: checks
liolilove: bets $3
manly70: calls $3
*** TURN *** [Jc 4s 2c] [5c]
manly70: checks
liolilove: bets $6
manly70: calls $6
*** RIVER *** [Jc 4s 2c 5c] [2d]
manly70: checks
liolilove: checks
*** SHOW DOWN ***
manly70: shows [Ad Tc] (a pair of Deuces)
liolilove: mucks hand
manly70 collected $29.50 from pot
*** SUMMARY ***
Total pot $30 | Rake $0.50
Board [Jc 4s 2c 5c 2d]
Seat 1: manly70 (big blind) showed [Ad Tc] and won ($29.50) with a pair of Deuces
Seat 2: liolilove (button) (small blind) mucked


PokerStars Hand #150633010072:  Hold'em Limit ($3/$6 USD) - 2016/03/20 3:47:32 ET
Table 'Fini' 6-max Seat #1 is the button
Seat 1: manly70 ($235.70 in chips)
Seat 2: liolilove ($72 in chips)
manly70: posts small blind $1
liolilove: posts big blind $3
*** HOLE CARDS ***
manly70: raises $3 to $6
liolilove: folds
Uncalled bet ($3) returned to manly70
manly70 collected $6 from pot
*** SUMMARY ***
Total pot $6 | Rake $0
Seat 1: manly70 (button) (small blind) collected ($6)
Seat 2: liolilove (big blind) folded before Flop


PokerStars Hand #150633012580:  Hold'em Limit ($3/$6 USD) - 2016/03/20 3:47:39 ET
Table 'Fini' 6-max Seat #2 is the button
Seat 1: manly70 ($238.70 in chips)
Seat 2: liolilove ($72 in chips)
liolilove: posts small blind $1
manly70: posts big blind $3
*** HOLE CARDS ***
liolilove: raises $3 to $6
manly70: calls $3
*** FLOP *** [6c 3s 7d]
manly70: checks
liolilove: bets $3
manly70: calls $3
*** TURN *** [6c 3s 7d] [As]
manly70: checks
liolilove: bets $6
manly70: folds
Uncalled bet ($6) returned to liolilove
liolilove collected $17.64 from pot
liolilove: doesn't show hand
*** SUMMARY ***
Total pot $18 | Rake $0.36
Board [6c 3s 7d As]
Seat 1: manly70 (big blind) folded on the Turn
Seat 2: liolilove (button) (small blind) collected ($17.64)


PokerStars Hand #150633028116:  Hold'em Limit ($3/$6 USD) - 2016/03/20 3:48:24 ET
Table 'Fini' 6-max Seat #2 is the button
Seat 1: manly70 ($238.34 in chips)
Seat 2: liolilove ($72 in chips)
liolilove: posts small blind $1
tangxueke was removed from the table for failing to post
manly70: posts big blind $3
*** HOLE CARDS ***
liolilove: raises $3 to $6
manly70: folds
Uncalled bet ($3) returned to liolilove
liolilove collected $6 from pot
liolilove: doesn't show hand
*** SUMMARY ***
Total pot $6 | Rake $0
Seat 1: manly70 (big blind) folded before Flop
Seat 2: liolilove (button) (small blind) collected ($6)


PokerStars Hand #150633020673:  Hold'em Limit ($3/$6 USD) - 2016/03/20 3:48:03 ET
Table 'Fini' 6-max Seat #1 is the button
Seat 1: manly70 ($229.70 in chips)
Seat 2: liolilove ($80.64 in chips)
manly70: posts small blind $1
liolilove: posts big blind $3
*** HOLE CARDS ***
manly70: raises $3 to $6
liolilove: calls $3
*** FLOP *** [2d 5d 9h]
liolilove: checks
manly70: bets $3
liolilove: calls $3
*** TURN *** [2d 5d 9h] [9s]
liolilove: checks
manly70: bets $6
liolilove: folds
Uncalled bet ($6) returned to manly70
manly70 collected $17.64 from pot
*** SUMMARY ***
Total pot $18 | Rake $0.36
Board [2d 5d 9h 9s]
Seat 1: manly70 (button) (small blind) collected ($17.64)
Seat 2: liolilove (big blind) folded on the Turn


PokerStars Hand #150633030666:  Hold'em Limit ($3/$6 USD) - 2016/03/20 3:48:31 ET
Table 'Fini' 6-max Seat #1 is the button
Seat 1: manly70 ($235.34 in chips)
Seat 2: liolilove ($75 in chips)
manly70: posts small blind $1
liolilove: posts big blind $3
*** HOLE CARDS ***
manly70: raises $3 to $6
liolilove: calls $3
*** FLOP *** [3d 2c As]
liolilove: checks
manly70: bets $3
liolilove: calls $3
*** TURN *** [3d 2c As] [3s]
liolilove: checks
manly70: bets $6
liolilove: raises $6 to $12
manly70: folds
Uncalled bet ($6) returned to liolilove
liolilove collected $29.50 from pot
liolilove: doesn't show hand
*** SUMMARY ***
Total pot $30 | Rake $0.50
Board [3d 2c As 3s]
Seat 1: manly70 (button) (small blind) folded on the Turn
Seat 2: liolilove (big blind) collected ($29.50)


PokerStars Hand #150633039537:  Hold'em Limit ($3/$6 USD) - 2016/03/20 3:48:57 ET
Table 'Fini' 6-max Seat #2 is the button
Seat 1: manly70 ($220.34 in chips)
Seat 2: liolilove ($89.50 in chips)
liolilove: posts small blind $1
manly70: posts big blind $3
*** HOLE CARDS ***
liolilove: raises $3 to $6
manly70: calls $3
*** FLOP *** [Jh Qh 6h]
manly70: checks
liolilove: bets $3
manly70: calls $3
*** TURN *** [Jh Qh 6h] [4d]
manly70: checks
liolilove: bets $6
manly70: calls $6
*** RIVER *** [Jh Qh 6h 4d] [3h]
manly70: checks
liolilove: checks
*** SHOW DOWN ***
manly70: shows [Th 9s] (a flush, Queen high)
Gelder112 joins the table at seat #3
liolilove: mucks hand
manly70 collected $29.50 from pot
*** SUMMARY ***
Total pot $30 | Rake $0.50
Board [Jh Qh 6h 4d 3h]
Seat 1: manly70 (big blind) showed [Th 9s] and won ($29.50) with a flush, Queen high
Seat 2: liolilove (button) (small blind) mucked


PokerStars Hand #150633048002:  Hold'em Limit ($3/$6 USD) - 2016/03/20 3:49:21 ET
Table 'Fini' 6-max Seat #1 is the button
Seat 1: manly70 ($234.84 in chips)
Seat 2: liolilove ($74.50 in chips)
manly70: posts small blind $1
liolilove: posts big blind $3
*** HOLE CARDS ***
manly70: raises $3 to $6
liolilove: folds
Uncalled bet ($3) returned to manly70
manly70 collected $6 from pot
*** SUMMARY ***
Total pot $6 | Rake $0
Seat 1: manly70 (button) (small blind) collected ($6)
Seat 2: liolilove (big blind) folded before Flop


PokerStars Hand #150633074106:  Hold'em Limit ($3/$6 USD) - 2016/03/20 3:50:36 ET
Table 'Fini' 6-max Seat #1 is the button
Seat 1: manly70 ($207.84 in chips)
Seat 3: Gelder112 ($38.43 in chips)
manly70: posts small blind $1
liolilove: is sitting out
Gelder112: posts big blind $3
*** HOLE CARDS ***
liolilove leaves the table
manly70: folds
Uncalled bet ($2) returned to Gelder112
Gelder112 collected $2 from pot
liolilove joins the table at seat #4
*** SUMMARY ***
Total pot $2 | Rake $0
Seat 1: manly70 (button) (small blind) folded before Flop
Seat 3: Gelder112 (big blind) collected ($2)


PokerStars Hand #150633161938:  Hold'em Limit ($3/$6 USD) - 2016/03/20 3:54:45 ET
Table 'Fini' 6-max Seat #3 is the button
Seat 3: Gelder112 ($33.75 in chips)
Seat 4: liolilove ($144.02 in chips)
Gelder112: posts small blind $1
liolilove: posts big blind $3
*** HOLE CARDS ***
Gelder112: folds
Uncalled bet ($2) returned to liolilove
Gelder112 leaves the table
liolilove collected $2 from pot
liolilove: doesn't show hand
*** SUMMARY ***
Total pot $2 | Rake $0
Seat 3: Gelder112 (button) (small blind) folded before Flop
Seat 4: liolilove (big blind) collected ($2)


