PokerStars Hand #156470681979:  Hold'em Limit ($3/$6 USD) - 2016/07/26 12:25:38 ET
Table 'Finsen' 6-max Seat #5 is the button
Seat 3: lucky80185 ($58.64 in chips)
Seat 5: Pandakey ($109 in chips)
Pandakey: posts small blind $1
lucky80185: posts big blind $3
*** HOLE CARDS ***
Pandakey: raises $3 to $6
lucky80185: raises $3 to $9
Pandakey: calls $3
*** FLOP *** [8s 7h 3d]
lucky80185: bets $3
Pandakey: calls $3
*** TURN *** [8s 7h 3d] [Jc]
lucky80185: bets $6
Pandakey: raises $6 to $12
lucky80185: calls $6
*** RIVER *** [8s 7h 3d Jc] [8h]
lucky80185: bets $6
Pandakey: calls $6
*** SHOW DOWN ***
lucky80185: shows [9h 9s] (two pair, Nines and Eights)
Pandakey: shows [Jd Kc] (two pair, Jacks and Eights)
Pandakey collected $59.50 from pot
*** SUMMARY ***
Total pot $60 | Rake $0.50
Board [8s 7h 3d Jc 8h]
Seat 3: lucky80185 (big blind) showed [9h 9s] and lost with two pair, Nines and Eights
Seat 5: Pandakey (button) (small blind) showed [Jd Kc] and won ($59.50) with two pair, Jacks and Eights


PokerStars Hand #156470678372:  Hold'em Limit ($3/$6 USD) - 2016/07/26 12:25:33 ET
Table 'Finsen' 6-max Seat #3 is the button
Seat 3: lucky80185 ($55.64 in chips)
Seat 5: Pandakey ($112 in chips)
lucky80185: posts small blind $1
Pandakey: posts big blind $3
*** HOLE CARDS ***
lucky80185: raises $3 to $6
Pandakey: folds
Uncalled bet ($3) returned to lucky80185
lucky80185 collected $6 from pot
lucky80185: doesn't show hand
*** SUMMARY ***
Total pot $6 | Rake $0
Seat 3: lucky80185 (button) (small blind) collected ($6)
Seat 5: Pandakey (big blind) folded before Flop


PokerStars Hand #156470669123:  Hold'em Limit ($3/$6 USD) - 2016/07/26 12:25:19 ET
Table 'Finsen' 6-max Seat #5 is the button
Seat 3: lucky80185 ($47 in chips)
Seat 5: Pandakey ($121 in chips)
Pandakey: posts small blind $1
lucky80185: posts big blind $3
*** HOLE CARDS ***
Pandakey: raises $3 to $6
lucky80185: raises $3 to $9
Pandakey: calls $3
*** FLOP *** [Kd 7c 4s]
lucky80185: bets $3
Pandakey: folds
Uncalled bet ($3) returned to lucky80185
lucky80185 collected $17.64 from pot
lucky80185: doesn't show hand
*** SUMMARY ***
Total pot $18 | Rake $0.36
Board [Kd 7c 4s]
Seat 3: lucky80185 (big blind) collected ($17.64)
Seat 5: Pandakey (button) (small blind) folded on the Flop


PokerStars Hand #156470700349:  Hold'em Limit ($3/$6 USD) - 2016/07/26 12:26:06 ET
Table 'Finsen' 6-max Seat #3 is the button
Seat 3: lucky80185 ($28.64 in chips)
Seat 5: Pandakey ($138.50 in chips)
lucky80185: posts small blind $1
Pandakey: posts big blind $3
*** HOLE CARDS ***
lucky80185: raises $3 to $6
Pandakey: raises $3 to $9
lucky80185: raises $3 to $12
Betting is capped
Pandakey: calls $3
*** FLOP *** [As 7h 7d]
Pandakey: checks
lucky80185: checks
*** TURN *** [As 7h 7d] [Ts]
fire852181 joins the table at seat #2
Pandakey: bets $6
lucky80185: raises $6 to $12
Pandakey: calls $6
*** RIVER *** [As 7h 7d Ts] [Jh]
Pandakey: checks
lucky80185: bets $4.64 and is all-in
Pandakey: calls $4.64
*** SHOW DOWN ***
lucky80185: shows [Js Jc] (a full house, Jacks full of Sevens)
Pandakey: shows [Ad Qh] (two pair, Aces and Sevens)
lucky80185 collected $56.78 from pot
*** SUMMARY ***
Total pot $57.28 | Rake $0.50
Board [As 7h 7d Ts Jh]
Seat 3: lucky80185 (button) (small blind) showed [Js Jc] and won ($56.78) with a full house, Jacks full of Sevens
Seat 5: Pandakey (big blind) showed [Ad Qh] and lost with two pair, Aces and Sevens


PokerStars Hand #156470776806:  Hold'em Limit ($3/$6 USD) - 2016/07/26 12:28:01 ET
Table 'Finsen' 6-max Seat #5 is the button
Seat 2: fire852181 ($72.46 in chips)
Seat 5: Pandakey ($155.20 in chips)
krossguard will be allowed to play after the button
Pandakey: posts small blind $1
fire852181: posts big blind $3
*** HOLE CARDS ***
Pandakey: raises $3 to $6
lucky80185 leaves the table
fire852181: calls $3
*** FLOP *** [6d Qs 7d]
fire852181: checks
Pandakey: checks
*** TURN *** [6d Qs 7d] [7c]
fire852181: checks
Pandakey: checks
*** RIVER *** [6d Qs 7d 7c] [Td]
fire852181: checks
Pandakey: checks
*** SHOW DOWN ***
fire852181: shows [Ad 7h] (three of a kind, Sevens)
Pandakey: mucks hand
fire852181 collected $11.76 from pot
*** SUMMARY ***
Total pot $12 | Rake $0.24
Board [6d Qs 7d 7c Td]
Seat 2: fire852181 (big blind) showed [Ad 7h] and won ($11.76) with three of a kind, Sevens
Seat 5: Pandakey (button) (small blind) mucked


