PokerStars Hand #152277149813:  Hold'em Limit ($3/$6 USD) - 2016/04/22 9:14:42 ET
Table 'Finsen II' 6-max Seat #1 is the button
Seat 1: HungryJac100 ($48 in chips)
Seat 4: Agrotait ($72 in chips)
HungryJac100: posts small blind $1
Agrotait: posts big blind $3
*** HOLE CARDS ***
TbIP-TbIP 88 joins the table at seat #2
HungryJac100: calls $2
Agrotait: checks
*** FLOP *** [9c 2d Qc]
Champion1302 joins the table at seat #3
Agrotait: checks
HungryJac100: bets $3
Agrotait: folds
Uncalled bet ($3) returned to HungryJac100
HungryJac100 collected $5.88 from pot
*** SUMMARY ***
Total pot $6 | Rake $0.12
Board [9c 2d Qc]
Seat 1: HungryJac100 (button) (small blind) collected ($5.88)
Seat 4: Agrotait (big blind) folded on the Flop


PokerStars Hand #152277165439:  Hold'em Limit ($3/$6 USD) - 2016/04/22 9:15:10 ET
Table 'Finsen II' 6-max Seat #4 is the button
Seat 1: HungryJac100 ($50.88 in chips)
Seat 4: Agrotait ($69 in chips)
Agrotait: posts small blind $1
HungryJac100: posts big blind $3
*** HOLE CARDS ***
Agrotait: raises $3 to $6
HungryJac100: calls $3
*** FLOP *** [5d 4d Ac]
HungryJac100: checks
Agrotait: bets $3
HungryJac100: calls $3
*** TURN *** [5d 4d Ac] [Ah]
HungryJac100: checks
Chessnok joins the table at seat #5
Agrotait: checks
*** RIVER *** [5d 4d Ac Ah] [Tc]
HungryJac100: checks
Agrotait: checks
*** SHOW DOWN ***
HungryJac100: shows [4c 6d] (two pair, Aces and Fours)
Agrotait: mucks hand
HungryJac100 collected $17.64 from pot
*** SUMMARY ***
Total pot $18 | Rake $0.36
Board [5d 4d Ac Ah Tc]
Seat 1: HungryJac100 (big blind) showed [4c 6d] and won ($17.64) with two pair, Aces and Fours
Seat 4: Agrotait (button) (small blind) mucked


