PokerStars Hand #147735541276:  Hold'em Limit ($3/$6 USD) - 2016/01/26 17:55:41 ET
Table 'Finsen' 6-max Seat #5 is the button
Seat 4: AzureCaper ($73.82 in chips)
Seat 5: PayMyAudiR8 ($81.55 in chips)
PayMyAudiR8: posts small blind $1
AzureCaper: posts big blind $3
*** HOLE CARDS ***
docter_lock leaves the table
PayMyAudiR8: folds
Uncalled bet ($2) returned to AzureCaper
AzureCaper collected $2 from pot
AzureCaper: doesn't show hand
*** SUMMARY ***
Total pot $2 | Rake $0
Seat 4: AzureCaper (big blind) collected ($2)
Seat 5: PayMyAudiR8 (button) (small blind) folded before Flop


PokerStars Hand #147735584851:  Hold'em Limit ($3/$6 USD) - 2016/01/26 17:56:41 ET
Table 'Finsen' 6-max Seat #4 is the button
Seat 4: AzureCaper ($72 in chips)
Seat 5: PayMyAudiR8 ($89.05 in chips)
AzureCaper: posts small blind $1
PayMyAudiR8: posts big blind $3
*** HOLE CARDS ***
AzureCaper: raises $3 to $6
PayMyAudiR8: calls $3
*** FLOP *** [5d 6c Qs]
PayMyAudiR8: checks
AzureCaper: bets $3
PayMyAudiR8: calls $3
*** TURN *** [5d 6c Qs] [Jd]
PayMyAudiR8: checks
AzureCaper: bets $6
PayMyAudiR8: calls $6
*** RIVER *** [5d 6c Qs Jd] [4c]
PayMyAudiR8: checks
AzureCaper: bets $6
PayMyAudiR8: calls $6
*** SHOW DOWN ***
AzureCaper: shows [7c 7s] (a pair of Sevens)
PayMyAudiR8: mucks hand
AzureCaper collected $41.50 from pot
*** SUMMARY ***
Total pot $42 | Rake $0.50
Board [5d 6c Qs Jd 4c]
Seat 4: AzureCaper (button) (small blind) showed [7c 7s] and won ($41.50) with a pair of Sevens
Seat 5: PayMyAudiR8 (big blind) mucked


PokerStars Hand #147735559790:  Hold'em Limit ($3/$6 USD) - 2016/01/26 17:56:07 ET
Table 'Finsen' 6-max Seat #5 is the button
Seat 4: AzureCaper ($89.32 in chips)
Seat 5: PayMyAudiR8 ($65.55 in chips)
PayMyAudiR8: posts small blind $1
AzureCaper: posts big blind $3
*** HOLE CARDS ***
PayMyAudiR8: raises $3 to $6
AzureCaper: calls $3
*** FLOP *** [5h Qh 5c]
AzureCaper: checks
PayMyAudiR8: bets $3
AzureCaper: raises $3 to $6
PayMyAudiR8: calls $3
*** TURN *** [5h Qh 5c] [4d]
AzureCaper: bets $6
PayMyAudiR8: calls $6
*** RIVER *** [5h Qh 5c 4d] [Ac]
AzureCaper: bets $6
PayMyAudiR8: calls $6
*** SHOW DOWN ***
AzureCaper: shows [6d 9s] (a pair of Fives)
PayMyAudiR8: shows [3d As] (two pair, Aces and Fives)
PayMyAudiR8 collected $47.50 from pot
*** SUMMARY ***
Total pot $48 | Rake $0.50
Board [5h Qh 5c 4d Ac]
Seat 4: AzureCaper (big blind) showed [6d 9s] and lost with a pair of Fives
Seat 5: PayMyAudiR8 (button) (small blind) showed [3d As] and won ($47.50) with two pair, Aces and Fives


PokerStars Hand #147735545636:  Hold'em Limit ($3/$6 USD) - 2016/01/26 17:55:47 ET
Table 'Finsen' 6-max Seat #4 is the button
Seat 4: AzureCaper ($74.82 in chips)
Seat 5: PayMyAudiR8 ($80.55 in chips)
AzureCaper: posts small blind $1
PayMyAudiR8: posts big blind $3
*** HOLE CARDS ***
AzureCaper: raises $3 to $6
PayMyAudiR8: calls $3
*** FLOP *** [3c 7d 6d]
PayMyAudiR8: checks
AzureCaper: bets $3
PayMyAudiR8: calls $3
*** TURN *** [3c 7d 6d] [Tc]
PayMyAudiR8: checks
AzureCaper: bets $6
PayMyAudiR8: calls $6
*** RIVER *** [3c 7d 6d Tc] [3s]
PayMyAudiR8: checks
AzureCaper: bets $6
PayMyAudiR8: folds
Uncalled bet ($6) returned to AzureCaper
AzureCaper collected $29.50 from pot
AzureCaper: doesn't show hand
*** SUMMARY ***
Total pot $30 | Rake $0.50
Board [3c 7d 6d Tc 3s]
Seat 4: AzureCaper (button) (small blind) collected ($29.50)
Seat 5: PayMyAudiR8 (big blind) folded on the River


PokerStars Hand #147735635185:  Hold'em Limit ($3/$6 USD) - 2016/01/26 17:57:50 ET
Table 'Finsen' 6-max Seat #4 is the button
Seat 4: AzureCaper ($72 in chips)
Seat 5: PayMyAudiR8 ($97.31 in chips)
AzureCaper: posts small blind $1
PayMyAudiR8: posts big blind $3
*** HOLE CARDS ***
AzureCaper: folds
Uncalled bet ($2) returned to PayMyAudiR8
PayMyAudiR8 collected $2 from pot
PayMyAudiR8: doesn't show hand
*** SUMMARY ***
Total pot $2 | Rake $0
Seat 4: AzureCaper (button) (small blind) folded before Flop
Seat 5: PayMyAudiR8 (big blind) collected ($2)


PokerStars Hand #147735621651:  Hold'em Limit ($3/$6 USD) - 2016/01/26 17:57:31 ET
Table 'Finsen' 6-max Seat #5 is the button
Seat 4: AzureCaper ($72 in chips)
Seat 5: PayMyAudiR8 ($91.55 in chips)
PayMyAudiR8: posts small blind $1
AzureCaper: posts big blind $3
*** HOLE CARDS ***
PayMyAudiR8: raises $3 to $6
AzureCaper: calls $3
*** FLOP *** [8c 6d 9c]
AzureCaper: checks
PayMyAudiR8: bets $3
AzureCaper: folds
Uncalled bet ($3) returned to PayMyAudiR8
PayMyAudiR8 collected $11.76 from pot
PayMyAudiR8: doesn't show hand
*** SUMMARY ***
Total pot $12 | Rake $0.24
Board [8c 6d 9c]
Seat 4: AzureCaper (big blind) folded on the Flop
Seat 5: PayMyAudiR8 (button) (small blind) collected ($11.76)


PokerStars Hand #147735603782:  Hold'em Limit ($3/$6 USD) - 2016/01/26 17:57:07 ET
Table 'Finsen' 6-max Seat #4 is the button
Seat 4: AzureCaper ($89.50 in chips)
Seat 5: PayMyAudiR8 ($71.05 in chips)
AzureCaper: posts small blind $1
PayMyAudiR8: posts big blind $3
*** HOLE CARDS ***
AzureCaper: raises $3 to $6
PayMyAudiR8: calls $3
*** FLOP *** [6s Qs 7h]
PayMyAudiR8: checks
AzureCaper: bets $3
PayMyAudiR8: calls $3
*** TURN *** [6s Qs 7h] [Kh]
PayMyAudiR8: checks
AzureCaper: bets $6
PayMyAudiR8: raises $6 to $12
AzureCaper: calls $6
*** RIVER *** [6s Qs 7h Kh] [4d]
PayMyAudiR8: bets $6
AzureCaper: folds
Uncalled bet ($6) returned to PayMyAudiR8
PayMyAudiR8 collected $41.50 from pot
PayMyAudiR8: doesn't show hand
*** SUMMARY ***
Total pot $42 | Rake $0.50
Board [6s Qs 7h Kh 4d]
Seat 4: AzureCaper (button) (small blind) folded on the River
Seat 5: PayMyAudiR8 (big blind) collected ($41.50)


PokerStars Hand #147735599926:  Hold'em Limit ($3/$6 USD) - 2016/01/26 17:57:02 ET
Table 'Finsen' 6-max Seat #5 is the button
Seat 4: AzureCaper ($92.50 in chips)
Seat 5: PayMyAudiR8 ($68.05 in chips)
PayMyAudiR8: posts small blind $1
AzureCaper: posts big blind $3
*** HOLE CARDS ***
PayMyAudiR8: raises $3 to $6
AzureCaper: folds
Uncalled bet ($3) returned to PayMyAudiR8
PayMyAudiR8 collected $6 from pot
PayMyAudiR8: doesn't show hand
*** SUMMARY ***
Total pot $6 | Rake $0
Seat 4: AzureCaper (big blind) folded before Flop
Seat 5: PayMyAudiR8 (button) (small blind) collected ($6)


PokerStars Hand #147735680767:  Hold'em Limit ($3/$6 USD) - 2016/01/26 17:58:38 ET
Table 'Finsen' 6-max Seat #4 is the button
Seat 4: AzureCaper ($119 in chips)
Seat 5: PayMyAudiR8 ($50.31 in chips)
AzureCaper: posts small blind $1
PayMyAudiR8: posts big blind $3
*** HOLE CARDS ***
AzureCaper: folds
Uncalled bet ($2) returned to PayMyAudiR8
PayMyAudiR8 collected $2 from pot
PayMyAudiR8: doesn't show hand
*** SUMMARY ***
Total pot $2 | Rake $0
Seat 4: AzureCaper (button) (small blind) folded before Flop
Seat 5: PayMyAudiR8 (big blind) collected ($2)


PokerStars Hand #147735675776:  Hold'em Limit ($3/$6 USD) - 2016/01/26 17:58:33 ET
Table 'Finsen' 6-max Seat #5 is the button
Seat 4: AzureCaper ($122 in chips)
Seat 5: PayMyAudiR8 ($47.31 in chips)
PayMyAudiR8: posts small blind $1
AzureCaper: posts big blind $3
*** HOLE CARDS ***
PayMyAudiR8: raises $3 to $6
AzureCaper: folds
Uncalled bet ($3) returned to PayMyAudiR8
PayMyAudiR8 collected $6 from pot
PayMyAudiR8: doesn't show hand
*** SUMMARY ***
Total pot $6 | Rake $0
Seat 4: AzureCaper (big blind) folded before Flop
Seat 5: PayMyAudiR8 (button) (small blind) collected ($6)


PokerStars Hand #147735655511:  Hold'em Limit ($3/$6 USD) - 2016/01/26 17:58:12 ET
Table 'Finsen' 6-max Seat #4 is the button
Seat 4: AzureCaper ($107.50 in chips)
Seat 5: PayMyAudiR8 ($62.31 in chips)
AzureCaper: posts small blind $1
PayMyAudiR8: posts big blind $3
*** HOLE CARDS ***
AzureCaper: raises $3 to $6
PayMyAudiR8: calls $3
*** FLOP *** [6d 5h 8s]
PayMyAudiR8: checks
AzureCaper: bets $3
PayMyAudiR8: calls $3
*** TURN *** [6d 5h 8s] [3h]
PayMyAudiR8: checks
AzureCaper: bets $6
PayMyAudiR8: calls $6
*** RIVER *** [6d 5h 8s 3h] [8h]
PayMyAudiR8: checks
AzureCaper: checks
*** SHOW DOWN ***
PayMyAudiR8: shows [Qc 4d] (a pair of Eights)
AzureCaper: shows [Jc 5d] (two pair, Eights and Fives)
AzureCaper collected $29.50 from pot
*** SUMMARY ***
Total pot $30 | Rake $0.50
Board [6d 5h 8s 3h 8h]
Seat 4: AzureCaper (button) (small blind) showed [Jc 5d] and won ($29.50) with two pair, Eights and Fives
Seat 5: PayMyAudiR8 (big blind) showed [Qc 4d] and lost with a pair of Eights


PokerStars Hand #147735638466:  Hold'em Limit ($3/$6 USD) - 2016/01/26 17:57:54 ET
Table 'Finsen' 6-max Seat #5 is the button
Seat 4: AzureCaper ($72 in chips)
Seat 5: PayMyAudiR8 ($98.31 in chips)
PayMyAudiR8: posts small blind $1
AzureCaper: posts big blind $3
*** HOLE CARDS ***
PayMyAudiR8: raises $3 to $6
AzureCaper: raises $3 to $9
PayMyAudiR8: calls $3
*** FLOP *** [Kh 4s Ks]
AzureCaper: bets $3
PayMyAudiR8: calls $3
*** TURN *** [Kh 4s Ks] [5s]
AzureCaper: bets $6
PayMyAudiR8: raises $6 to $12
AzureCaper: raises $6 to $18
PayMyAudiR8: calls $6
*** RIVER *** [Kh 4s Ks 5s] [3d]
AzureCaper: bets $6
PayMyAudiR8: calls $6
*** SHOW DOWN ***
AzureCaper: shows [Kc Ad] (three of a kind, Kings)
PayMyAudiR8: mucks hand
AzureCaper collected $71.50 from pot
*** SUMMARY ***
Total pot $72 | Rake $0.50
Board [Kh 4s Ks 5s 3d]
Seat 4: AzureCaper (big blind) showed [Kc Ad] and won ($71.50) with three of a kind, Kings
Seat 5: PayMyAudiR8 (button) (small blind) mucked


PokerStars Hand #147735732758:  Hold'em Limit ($3/$6 USD) - 2016/01/26 17:59:48 ET
Table 'Finsen' 6-max Seat #4 is the button
Seat 4: AzureCaper ($93.76 in chips)
Seat 5: PayMyAudiR8 ($74.33 in chips)
AzureCaper: posts small blind $1
PayMyAudiR8: posts big blind $3
*** HOLE CARDS ***
AzureCaper: folds
Uncalled bet ($2) returned to PayMyAudiR8
PayMyAudiR8 collected $2 from pot
PayMyAudiR8: doesn't show hand
*** SUMMARY ***
Total pot $2 | Rake $0
Seat 4: AzureCaper (button) (small blind) folded before Flop
Seat 5: PayMyAudiR8 (big blind) collected ($2)


PokerStars Hand #147735721297:  Hold'em Limit ($3/$6 USD) - 2016/01/26 17:59:32 ET
Table 'Finsen' 6-max Seat #5 is the button
Seat 4: AzureCaper ($99.76 in chips)
Seat 5: PayMyAudiR8 ($68.57 in chips)
PayMyAudiR8: posts small blind $1
AzureCaper: posts big blind $3
*** HOLE CARDS ***
PayMyAudiR8: raises $3 to $6
AzureCaper: calls $3
*** FLOP *** [2s 2c As]
AzureCaper: checks
PayMyAudiR8: bets $3
AzureCaper: folds
Uncalled bet ($3) returned to PayMyAudiR8
PayMyAudiR8 collected $11.76 from pot
PayMyAudiR8: doesn't show hand
*** SUMMARY ***
Total pot $12 | Rake $0.24
Board [2s 2c As]
Seat 4: AzureCaper (big blind) folded on the Flop
Seat 5: PayMyAudiR8 (button) (small blind) collected ($11.76)


PokerStars Hand #147735717334:  Hold'em Limit ($3/$6 USD) - 2016/01/26 17:59:27 ET
Table 'Finsen' 6-max Seat #4 is the button
Seat 4: AzureCaper ($96.76 in chips)
Seat 5: PayMyAudiR8 ($71.57 in chips)
AzureCaper: posts small blind $1
PayMyAudiR8: posts big blind $3
*** HOLE CARDS ***
AzureCaper: raises $3 to $6
PayMyAudiR8: folds
Uncalled bet ($3) returned to AzureCaper
AzureCaper collected $6 from pot
AzureCaper: doesn't show hand
*** SUMMARY ***
Total pot $6 | Rake $0
Seat 4: AzureCaper (button) (small blind) collected ($6)
Seat 5: PayMyAudiR8 (big blind) folded before Flop


PokerStars Hand #147735711147:  Hold'em Limit ($3/$6 USD) - 2016/01/26 17:59:18 ET
Table 'Finsen' 6-max Seat #5 is the button
Seat 4: AzureCaper ($102.76 in chips)
Seat 5: PayMyAudiR8 ($65.81 in chips)
PayMyAudiR8: posts small blind $1
AzureCaper: posts big blind $3
*** HOLE CARDS ***
PayMyAudiR8: raises $3 to $6
AzureCaper: calls $3
*** FLOP *** [8d Qs Js]
AzureCaper: checks
PayMyAudiR8: bets $3
AzureCaper: folds
Uncalled bet ($3) returned to PayMyAudiR8
PayMyAudiR8 collected $11.76 from pot
PayMyAudiR8: doesn't show hand
*** SUMMARY ***
Total pot $12 | Rake $0.24
Board [8d Qs Js]
Seat 4: AzureCaper (big blind) folded on the Flop
Seat 5: PayMyAudiR8 (button) (small blind) collected ($11.76)


PokerStars Hand #147735703699:  Hold'em Limit ($3/$6 USD) - 2016/01/26 17:59:08 ET
Table 'Finsen' 6-max Seat #4 is the button
Seat 4: AzureCaper ($97 in chips)
Seat 5: PayMyAudiR8 ($71.81 in chips)
AzureCaper: posts small blind $1
PayMyAudiR8: posts big blind $3
*** HOLE CARDS ***
AzureCaper: raises $3 to $6
PayMyAudiR8: calls $3
*** FLOP *** [Kc Qh Kd]
PayMyAudiR8: checks
AzureCaper: bets $3
PayMyAudiR8: folds
Uncalled bet ($3) returned to AzureCaper
AzureCaper collected $11.76 from pot
AzureCaper: doesn't show hand
*** SUMMARY ***
Total pot $12 | Rake $0.24
Board [Kc Qh Kd]
Seat 4: AzureCaper (button) (small blind) collected ($11.76)
Seat 5: PayMyAudiR8 (big blind) folded on the Flop


PokerStars Hand #147735683662:  Hold'em Limit ($3/$6 USD) - 2016/01/26 17:58:42 ET
Table 'Finsen' 6-max Seat #5 is the button
Seat 4: AzureCaper ($118 in chips)
Seat 5: PayMyAudiR8 ($51.31 in chips)
PayMyAudiR8: posts small blind $1
AzureCaper: posts big blind $3
*** HOLE CARDS ***
PayMyAudiR8: raises $3 to $6
AzureCaper: calls $3
*** FLOP *** [6h Qd 4d]
AzureCaper: checks
PayMyAudiR8: bets $3
AzureCaper: raises $3 to $6
PayMyAudiR8: raises $3 to $9
AzureCaper: calls $3
*** TURN *** [6h Qd 4d] [9c]
AzureCaper: checks
PayMyAudiR8: bets $6
AzureCaper: calls $6
*** RIVER *** [6h Qd 4d 9c] [Kh]
AzureCaper: checks
PayMyAudiR8: checks
*** SHOW DOWN ***
AzureCaper: shows [3d Td] (high card King)
PayMyAudiR8: shows [Qh 7h] (a pair of Queens)
PayMyAudiR8 collected $41.50 from pot
*** SUMMARY ***
Total pot $42 | Rake $0.50
Board [6h Qd 4d 9c Kh]
Seat 4: AzureCaper (big blind) showed [3d Td] and lost with high card King
Seat 5: PayMyAudiR8 (button) (small blind) showed [Qh 7h] and won ($41.50) with a pair of Queens


PokerStars Hand #147735451968:  Hold'em Limit ($3/$6 USD) - 2016/01/26 17:53:58 ET
Table 'Finsen' 6-max Seat #4 is the button
Seat 4: AzureCaper ($72 in chips)
Seat 5: PayMyAudiR8 ($73.05 in chips)
AzureCaper: posts small blind $1
PayMyAudiR8: posts big blind $3
*** HOLE CARDS ***
AzureCaper: raises $3 to $6
PayMyAudiR8: calls $3
*** FLOP *** [9c 2s Td]
PayMyAudiR8: checks
AzureCaper: bets $3
PayMyAudiR8: calls $3
*** TURN *** [9c 2s Td] [Ad]
PayMyAudiR8: checks
AzureCaper: bets $6
PayMyAudiR8: calls $6
*** RIVER *** [9c 2s Td Ad] [8s]
PayMyAudiR8: checks
AzureCaper: checks
*** SHOW DOWN ***
PayMyAudiR8: shows [3s Ac] (a pair of Aces)
AzureCaper: mucks hand
PayMyAudiR8 collected $29.50 from pot
*** SUMMARY ***
Total pot $30 | Rake $0.50
Board [9c 2s Td Ad 8s]
Seat 4: AzureCaper (button) (small blind) mucked
Seat 5: PayMyAudiR8 (big blind) showed [3s Ac] and won ($29.50) with a pair of Aces


