PokerStars Hand #149641887287:  Hold'em Limit ($3/$6 USD) - 2016/02/29 18:46:26 ET
Table 'Flammario III' 6-max Seat #3 is the button
Seat 2: rascal_319 ($170.42 in chips)
Seat 3: Jambrulli69 ($80.48 in chips)
Jambrulli69: posts small blind $1
crash19867: is sitting out
AzureCaper: is sitting out
rascal_319: posts big blind $3
*** HOLE CARDS ***
AzureCaper leaves the table
Jambrulli69: calls $2
rascal_319: checks
*** FLOP *** [3s 3d 4s]
rascal_319: checks
Jambrulli69: checks
*** TURN *** [3s 3d 4s] [Ad]
rascal_319: checks
Jambrulli69: checks
*** RIVER *** [3s 3d 4s Ad] [5h]
rascal_319: checks
Jambrulli69: checks
*** SHOW DOWN ***
rascal_319: shows [Qc 8h] (a pair of Threes)
Jambrulli69: shows [Th Qh] (a pair of Threes - Ace+Queen+Ten kicker)
Jambrulli69 collected $5.88 from pot
*** SUMMARY ***
Total pot $6 | Rake $0.12
Board [3s 3d 4s Ad 5h]
Seat 2: rascal_319 (big blind) showed [Qc 8h] and lost with a pair of Threes
Seat 3: Jambrulli69 (button) (small blind) showed [Th Qh] and won ($5.88) with a pair of Threes


