PokerStars Hand #176103007325:  Hold'em Limit ($3/$6 USD) - 2017/09/25 10:28:11 ET
Table 'Flavia II' 6-max Seat #3 is the button
Seat 3: Kosova1968 ($38.91 in chips)
Seat 4: Agrotait ($84.50 in chips)
Kosova1968: posts small blind $1
Agrotait: posts big blind $3
*** HOLE CARDS ***
Kosova1968: folds
Uncalled bet ($2) returned to Agrotait
Agrotait collected $2 from pot
Agrotait: doesn't show hand
*** SUMMARY ***
Total pot $2 | Rake $0
Seat 3: Kosova1968 (button) (small blind) folded before Flop
Seat 4: Agrotait (big blind) collected ($2)


PokerStars Hand #176102982116:  Hold'em Limit ($3/$6 USD) - 2017/09/25 10:27:24 ET
Table 'Flavia II' 6-max Seat #4 is the button
Seat 3: Kosova1968 ($56.91 in chips)
Seat 4: Agrotait ($67 in chips)
Agrotait: posts small blind $1
Kosova1968: posts big blind $3
*** HOLE CARDS ***
Agrotait: raises $3 to $6
Kosova1968: calls $3
*** FLOP *** [4d Jd 9s]
Kosova1968: checks
Agrotait: bets $3
Kosova1968: raises $3 to $6
Agrotait: calls $3
*** TURN *** [4d Jd 9s] [Kc]
Kosova1968: checks
Agrotait: checks
*** RIVER *** [4d Jd 9s Kc] [Ah]
Kosova1968: bets $6
Agrotait: calls $6
*** SHOW DOWN ***
Kosova1968: shows [Tc 5s] (high card Ace)
Agrotait: shows [6d 4c] (a pair of Fours)
Agrotait collected $35.50 from pot
*** SUMMARY ***
Total pot $36 | Rake $0.50
Board [4d Jd 9s Kc Ah]
Seat 3: Kosova1968 (big blind) showed [Tc 5s] and lost with high card Ace
Seat 4: Agrotait (button) (small blind) showed [6d 4c] and won ($35.50) with a pair of Fours


PokerStars Hand #176103009980:  Hold'em Limit ($3/$6 USD) - 2017/09/25 10:28:16 ET
Table 'Flavia II' 6-max Seat #4 is the button
Seat 3: Kosova1968 ($37.91 in chips)
Seat 4: Agrotait ($85.50 in chips)
Agrotait: posts small blind $1
Kosova1968: posts big blind $3
*** HOLE CARDS ***
Agrotait: raises $3 to $6
Kosova1968: calls $3
*** FLOP *** [Qh 3h Jd]
Kosova1968: checks
Agrotait: bets $3
Kosova1968: raises $3 to $6
Agrotait: calls $3
*** TURN *** [Qh 3h Jd] [Qc]
Kosova1968: bets $6
Agrotait: calls $6
*** RIVER *** [Qh 3h Jd Qc] [2h]
Kosova1968: bets $6
Agrotait: calls $6
*** SHOW DOWN ***
Kosova1968: shows [Qs 9h] (three of a kind, Queens)
Agrotait: mucks hand
Kosova1968 collected $47.50 from pot
*** SUMMARY ***
Total pot $48 | Rake $0.50
Board [Qh 3h Jd Qc 2h]
Seat 3: Kosova1968 (big blind) showed [Qs 9h] and won ($47.50) with three of a kind, Queens
Seat 4: Agrotait (button) (small blind) mucked


PokerStars Hand #176103039775:  Hold'em Limit ($3/$6 USD) - 2017/09/25 10:29:11 ET
Table 'Flavia II' 6-max Seat #3 is the button
Seat 3: Kosova1968 ($61.41 in chips)
Seat 4: Agrotait ($61.50 in chips)
Kosova1968: posts small blind $1
Agrotait: posts big blind $3
*** HOLE CARDS ***
Kosova1968: raises $3 to $6
Agrotait: calls $3
*** FLOP *** [4c 6h 9c]
Agrotait: checks
Kosova1968: bets $3
Agrotait: calls $3
*** TURN *** [4c 6h 9c] [6c]
Anchig joins the table at seat #5
Agrotait: checks
Kosova1968: bets $6
Agrotait: calls $6
*** RIVER *** [4c 6h 9c 6c] [Jd]
Agrotait: checks
Kosova1968: bets $6
Agrotait: calls $6
*** SHOW DOWN ***
Kosova1968: shows [7c 6s] (three of a kind, Sixes)
Agrotait: mucks hand
Kosova1968 collected $41.50 from pot
*** SUMMARY ***
Total pot $42 | Rake $0.50
Board [4c 6h 9c 6c Jd]
Seat 3: Kosova1968 (button) (small blind) showed [7c 6s] and won ($41.50) with three of a kind, Sixes
Seat 4: Agrotait (big blind) mucked


PokerStars Hand #176103154587:  Hold'em Limit ($3/$6 USD) - 2017/09/25 10:32:44 ET
Table 'Flavia II' 6-max Seat #4 is the button
Seat 4: Agrotait ($77.99 in chips)
Seat 5: Anchig ($160 in chips)
Agrotait: posts small blind $1
Anchig: posts big blind $3
*** HOLE CARDS ***
Agrotait: raises $3 to $6
Kosova1968 leaves the table
Anchig: calls $3
*** FLOP *** [Kh 6s 7c]
Anchig: checks
Agrotait: bets $3
Anchig: raises $3 to $6
Agrotait: raises $3 to $9
Anchig: calls $3
*** TURN *** [Kh 6s 7c] [Qd]
Anchig: checks
Agrotait: bets $6
Anchig: calls $6
*** RIVER *** [Kh 6s 7c Qd] [Kc]
Anchig: checks
Agrotait: bets $6
Anchig: calls $6
*** SHOW DOWN ***
Agrotait: shows [8h 5c] (a pair of Kings)
Anchig: shows [9h 7h] (two pair, Kings and Sevens)
Anchig collected $53.50 from pot
*** SUMMARY ***
Total pot $54 | Rake $0.50
Board [Kh 6s 7c Qd Kc]
Seat 4: Agrotait (button) (small blind) showed [8h 5c] and lost with a pair of Kings
Seat 5: Anchig (big blind) showed [9h 7h] and won ($53.50) with two pair, Kings and Sevens


