PokerStars Hand #149611281979:  Hold'em Limit ($3/$6 USD) - 2016/02/29 9:31:41 ET
Table 'Flavia' 6-max Seat #4 is the button
Seat 3: Wistation260 ($119 in chips)
Seat 4: TbIP-TbIP 88 ($73 in chips)
TbIP-TbIP 88: posts small blind $1
Wistation260: posts big blind $3
*** HOLE CARDS ***
TbIP-TbIP 88: raises $3 to $6
Wistation260: folds
Uncalled bet ($3) returned to TbIP-TbIP 88
TbIP-TbIP 88 collected $6 from pot
TbIP-TbIP 88: doesn't show hand
*** SUMMARY ***
Total pot $6 | Rake $0
Seat 3: Wistation260 (big blind) folded before Flop
Seat 4: TbIP-TbIP 88 (button) (small blind) collected ($6)


PokerStars Hand #149611276114:  Hold'em Limit ($3/$6 USD) - 2016/02/29 9:31:33 ET
Table 'Flavia' 6-max Seat #3 is the button
Seat 3: Wistation260 ($120 in chips)
Seat 4: TbIP-TbIP 88 ($72 in chips)
Wistation260: posts small blind $1
TbIP-TbIP 88: posts big blind $3
*** HOLE CARDS ***
Wistation260: folds
Uncalled bet ($2) returned to TbIP-TbIP 88
TbIP-TbIP 88 collected $2 from pot
TbIP-TbIP 88: doesn't show hand
*** SUMMARY ***
Total pot $2 | Rake $0
Seat 3: Wistation260 (button) (small blind) folded before Flop
Seat 4: TbIP-TbIP 88 (big blind) collected ($2)


PokerStars Hand #149611287315:  Hold'em Limit ($3/$6 USD) - 2016/02/29 9:31:49 ET
Table 'Flavia' 6-max Seat #3 is the button
Seat 3: Wistation260 ($116 in chips)
Seat 4: TbIP-TbIP 88 ($76 in chips)
Wistation260: posts small blind $1
TbIP-TbIP 88: posts big blind $3
*** HOLE CARDS ***
Wistation260: raises $3 to $6
TbIP-TbIP 88: calls $3
*** FLOP *** [2c 7c Kh]
TbIP-TbIP 88: checks
Wistation260: bets $3
TbIP-TbIP 88: folds
Uncalled bet ($3) returned to Wistation260
Wistation260 collected $11.76 from pot
Wistation260: doesn't show hand
*** SUMMARY ***
Total pot $12 | Rake $0.24
Board [2c 7c Kh]
Seat 3: Wistation260 (button) (small blind) collected ($11.76)
Seat 4: TbIP-TbIP 88 (big blind) folded on the Flop


PokerStars Hand #149611303616:  Hold'em Limit ($3/$6 USD) - 2016/02/29 9:32:12 ET
Table 'Flavia' 6-max Seat #4 is the button
Seat 3: Wistation260 ($121.76 in chips)
Seat 4: TbIP-TbIP 88 ($72 in chips)
TbIP-TbIP 88: posts small blind $1
Wistation260: posts big blind $3
*** HOLE CARDS ***
TbIP-TbIP 88: raises $3 to $6
Wistation260: folds
Uncalled bet ($3) returned to TbIP-TbIP 88
TbIP-TbIP 88 collected $6 from pot
TbIP-TbIP 88: doesn't show hand
*** SUMMARY ***
Total pot $6 | Rake $0
Seat 3: Wistation260 (big blind) folded before Flop
Seat 4: TbIP-TbIP 88 (button) (small blind) collected ($6)


PokerStars Hand #149611331254:  Hold'em Limit ($3/$6 USD) - 2016/02/29 9:32:51 ET
Table 'Flavia' 6-max Seat #4 is the button
Seat 3: Wistation260 ($133.26 in chips)
Seat 4: TbIP-TbIP 88 ($72 in chips)
TbIP-TbIP 88: posts small blind $1
Wistation260: posts big blind $3
*** HOLE CARDS ***
TbIP-TbIP 88: raises $3 to $6
Wistation260: folds
Uncalled bet ($3) returned to TbIP-TbIP 88
TbIP-TbIP 88 collected $6 from pot
TbIP-TbIP 88: doesn't show hand
*** SUMMARY ***
Total pot $6 | Rake $0
Seat 3: Wistation260 (big blind) folded before Flop
Seat 4: TbIP-TbIP 88 (button) (small blind) collected ($6)


PokerStars Hand #149611312040:  Hold'em Limit ($3/$6 USD) - 2016/02/29 9:32:24 ET
Table 'Flavia' 6-max Seat #3 is the button
Seat 3: Wistation260 ($118.76 in chips)
Seat 4: TbIP-TbIP 88 ($75 in chips)
Wistation260: posts small blind $1
TbIP-TbIP 88: posts big blind $3
*** HOLE CARDS ***
Wistation260: raises $3 to $6
TbIP-TbIP 88: calls $3
*** FLOP *** [Jh Td 4d]
TbIP-TbIP 88: checks
Wistation260: bets $3
TbIP-TbIP 88: calls $3
*** TURN *** [Jh Td 4d] [5c]
TbIP-TbIP 88: checks
Wistation260: bets $6
TbIP-TbIP 88: calls $6
*** RIVER *** [Jh Td 4d 5c] [Ah]
TbIP-TbIP 88: checks
Wistation260: bets $6
TbIP-TbIP 88: folds
Uncalled bet ($6) returned to Wistation260
Wistation260 collected $29.50 from pot
Wistation260: doesn't show hand
*** SUMMARY ***
Total pot $30 | Rake $0.50
Board [Jh Td 4d 5c Ah]
Seat 3: Wistation260 (button) (small blind) collected ($29.50)
Seat 4: TbIP-TbIP 88 (big blind) folded on the River


PokerStars Hand #149611335697:  Hold'em Limit ($3/$6 USD) - 2016/02/29 9:32:58 ET
Table 'Flavia' 6-max Seat #3 is the button
Seat 3: Wistation260 ($130.26 in chips)
Seat 4: TbIP-TbIP 88 ($75 in chips)
Wistation260: posts small blind $1
TbIP-TbIP 88: posts big blind $3
*** HOLE CARDS ***
Wistation260: calls $2
TbIP-TbIP 88: raises $3 to $6
Wistation260: calls $3
*** FLOP *** [3d 5d Ts]
TbIP-TbIP 88: bets $3
Wistation260: calls $3
*** TURN *** [3d 5d Ts] [Td]
TbIP-TbIP 88: bets $6
Wistation260: calls $6
*** RIVER *** [3d 5d Ts Td] [Qh]
TbIP-TbIP 88: bets $6
Wistation260: calls $6
*** SHOW DOWN ***
TbIP-TbIP 88: shows [5c Ac] (two pair, Tens and Fives)
Wistation260: shows [4d 6d] (a flush, Ten high)
Wistation260 collected $41.50 from pot
*** SUMMARY ***
Total pot $42 | Rake $0.50
Board [3d 5d Ts Td Qh]
Seat 3: Wistation260 (button) (small blind) showed [4d 6d] and won ($41.50) with a flush, Ten high
Seat 4: TbIP-TbIP 88 (big blind) showed [5c Ac] and lost with two pair, Tens and Fives


PokerStars Hand #149611371372:  Hold'em Limit ($3/$6 USD) - 2016/02/29 9:33:49 ET
Table 'Flavia' 6-max Seat #3 is the button
Seat 3: Wistation260 ($151.76 in chips)
Seat 4: TbIP-TbIP 88 ($72 in chips)
Wistation260: posts small blind $1
TbIP-TbIP 88: posts big blind $3
*** HOLE CARDS ***
Wistation260: calls $2
TbIP-TbIP 88: checks
*** FLOP *** [2c 9c Qh]
TbIP-TbIP 88: bets $3
Wistation260: folds
Uncalled bet ($3) returned to TbIP-TbIP 88
TbIP-TbIP 88 collected $5.88 from pot
TbIP-TbIP 88: doesn't show hand
*** SUMMARY ***
Total pot $6 | Rake $0.12
Board [2c 9c Qh]
Seat 3: Wistation260 (button) (small blind) folded on the Flop
Seat 4: TbIP-TbIP 88 (big blind) collected ($5.88)


PokerStars Hand #149611360890:  Hold'em Limit ($3/$6 USD) - 2016/02/29 9:33:34 ET
Table 'Flavia' 6-max Seat #4 is the button
Seat 3: Wistation260 ($150.76 in chips)
Seat 4: TbIP-TbIP 88 ($72 in chips)
TbIP-TbIP 88: posts small blind $1
Wistation260: posts big blind $3
*** HOLE CARDS ***
TbIP-TbIP 88: folds
Uncalled bet ($2) returned to Wistation260
Wistation260 collected $2 from pot
Wistation260: doesn't show hand
*** SUMMARY ***
Total pot $2 | Rake $0
Seat 3: Wistation260 (big blind) collected ($2)
Seat 4: TbIP-TbIP 88 (button) (small blind) folded before Flop


PokerStars Hand #149611384923:  Hold'em Limit ($3/$6 USD) - 2016/02/29 9:34:08 ET
Table 'Flavia' 6-max Seat #4 is the button
Seat 3: Wistation260 ($148.76 in chips)
Seat 4: TbIP-TbIP 88 ($74.88 in chips)
TbIP-TbIP 88: posts small blind $1
Wistation260: posts big blind $3
*** HOLE CARDS ***
TbIP-TbIP 88: folds
Uncalled bet ($2) returned to Wistation260
Wistation260 collected $2 from pot
Wistation260: doesn't show hand
*** SUMMARY ***
Total pot $2 | Rake $0
Seat 3: Wistation260 (big blind) collected ($2)
Seat 4: TbIP-TbIP 88 (button) (small blind) folded before Flop


PokerStars Hand #149611402768:  Hold'em Limit ($3/$6 USD) - 2016/02/29 9:34:33 ET
Table 'Flavia' 6-max Seat #3 is the button
Seat 3: Wistation260 ($149.76 in chips)
Seat 4: TbIP-TbIP 88 ($73.88 in chips)
Wistation260: posts small blind $1
TbIP-TbIP 88: posts big blind $3
*** HOLE CARDS ***
Wistation260: folds
Uncalled bet ($2) returned to TbIP-TbIP 88
TbIP-TbIP 88 collected $2 from pot
TbIP-TbIP 88: doesn't show hand
*** SUMMARY ***
Total pot $2 | Rake $0
Seat 3: Wistation260 (button) (small blind) folded before Flop
Seat 4: TbIP-TbIP 88 (big blind) collected ($2)


PokerStars Hand #149611406085:  Hold'em Limit ($3/$6 USD) - 2016/02/29 9:34:38 ET
Table 'Flavia' 6-max Seat #4 is the button
Seat 3: Wistation260 ($148.76 in chips)
Seat 4: TbIP-TbIP 88 ($74.88 in chips)
TbIP-TbIP 88: posts small blind $1
Wistation260: posts big blind $3
*** HOLE CARDS ***
TbIP-TbIP 88: raises $3 to $6
Wistation260: calls $3
*** FLOP *** [Tc 5c 2d]
Wistation260: bets $3
TbIP-TbIP 88: calls $3
*** TURN *** [Tc 5c 2d] [3s]
Wistation260: checks
TbIP-TbIP 88: bets $6
Wistation260: folds
Uncalled bet ($6) returned to TbIP-TbIP 88
TbIP-TbIP 88 collected $17.64 from pot
TbIP-TbIP 88: doesn't show hand
*** SUMMARY ***
Total pot $18 | Rake $0.36
Board [Tc 5c 2d 3s]
Seat 3: Wistation260 (big blind) folded on the Turn
Seat 4: TbIP-TbIP 88 (button) (small blind) collected ($17.64)


PokerStars Hand #149611452626:  Hold'em Limit ($3/$6 USD) - 2016/02/29 9:35:44 ET
Table 'Flavia' 6-max Seat #4 is the button
Seat 3: Wistation260 ($142.64 in chips)
Seat 4: TbIP-TbIP 88 ($80.52 in chips)
TbIP-TbIP 88: posts small blind $1
Wistation260: posts big blind $3
*** HOLE CARDS ***
TbIP-TbIP 88: raises $3 to $6
Wistation260: folds
Uncalled bet ($3) returned to TbIP-TbIP 88
TbIP-TbIP 88 collected $6 from pot
TbIP-TbIP 88: doesn't show hand
*** SUMMARY ***
Total pot $6 | Rake $0
Seat 3: Wistation260 (big blind) folded before Flop
Seat 4: TbIP-TbIP 88 (button) (small blind) collected ($6)


PokerStars Hand #149611431935:  Hold'em Limit ($3/$6 USD) - 2016/02/29 9:35:15 ET
Table 'Flavia' 6-max Seat #3 is the button
Seat 3: Wistation260 ($139.76 in chips)
Seat 4: TbIP-TbIP 88 ($83.52 in chips)
Wistation260: posts small blind $1
TbIP-TbIP 88: posts big blind $3
*** HOLE CARDS ***
Wistation260: calls $2
TbIP-TbIP 88: checks
*** FLOP *** [Ad Ac Qc]
TbIP-TbIP 88: checks
Wistation260: bets $3
TbIP-TbIP 88: folds
Uncalled bet ($3) returned to Wistation260
Wistation260 collected $5.88 from pot
Wistation260: doesn't show hand
*** SUMMARY ***
Total pot $6 | Rake $0.12
Board [Ad Ac Qc]
Seat 3: Wistation260 (button) (small blind) collected ($5.88)
Seat 4: TbIP-TbIP 88 (big blind) folded on the Flop


PokerStars Hand #149611460721:  Hold'em Limit ($3/$6 USD) - 2016/02/29 9:35:55 ET
Table 'Flavia' 6-max Seat #3 is the button
Seat 3: Wistation260 ($139.64 in chips)
Seat 4: TbIP-TbIP 88 ($83.52 in chips)
Wistation260: posts small blind $1
TbIP-TbIP 88: posts big blind $3
*** HOLE CARDS ***
Wistation260: calls $2
TbIP-TbIP 88: checks
*** FLOP *** [4h 5d 9c]
TbIP-TbIP 88: bets $3
Wistation260: calls $3
*** TURN *** [4h 5d 9c] [As]
TbIP-TbIP 88: checks
Wistation260: bets $6
TbIP-TbIP 88: calls $6
*** RIVER *** [4h 5d 9c As] [Qh]
TbIP-TbIP 88: checks
Wistation260: bets $6
TbIP-TbIP 88: folds
Uncalled bet ($6) returned to Wistation260
Wistation260 collected $23.52 from pot
Wistation260: doesn't show hand
*** SUMMARY ***
Total pot $24 | Rake $0.48
Board [4h 5d 9c As Qh]
Seat 3: Wistation260 (button) (small blind) collected ($23.52)
Seat 4: TbIP-TbIP 88 (big blind) folded on the River


PokerStars Hand #149611531313:  Hold'em Limit ($3/$6 USD) - 2016/02/29 9:37:35 ET
Table 'Flavia' 6-max Seat #4 is the button
Seat 3: Wistation260 ($142.16 in chips)
Seat 4: TbIP-TbIP 88 ($80.76 in chips)
TbIP-TbIP 88: posts small blind $1
Wistation260: posts big blind $3
*** HOLE CARDS ***
TbIP-TbIP 88: raises $3 to $6
Wistation260: calls $3
*** FLOP *** [4c 5s 4h]
Wistation260: bets $3
TbIP-TbIP 88: calls $3
*** TURN *** [4c 5s 4h] [9d]
Wistation260: checks
TbIP-TbIP 88: bets $6
Wistation260: folds
Uncalled bet ($6) returned to TbIP-TbIP 88
TbIP-TbIP 88 collected $17.64 from pot
TbIP-TbIP 88: doesn't show hand
*** SUMMARY ***
Total pot $18 | Rake $0.36
Board [4c 5s 4h 9d]
Seat 3: Wistation260 (big blind) folded on the Turn
Seat 4: TbIP-TbIP 88 (button) (small blind) collected ($17.64)


PokerStars Hand #149611543320:  Hold'em Limit ($3/$6 USD) - 2016/02/29 9:37:52 ET
Table 'Flavia' 6-max Seat #3 is the button
Seat 3: Wistation260 ($133.16 in chips)
Seat 4: TbIP-TbIP 88 ($89.40 in chips)
Wistation260: posts small blind $1
TbIP-TbIP 88: posts big blind $3
*** HOLE CARDS ***
Wistation260: folds
Uncalled bet ($2) returned to TbIP-TbIP 88
TbIP-TbIP 88 collected $2 from pot
TbIP-TbIP 88: doesn't show hand
*** SUMMARY ***
Total pot $2 | Rake $0
Seat 3: Wistation260 (button) (small blind) folded before Flop
Seat 4: TbIP-TbIP 88 (big blind) collected ($2)


PokerStars Hand #149611513602:  Hold'em Limit ($3/$6 USD) - 2016/02/29 9:37:10 ET
Table 'Flavia' 6-max Seat #4 is the button
Seat 3: Wistation260 ($151.16 in chips)
Seat 4: TbIP-TbIP 88 ($72 in chips)
TbIP-TbIP 88: posts small blind $1
Wistation260: posts big blind $3
*** HOLE CARDS ***
TbIP-TbIP 88: raises $3 to $6
Wistation260: folds
Uncalled bet ($3) returned to TbIP-TbIP 88
TbIP-TbIP 88 collected $6 from pot
TbIP-TbIP 88: doesn't show hand
*** SUMMARY ***
Total pot $6 | Rake $0
Seat 3: Wistation260 (big blind) folded before Flop
Seat 4: TbIP-TbIP 88 (button) (small blind) collected ($6)


PokerStars Hand #149611518242:  Hold'em Limit ($3/$6 USD) - 2016/02/29 9:37:17 ET
Table 'Flavia' 6-max Seat #3 is the button
Seat 3: Wistation260 ($148.16 in chips)
Seat 4: TbIP-TbIP 88 ($75 in chips)
Wistation260: posts small blind $1
TbIP-TbIP 88: posts big blind $3
*** HOLE CARDS ***
Wistation260: calls $2
TbIP-TbIP 88: raises $3 to $6
Wistation260: calls $3
*** FLOP *** [Ks 6d Qd]
TbIP-TbIP 88: bets $3
Wistation260: folds
Uncalled bet ($3) returned to TbIP-TbIP 88
TbIP-TbIP 88 collected $11.76 from pot
TbIP-TbIP 88: doesn't show hand
*** SUMMARY ***
Total pot $12 | Rake $0.24
Board [Ks 6d Qd]
Seat 3: Wistation260 (button) (small blind) folded on the Flop
Seat 4: TbIP-TbIP 88 (big blind) collected ($11.76)


PokerStars Hand #149611546783:  Hold'em Limit ($3/$6 USD) - 2016/02/29 9:37:57 ET
Table 'Flavia' 6-max Seat #4 is the button
Seat 3: Wistation260 ($132.16 in chips)
Seat 4: TbIP-TbIP 88 ($90.40 in chips)
TbIP-TbIP 88: posts small blind $1
Wistation260: posts big blind $3
*** HOLE CARDS ***
TbIP-TbIP 88: raises $3 to $6
Wistation260: calls $3
*** FLOP *** [Qh Td Jd]
Wistation260: bets $3
TbIP-TbIP 88: calls $3
*** TURN *** [Qh Td Jd] [Qd]
Wistation260: bets $6
TbIP-TbIP 88: raises $6 to $12
Wistation260: folds
Uncalled bet ($6) returned to TbIP-TbIP 88
TbIP-TbIP 88 collected $29.50 from pot
TbIP-TbIP 88: doesn't show hand
*** SUMMARY ***
Total pot $30 | Rake $0.50
Board [Qh Td Jd Qd]
Seat 3: Wistation260 (big blind) folded on the Turn
Seat 4: TbIP-TbIP 88 (button) (small blind) collected ($29.50)


PokerStars Hand #149611565337:  Hold'em Limit ($3/$6 USD) - 2016/02/29 9:38:24 ET
Table 'Flavia' 6-max Seat #3 is the button
Seat 3: Wistation260 ($117.16 in chips)
Seat 4: TbIP-TbIP 88 ($104.90 in chips)
Wistation260: posts small blind $1
TbIP-TbIP 88: posts big blind $3
*** HOLE CARDS ***
Wistation260: calls $2
TbIP-TbIP 88: checks
*** FLOP *** [Ac 7c 4d]
TbIP-TbIP 88: bets $3
Wistation260: calls $3
*** TURN *** [Ac 7c 4d] [Kh]
TbIP-TbIP 88: bets $6
Wistation260: calls $6
*** RIVER *** [Ac 7c 4d Kh] [Qd]
TbIP-TbIP 88: checks
Wistation260: checks
*** SHOW DOWN ***
TbIP-TbIP 88: shows [Jc 2c] (high card Ace)
Wistation260: shows [Tc Kc] (a pair of Kings)
Wistation260 collected $23.52 from pot
*** SUMMARY ***
Total pot $24 | Rake $0.48
Board [Ac 7c 4d Kh Qd]
Seat 3: Wistation260 (button) (small blind) showed [Tc Kc] and won ($23.52) with a pair of Kings
Seat 4: TbIP-TbIP 88 (big blind) showed [Jc 2c] and lost with high card Ace


PokerStars Hand #149611583862:  Hold'em Limit ($3/$6 USD) - 2016/02/29 9:38:50 ET
Table 'Flavia' 6-max Seat #4 is the button
Seat 3: Wistation260 ($128.68 in chips)
Seat 4: TbIP-TbIP 88 ($92.90 in chips)
TbIP-TbIP 88: posts small blind $1
Wistation260: posts big blind $3
*** HOLE CARDS ***
TbIP-TbIP 88: raises $3 to $6
Wistation260: calls $3
*** FLOP *** [Kh 3c Ks]
Wistation260: checks
TbIP-TbIP 88: bets $3
Wistation260: folds
Uncalled bet ($3) returned to TbIP-TbIP 88
TbIP-TbIP 88 collected $11.76 from pot
TbIP-TbIP 88: doesn't show hand
*** SUMMARY ***
Total pot $12 | Rake $0.24
Board [Kh 3c Ks]
Seat 3: Wistation260 (big blind) folded on the Flop
Seat 4: TbIP-TbIP 88 (button) (small blind) collected ($11.76)


PokerStars Hand #149611606673:  Hold'em Limit ($3/$6 USD) - 2016/02/29 9:39:22 ET
Table 'Flavia' 6-max Seat #4 is the button
Seat 3: Wistation260 ($131.32 in chips)
Seat 4: TbIP-TbIP 88 ($89.66 in chips)
TbIP-TbIP 88: posts small blind $1
Wistation260: posts big blind $3
*** HOLE CARDS ***
TbIP-TbIP 88: raises $3 to $6
Wistation260: folds
Uncalled bet ($3) returned to TbIP-TbIP 88
TbIP-TbIP 88 collected $6 from pot
TbIP-TbIP 88: doesn't show hand
*** SUMMARY ***
Total pot $6 | Rake $0
Seat 3: Wistation260 (big blind) folded before Flop
Seat 4: TbIP-TbIP 88 (button) (small blind) collected ($6)


PokerStars Hand #149611633561:  Hold'em Limit ($3/$6 USD) - 2016/02/29 9:40:00 ET
Table 'Flavia' 6-max Seat #4 is the button
Seat 3: Wistation260 ($131.20 in chips)
Seat 4: TbIP-TbIP 88 ($89.66 in chips)
TbIP-TbIP 88: posts small blind $1
Wistation260: posts big blind $3
*** HOLE CARDS ***
TbIP-TbIP 88: folds
Uncalled bet ($2) returned to Wistation260
Wistation260 collected $2 from pot
*** SUMMARY ***
Total pot $2 | Rake $0
Seat 3: Wistation260 (big blind) collected ($2)
Seat 4: TbIP-TbIP 88 (button) (small blind) folded before Flop


PokerStars Hand #149611611278:  Hold'em Limit ($3/$6 USD) - 2016/02/29 9:39:29 ET
Table 'Flavia' 6-max Seat #3 is the button
Seat 3: Wistation260 ($128.32 in chips)
Seat 4: TbIP-TbIP 88 ($92.66 in chips)
Wistation260: posts small blind $1
TbIP-TbIP 88: posts big blind $3
*** HOLE CARDS ***
Wistation260: calls $2
TbIP-TbIP 88: checks
*** FLOP *** [6s Th 9d]
TbIP-TbIP 88: checks
Wistation260: bets $3
TbIP-TbIP 88: folds
Uncalled bet ($3) returned to Wistation260
Wistation260 collected $5.88 from pot
Wistation260: doesn't show hand
*** SUMMARY ***
Total pot $6 | Rake $0.12
Board [6s Th 9d]
Seat 3: Wistation260 (button) (small blind) collected ($5.88)
Seat 4: TbIP-TbIP 88 (big blind) folded on the Flop


PokerStars Hand #149611592417:  Hold'em Limit ($3/$6 USD) - 2016/02/29 9:39:02 ET
Table 'Flavia' 6-max Seat #3 is the button
Seat 3: Wistation260 ($122.68 in chips)
Seat 4: TbIP-TbIP 88 ($98.66 in chips)
Wistation260: posts small blind $1
TbIP-TbIP 88: posts big blind $3
*** HOLE CARDS ***
Wistation260: calls $2
TbIP-TbIP 88: raises $3 to $6
Wistation260: calls $3
*** FLOP *** [7h Js 6d]
TbIP-TbIP 88: bets $3
Wistation260: calls $3
*** TURN *** [7h Js 6d] [8d]
TbIP-TbIP 88: checks
Wistation260: checks
*** RIVER *** [7h Js 6d 8d] [5c]
TbIP-TbIP 88: checks
Wistation260: checks
*** SHOW DOWN ***
TbIP-TbIP 88: shows [Qs Kc] (high card King)
Wistation260: shows [4s 3d] (a straight, Four to Eight)
Wistation260 collected $17.64 from pot
*** SUMMARY ***
Total pot $18 | Rake $0.36
Board [7h Js 6d 8d 5c]
Seat 3: Wistation260 (button) (small blind) showed [4s 3d] and won ($17.64) with a straight, Four to Eight
Seat 4: TbIP-TbIP 88 (big blind) showed [Qs Kc] and lost with high card King


PokerStars Hand #149611651650:  Hold'em Limit ($3/$6 USD) - 2016/02/29 9:40:26 ET
Table 'Flavia' 6-max Seat #4 is the button
Seat 3: Wistation260 ($126.20 in chips)
Seat 4: TbIP-TbIP 88 ($94.42 in chips)
TbIP-TbIP 88: posts small blind $1
Wistation260: posts big blind $3
*** HOLE CARDS ***
TbIP-TbIP 88: raises $3 to $6
Wistation260: calls $3
*** FLOP *** [7h Td 5d]
Wistation260: checks
TbIP-TbIP 88: bets $3
Wistation260: calls $3
*** TURN *** [7h Td 5d] [Tc]
Wistation260: checks
TbIP-TbIP 88: bets $6
Wistation260: calls $6
*** RIVER *** [7h Td 5d Tc] [3s]
Wistation260: checks
TbIP-TbIP 88: checks
*** SHOW DOWN ***
Wistation260: shows [Kd Ts] (three of a kind, Tens)
TbIP-TbIP 88: mucks hand
Wistation260 collected $29.50 from pot
*** SUMMARY ***
Total pot $30 | Rake $0.50
Board [7h Td 5d Tc 3s]
Seat 3: Wistation260 (big blind) showed [Kd Ts] and won ($29.50) with three of a kind, Tens
Seat 4: TbIP-TbIP 88 (button) (small blind) mucked


PokerStars Hand #149611637213:  Hold'em Limit ($3/$6 USD) - 2016/02/29 9:40:05 ET
Table 'Flavia' 6-max Seat #3 is the button
Seat 3: Wistation260 ($132.20 in chips)
Seat 4: TbIP-TbIP 88 ($88.66 in chips)
Wistation260: posts small blind $1
TbIP-TbIP 88: posts big blind $3
*** HOLE CARDS ***
Wistation260: calls $2
TbIP-TbIP 88: raises $3 to $6
Wistation260: calls $3
*** FLOP *** [8d 9d 5c]
TbIP-TbIP 88: bets $3
Wistation260: folds
Uncalled bet ($3) returned to TbIP-TbIP 88
TbIP-TbIP 88 collected $11.76 from pot
TbIP-TbIP 88: doesn't show hand
*** SUMMARY ***
Total pot $12 | Rake $0.24
Board [8d 9d 5c]
Seat 3: Wistation260 (button) (small blind) folded on the Flop
Seat 4: TbIP-TbIP 88 (big blind) collected ($11.76)


PokerStars Hand #149611708747:  Hold'em Limit ($3/$6 USD) - 2016/02/29 9:41:46 ET
Table 'Flavia' 6-max Seat #3 is the button
Seat 3: Wistation260 ($152.20 in chips)
Seat 4: TbIP-TbIP 88 ($72 in chips)
Wistation260: posts small blind $1
TbIP-TbIP 88: posts big blind $3
*** HOLE CARDS ***
Wistation260: calls $2
TbIP-TbIP 88: raises $3 to $6
Wistation260: calls $3
*** FLOP *** [7d Jd 8s]
TbIP-TbIP 88: bets $3
Wistation260: calls $3
*** TURN *** [7d Jd 8s] [Qs]
TbIP-TbIP 88: bets $6
Wistation260: calls $6
*** RIVER *** [7d Jd 8s Qs] [Tc]
TbIP-TbIP 88: checks
Wistation260: checks
*** SHOW DOWN ***
TbIP-TbIP 88: shows [6s 8d] (a pair of Eights)
Wistation260: shows [8h 4s] (a pair of Eights)
TbIP-TbIP 88 collected $14.75 from pot
Wistation260 collected $14.75 from pot
*** SUMMARY ***
Total pot $30 | Rake $0.50
Board [7d Jd 8s Qs Tc]
Seat 3: Wistation260 (button) (small blind) showed [8h 4s] and won ($14.75) with a pair of Eights
Seat 4: TbIP-TbIP 88 (big blind) showed [6s 8d] and won ($14.75) with a pair of Eights


PokerStars Hand #149611690077:  Hold'em Limit ($3/$6 USD) - 2016/02/29 9:41:19 ET
Table 'Flavia' 6-max Seat #4 is the button
Seat 3: Wistation260 ($137.70 in chips)
Seat 4: TbIP-TbIP 88 ($82.30 in chips)
TbIP-TbIP 88: posts small blind $1
Wistation260: posts big blind $3
*** HOLE CARDS ***
TbIP-TbIP 88: raises $3 to $6
Wistation260: calls $3
*** FLOP *** [Ks 8d 8h]
Wistation260: bets $3
TbIP-TbIP 88: calls $3
*** TURN *** [Ks 8d 8h] [4c]
Wistation260: checks
TbIP-TbIP 88: bets $6
Wistation260: calls $6
*** RIVER *** [Ks 8d 8h 4c] [Kd]
Wistation260: checks
TbIP-TbIP 88: checks
*** SHOW DOWN ***
Wistation260: shows [4d 4h] (a full house, Fours full of Kings)
TbIP-TbIP 88: mucks hand
Wistation260 collected $29.50 from pot
*** SUMMARY ***
Total pot $30 | Rake $0.50
Board [Ks 8d 8h 4c Kd]
Seat 3: Wistation260 (big blind) showed [4d 4h] and won ($29.50) with a full house, Fours full of Kings
Seat 4: TbIP-TbIP 88 (button) (small blind) mucked


PokerStars Hand #149611681109:  Hold'em Limit ($3/$6 USD) - 2016/02/29 9:41:07 ET
Table 'Flavia' 6-max Seat #3 is the button
Seat 3: Wistation260 ($140.70 in chips)
Seat 4: TbIP-TbIP 88 ($79.42 in chips)
Wistation260: posts small blind $1
TbIP-TbIP 88: posts big blind $3
*** HOLE CARDS ***
Wistation260: calls $2
TbIP-TbIP 88: checks
*** FLOP *** [5h Tc 8c]
TbIP-TbIP 88: bets $3
Wistation260: folds
Uncalled bet ($3) returned to TbIP-TbIP 88
TbIP-TbIP 88 collected $5.88 from pot
TbIP-TbIP 88: doesn't show hand
*** SUMMARY ***
Total pot $6 | Rake $0.12
Board [5h Tc 8c]
Seat 3: Wistation260 (button) (small blind) folded on the Flop
Seat 4: TbIP-TbIP 88 (big blind) collected ($5.88)


PokerStars Hand #149611731253:  Hold'em Limit ($3/$6 USD) - 2016/02/29 9:42:17 ET
Table 'Flavia' 6-max Seat #3 is the button
Seat 3: Wistation260 ($152.95 in chips)
Seat 4: TbIP-TbIP 88 ($72 in chips)
Wistation260: posts small blind $1
TbIP-TbIP 88: posts big blind $3
*** HOLE CARDS ***
Wistation260: calls $2
TbIP-TbIP 88: raises $3 to $6
Wistation260: calls $3
*** FLOP *** [4h 7h Tc]
TbIP-TbIP 88: bets $3
Wistation260: raises $3 to $6
TbIP-TbIP 88: calls $3
*** TURN *** [4h 7h Tc] [Kd]
TbIP-TbIP 88: checks
Wistation260: checks
*** RIVER *** [4h 7h Tc Kd] [3s]
TbIP-TbIP 88: checks
Wistation260: bets $6
TbIP-TbIP 88: calls $6
*** SHOW DOWN ***
Wistation260: shows [Jc 8d] (high card King)
TbIP-TbIP 88: shows [Ad 4c] (a pair of Fours)
TbIP-TbIP 88 collected $35.50 from pot
*** SUMMARY ***
Total pot $36 | Rake $0.50
Board [4h 7h Tc Kd 3s]
Seat 3: Wistation260 (button) (small blind) showed [Jc 8d] and lost with high card King
Seat 4: TbIP-TbIP 88 (big blind) showed [Ad 4c] and won ($35.50) with a pair of Fours


PokerStars Hand #149611727432:  Hold'em Limit ($3/$6 USD) - 2016/02/29 9:42:12 ET
Table 'Flavia' 6-max Seat #4 is the button
Seat 3: Wistation260 ($151.95 in chips)
Seat 4: TbIP-TbIP 88 ($72 in chips)
TbIP-TbIP 88: posts small blind $1
Wistation260: posts big blind $3
*** HOLE CARDS ***
TbIP-TbIP 88: folds
Uncalled bet ($2) returned to Wistation260
Wistation260 collected $2 from pot
Wistation260: doesn't show hand
*** SUMMARY ***
Total pot $2 | Rake $0
Seat 3: Wistation260 (big blind) collected ($2)
Seat 4: TbIP-TbIP 88 (button) (small blind) folded before Flop


PokerStars Hand #149611794171:  Hold'em Limit ($3/$6 USD) - 2016/02/29 9:43:46 ET
Table 'Flavia' 6-max Seat #3 is the button
Seat 3: Wistation260 ($143.59 in chips)
Seat 4: TbIP-TbIP 88 ($80.50 in chips)
Wistation260: posts small blind $1
TbIP-TbIP 88: posts big blind $3
*** HOLE CARDS ***
Wistation260: calls $2
TbIP-TbIP 88: raises $3 to $6
Wistation260: calls $3
*** FLOP *** [3c Ks 4d]
TbIP-TbIP 88: bets $3
Wistation260: folds
Uncalled bet ($3) returned to TbIP-TbIP 88
TbIP-TbIP 88 collected $11.76 from pot
TbIP-TbIP 88: doesn't show hand
*** SUMMARY ***
Total pot $12 | Rake $0.24
Board [3c Ks 4d]
Seat 3: Wistation260 (button) (small blind) folded on the Flop
Seat 4: TbIP-TbIP 88 (big blind) collected ($11.76)


PokerStars Hand #149611763537:  Hold'em Limit ($3/$6 USD) - 2016/02/29 9:43:03 ET
Table 'Flavia' 6-max Seat #4 is the button
Seat 3: Wistation260 ($134.95 in chips)
Seat 4: TbIP-TbIP 88 ($89.50 in chips)
TbIP-TbIP 88: posts small blind $1
Wistation260: posts big blind $3
*** HOLE CARDS ***
TbIP-TbIP 88: raises $3 to $6
Wistation260: calls $3
*** FLOP *** [Ks Kc 4s]
Wistation260: bets $3
TbIP-TbIP 88: calls $3
*** TURN *** [Ks Kc 4s] [Jc]
Wistation260: bets $6
TbIP-TbIP 88: folds
Uncalled bet ($6) returned to Wistation260
Wistation260 collected $17.64 from pot
Wistation260: doesn't show hand
*** SUMMARY ***
Total pot $18 | Rake $0.36
Board [Ks Kc 4s Jc]
Seat 3: Wistation260 (big blind) collected ($17.64)
Seat 4: TbIP-TbIP 88 (button) (small blind) folded on the Turn


PokerStars Hand #149611810667:  Hold'em Limit ($3/$6 USD) - 2016/02/29 9:44:09 ET
Table 'Flavia' 6-max Seat #4 is the button
Seat 3: Wistation260 ($137.59 in chips)
Seat 4: TbIP-TbIP 88 ($86.26 in chips)
TbIP-TbIP 88: posts small blind $1
Wistation260: posts big blind $3
*** HOLE CARDS ***
TbIP-TbIP 88: raises $3 to $6
Wistation260: calls $3
*** FLOP *** [8s 3s 9s]
Wistation260: bets $3
TbIP-TbIP 88: calls $3
*** TURN *** [8s 3s 9s] [Qc]
Wistation260: bets $6
TbIP-TbIP 88: calls $6
*** RIVER *** [8s 3s 9s Qc] [Kd]
Wistation260: bets $6
TbIP-TbIP 88: folds
Uncalled bet ($6) returned to Wistation260
Wistation260 collected $29.50 from pot
*** SUMMARY ***
Total pot $30 | Rake $0.50
Board [8s 3s 9s Qc Kd]
Seat 3: Wistation260 (big blind) collected ($29.50)
Seat 4: TbIP-TbIP 88 (button) (small blind) folded on the River


