PokerStars Hand #170821048247:  Hold'em Limit ($3/$6 USD) - 2017/05/23 15:14:49 ET
Table 'Flavia' 6-max Seat #1 is the button
Seat 1: DragonT55 ($75 in chips)
Seat 2: vestimokrec ($120 in chips)
DragonT55: posts small blind $1
vestimokrec: posts big blind $3
*** HOLE CARDS ***
DragonT55: calls $2
vovojc joins the table at seat #3
GoliafUa leaves the table
vestimokrec: checks
*** FLOP *** [5s 7s 6c]
vestimokrec: checks
DragonT55: bets $3
vestimokrec: raises $3 to $6
DragonT55: calls $3
*** TURN *** [5s 7s 6c] [Jc]
vestimokrec: bets $6
DragonT55: folds
Uncalled bet ($6) returned to vestimokrec
vestimokrec collected $17.64 from pot
vestimokrec: doesn't show hand
*** SUMMARY ***
Total pot $18 | Rake $0.36
Board [5s 7s 6c Jc]
Seat 1: DragonT55 (button) (small blind) folded on the Turn
Seat 2: vestimokrec (big blind) collected ($17.64)


PokerStars Hand #170821235118:  Hold'em Limit ($3/$6 USD) - 2017/05/23 15:18:22 ET
Table 'Flavia' 6-max Seat #1 is the button
Seat 1: DragonT55 ($12 in chips)
Seat 3: vovojc ($74.08 in chips)
DragonT55: posts small blind $1
vestimokrec: is sitting out
vovojc: posts big blind $3
*** HOLE CARDS ***
DragonT55: calls $2
vovojc: checks
*** FLOP *** [3s 3h Td]
vovojc: checks
DragonT55: checks
*** TURN *** [3s 3h Td] [5s]
vovojc: bets $6
DragonT55: folds
Uncalled bet ($6) returned to vovojc
vovojc collected $5.88 from pot
vovojc: doesn't show hand
*** SUMMARY ***
Total pot $6 | Rake $0.12
Board [3s 3h Td 5s]
Seat 1: DragonT55 (button) (small blind) folded on the Turn
Seat 3: vovojc (big blind) collected ($5.88)


PokerStars Hand #170821289978:  Hold'em Limit ($3/$6 USD) - 2017/05/23 15:19:24 ET
Table 'Flavia' 6-max Seat #2 is the button
Seat 1: DragonT55 ($14.76 in chips)
Seat 2: vestimokrec ($143.81 in chips)
vestimokrec: posts small blind $1
DragonT55: posts big blind $3
*** HOLE CARDS ***
vestimokrec: raises $3 to $6
DragonT55: calls $3
*** FLOP *** [Jc Ts 9c]
DragonT55: checks
vestimokrec: bets $3
DragonT55: calls $3
*** TURN *** [Jc Ts 9c] [6d]
DragonT55: checks
vestimokrec: checks
*** RIVER *** [Jc Ts 9c 6d] [4c]
DragonT55: checks
vestimokrec: checks
*** SHOW DOWN ***
DragonT55: shows [Td Js] (two pair, Jacks and Tens)
vestimokrec: mucks hand
DragonT55 collected $17.64 from pot
*** SUMMARY ***
Total pot $18 | Rake $0.36
Board [Jc Ts 9c 6d 4c]
Seat 1: DragonT55 (big blind) showed [Td Js] and won ($17.64) with two pair, Jacks and Tens
Seat 2: vestimokrec (button) (small blind) mucked


PokerStars Hand #170821274009:  Hold'em Limit ($3/$6 USD) - 2017/05/23 15:19:06 ET
Table 'Flavia' 6-max Seat #1 is the button
Seat 1: DragonT55 ($11.88 in chips)
Seat 2: vestimokrec ($146.81 in chips)
DragonT55: posts small blind $1
vestimokrec: posts big blind $3
*** HOLE CARDS ***
DragonT55: calls $2
vestimokrec: checks
*** FLOP *** [6h Ad Ac]
vestimokrec: checks
DragonT55: checks
*** TURN *** [6h Ad Ac] [4d]
vestimokrec: checks
DragonT55: bets $6
vestimokrec: folds
Uncalled bet ($6) returned to DragonT55
vovojc leaves the table
DragonT55 collected $5.88 from pot
*** SUMMARY ***
Total pot $6 | Rake $0.12
Board [6h Ad Ac 4d]
Seat 1: DragonT55 (button) (small blind) collected ($5.88)
Seat 2: vestimokrec (big blind) folded on the Turn


PokerStars Hand #170821249027:  Hold'em Limit ($3/$6 USD) - 2017/05/23 15:18:38 ET
Table 'Flavia' 6-max Seat #3 is the button
Seat 1: DragonT55 ($9 in chips)
Seat 3: vovojc ($76.96 in chips)
vovojc: posts small blind $1
DragonT55: posts big blind $3
*** HOLE CARDS ***
vovojc: calls $2
DragonT55: checks
*** FLOP *** [4s 3c 4d]
DragonT55: checks
vovojc: checks
*** TURN *** [4s 3c 4d] [8h]
DragonT55: checks
vovojc: checks
*** RIVER *** [4s 3c 4d 8h] [4h]
DragonT55: checks
vovojc: checks
*** SHOW DOWN ***
DragonT55: shows [5d Ks] (three of a kind, Fours)
vovojc: mucks hand
DragonT55 collected $5.88 from pot
*** SUMMARY ***
Total pot $6 | Rake $0.12
Board [4s 3c 4d 8h 4h]
Seat 1: DragonT55 (big blind) showed [5d Ks] and won ($5.88) with three of a kind, Fours
Seat 3: vovojc (button) (small blind) mucked


PokerStars Hand #170821354487:  Hold'em Limit ($3/$6 USD) - 2017/05/23 15:20:37 ET
Table 'Flavia' 6-max Seat #1 is the button
Seat 1: DragonT55 ($21.40 in chips)
Seat 2: vestimokrec ($136.69 in chips)
DragonT55: posts small blind $1
vestimokrec: posts big blind $3
*** HOLE CARDS ***
DragonT55: folds
Uncalled bet ($2) returned to vestimokrec
vestimokrec collected $2 from pot
vestimokrec: doesn't show hand
*** SUMMARY ***
Total pot $2 | Rake $0
Seat 1: DragonT55 (button) (small blind) folded before Flop
Seat 2: vestimokrec (big blind) collected ($2)


PokerStars Hand #170821342375:  Hold'em Limit ($3/$6 USD) - 2017/05/23 15:20:23 ET
Table 'Flavia' 6-max Seat #2 is the button
Seat 1: DragonT55 ($20.40 in chips)
Seat 2: vestimokrec ($137.69 in chips)
vestimokrec: posts small blind $1
DragonT55: posts big blind $3
*** HOLE CARDS ***
vestimokrec: folds
Uncalled bet ($2) returned to DragonT55
DragonT55 collected $2 from pot
*** SUMMARY ***
Total pot $2 | Rake $0
Seat 1: DragonT55 (big blind) collected ($2)
Seat 2: vestimokrec (button) (small blind) folded before Flop


PokerStars Hand #170821311301:  Hold'em Limit ($3/$6 USD) - 2017/05/23 15:19:48 ET
Table 'Flavia' 6-max Seat #1 is the button
Seat 1: DragonT55 ($23.40 in chips)
Seat 2: vestimokrec ($134.81 in chips)
DragonT55: posts small blind $1
vestimokrec: posts big blind $3
*** HOLE CARDS ***
DragonT55: calls $2
vestimokrec: checks
*** FLOP *** [3s Kh Qc]
vestimokrec: checks
DragonT55: checks
*** TURN *** [3s Kh Qc] [Kc]
vestimokrec: checks
DragonT55: checks
*** RIVER *** [3s Kh Qc Kc] [4c]
vestimokrec: checks
DragonT55: checks
*** SHOW DOWN ***
vestimokrec: shows [Js 2c] (a pair of Kings)
DragonT55: mucks hand
vestimokrec collected $5.88 from pot
*** SUMMARY ***
Total pot $6 | Rake $0.12
Board [3s Kh Qc Kc 4c]
Seat 1: DragonT55 (button) (small blind) mucked
Seat 2: vestimokrec (big blind) showed [Js 2c] and won ($5.88) with a pair of Kings


PokerStars Hand #170821375502:  Hold'em Limit ($3/$6 USD) - 2017/05/23 15:21:01 ET
Table 'Flavia' 6-max Seat #1 is the button
Seat 1: DragonT55 ($40.30 in chips)
Seat 2: vestimokrec ($117.29 in chips)
DragonT55: posts small blind $1
vestimokrec: posts big blind $3
*** HOLE CARDS ***
DragonT55: calls $2
vestimokrec: checks
*** FLOP *** [2h Qd 9h]
vestimokrec: checks
DragonT55: bets $3
vestimokrec: folds
Uncalled bet ($3) returned to DragonT55
DragonT55 collected $5.88 from pot
*** SUMMARY ***
Total pot $6 | Rake $0.12
Board [2h Qd 9h]
Seat 1: DragonT55 (button) (small blind) collected ($5.88)
Seat 2: vestimokrec (big blind) folded on the Flop


PokerStars Hand #170821404137:  Hold'em Limit ($3/$6 USD) - 2017/05/23 15:21:33 ET
Table 'Flavia' 6-max Seat #1 is the button
Seat 1: DragonT55 ($51.82 in chips)
Seat 2: vestimokrec ($105.29 in chips)
DragonT55: posts small blind $1
vestimokrec: posts big blind $3
*** HOLE CARDS ***
DragonT55: folds
Uncalled bet ($2) returned to vestimokrec
vestimokrec collected $2 from pot
vestimokrec: doesn't show hand
*** SUMMARY ***
Total pot $2 | Rake $0
Seat 1: DragonT55 (button) (small blind) folded before Flop
Seat 2: vestimokrec (big blind) collected ($2)


PokerStars Hand #170821392217:  Hold'em Limit ($3/$6 USD) - 2017/05/23 15:21:19 ET
Table 'Flavia' 6-max Seat #2 is the button
Seat 1: DragonT55 ($43.18 in chips)
Seat 2: vestimokrec ($114.29 in chips)
vestimokrec: posts small blind $1
DragonT55: posts big blind $3
*** HOLE CARDS ***
vestimokrec: raises $3 to $6
DragonT55: calls $3
*** FLOP *** [5c 6s 9d]
DragonT55: checks
vestimokrec: bets $3
DragonT55: calls $3
*** TURN *** [5c 6s 9d] [Ad]
DragonT55: bets $6
vestimokrec: folds
Uncalled bet ($6) returned to DragonT55
DragonT55 collected $17.64 from pot
*** SUMMARY ***
Total pot $18 | Rake $0.36
Board [5c 6s 9d Ad]
Seat 1: DragonT55 (big blind) collected ($17.64)
Seat 2: vestimokrec (button) (small blind) folded on the Turn


PokerStars Hand #170821359322:  Hold'em Limit ($3/$6 USD) - 2017/05/23 15:20:42 ET
Table 'Flavia' 6-max Seat #2 is the button
Seat 1: DragonT55 ($20.40 in chips)
Seat 2: vestimokrec ($137.69 in chips)
vestimokrec: posts small blind $1
DragonT55: posts big blind $3
*** HOLE CARDS ***
vestimokrec: raises $3 to $6
DragonT55: calls $3
*** FLOP *** [7h Kh Th]
DragonT55: bets $3
vestimokrec: calls $3
*** TURN *** [7h Kh Th] [6c]
DragonT55: bets $6
vestimokrec: calls $6
*** RIVER *** [7h Kh Th 6c] [Kc]
DragonT55: bets $5.40 and is all-in
vestimokrec: calls $5.40
*** SHOW DOWN ***
DragonT55: shows [Tc 2c] (two pair, Kings and Tens)
vestimokrec: shows [8d 8h] (two pair, Kings and Eights)
DragonT55 collected $40.30 from pot
*** SUMMARY ***
Total pot $40.80 | Rake $0.50
Board [7h Kh Th 6c Kc]
Seat 1: DragonT55 (big blind) showed [Tc 2c] and won ($40.30) with two pair, Kings and Tens
Seat 2: vestimokrec (button) (small blind) showed [8d 8h] and lost with two pair, Kings and Eights


PokerStars Hand #170821438431:  Hold'em Limit ($3/$6 USD) - 2017/05/23 15:22:11 ET
Table 'Flavia' 6-max Seat #1 is the button
Seat 1: DragonT55 ($23.82 in chips)
Seat 2: vestimokrec ($132.79 in chips)
DragonT55: posts small blind $1
vestimokrec: posts big blind $3
*** HOLE CARDS ***
DragonT55: raises $3 to $6
vestimokrec: calls $3
*** FLOP *** [2d Jh 4c]
vestimokrec: checks
DragonT55: checks
*** TURN *** [2d Jh 4c] [3s]
vestimokrec: bets $6
DragonT55: calls $6
*** RIVER *** [2d Jh 4c 3s] [Qd]
vestimokrec: bets $6
DragonT55: folds
Uncalled bet ($6) returned to vestimokrec
vestimokrec collected $23.52 from pot
vestimokrec: doesn't show hand
*** SUMMARY ***
Total pot $24 | Rake $0.48
Board [2d Jh 4c 3s Qd]
Seat 1: DragonT55 (button) (small blind) folded on the River
Seat 2: vestimokrec (big blind) collected ($23.52)


PokerStars Hand #170821408063:  Hold'em Limit ($3/$6 USD) - 2017/05/23 15:21:37 ET
Table 'Flavia' 6-max Seat #2 is the button
Seat 1: DragonT55 ($50.82 in chips)
Seat 2: vestimokrec ($106.29 in chips)
vestimokrec: posts small blind $1
DragonT55: posts big blind $3
*** HOLE CARDS ***
vestimokrec: raises $3 to $6
DragonT55: calls $3
*** FLOP *** [6d 5d 4c]
DragonT55: bets $3
vestimokrec: calls $3
*** TURN *** [6d 5d 4c] [Js]
DragonT55: bets $6
vestimokrec: raises $6 to $12
DragonT55: calls $6
*** RIVER *** [6d 5d 4c Js] [8d]
DragonT55: checks
vestimokrec: bets $6
DragonT55: calls $6
*** SHOW DOWN ***
vestimokrec: shows [6h 5c] (two pair, Sixes and Fives)
DragonT55: mucks hand
vestimokrec collected $53.50 from pot
*** SUMMARY ***
Total pot $54 | Rake $0.50
Board [6d 5d 4c Js 8d]
Seat 1: DragonT55 (big blind) mucked
Seat 2: vestimokrec (button) (small blind) showed [6h 5c] and won ($53.50) with two pair, Sixes and Fives


PokerStars Hand #170821503477:  Hold'em Limit ($3/$6 USD) - 2017/05/23 15:23:25 ET
Table 'Flavia' 6-max Seat #1 is the button
Seat 1: DragonT55 ($16.17 in chips)
Seat 2: vestimokrec ($139.25 in chips)
DragonT55: posts small blind $1
vestimokrec: posts big blind $3
*** HOLE CARDS ***
DragonT55: calls $2
vestimokrec: raises $3 to $6
DragonT55: calls $3
*** FLOP *** [9s Ad 9d]
vestimokrec: checks
DragonT55: checks
*** TURN *** [9s Ad 9d] [2s]
vestimokrec: bets $6
DragonT55: folds
Uncalled bet ($6) returned to vestimokrec
vestimokrec collected $11.76 from pot
vestimokrec: doesn't show hand
*** SUMMARY ***
Total pot $12 | Rake $0.24
Board [9s Ad 9d 2s]
Seat 1: DragonT55 (button) (small blind) folded on the Turn
Seat 2: vestimokrec (big blind) collected ($11.76)


PokerStars Hand #170821494287:  Hold'em Limit ($3/$6 USD) - 2017/05/23 15:23:15 ET
Table 'Flavia' 6-max Seat #2 is the button
Seat 1: DragonT55 ($22.17 in chips)
Seat 2: vestimokrec ($133.49 in chips)
vestimokrec: posts small blind $1
DragonT55: posts big blind $3
*** HOLE CARDS ***
vestimokrec: raises $3 to $6
DragonT55: calls $3
*** FLOP *** [8c 5s Qd]
DragonT55: checks
vestimokrec: bets $3
DragonT55: folds
Uncalled bet ($3) returned to vestimokrec
vestimokrec collected $11.76 from pot
vestimokrec: doesn't show hand
*** SUMMARY ***
Total pot $12 | Rake $0.24
Board [8c 5s Qd]
Seat 1: DragonT55 (big blind) folded on the Flop
Seat 2: vestimokrec (button) (small blind) collected ($11.76)


PokerStars Hand #170821490352:  Hold'em Limit ($3/$6 USD) - 2017/05/23 15:23:10 ET
Table 'Flavia' 6-max Seat #1 is the button
Seat 1: DragonT55 ($23.17 in chips)
Seat 2: vestimokrec ($132.49 in chips)
DragonT55: posts small blind $1
vestimokrec: posts big blind $3
*** HOLE CARDS ***
DragonT55: folds
Uncalled bet ($2) returned to vestimokrec
vestimokrec collected $2 from pot
vestimokrec: doesn't show hand
*** SUMMARY ***
Total pot $2 | Rake $0
Seat 1: DragonT55 (button) (small blind) folded before Flop
Seat 2: vestimokrec (big blind) collected ($2)


PokerStars Hand #170821466259:  Hold'em Limit ($3/$6 USD) - 2017/05/23 15:22:43 ET
Table 'Flavia' 6-max Seat #2 is the button
Seat 1: DragonT55 ($11.82 in chips)
Seat 2: vestimokrec ($144.31 in chips)
vestimokrec: posts small blind $1
DragonT55: posts big blind $3
*** HOLE CARDS ***
vestimokrec: raises $3 to $6
DragonT55: raises $3 to $9
vestimokrec: calls $3
*** FLOP *** [Th 7s 9c]
DragonT55: bets $2.82 and is all-in
vestimokrec: calls $2.82
*** TURN *** [Th 7s 9c] [2d]
*** RIVER *** [Th 7s 9c 2d] [Tc]
*** SHOW DOWN ***
DragonT55: shows [6d Ad] (a pair of Tens)
vestimokrec: shows [4h 6h] (a pair of Tens - lower kicker)
DragonT55 collected $23.17 from pot
*** SUMMARY ***
Total pot $23.64 | Rake $0.47
Board [Th 7s 9c 2d Tc]
Seat 1: DragonT55 (big blind) showed [6d Ad] and won ($23.17) with a pair of Tens
Seat 2: vestimokrec (button) (small blind) showed [4h 6h] and lost with a pair of Tens


PokerStars Hand #170821561784:  Hold'em Limit ($3/$6 USD) - 2017/05/23 15:24:32 ET
Table 'Flavia' 6-max Seat #2 is the button
Seat 1: DragonT55 ($14.05 in chips)
Seat 2: vestimokrec ($141.01 in chips)
vestimokrec: posts small blind $1
DragonT55: posts big blind $3
*** HOLE CARDS ***
vestimokrec: raises $3 to $6
DragonT55: calls $3
*** FLOP *** [5c Ah 9h]
DragonT55: checks
vestimokrec: bets $3
DragonT55: folds
Uncalled bet ($3) returned to vestimokrec
vestimokrec collected $11.76 from pot
vestimokrec: doesn't show hand
*** SUMMARY ***
Total pot $12 | Rake $0.24
Board [5c Ah 9h]
Seat 1: DragonT55 (big blind) folded on the Flop
Seat 2: vestimokrec (button) (small blind) collected ($11.76)


PokerStars Hand #170821535180:  Hold'em Limit ($3/$6 USD) - 2017/05/23 15:24:01 ET
Table 'Flavia' 6-max Seat #1 is the button
Seat 1: DragonT55 ($11.17 in chips)
Seat 2: vestimokrec ($144.01 in chips)
DragonT55: posts small blind $1
vestimokrec: posts big blind $3
*** HOLE CARDS ***
DragonT55: calls $2
vestimokrec: checks
*** FLOP *** [Kc Qh Qs]
vestimokrec: checks
DragonT55: checks
*** TURN *** [Kc Qh Qs] [4c]
vestimokrec: checks
DragonT55: bets $6
vestimokrec: folds
Uncalled bet ($6) returned to DragonT55
DragonT55 collected $5.88 from pot
*** SUMMARY ***
Total pot $6 | Rake $0.12
Board [Kc Qh Qs 4c]
Seat 1: DragonT55 (button) (small blind) collected ($5.88)
Seat 2: vestimokrec (big blind) folded on the Turn


PokerStars Hand #170821526165:  Hold'em Limit ($3/$6 USD) - 2017/05/23 15:23:51 ET
Table 'Flavia' 6-max Seat #2 is the button
Seat 1: DragonT55 ($10.17 in chips)
Seat 2: vestimokrec ($145.01 in chips)
vestimokrec: posts small blind $1
DragonT55: posts big blind $3
*** HOLE CARDS ***
vestimokrec: folds
Uncalled bet ($2) returned to DragonT55
DragonT55 collected $2 from pot
*** SUMMARY ***
Total pot $2 | Rake $0
Seat 1: DragonT55 (big blind) collected ($2)
Seat 2: vestimokrec (button) (small blind) folded before Flop


