PokerStars Hand #144544738026:  Hold'em Limit ($3/$6 USD) - 2015/11/29 2:46:33 ET
Table 'Floirac' 6-max Seat #1 is the button
Seat 1: VolkovDmitri ($120 in chips)
Seat 2: dye111 ($120 in chips)
VolkovDmitri: posts small blind $1
dye111: posts big blind $3
*** HOLE CARDS ***
VolkovDmitri: raises $3 to $6
dye111: calls $3
*** FLOP *** [5c 9d 9h]
dye111: checks
VolkovDmitri: bets $3
dye111: calls $3
*** TURN *** [5c 9d 9h] [8c]
dye111: checks
VolkovDmitri: checks
*** RIVER *** [5c 9d 9h 8c] [9s]
dye111: bets $6
VolkovDmitri: folds
Uncalled bet ($6) returned to dye111
dye111 collected $17.64 from pot
*** SUMMARY ***
Total pot $18 | Rake $0.36
Board [5c 9d 9h 8c 9s]
Seat 1: VolkovDmitri (button) (small blind) folded on the River
Seat 2: dye111 (big blind) collected ($17.64)


PokerStars Hand #144544746165:  Hold'em Limit ($3/$6 USD) - 2015/11/29 2:47:02 ET
Table 'Floirac' 6-max Seat #2 is the button
Seat 1: VolkovDmitri ($120 in chips)
Seat 2: dye111 ($128.64 in chips)
dye111: posts small blind $1
VolkovDmitri: posts big blind $3
*** HOLE CARDS ***
dye111: calls $2
VolkovDmitri: raises $3 to $6
dye111: calls $3
*** FLOP *** [Kc 4h Jd]
VolkovDmitri: checks
dye111: bets $3
VolkovDmitri: folds
Uncalled bet ($3) returned to dye111
dye111 collected $11.76 from pot
*** SUMMARY ***
Total pot $12 | Rake $0.24
Board [Kc 4h Jd]
Seat 1: VolkovDmitri (big blind) folded on the Flop
Seat 2: dye111 (button) (small blind) collected ($11.76)


PokerStars Hand #144544755504:  Hold'em Limit ($3/$6 USD) - 2015/11/29 2:47:34 ET
Table 'Floirac' 6-max Seat #1 is the button
Seat 1: VolkovDmitri ($120 in chips)
Seat 2: dye111 ($134.40 in chips)
VolkovDmitri: posts small blind $1
dye111: posts big blind $3
*** HOLE CARDS ***
VolkovDmitri: raises $3 to $6
dye111: calls $3
*** FLOP *** [Tc Kc 6s]
dye111: bets $3
VolkovDmitri: calls $3
*** TURN *** [Tc Kc 6s] [3c]
dye111: bets $6
VolkovDmitri: raises $6 to $12
dye111: calls $6
*** RIVER *** [Tc Kc 6s 3c] [Jc]
dye111: checks
VolkovDmitri: bets $6
dye111: folds
Uncalled bet ($6) returned to VolkovDmitri
VolkovDmitri collected $41.50 from pot
VolkovDmitri: doesn't show hand
*** SUMMARY ***
Total pot $42 | Rake $0.50
Board [Tc Kc 6s 3c Jc]
Seat 1: VolkovDmitri (button) (small blind) collected ($41.50)
Seat 2: dye111 (big blind) folded on the River


PokerStars Hand #144544769416:  Hold'em Limit ($3/$6 USD) - 2015/11/29 2:48:23 ET
Table 'Floirac' 6-max Seat #1 is the button
Seat 1: VolkovDmitri ($141.50 in chips)
Seat 2: dye111 ($112.40 in chips)
VolkovDmitri: posts small blind $1
dye111: posts big blind $3
*** HOLE CARDS ***
VolkovDmitri: raises $3 to $6
dye111: calls $3
*** FLOP *** [7h Tc 3d]
dye111: checks
VolkovDmitri: bets $3
dye111: folds
Uncalled bet ($3) returned to VolkovDmitri
VolkovDmitri collected $11.76 from pot
VolkovDmitri: doesn't show hand
*** SUMMARY ***
Total pot $12 | Rake $0.24
Board [7h Tc 3d]
Seat 1: VolkovDmitri (button) (small blind) collected ($11.76)
Seat 2: dye111 (big blind) folded on the Flop


PokerStars Hand #144544773762:  Hold'em Limit ($3/$6 USD) - 2015/11/29 2:48:38 ET
Table 'Floirac' 6-max Seat #2 is the button
Seat 1: VolkovDmitri ($147.26 in chips)
Seat 2: dye111 ($106.40 in chips)
dye111: posts small blind $1
VolkovDmitri: posts big blind $3
*** HOLE CARDS ***
dye111: calls $2
VolkovDmitri: raises $3 to $6
dye111: raises $3 to $9
VolkovDmitri: calls $3
*** FLOP *** [Ad Jd 7c]
VolkovDmitri: checks
dye111: bets $3
VolkovDmitri: calls $3
*** TURN *** [Ad Jd 7c] [8d]
VolkovDmitri: checks
dye111: checks
*** RIVER *** [Ad Jd 7c 8d] [9h]
VolkovDmitri: bets $6
dye111: folds
Uncalled bet ($6) returned to VolkovDmitri
VolkovDmitri collected $23.52 from pot
VolkovDmitri: doesn't show hand
*** SUMMARY ***
Total pot $24 | Rake $0.48
Board [Ad Jd 7c 8d 9h]
Seat 1: VolkovDmitri (big blind) collected ($23.52)
Seat 2: dye111 (button) (small blind) folded on the River


PokerStars Hand #144544785237:  Hold'em Limit ($3/$6 USD) - 2015/11/29 2:49:19 ET
Table 'Floirac' 6-max Seat #1 is the button
Seat 1: VolkovDmitri ($158.78 in chips)
Seat 2: dye111 ($94.40 in chips)
VolkovDmitri: posts small blind $1
dye111: posts big blind $3
*** HOLE CARDS ***
VolkovDmitri: raises $3 to $6
dye111: calls $3
*** FLOP *** [4h Js Ad]
dye111: checks
VolkovDmitri: bets $3
dye111: raises $3 to $6
VolkovDmitri: folds
Uncalled bet ($3) returned to dye111
dye111 collected $17.64 from pot
*** SUMMARY ***
Total pot $18 | Rake $0.36
Board [4h Js Ad]
Seat 1: VolkovDmitri (button) (small blind) folded on the Flop
Seat 2: dye111 (big blind) collected ($17.64)


PokerStars Hand #144544791940:  Hold'em Limit ($3/$6 USD) - 2015/11/29 2:49:42 ET
Table 'Floirac' 6-max Seat #2 is the button
Seat 1: VolkovDmitri ($149.78 in chips)
Seat 2: dye111 ($103.04 in chips)
dye111: posts small blind $1
VolkovDmitri: posts big blind $3
*** HOLE CARDS ***
dye111: raises $3 to $6
VolkovDmitri: calls $3
*** FLOP *** [As 6c Qc]
VolkovDmitri: checks
dye111: bets $3
VolkovDmitri: folds
Uncalled bet ($3) returned to dye111
dye111 collected $11.76 from pot
*** SUMMARY ***
Total pot $12 | Rake $0.24
Board [As 6c Qc]
Seat 1: VolkovDmitri (big blind) folded on the Flop
Seat 2: dye111 (button) (small blind) collected ($11.76)


PokerStars Hand #144544815114:  Hold'em Limit ($3/$6 USD) - 2015/11/29 2:51:04 ET
Table 'Floirac' 6-max Seat #2 is the button
Seat 1: VolkovDmitri ($161.28 in chips)
Seat 2: dye111 ($90.80 in chips)
dye111: posts small blind $1
VolkovDmitri: posts big blind $3
*** HOLE CARDS ***
dye111: calls $2
VolkovDmitri: raises $3 to $6
dye111: calls $3
*** FLOP *** [9c 2s 3c]
VolkovDmitri: bets $3
dye111: calls $3
*** TURN *** [9c 2s 3c] [8d]
VolkovDmitri: bets $6
dye111: folds
Uncalled bet ($6) returned to VolkovDmitri
VolkovDmitri collected $17.64 from pot
VolkovDmitri: doesn't show hand
*** SUMMARY ***
Total pot $18 | Rake $0.36
Board [9c 2s 3c 8d]
Seat 1: VolkovDmitri (big blind) collected ($17.64)
Seat 2: dye111 (button) (small blind) folded on the Turn


PokerStars Hand #144544826671:  Hold'em Limit ($3/$6 USD) - 2015/11/29 2:51:44 ET
Table 'Floirac' 6-max Seat #1 is the button
Seat 1: VolkovDmitri ($169.92 in chips)
Seat 2: dye111 ($81.80 in chips)
VolkovDmitri: posts small blind $1
dye111: posts big blind $3
*** HOLE CARDS ***
VolkovDmitri: raises $3 to $6
dye111: calls $3
*** FLOP *** [2h 3s 7d]
dye111: checks
VolkovDmitri: bets $3
dye111: calls $3
*** TURN *** [2h 3s 7d] [4s]
dye111: checks
VolkovDmitri: checks
*** RIVER *** [2h 3s 7d 4s] [7c]
dye111: checks
VolkovDmitri: checks
*** SHOW DOWN ***
dye111: shows [9c 6h] (a pair of Sevens)
VolkovDmitri: shows [Qd 6s] (a pair of Sevens - Queen kicker)
VolkovDmitri collected $17.64 from pot
*** SUMMARY ***
Total pot $18 | Rake $0.36
Board [2h 3s 7d 4s 7c]
Seat 1: VolkovDmitri (button) (small blind) showed [Qd 6s] and won ($17.64) with a pair of Sevens
Seat 2: dye111 (big blind) showed [9c 6h] and lost with a pair of Sevens


PokerStars Hand #144544867205:  Hold'em Limit ($3/$6 USD) - 2015/11/29 2:54:05 ET
Table 'Floirac' 6-max Seat #1 is the button
Seat 1: VolkovDmitri ($172.56 in chips)
Seat 2: dye111 ($78.56 in chips)
VolkovDmitri: posts small blind $1
dye111: posts big blind $3
*** HOLE CARDS ***
VolkovDmitri: folds
Uncalled bet ($2) returned to dye111
dye111 collected $2 from pot
*** SUMMARY ***
Total pot $2 | Rake $0
Seat 1: VolkovDmitri (button) (small blind) folded before Flop
Seat 2: dye111 (big blind) collected ($2)


PokerStars Hand #144544870335:  Hold'em Limit ($3/$6 USD) - 2015/11/29 2:54:16 ET
Table 'Floirac' 6-max Seat #2 is the button
Seat 1: VolkovDmitri ($171.56 in chips)
Seat 2: dye111 ($79.56 in chips)
dye111: posts small blind $1
VolkovDmitri: posts big blind $3
*** HOLE CARDS ***
dye111: raises $3 to $6
VolkovDmitri: calls $3
*** FLOP *** [6s 2h 7h]
VolkovDmitri: checks
dye111: checks
*** TURN *** [6s 2h 7h] [6c]
VolkovDmitri: bets $6
dye111: folds
Uncalled bet ($6) returned to VolkovDmitri
VolkovDmitri collected $11.76 from pot
VolkovDmitri: doesn't show hand
*** SUMMARY ***
Total pot $12 | Rake $0.24
Board [6s 2h 7h 6c]
Seat 1: VolkovDmitri (big blind) collected ($11.76)
Seat 2: dye111 (button) (small blind) folded on the Turn


PokerStars Hand #144544850125:  Hold'em Limit ($3/$6 USD) - 2015/11/29 2:53:06 ET
Table 'Floirac' 6-max Seat #2 is the button
Seat 1: VolkovDmitri ($178.56 in chips)
Seat 2: dye111 ($72.80 in chips)
dye111: posts small blind $1
VolkovDmitri: posts big blind $3
*** HOLE CARDS ***
dye111: raises $3 to $6
VolkovDmitri: calls $3
*** FLOP *** [4s 5d 5c]
VolkovDmitri: checks
dye111: bets $3
VolkovDmitri: folds
Uncalled bet ($3) returned to dye111
dye111 collected $11.76 from pot
*** SUMMARY ***
Total pot $12 | Rake $0.24
Board [4s 5d 5c]
Seat 1: VolkovDmitri (big blind) folded on the Flop
Seat 2: dye111 (button) (small blind) collected ($11.76)


PokerStars Hand #144544877373:  Hold'em Limit ($3/$6 USD) - 2015/11/29 2:54:41 ET
Table 'Floirac' 6-max Seat #1 is the button
Seat 1: VolkovDmitri ($177.32 in chips)
Seat 2: dye111 ($73.56 in chips)
VolkovDmitri: posts small blind $1
dye111: posts big blind $3
*** HOLE CARDS ***
VolkovDmitri: raises $3 to $6
dye111: calls $3
*** FLOP *** [9d 7s 7h]
dye111: checks
VolkovDmitri: bets $3
dye111: folds
Uncalled bet ($3) returned to VolkovDmitri
VolkovDmitri collected $11.76 from pot
VolkovDmitri: doesn't show hand
*** SUMMARY ***
Total pot $12 | Rake $0.24
Board [9d 7s 7h]
Seat 1: VolkovDmitri (button) (small blind) collected ($11.76)
Seat 2: dye111 (big blind) folded on the Flop


