PokerStars Hand #145429433000:  Hold'em Limit ($3/$6 USD) - 2015/12/16 9:03:47 ET
Table 'Flora II' 10-max Seat #8 is the button
Seat 3: alexslep ($150 in chips)
Seat 8: Actionni13 ($150 in chips)
Fantomet will be allowed to play after the button
B_loJkl will be allowed to play after the button
Actionni13: posts small blind $1
Punkyfee: is sitting out
BuzovaPro: is sitting out
Johnliu: is sitting out
alexslep: posts big blind $3
*** HOLE CARDS ***
Punkyfee leaves the table
Actionni13: raises $3 to $6
alexslep: calls $3
*** FLOP *** [Jh 4d 4h]
alexslep: checks
Actionni13: bets $3
alexslep: folds
Uncalled bet ($3) returned to Actionni13
Actionni13 collected $11.76 from pot
Actionni13: doesn't show hand
*** SUMMARY ***
Total pot $12 | Rake $0.24
Board [Jh 4d 4h]
Seat 3: alexslep (big blind) folded on the Flop
Seat 8: Actionni13 (button) (small blind) collected ($11.76)


PokerStars Hand #145429527724:  Hold'em Limit ($3/$6 USD) - 2015/12/16 9:06:11 ET
Table 'Flora II' 10-max Seat #8 is the button
Seat 6: B_loJkl ($137 in chips)
Seat 8: Actionni13 ($169.59 in chips)
Actionni13: posts small blind $1
alexslep: is sitting out
Fantomet: is sitting out
B_loJkl: posts big blind $3
*** HOLE CARDS ***
Actionni13: raises $3 to $6
Fantomet leaves the table
alexslep leaves the table
B_loJkl: calls $3
*** FLOP *** [6s 9d 5d]
B_loJkl: checks
Actionni13: checks
*** TURN *** [6s 9d 5d] [Kc]
B_loJkl: checks
Actionni13: bets $6
B_loJkl: calls $6
*** RIVER *** [6s 9d 5d Kc] [7c]
B_loJkl: checks
Actionni13: checks
*** SHOW DOWN ***
B_loJkl: shows [9c Jh] (a pair of Nines)
Actionni13: mucks hand
B_loJkl collected $23.52 from pot
*** SUMMARY ***
Total pot $24 | Rake $0.48
Board [6s 9d 5d Kc 7c]
Seat 6: B_loJkl (big blind) showed [9c Jh] and won ($23.52) with a pair of Nines
Seat 8: Actionni13 (button) (small blind) mucked


