PokerStars Hand #170527489672:  Hold'em Limit ($3/$6 USD) - 2017/05/17 2:50:02 ET
Table 'Flora' 6-max Seat #4 is the button
Seat 4: MTails ($84 in chips)
Seat 5: PayMyAudiR8 ($155.02 in chips)
MTails: posts small blind $1
PayMyAudiR8: posts big blind $3
*** HOLE CARDS ***
MTails: folds
Uncalled bet ($2) returned to PayMyAudiR8
PayMyAudiR8 collected $2 from pot
PayMyAudiR8: doesn't show hand
*** SUMMARY ***
Total pot $2 | Rake $0
Seat 4: MTails (button) (small blind) folded before Flop
Seat 5: PayMyAudiR8 (big blind) collected ($2)


PokerStars Hand #170527485451:  Hold'em Limit ($3/$6 USD) - 2017/05/17 2:49:46 ET
Table 'Flora' 6-max Seat #5 is the button
Seat 4: MTails ($96 in chips)
Seat 5: PayMyAudiR8 ($143.50 in chips)
PayMyAudiR8: posts small blind $1
MTails: posts big blind $3
*** HOLE CARDS ***
PayMyAudiR8: raises $3 to $6
MTails: calls $3
*** FLOP *** [Ac 7c Kh]
MTails: checks
PayMyAudiR8: bets $3
MTails: raises $3 to $6
PayMyAudiR8: calls $3
*** TURN *** [Ac 7c Kh] [5d]
MTails: checks
PayMyAudiR8: bets $6
Whatze Phuck joins the table at seat #6
MTails: folds
Uncalled bet ($6) returned to PayMyAudiR8
PayMyAudiR8 collected $23.52 from pot
PayMyAudiR8: doesn't show hand
*** SUMMARY ***
Total pot $24 | Rake $0.48
Board [Ac 7c Kh 5d]
Seat 4: MTails (big blind) folded on the Turn
Seat 5: PayMyAudiR8 (button) (small blind) collected ($23.52)


PokerStars Hand #170527478831:  Hold'em Limit ($3/$6 USD) - 2017/05/17 2:49:21 ET
Table 'Flora' 6-max Seat #4 is the button
Seat 4: MTails ($120 in chips)
Seat 5: PayMyAudiR8 ($120 in chips)
MTails: posts small blind $1
PayMyAudiR8: posts big blind $3
*** HOLE CARDS ***
MTails: raises $3 to $6
PayMyAudiR8: raises $3 to $9
MTails: calls $3
*** FLOP *** [5h Jh Td]
PayMyAudiR8: bets $3
MTails: calls $3
*** TURN *** [5h Jh Td] [9s]
PayMyAudiR8: bets $6
MTails: calls $6
*** RIVER *** [5h Jh Td 9s] [Ts]
PayMyAudiR8: bets $6
MTails: calls $6
*** SHOW DOWN ***
PayMyAudiR8: shows [As Tc] (three of a kind, Tens)
MTails: mucks hand
PayMyAudiR8 collected $47.50 from pot
*** SUMMARY ***
Total pot $48 | Rake $0.50
Board [5h Jh Td 9s Ts]
Seat 4: MTails (button) (small blind) mucked
Seat 5: PayMyAudiR8 (big blind) showed [As Tc] and won ($47.50) with three of a kind, Tens


PokerStars Hand #170527508726:  Hold'em Limit ($3/$6 USD) - 2017/05/17 2:51:15 ET
Table 'Flora' 6-max Seat #5 is the button
Seat 5: PayMyAudiR8 ($122.02 in chips)
Seat 6: Whatze Phuck ($100.86 in chips)
PayMyAudiR8: posts small blind $1
Whatze Phuck: posts big blind $3
*** HOLE CARDS ***
PayMyAudiR8: folds
Uncalled bet ($2) returned to Whatze Phuck
SpartakM1985 joins the table at seat #1
Whatze Phuck collected $2 from pot
Whatze Phuck: doesn't show hand
*** SUMMARY ***
Total pot $2 | Rake $0
Seat 5: PayMyAudiR8 (button) (small blind) folded before Flop
Seat 6: Whatze Phuck (big blind) collected ($2)


PokerStars Hand #170527504424:  Hold'em Limit ($3/$6 USD) - 2017/05/17 2:50:58 ET
Table 'Flora' 6-max Seat #6 is the button
Seat 5: PayMyAudiR8 ($128.02 in chips)
Seat 6: Whatze Phuck ($95.10 in chips)
Whatze Phuck: posts small blind $1
MTails: is sitting out
PayMyAudiR8: posts big blind $3
*** HOLE CARDS ***
Whatze Phuck: raises $3 to $6
PayMyAudiR8: calls $3
*** FLOP *** [5c 6h 8c]
PayMyAudiR8: checks
Whatze Phuck: checks
*** TURN *** [5c 6h 8c] [Ts]
PayMyAudiR8: checks
Whatze Phuck: checks
*** RIVER *** [5c 6h 8c Ts] [3h]
PayMyAudiR8: checks
Whatze Phuck: checks
*** SHOW DOWN ***
PayMyAudiR8: shows [Qd 7d] (high card Queen)
Whatze Phuck: shows [4c Ks] (high card King)
Whatze Phuck collected $11.76 from pot
*** SUMMARY ***
Total pot $12 | Rake $0.24
Board [5c 6h 8c Ts 3h]
Seat 5: PayMyAudiR8 (big blind) showed [Qd 7d] and lost with high card Queen
Seat 6: Whatze Phuck (button) (small blind) showed [4c Ks] and won ($11.76) with high card King


PokerStars Hand #170528264636:  Hold'em Limit ($3/$6 USD) - 2017/05/17 3:38:32 ET
Table 'Flora' 6-max Seat #5 is the button
Seat 4: MTails ($312.76 in chips)
Seat 5: PayMyAudiR8 ($420.09 in chips)
PayMyAudiR8: posts small blind $1
Homasapien: is sitting out
MTails: posts big blind $3
*** HOLE CARDS ***
PayMyAudiR8: raises $3 to $6
MTails: calls $3
*** FLOP *** [8h Ks 9d]
MTails: checks
PayMyAudiR8: bets $3
MTails: raises $3 to $6
PayMyAudiR8: raises $3 to $9
MTails: calls $3
*** TURN *** [8h Ks 9d] [7s]
MTails: checks
PayMyAudiR8: bets $6
MTails: calls $6
*** RIVER *** [8h Ks 9d 7s] [2h]
MTails: checks
PayMyAudiR8: bets $6
MTails: calls $6
*** SHOW DOWN ***
PayMyAudiR8: shows [Jd Td] (a straight, Seven to Jack)
MTails: mucks hand
PayMyAudiR8 collected $53.50 from pot
*** SUMMARY ***
Total pot $54 | Rake $0.50
Board [8h Ks 9d 7s 2h]
Seat 4: MTails (big blind) mucked
Seat 5: PayMyAudiR8 (button) (small blind) showed [Jd Td] and won ($53.50) with a straight, Seven to Jack


