PokerStars Hand #158394307940:  Hold'em Limit ($3/$6 USD) - 2016/09/09 19:12:22 ET
Table 'Flora' 10-max Seat #1 is the button
Seat 1: Zubasa07 ($500 in chips)
Seat 2: ManuelSikora ($102.23 in chips)
Zubasa07: posts small blind $1
ManuelSikora: posts big blind $3
*** HOLE CARDS ***
Zubasa07: raises $3 to $6
ManuelSikora: raises $3 to $9
Zubasa07: calls $3
*** FLOP *** [5d 9h 4h]
ManuelSikora: bets $3
Zubasa07: calls $3
*** TURN *** [5d 9h 4h] [9c]
ManuelSikora: bets $6
Zubasa07: folds
Uncalled bet ($6) returned to ManuelSikora
ManuelSikora collected $23.52 from pot
ManuelSikora: doesn't show hand
*** SUMMARY ***
Total pot $24 | Rake $0.48
Board [5d 9h 4h 9c]
Seat 1: Zubasa07 (button) (small blind) folded on the Turn
Seat 2: ManuelSikora (big blind) collected ($23.52)


PokerStars Hand #158394326623:  Hold'em Limit ($3/$6 USD) - 2016/09/09 19:12:52 ET
Table 'Flora' 10-max Seat #2 is the button
Seat 1: Zubasa07 ($488 in chips)
Seat 2: ManuelSikora ($113.75 in chips)
ManuelSikora: posts small blind $1
Zubasa07: posts big blind $3
*** HOLE CARDS ***
ManuelSikora: folds
Uncalled bet ($2) returned to Zubasa07
Zubasa07 collected $2 from pot
Zubasa07: doesn't show hand
*** SUMMARY ***
Total pot $2 | Rake $0
Seat 1: Zubasa07 (big blind) collected ($2)
Seat 2: ManuelSikora (button) (small blind) folded before Flop


PokerStars Hand #158394330868:  Hold'em Limit ($3/$6 USD) - 2016/09/09 19:12:58 ET
Table 'Flora' 10-max Seat #1 is the button
Seat 1: Zubasa07 ($489 in chips)
Seat 2: ManuelSikora ($112.75 in chips)
Zubasa07: posts small blind $1
ManuelSikora: posts big blind $3
*** HOLE CARDS ***
Zubasa07: raises $3 to $6
ManuelSikora: raises $3 to $9
Zubasa07: calls $3
*** FLOP *** [6h 7d Th]
ManuelSikora: bets $3
Zubasa07: raises $3 to $6
ManuelSikora: raises $3 to $9
Zubasa07: calls $3
*** TURN *** [6h 7d Th] [5s]
ManuelSikora: bets $6
Zubasa07: raises $6 to $12
ManuelSikora: calls $6
*** RIVER *** [6h 7d Th 5s] [5d]
ManuelSikora: checks
Zubasa07: bets $6
ManuelSikora: folds
Uncalled bet ($6) returned to Zubasa07
Zubasa07 collected $59.50 from pot
Zubasa07: doesn't show hand
*** SUMMARY ***
Total pot $60 | Rake $0.50
Board [6h 7d Th 5s 5d]
Seat 1: Zubasa07 (button) (small blind) collected ($59.50)
Seat 2: ManuelSikora (big blind) folded on the River


PokerStars Hand #158394411628:  Hold'em Limit ($3/$6 USD) - 2016/09/09 19:15:07 ET
Table 'Flora' 10-max Seat #1 is the button
Seat 1: Zubasa07 ($530.02 in chips)
Seat 2: ManuelSikora ($70.75 in chips)
Zubasa07: posts small blind $1
ManuelSikora: posts big blind $3
*** HOLE CARDS ***
Zubasa07: raises $3 to $6
ManuelSikora: raises $3 to $9
Zubasa07: calls $3
*** FLOP *** [Qd As 4d]
ManuelSikora: bets $3
Zubasa07: folds
Uncalled bet ($3) returned to ManuelSikora
ManuelSikora collected $17.64 from pot
ManuelSikora: doesn't show hand
*** SUMMARY ***
Total pot $18 | Rake $0.36
Board [Qd As 4d]
Seat 1: Zubasa07 (button) (small blind) folded on the Flop
Seat 2: ManuelSikora (big blind) collected ($17.64)


PokerStars Hand #158394378075:  Hold'em Limit ($3/$6 USD) - 2016/09/09 19:14:14 ET
Table 'Flora' 10-max Seat #2 is the button
Seat 1: Zubasa07 ($518.50 in chips)
Seat 2: ManuelSikora ($82.75 in chips)
ManuelSikora: posts small blind $1
Zubasa07: posts big blind $3
*** HOLE CARDS ***
ManuelSikora: raises $3 to $6
Zubasa07: calls $3
*** FLOP *** [Jd 7s Kh]
Zubasa07: checks
ManuelSikora: bets $3
Zubasa07: raises $3 to $6
ManuelSikora: calls $3
*** TURN *** [Jd 7s Kh] [4c]
Zubasa07: checks
ManuelSikora: checks
*** RIVER *** [Jd 7s Kh 4c] [9h]
Zubasa07: bets $6
ManuelSikora: folds
Uncalled bet ($6) returned to Zubasa07
Zubasa07 collected $23.52 from pot
Zubasa07: doesn't show hand
*** SUMMARY ***
Total pot $24 | Rake $0.48
Board [Jd 7s Kh 4c 9h]
Seat 1: Zubasa07 (big blind) collected ($23.52)
Seat 2: ManuelSikora (button) (small blind) folded on the River


PokerStars Hand #158394442753:  Hold'em Limit ($3/$6 USD) - 2016/09/09 19:15:57 ET
Table 'Flora' 10-max Seat #1 is the button
Seat 1: Zubasa07 ($529.66 in chips)
Seat 2: ManuelSikora ($70.39 in chips)
Zubasa07: posts small blind $1
ManuelSikora: posts big blind $3
*** HOLE CARDS ***
Zubasa07: folds
Uncalled bet ($2) returned to ManuelSikora
ManuelSikora collected $2 from pot
ManuelSikora: doesn't show hand
*** SUMMARY ***
Total pot $2 | Rake $0
Seat 1: Zubasa07 (button) (small blind) folded before Flop
Seat 2: ManuelSikora (big blind) collected ($2)


PokerStars Hand #158394428621:  Hold'em Limit ($3/$6 USD) - 2016/09/09 19:15:34 ET
Table 'Flora' 10-max Seat #2 is the button
Seat 1: Zubasa07 ($521.02 in chips)
Seat 2: ManuelSikora ($79.39 in chips)
ManuelSikora: posts small blind $1
Zubasa07: posts big blind $3
*** HOLE CARDS ***
ManuelSikora: raises $3 to $6
Zubasa07: raises $3 to $9
ManuelSikora: calls $3
*** FLOP *** [9c Ad 9d]
Zubasa07: bets $3
ManuelSikora: folds
Uncalled bet ($3) returned to Zubasa07
Zubasa07 collected $17.64 from pot
Zubasa07: doesn't show hand
*** SUMMARY ***
Total pot $18 | Rake $0.36
Board [9c Ad 9d]
Seat 1: Zubasa07 (big blind) collected ($17.64)
Seat 2: ManuelSikora (button) (small blind) folded on the Flop


PokerStars Hand #158394447150:  Hold'em Limit ($3/$6 USD) - 2016/09/09 19:16:04 ET
Table 'Flora' 10-max Seat #2 is the button
Seat 1: Zubasa07 ($528.66 in chips)
Seat 2: ManuelSikora ($71.39 in chips)
ManuelSikora: posts small blind $1
Zubasa07: posts big blind $3
*** HOLE CARDS ***
ManuelSikora: raises $3 to $6
Zubasa07: raises $3 to $9
ManuelSikora: calls $3
*** FLOP *** [4h Js Ts]
Zubasa07: bets $3
ManuelSikora: folds
Uncalled bet ($3) returned to Zubasa07
Zubasa07 collected $17.64 from pot
Zubasa07: doesn't show hand
*** SUMMARY ***
Total pot $18 | Rake $0.36
Board [4h Js Ts]
Seat 1: Zubasa07 (big blind) collected ($17.64)
Seat 2: ManuelSikora (button) (small blind) folded on the Flop


PokerStars Hand #158394489169:  Hold'em Limit ($3/$6 USD) - 2016/09/09 19:17:12 ET
Table 'Flora' 10-max Seat #2 is the button
Seat 1: Zubasa07 ($532.30 in chips)
Seat 2: ManuelSikora ($67.39 in chips)
ManuelSikora: posts small blind $1
Zubasa07: posts big blind $3
*** HOLE CARDS ***
ManuelSikora: raises $3 to $6
Zubasa07: folds
Uncalled bet ($3) returned to ManuelSikora
ManuelSikora collected $6 from pot
ManuelSikora: doesn't show hand
*** SUMMARY ***
Total pot $6 | Rake $0
Seat 1: Zubasa07 (big blind) folded before Flop
Seat 2: ManuelSikora (button) (small blind) collected ($6)


PokerStars Hand #158394466769:  Hold'em Limit ($3/$6 USD) - 2016/09/09 19:16:36 ET
Table 'Flora' 10-max Seat #1 is the button
Seat 1: Zubasa07 ($537.30 in chips)
Seat 2: ManuelSikora ($62.39 in chips)
Zubasa07: posts small blind $1
ManuelSikora: posts big blind $3
*** HOLE CARDS ***
Zubasa07: folds
Uncalled bet ($2) returned to ManuelSikora
ManuelSikora collected $2 from pot
ManuelSikora: doesn't show hand
*** SUMMARY ***
Total pot $2 | Rake $0
Seat 1: Zubasa07 (button) (small blind) folded before Flop
Seat 2: ManuelSikora (big blind) collected ($2)


PokerStars Hand #158394472395:  Hold'em Limit ($3/$6 USD) - 2016/09/09 19:16:45 ET
Table 'Flora' 10-max Seat #2 is the button
Seat 1: Zubasa07 ($536.30 in chips)
Seat 2: ManuelSikora ($63.39 in chips)
ManuelSikora: posts small blind $1
Zubasa07: posts big blind $3
*** HOLE CARDS ***
ManuelSikora: raises $3 to $6
Zubasa07: folds
Uncalled bet ($3) returned to ManuelSikora
ManuelSikora collected $6 from pot
ManuelSikora: doesn't show hand
*** SUMMARY ***
Total pot $6 | Rake $0
Seat 1: Zubasa07 (big blind) folded before Flop
Seat 2: ManuelSikora (button) (small blind) collected ($6)


PokerStars Hand #158394483861:  Hold'em Limit ($3/$6 USD) - 2016/09/09 19:17:03 ET
Table 'Flora' 10-max Seat #1 is the button
Seat 1: Zubasa07 ($533.30 in chips)
Seat 2: ManuelSikora ($66.39 in chips)
Zubasa07: posts small blind $1
ManuelSikora: posts big blind $3
*** HOLE CARDS ***
Zubasa07: folds
Uncalled bet ($2) returned to ManuelSikora
ManuelSikora collected $2 from pot
ManuelSikora: doesn't show hand
*** SUMMARY ***
Total pot $2 | Rake $0
Seat 1: Zubasa07 (button) (small blind) folded before Flop
Seat 2: ManuelSikora (big blind) collected ($2)


PokerStars Hand #158394494680:  Hold'em Limit ($3/$6 USD) - 2016/09/09 19:17:21 ET
Table 'Flora' 10-max Seat #1 is the button
Seat 1: Zubasa07 ($529.30 in chips)
Seat 2: ManuelSikora ($70.39 in chips)
Zubasa07: posts small blind $1
ManuelSikora: posts big blind $3
*** HOLE CARDS ***
Zubasa07: raises $3 to $6
ManuelSikora: calls $3
*** FLOP *** [Qd Kd 7d]
ManuelSikora: bets $3
Zubasa07: calls $3
*** TURN *** [Qd Kd 7d] [As]
ManuelSikora: checks
Zubasa07: checks
*** RIVER *** [Qd Kd 7d As] [Qs]
ManuelSikora: checks
Zubasa07: checks
*** SHOW DOWN ***
ManuelSikora: shows [9c 4c] (a pair of Queens)
Zubasa07: shows [7s 6h] (two pair, Queens and Sevens)
Zubasa07 collected $17.64 from pot
*** SUMMARY ***
Total pot $18 | Rake $0.36
Board [Qd Kd 7d As Qs]
Seat 1: Zubasa07 (button) (small blind) showed [7s 6h] and won ($17.64) with two pair, Queens and Sevens
Seat 2: ManuelSikora (big blind) showed [9c 4c] and lost with a pair of Queens


PokerStars Hand #158394539680:  Hold'em Limit ($3/$6 USD) - 2016/09/09 19:18:34 ET
Table 'Flora' 10-max Seat #2 is the button
Seat 1: Zubasa07 ($537.94 in chips)
Seat 2: ManuelSikora ($61.39 in chips)
ManuelSikora: posts small blind $1
Zubasa07: posts big blind $3
*** HOLE CARDS ***
ManuelSikora: folds
Uncalled bet ($2) returned to Zubasa07
Zubasa07 collected $2 from pot
Zubasa07: doesn't show hand
*** SUMMARY ***
Total pot $2 | Rake $0
Seat 1: Zubasa07 (big blind) collected ($2)
Seat 2: ManuelSikora (button) (small blind) folded before Flop


PokerStars Hand #158394543617:  Hold'em Limit ($3/$6 USD) - 2016/09/09 19:18:41 ET
Table 'Flora' 10-max Seat #1 is the button
Seat 1: Zubasa07 ($538.94 in chips)
Seat 2: ManuelSikora ($60.39 in chips)
Zubasa07: posts small blind $1
ManuelSikora: posts big blind $3
*** HOLE CARDS ***
Zubasa07: raises $3 to $6
Randers14 joins the table at seat #7
ManuelSikora: raises $3 to $9
Zubasa07: calls $3
*** FLOP *** [2s 5s Jh]
ManuelSikora: bets $3
Zubasa07: folds
Uncalled bet ($3) returned to ManuelSikora
ABATAPP joins the table at seat #8
ManuelSikora collected $17.64 from pot
ManuelSikora: doesn't show hand
*** SUMMARY ***
Total pot $18 | Rake $0.36
Board [2s 5s Jh]
Seat 1: Zubasa07 (button) (small blind) folded on the Flop
Seat 2: ManuelSikora (big blind) collected ($17.64)


