PokerStars Hand #156716083604:  Hold'em Limit ($3/$6 USD) - 2016/08/01 5:54:14 ET
Table 'Florentina' 6-max Seat #6 is the button
Seat 4: Agrotait ($72 in chips)
Seat 6: frgt\10river ($90 in chips)
frgt\10river: posts small blind $1
Agrotait: posts big blind $3
*** HOLE CARDS ***
frgt\10river: calls $2
Agrotait: checks
*** FLOP *** [8h 9h 2s]
Agrotait: checks
frgt\10river: checks
*** TURN *** [8h 9h 2s] [8d]
Agrotait: bets $6
frgt\10river: calls $6
*** RIVER *** [8h 9h 2s 8d] [6s]
Agrotait: checks
frgt\10river: bets $6
Agrotait: calls $6
*** SHOW DOWN ***
frgt\10river: shows [5d Kd] (a pair of Eights)
Agrotait: shows [6c 4h] (two pair, Eights and Sixes)
Agrotait collected $29.50 from pot
*** SUMMARY ***
Total pot $30 | Rake $0.50
Board [8h 9h 2s 8d 6s]
Seat 4: Agrotait (big blind) showed [6c 4h] and won ($29.50) with two pair, Eights and Sixes
Seat 6: frgt\10river (button) (small blind) showed [5d Kd] and lost with a pair of Eights


PokerStars Hand #156716094708:  Hold'em Limit ($3/$6 USD) - 2016/08/01 5:54:47 ET
Table 'Florentina' 6-max Seat #6 is the button
Seat 4: Agrotait ($89.50 in chips)
Seat 6: frgt\10river ($78.90 in chips)
frgt\10river: posts small blind $1
Agrotait: posts big blind $3
*** HOLE CARDS ***
frgt\10river: raises $3 to $6
Agrotait: raises $3 to $9
frgt\10river: calls $3
*** FLOP *** [Kc 7c 9d]
Agrotait: bets $3
frgt\10river: calls $3
*** TURN *** [Kc 7c 9d] [8h]
Agrotait: checks
frgt\10river: bets $6
Agrotait: folds
Uncalled bet ($6) returned to frgt\10river
frgt\10river collected $23.52 from pot
frgt\10river: doesn't show hand
*** SUMMARY ***
Total pot $24 | Rake $0.48
Board [Kc 7c 9d 8h]
Seat 4: Agrotait (big blind) folded on the Turn
Seat 6: frgt\10river (button) (small blind) collected ($23.52)


PokerStars Hand #156716092698:  Hold'em Limit ($3/$6 USD) - 2016/08/01 5:54:41 ET
Table 'Florentina' 6-max Seat #4 is the button
Seat 4: Agrotait ($86.50 in chips)
Seat 6: frgt\10river ($81.90 in chips)
Agrotait: posts small blind $1
frgt\10river: posts big blind $3
*** HOLE CARDS ***
Agrotait: raises $3 to $6
frgt\10river: folds
Uncalled bet ($3) returned to Agrotait
Agrotait collected $6 from pot
Agrotait: doesn't show hand
*** SUMMARY ***
Total pot $6 | Rake $0
Seat 4: Agrotait (button) (small blind) collected ($6)
Seat 6: frgt\10river (big blind) folded before Flop


PokerStars Hand #156716106217:  Hold'em Limit ($3/$6 USD) - 2016/08/01 5:55:21 ET
Table 'Florentina' 6-max Seat #6 is the button
Seat 4: Agrotait ($113 in chips)
Seat 6: frgt\10river ($54.42 in chips)
frgt\10river: posts small blind $1
Agrotait: posts big blind $3
*** HOLE CARDS ***
frgt\10river: raises $3 to $6
Agrotait: calls $3
*** FLOP *** [9h 4d Kh]
Agrotait: checks
frgt\10river: bets $3
Agrotait: raises $3 to $6
frgt\10river: folds
Uncalled bet ($3) returned to Agrotait
Agrotait collected $17.64 from pot
Agrotait: doesn't show hand
*** SUMMARY ***
Total pot $18 | Rake $0.36
Board [9h 4d Kh]
Seat 4: Agrotait (big blind) collected ($17.64)
Seat 6: frgt\10river (button) (small blind) folded on the Flop


PokerStars Hand #156716114813:  Hold'em Limit ($3/$6 USD) - 2016/08/01 5:55:49 ET
Table 'Florentina' 6-max Seat #6 is the button
Seat 4: Agrotait ($120.64 in chips)
Seat 6: frgt\10river ($46.42 in chips)
frgt\10river: posts small blind $1
Agrotait: posts big blind $3
*** HOLE CARDS ***
frgt\10river: folds
Uncalled bet ($2) returned to Agrotait
Agrotait collected $2 from pot
Agrotait: doesn't show hand
*** SUMMARY ***
Total pot $2 | Rake $0
Seat 4: Agrotait (big blind) collected ($2)
Seat 6: frgt\10river (button) (small blind) folded before Flop


PokerStars Hand #156716113154:  Hold'em Limit ($3/$6 USD) - 2016/08/01 5:55:44 ET
Table 'Florentina' 6-max Seat #4 is the button
Seat 4: Agrotait ($121.64 in chips)
Seat 6: frgt\10river ($45.42 in chips)
Agrotait: posts small blind $1
frgt\10river: posts big blind $3
*** HOLE CARDS ***
Agrotait: folds
Uncalled bet ($2) returned to frgt\10river
frgt\10river collected $2 from pot
frgt\10river: doesn't show hand
*** SUMMARY ***
Total pot $2 | Rake $0
Seat 4: Agrotait (button) (small blind) folded before Flop
Seat 6: frgt\10river (big blind) collected ($2)


PokerStars Hand #156716120604:  Hold'em Limit ($3/$6 USD) - 2016/08/01 5:56:09 ET
Table 'Florentina' 6-max Seat #6 is the button
Seat 4: Agrotait ($128.64 in chips)
Seat 6: frgt\10river ($38.42 in chips)
frgt\10river: posts small blind $1
Agrotait: posts big blind $3
*** HOLE CARDS ***
frgt\10river: raises $3 to $6
Agrotait: calls $3
*** FLOP *** [6c 5h Qd]
Agrotait: checks
frgt\10river: checks
*** TURN *** [6c 5h Qd] [3h]
Agrotait: bets $6
frgt\10river: raises $6 to $12
Agrotait: calls $6
*** RIVER *** [6c 5h Qd 3h] [7c]
Agrotait: checks
frgt\10river: checks
*** SHOW DOWN ***
Agrotait: shows [As 5c] (a pair of Fives)
frgt\10river: mucks hand
Agrotait collected $35.50 from pot
*** SUMMARY ***
Total pot $36 | Rake $0.50
Board [6c 5h Qd 3h 7c]
Seat 4: Agrotait (big blind) showed [As 5c] and won ($35.50) with a pair of Fives
Seat 6: frgt\10river (button) (small blind) mucked


PokerStars Hand #156716118959:  Hold'em Limit ($3/$6 USD) - 2016/08/01 5:56:03 ET
Table 'Florentina' 6-max Seat #4 is the button
Seat 4: Agrotait ($125.64 in chips)
Seat 6: frgt\10river ($41.42 in chips)
Agrotait: posts small blind $1
frgt\10river: posts big blind $3
*** HOLE CARDS ***
Agrotait: raises $3 to $6
frgt\10river: folds
Uncalled bet ($3) returned to Agrotait
Agrotait collected $6 from pot
Agrotait: doesn't show hand
*** SUMMARY ***
Total pot $6 | Rake $0
Seat 4: Agrotait (button) (small blind) collected ($6)
Seat 6: frgt\10river (big blind) folded before Flop


PokerStars Hand #156716117733:  Hold'em Limit ($3/$6 USD) - 2016/08/01 5:55:59 ET
Table 'Florentina' 6-max Seat #6 is the button
Seat 4: Agrotait ($124.64 in chips)
Seat 6: frgt\10river ($42.42 in chips)
frgt\10river: posts small blind $1
Agrotait: posts big blind $3
*** HOLE CARDS ***
frgt\10river: folds
Uncalled bet ($2) returned to Agrotait
Agrotait collected $2 from pot
Agrotait: doesn't show hand
*** SUMMARY ***
Total pot $2 | Rake $0
Seat 4: Agrotait (big blind) collected ($2)
Seat 6: frgt\10river (button) (small blind) folded before Flop


PokerStars Hand #156716116247:  Hold'em Limit ($3/$6 USD) - 2016/08/01 5:55:54 ET
Table 'Florentina' 6-max Seat #4 is the button
Seat 4: Agrotait ($121.64 in chips)
Seat 6: frgt\10river ($45.42 in chips)
Agrotait: posts small blind $1
frgt\10river: posts big blind $3
*** HOLE CARDS ***
Agrotait: raises $3 to $6
frgt\10river: folds
Uncalled bet ($3) returned to Agrotait
Agrotait collected $6 from pot
Agrotait: doesn't show hand
*** SUMMARY ***
Total pot $6 | Rake $0
Seat 4: Agrotait (button) (small blind) collected ($6)
Seat 6: frgt\10river (big blind) folded before Flop


PokerStars Hand #156716124884:  Hold'em Limit ($3/$6 USD) - 2016/08/01 5:56:23 ET
Table 'Florentina' 6-max Seat #4 is the button
Seat 4: Agrotait ($146.14 in chips)
Seat 6: frgt\10river ($20.42 in chips)
Agrotait: posts small blind $1
frgt\10river: posts big blind $3
*** HOLE CARDS ***
Agrotait: raises $3 to $6
frgt\10river: raises $3 to $9
Agrotait: calls $3
*** FLOP *** [7h Qh 2h]
frgt\10river: bets $3
Agrotait: calls $3
*** TURN *** [7h Qh 2h] [8s]
frgt\10river: bets $6
Agrotait: calls $6
*** RIVER *** [7h Qh 2h 8s] [8h]
frgt\10river: bets $2.42 and is all-in
Agrotait: calls $2.42
*** SHOW DOWN ***
frgt\10river: shows [4d Ac] (a pair of Eights)
Agrotait: shows [6s 4h] (a flush, Queen high)
Agrotait collected $40.34 from pot
*** SUMMARY ***
Total pot $40.84 | Rake $0.50
Board [7h Qh 2h 8s 8h]
Seat 4: Agrotait (button) (small blind) showed [6s 4h] and won ($40.34) with a flush, Queen high
Seat 6: frgt\10river (big blind) showed [4d Ac] and lost with a pair of Eights


