PokerStars Hand #144296335674:  Hold'em Limit ($3/$6 USD) - 2015/11/23 22:50:06 ET
Table 'Flora II' 6-max Seat #4 is the button
Seat 1: trucker7475 ($119 in chips)
Seat 4: AzureCaper ($73 in chips)
AzureCaper: posts small blind $1
trucker7475: posts big blind $3
*** HOLE CARDS ***
AzureCaper: raises $3 to $6
BuzovaPro joins the table at seat #3
trucker7475: calls $3
*** FLOP *** [7c Tc 2h]
trucker7475: checks
AzureCaper: bets $3
trucker7475: calls $3
*** TURN *** [7c Tc 2h] [Qd]
trucker7475: checks
AzureCaper: bets $6
trucker7475: calls $6
*** RIVER *** [7c Tc 2h Qd] [4c]
trucker7475: checks
AzureCaper: checks
*** SHOW DOWN ***
trucker7475: shows [8c Kc] (a flush, King high)
AzureCaper: mucks hand
trucker7475 collected $29.50 from pot
*** SUMMARY ***
Total pot $30 | Rake $0.50
Board [7c Tc 2h Qd 4c]
Seat 1: trucker7475 (big blind) showed [8c Kc] and won ($29.50) with a flush, King high
Seat 4: AzureCaper (button) (small blind) mucked


PokerStars Hand #144296333189:  Hold'em Limit ($3/$6 USD) - 2015/11/23 22:49:58 ET
Table 'Flora II' 6-max Seat #1 is the button
Seat 1: trucker7475 ($120 in chips)
Seat 4: AzureCaper ($72 in chips)
trucker7475: posts small blind $1
AzureCaper: posts big blind $3
*** HOLE CARDS ***
trucker7475: folds
Uncalled bet ($2) returned to AzureCaper
AzureCaper collected $2 from pot
AzureCaper: doesn't show hand
assitoni joins the table at seat #2
*** SUMMARY ***
Total pot $2 | Rake $0
Seat 1: trucker7475 (button) (small blind) folded before Flop
Seat 4: AzureCaper (big blind) collected ($2)


PokerStars Hand #144296655001:  Hold'em Limit ($3/$6 USD) - 2015/11/23 23:08:24 ET
Table 'Flora II' 6-max Seat #3 is the button
Seat 2: assitoni ($123.73 in chips)
Seat 3: BuzovaPro ($72 in chips)
BuzovaPro: posts small blind $1
alexslep: is sitting out
assitoni: posts big blind $3
*** HOLE CARDS ***
BuzovaPro: raises $3 to $6
assitoni: folds
Uncalled bet ($3) returned to BuzovaPro
BuzovaPro collected $6 from pot
BuzovaPro: doesn't show hand
*** SUMMARY ***
Total pot $6 | Rake $0
Seat 2: assitoni (big blind) folded before Flop
Seat 3: BuzovaPro (button) (small blind) collected ($6)


PokerStars Hand #144298540894:  Hold'em Limit ($3/$6 USD) - 2015/11/24 1:12:02 ET
Table 'Flora II' 6-max Seat #4 is the button
Seat 2: livenuncut ($143.26 in chips)
Seat 4: assitoni ($96 in chips)
assitoni: posts small blind $1
livenuncut: posts big blind $3
*** HOLE CARDS ***
assitoni: raises $3 to $6
livenuncut: calls $3
*** FLOP *** [5c 3c 2c]
livenuncut: checks
assitoni: bets $3
livenuncut: folds
Uncalled bet ($3) returned to assitoni
assitoni collected $11.76 from pot
assitoni: doesn't show hand
*** SUMMARY ***
Total pot $12 | Rake $0.24
Board [5c 3c 2c]
Seat 2: livenuncut (big blind) folded on the Flop
Seat 4: assitoni (button) (small blind) collected ($11.76)


PokerStars Hand #144298534538:  Hold'em Limit ($3/$6 USD) - 2015/11/24 1:11:36 ET
Table 'Flora II' 6-max Seat #2 is the button
Seat 2: livenuncut ($137.50 in chips)
Seat 4: assitoni ($102 in chips)
livenuncut: posts small blind $1
assitoni: posts big blind $3
*** HOLE CARDS ***
livenuncut: raises $3 to $6
assitoni: calls $3
*** FLOP *** [Kd 7d 8c]
assitoni: checks
livenuncut: bets $3
assitoni: folds
Uncalled bet ($3) returned to livenuncut
livenuncut collected $11.76 from pot
livenuncut: doesn't show hand
*** SUMMARY ***
Total pot $12 | Rake $0.24
Board [Kd 7d 8c]
Seat 2: livenuncut (button) (small blind) collected ($11.76)
Seat 4: assitoni (big blind) folded on the Flop


PokerStars Hand #144298562089:  Hold'em Limit ($3/$6 USD) - 2015/11/24 1:13:27 ET
Table 'Flora II' 6-max Seat #4 is the button
Seat 2: livenuncut ($119.26 in chips)
Seat 4: assitoni ($119.26 in chips)
assitoni: posts small blind $1
livenuncut: posts big blind $3
*** HOLE CARDS ***
assitoni: folds
Uncalled bet ($2) returned to livenuncut
livenuncut collected $2 from pot
livenuncut: doesn't show hand
*** SUMMARY ***
Total pot $2 | Rake $0
Seat 2: livenuncut (big blind) collected ($2)
Seat 4: assitoni (button) (small blind) folded before Flop


PokerStars Hand #144298546069:  Hold'em Limit ($3/$6 USD) - 2015/11/24 1:12:23 ET
Table 'Flora II' 6-max Seat #2 is the button
Seat 2: livenuncut ($137.26 in chips)
Seat 4: assitoni ($101.76 in chips)
livenuncut: posts small blind $1
assitoni: posts big blind $3
*** HOLE CARDS ***
livenuncut: raises $3 to $6
assitoni: raises $3 to $9
livenuncut: calls $3
*** FLOP *** [5d Js Ts]
assitoni: bets $3
livenuncut: calls $3
*** TURN *** [5d Js Ts] [8h]
assitoni: bets $6
livenuncut: calls $6
*** RIVER *** [5d Js Ts 8h] [Jh]
assitoni: checks
livenuncut: checks
*** SHOW DOWN ***
assitoni: shows [Ad 9c] (a pair of Jacks)
livenuncut: mucks hand
assitoni collected $35.50 from pot
*** SUMMARY ***
Total pot $36 | Rake $0.50
Board [5d Js Ts 8h Jh]
Seat 2: livenuncut (button) (small blind) mucked
Seat 4: assitoni (big blind) showed [Ad 9c] and won ($35.50) with a pair of Jacks


PokerStars Hand #144298564239:  Hold'em Limit ($3/$6 USD) - 2015/11/24 1:13:36 ET
Table 'Flora II' 6-max Seat #2 is the button
Seat 2: livenuncut ($120.26 in chips)
Seat 4: assitoni ($118.26 in chips)
livenuncut: posts small blind $1
assitoni: posts big blind $3
*** HOLE CARDS ***
livenuncut: raises $3 to $6
assitoni: raises $3 to $9
livenuncut: calls $3
*** FLOP *** [Jd 4s Qd]
assitoni: bets $3
livenuncut: folds
Uncalled bet ($3) returned to assitoni
assitoni collected $17.64 from pot
assitoni: doesn't show hand
*** SUMMARY ***
Total pot $18 | Rake $0.36
Board [Jd 4s Qd]
Seat 2: livenuncut (button) (small blind) folded on the Flop
Seat 4: assitoni (big blind) collected ($17.64)


PokerStars Hand #144300731977:  Hold'em Limit ($3/$6 USD) - 2015/11/24 3:32:38 ET
Table 'Flora II' 6-max Seat #5 is the button
Seat 1: VolkovDmitri ($120 in chips)
Seat 5: Blackroof65 ($78 in chips)
Blackroof65: posts small blind $1
VolkovDmitri: posts big blind $3
*** HOLE CARDS ***
Blackroof65: calls $2
VolkovDmitri: raises $3 to $6
Blackroof65: calls $3
*** FLOP *** [Ts 6c Ac]
VolkovDmitri: bets $3
Blackroof65: calls $3
*** TURN *** [Ts 6c Ac] [3s]
VolkovDmitri: checks
Blackroof65: bets $6
VolkovDmitri: calls $6
*** RIVER *** [Ts 6c Ac 3s] [7c]
VolkovDmitri: checks
Blackroof65: bets $6
VolkovDmitri: folds
Uncalled bet ($6) returned to Blackroof65
Blackroof65 collected $29.50 from pot
*** SUMMARY ***
Total pot $30 | Rake $0.50
Board [Ts 6c Ac 3s 7c]
Seat 1: VolkovDmitri (big blind) folded on the River
Seat 5: Blackroof65 (button) (small blind) collected ($29.50)


PokerStars Hand #144300748799:  Hold'em Limit ($3/$6 USD) - 2015/11/24 3:33:35 ET
Table 'Flora II' 6-max Seat #5 is the button
Seat 1: VolkovDmitri ($99 in chips)
Seat 5: Blackroof65 ($98.26 in chips)
Blackroof65: posts small blind $1
VolkovDmitri: posts big blind $3
*** HOLE CARDS ***
Blackroof65: calls $2
VolkovDmitri: raises $3 to $6
Blackroof65: calls $3
*** FLOP *** [7s Td 4d]
VolkovDmitri: bets $3
Blackroof65: raises $3 to $6
VolkovDmitri: calls $3
*** TURN *** [7s Td 4d] [6s]
VolkovDmitri: checks
Blackroof65: bets $6
VolkovDmitri: raises $6 to $12
Blackroof65: calls $6
*** RIVER *** [7s Td 4d 6s] [7h]
VolkovDmitri: bets $6
Blackroof65: calls $6
*** SHOW DOWN ***
VolkovDmitri: shows [8d 9s] (a straight, Six to Ten)
Blackroof65: mucks hand
VolkovDmitri collected $59.50 from pot
LEXA425 joins the table at seat #2
*** SUMMARY ***
Total pot $60 | Rake $0.50
Board [7s Td 4d 6s 7h]
Seat 1: VolkovDmitri (big blind) showed [8d 9s] and won ($59.50) with a straight, Six to Ten
Seat 5: Blackroof65 (button) (small blind) mucked


PokerStars Hand #144300742973:  Hold'em Limit ($3/$6 USD) - 2015/11/24 3:33:15 ET
Table 'Flora II' 6-max Seat #1 is the button
Seat 1: VolkovDmitri ($105 in chips)
Seat 5: Blackroof65 ($92.50 in chips)
VolkovDmitri: posts small blind $1
Blackroof65: posts big blind $3
*** HOLE CARDS ***
VolkovDmitri: raises $3 to $6
Blackroof65: calls $3
*** FLOP *** [8d Qc 2d]
Blackroof65: checks
VolkovDmitri: checks
*** TURN *** [8d Qc 2d] [2c]
Blackroof65: bets $6
VolkovDmitri: folds
Uncalled bet ($6) returned to Blackroof65
Blackroof65 collected $11.76 from pot
*** SUMMARY ***
Total pot $12 | Rake $0.24
Board [8d Qc 2d 2c]
Seat 1: VolkovDmitri (button) (small blind) folded on the Turn
Seat 5: Blackroof65 (big blind) collected ($11.76)


