PokerStars Hand #162661068942:  Hold'em Limit ($3/$6 USD) - 2016/12/09 9:31:31 ET
Table 'Florentina' 6-max Seat #5 is the button
Seat 4: Actionni13 ($176.50 in chips)
Seat 5: moveoverover ($8.31 in chips)
moveoverover: posts small blind $1
Actionni13: posts big blind $3
*** HOLE CARDS ***
moveoverover: folds
Uncalled bet ($2) returned to Actionni13
Actionni13 collected $2 from pot
*** SUMMARY ***
Total pot $2 | Rake $0
Seat 4: Actionni13 (big blind) collected ($2)
Seat 5: moveoverover (button) (small blind) folded before Flop


PokerStars Hand #162661058852:  Hold'em Limit ($3/$6 USD) - 2016/12/09 9:31:15 ET
Table 'Florentina' 6-max Seat #4 is the button
Seat 4: Actionni13 ($162 in chips)
Seat 5: moveoverover ($23.31 in chips)
Actionni13: posts small blind $1
moveoverover: posts big blind $3
*** HOLE CARDS ***
Actionni13: raises $3 to $6
moveoverover: raises $3 to $9
Actionni13: calls $3
*** FLOP *** [3c 7s 9h]
moveoverover: bets $3
Actionni13: raises $3 to $6
moveoverover: calls $3
*** TURN *** [3c 7s 9h] [9d]
moveoverover: checks
Actionni13: bets $6
moveoverover: folds
Uncalled bet ($6) returned to Actionni13
Actionni13 collected $29.50 from pot
*** SUMMARY ***
Total pot $30 | Rake $0.50
Board [3c 7s 9h 9d]
Seat 4: Actionni13 (button) (small blind) collected ($29.50)
Seat 5: moveoverover (big blind) folded on the Turn


PokerStars Hand #162661055794:  Hold'em Limit ($3/$6 USD) - 2016/12/09 9:31:11 ET
Table 'Florentina' 6-max Seat #5 is the button
Seat 4: Actionni13 ($161 in chips)
Seat 5: moveoverover ($24.31 in chips)
moveoverover: posts small blind $1
Actionni13: posts big blind $3
*** HOLE CARDS ***
moveoverover: folds
Uncalled bet ($2) returned to Actionni13
Actionni13 collected $2 from pot
*** SUMMARY ***
Total pot $2 | Rake $0
Seat 4: Actionni13 (big blind) collected ($2)
Seat 5: moveoverover (button) (small blind) folded before Flop


PokerStars Hand #162661052158:  Hold'em Limit ($3/$6 USD) - 2016/12/09 9:31:05 ET
Table 'Florentina' 6-max Seat #4 is the button
Seat 4: Actionni13 ($158 in chips)
Seat 5: moveoverover ($27.31 in chips)
Actionni13: posts small blind $1
moveoverover: posts big blind $3
*** HOLE CARDS ***
Actionni13: raises $3 to $6
moveoverover: folds
Uncalled bet ($3) returned to Actionni13
Actionni13 collected $6 from pot
*** SUMMARY ***
Total pot $6 | Rake $0
Seat 4: Actionni13 (button) (small blind) collected ($6)
Seat 5: moveoverover (big blind) folded before Flop


PokerStars Hand #162661099511:  Hold'em Limit ($3/$6 USD) - 2016/12/09 9:32:17 ET
Table 'Florentina' 6-max Seat #5 is the button
Seat 4: Actionni13 ($177.35 in chips)
Seat 5: moveoverover ($7.17 in chips)
moveoverover: posts small blind $1
Actionni13: posts big blind $3
*** HOLE CARDS ***
moveoverover: raises $3 to $6
Actionni13: raises $3 to $9
moveoverover: calls $1.17 and is all-in
Uncalled bet ($1.83) returned to Actionni13
*** FLOP *** [7d Kc 6c]
*** TURN *** [7d Kc 6c] [4c]
*** RIVER *** [7d Kc 6c 4c] [8h]
*** SHOW DOWN ***
Actionni13: shows [9c 9s] (a pair of Nines)
moveoverover: shows [Js 3h] (high card King)
Actionni13 collected $14.05 from pot
*** SUMMARY ***
Total pot $14.34 | Rake $0.29
Board [7d Kc 6c 4c 8h]
Seat 4: Actionni13 (big blind) showed [9c 9s] and won ($14.05) with a pair of Nines
Seat 5: moveoverover (button) (small blind) showed [Js 3h] and lost with high card King


PokerStars Hand #162661095802:  Hold'em Limit ($3/$6 USD) - 2016/12/09 9:32:12 ET
Table 'Florentina' 6-max Seat #4 is the button
Seat 4: Actionni13 ($174.35 in chips)
Seat 5: moveoverover ($10.17 in chips)
Actionni13: posts small blind $1
moveoverover: posts big blind $3
*** HOLE CARDS ***
Actionni13: raises $3 to $6
moveoverover: folds
Uncalled bet ($3) returned to Actionni13
Actionni13 collected $6 from pot
*** SUMMARY ***
Total pot $6 | Rake $0
Seat 4: Actionni13 (button) (small blind) collected ($6)
Seat 5: moveoverover (big blind) folded before Flop


PokerStars Hand #162661091736:  Hold'em Limit ($3/$6 USD) - 2016/12/09 9:32:05 ET
Table 'Florentina' 6-max Seat #5 is the button
Seat 4: Actionni13 ($177.35 in chips)
Seat 5: moveoverover ($7.17 in chips)
moveoverover: posts small blind $1
Actionni13: posts big blind $3
*** HOLE CARDS ***
moveoverover: raises $3 to $6
Actionni13: folds
Uncalled bet ($3) returned to moveoverover
moveoverover collected $6 from pot
*** SUMMARY ***
Total pot $6 | Rake $0
Seat 4: Actionni13 (big blind) folded before Flop
Seat 5: moveoverover (button) (small blind) collected ($6)


PokerStars Hand #162661082331:  Hold'em Limit ($3/$6 USD) - 2016/12/09 9:31:51 ET
Table 'Florentina' 6-max Seat #4 is the button
Seat 4: Actionni13 ($177.50 in chips)
Seat 5: moveoverover ($7.31 in chips)
Actionni13: posts small blind $1
moveoverover: posts big blind $3
*** HOLE CARDS ***
Actionni13: raises $3 to $6
moveoverover: raises $1.31 to $7.31 and is all-in
Actionni13: calls $1.31
*** FLOP *** [Th Kh As]
*** TURN *** [Th Kh As] [3d]
*** RIVER *** [Th Kh As 3d] [Ts]
*** SHOW DOWN ***
moveoverover: shows [2h Jc] (a pair of Tens)
Actionni13: shows [7c Jh] (a pair of Tens)
moveoverover collected $7.17 from pot
Actionni13 collected $7.16 from pot
*** SUMMARY ***
Total pot $14.62 | Rake $0.29
Board [Th Kh As 3d Ts]
Seat 4: Actionni13 (button) (small blind) showed [7c Jh] and won ($7.16) with a pair of Tens
Seat 5: moveoverover (big blind) showed [2h Jc] and won ($7.17) with a pair of Tens


PokerStars Hand #162661079215:  Hold'em Limit ($3/$6 USD) - 2016/12/09 9:31:46 ET
Table 'Florentina' 6-max Seat #5 is the button
Seat 4: Actionni13 ($176.50 in chips)
Seat 5: moveoverover ($8.31 in chips)
moveoverover: posts small blind $1
Actionni13: posts big blind $3
*** HOLE CARDS ***
moveoverover: folds
Uncalled bet ($2) returned to Actionni13
Actionni13 collected $2 from pot
*** SUMMARY ***
Total pot $2 | Rake $0
Seat 4: Actionni13 (big blind) collected ($2)
Seat 5: moveoverover (button) (small blind) folded before Flop


PokerStars Hand #162661071938:  Hold'em Limit ($3/$6 USD) - 2016/12/09 9:31:35 ET
Table 'Florentina' 6-max Seat #4 is the button
Seat 4: Actionni13 ($177.50 in chips)
Seat 5: moveoverover ($7.31 in chips)
Actionni13: posts small blind $1
moveoverover: posts big blind $3
*** HOLE CARDS ***
Actionni13: folds
Uncalled bet ($2) returned to moveoverover
moveoverover collected $2 from pot
*** SUMMARY ***
Total pot $2 | Rake $0
Seat 4: Actionni13 (button) (small blind) folded before Flop
Seat 5: moveoverover (big blind) collected ($2)


PokerStars Hand #162661302124:  Hold'em Limit ($3/$6 USD) - 2016/12/09 9:37:23 ET
Table 'Florentina' 6-max Seat #1 is the button
Seat 1: linuxhunter ($246.02 in chips)
Seat 4: Actionni13 ($150 in chips)
linuxhunter: posts small blind $1
Actionni13: posts big blind $3
*** HOLE CARDS ***
linuxhunter: raises $3 to $6
Actionni13: folds
Uncalled bet ($3) returned to linuxhunter
linuxhunter collected $6 from pot
linuxhunter: doesn't show hand
*** SUMMARY ***
Total pot $6 | Rake $0
Seat 1: linuxhunter (button) (small blind) collected ($6)
Seat 4: Actionni13 (big blind) folded before Flop


PokerStars Hand #162661282968:  Hold'em Limit ($3/$6 USD) - 2016/12/09 9:36:55 ET
Table 'Florentina' 6-max Seat #4 is the button
Seat 1: linuxhunter ($234.50 in chips)
Seat 4: Actionni13 ($151 in chips)
Actionni13: posts small blind $1
linuxhunter: posts big blind $3
*** HOLE CARDS ***
Actionni13: raises $3 to $6
linuxhunter: raises $3 to $9
Actionni13: calls $3
*** FLOP *** [3h Ac Tc]
linuxhunter: bets $3
Actionni13: calls $3
*** TURN *** [3h Ac Tc] [Qh]
linuxhunter: checks
Actionni13: checks
*** RIVER *** [3h Ac Tc Qh] [7d]
linuxhunter: checks
Actionni13: checks
*** SHOW DOWN ***
linuxhunter: shows [6s 6d] (a pair of Sixes)
Actionni13: mucks hand
linuxhunter collected $23.52 from pot
*** SUMMARY ***
Total pot $24 | Rake $0.48
Board [3h Ac Tc Qh 7d]
Seat 1: linuxhunter (big blind) showed [6s 6d] and won ($23.52) with a pair of Sixes
Seat 4: Actionni13 (button) (small blind) mucked


PokerStars Hand #162661279690:  Hold'em Limit ($3/$6 USD) - 2016/12/09 9:36:49 ET
Table 'Florentina' 6-max Seat #1 is the button
Seat 1: linuxhunter ($235.50 in chips)
Seat 4: Actionni13 ($150 in chips)
linuxhunter: posts small blind $1
Actionni13: posts big blind $3
*** HOLE CARDS ***
linuxhunter: folds
Uncalled bet ($2) returned to Actionni13
Actionni13 collected $2 from pot
*** SUMMARY ***
Total pot $2 | Rake $0
Seat 1: linuxhunter (button) (small blind) folded before Flop
Seat 4: Actionni13 (big blind) collected ($2)


PokerStars Hand #162661263233:  Hold'em Limit ($3/$6 USD) - 2016/12/09 9:36:25 ET
Table 'Florentina' 6-max Seat #4 is the button
Seat 1: linuxhunter ($200 in chips)
Seat 4: Actionni13 ($184.23 in chips)
Actionni13: posts small blind $1
linuxhunter: posts big blind $3
*** HOLE CARDS ***
Actionni13: raises $3 to $6
linuxhunter: calls $3
*** FLOP *** [Kc 3c Jc]
linuxhunter: checks
Actionni13: bets $3
linuxhunter: raises $3 to $6
Velbor107 joins the table at seat #2
Actionni13: raises $3 to $9
linuxhunter: raises $3 to $12
Betting is capped
Actionni13: calls $3
*** TURN *** [Kc 3c Jc] [7c]
linuxhunter: bets $6
Actionni13: raises $6 to $12
linuxhunter: calls $6
*** RIVER *** [Kc 3c Jc 7c] [5c]
linuxhunter: checks
Actionni13: bets $6
linuxhunter: calls $6
*** SHOW DOWN ***
Actionni13: shows [5s Tc] (a flush, King high)
linuxhunter: shows [Qc 2c] (a flush, King high - Queen higher)
linuxhunter collected $71.50 from pot
*** SUMMARY ***
Total pot $72 | Rake $0.50
Board [Kc 3c Jc 7c 5c]
Seat 1: linuxhunter (big blind) showed [Qc 2c] and won ($71.50) with a flush, King high
Seat 4: Actionni13 (button) (small blind) showed [5s Tc] and lost with a flush, King high


PokerStars Hand #162661340985:  Hold'em Limit ($3/$6 USD) - 2016/12/09 9:38:21 ET
Table 'Florentina' 6-max Seat #4 is the button
Seat 1: linuxhunter ($254.42 in chips)
Seat 4: Actionni13 ($150 in chips)
Actionni13: posts small blind $1
linuxhunter: posts big blind $3
*** HOLE CARDS ***
Actionni13: raises $3 to $6
linuxhunter: calls $3
*** FLOP *** [Js 6d Ah]
linuxhunter: checks
Actionni13: bets $3
linuxhunter: folds
Uncalled bet ($3) returned to Actionni13
Actionni13 collected $11.76 from pot
*** SUMMARY ***
Total pot $12 | Rake $0.24
Board [Js 6d Ah]
Seat 1: linuxhunter (big blind) folded on the Flop
Seat 4: Actionni13 (button) (small blind) collected ($11.76)


PokerStars Hand #162661331370:  Hold'em Limit ($3/$6 USD) - 2016/12/09 9:38:07 ET
Table 'Florentina' 6-max Seat #1 is the button
Seat 1: linuxhunter ($245.78 in chips)
Seat 4: Actionni13 ($158.76 in chips)
linuxhunter: posts small blind $1
Actionni13: posts big blind $3
*** HOLE CARDS ***
linuxhunter: raises $3 to $6
Actionni13: calls $3
*** FLOP *** [Kc Th Ad]
Actionni13: checks
linuxhunter: bets $3
Actionni13: calls $3
*** TURN *** [Kc Th Ad] [2h]
Actionni13: checks
linuxhunter: bets $6
Actionni13: folds
Uncalled bet ($6) returned to linuxhunter
linuxhunter collected $17.64 from pot
linuxhunter: doesn't show hand
*** SUMMARY ***
Total pot $18 | Rake $0.36
Board [Kc Th Ad 2h]
Seat 1: linuxhunter (button) (small blind) collected ($17.64)
Seat 4: Actionni13 (big blind) folded on the Turn


PokerStars Hand #162661328159:  Hold'em Limit ($3/$6 USD) - 2016/12/09 9:38:02 ET
Table 'Florentina' 6-max Seat #4 is the button
Seat 1: linuxhunter ($244.78 in chips)
Seat 4: Actionni13 ($159.76 in chips)
Actionni13: posts small blind $1
linuxhunter: posts big blind $3
*** HOLE CARDS ***
Actionni13: folds
Uncalled bet ($2) returned to linuxhunter
linuxhunter collected $2 from pot
linuxhunter: doesn't show hand
*** SUMMARY ***
Total pot $2 | Rake $0
Seat 1: linuxhunter (big blind) collected ($2)
Seat 4: Actionni13 (button) (small blind) folded before Flop


PokerStars Hand #162661319537:  Hold'em Limit ($3/$6 USD) - 2016/12/09 9:37:49 ET
Table 'Florentina' 6-max Seat #1 is the button
Seat 1: linuxhunter ($250.78 in chips)
Seat 4: Actionni13 ($154 in chips)
linuxhunter: posts small blind $1
Actionni13: posts big blind $3
*** HOLE CARDS ***
linuxhunter: raises $3 to $6
Actionni13: calls $3
*** FLOP *** [2s 4c 7s]
Actionni13: checks
linuxhunter: checks
*** TURN *** [2s 4c 7s] [Qs]
Actionni13: bets $6
linuxhunter: folds
Uncalled bet ($6) returned to Actionni13
Actionni13 collected $11.76 from pot
*** SUMMARY ***
Total pot $12 | Rake $0.24
Board [2s 4c 7s Qs]
Seat 1: linuxhunter (button) (small blind) folded on the Turn
Seat 4: Actionni13 (big blind) collected ($11.76)


PokerStars Hand #162661316144:  Hold'em Limit ($3/$6 USD) - 2016/12/09 9:37:44 ET
Table 'Florentina' 6-max Seat #4 is the button
Seat 1: linuxhunter ($253.78 in chips)
Seat 4: Actionni13 ($151 in chips)
Actionni13: posts small blind $1
linuxhunter: posts big blind $3
*** HOLE CARDS ***
Actionni13: raises $3 to $6
linuxhunter: folds
Uncalled bet ($3) returned to Actionni13
Actionni13 collected $6 from pot
*** SUMMARY ***
Total pot $6 | Rake $0
Seat 1: linuxhunter (big blind) folded before Flop
Seat 4: Actionni13 (button) (small blind) collected ($6)


PokerStars Hand #162661313031:  Hold'em Limit ($3/$6 USD) - 2016/12/09 9:37:39 ET
Table 'Florentina' 6-max Seat #1 is the button
Seat 1: linuxhunter ($254.78 in chips)
Seat 4: Actionni13 ($150 in chips)
linuxhunter: posts small blind $1
Actionni13: posts big blind $3
*** HOLE CARDS ***
linuxhunter: folds
Uncalled bet ($2) returned to Actionni13
Actionni13 collected $2 from pot
*** SUMMARY ***
Total pot $2 | Rake $0
Seat 1: linuxhunter (button) (small blind) folded before Flop
Seat 4: Actionni13 (big blind) collected ($2)


PokerStars Hand #162661306341:  Hold'em Limit ($3/$6 USD) - 2016/12/09 9:37:29 ET
Table 'Florentina' 6-max Seat #4 is the button
Seat 1: linuxhunter ($249.02 in chips)
Seat 4: Actionni13 ($150 in chips)
Actionni13: posts small blind $1
linuxhunter: posts big blind $3
*** HOLE CARDS ***
Actionni13: raises $3 to $6
linuxhunter: calls $3
*** FLOP *** [4c Js Qh]
linuxhunter: bets $3
Actionni13: folds
Uncalled bet ($3) returned to linuxhunter
linuxhunter collected $11.76 from pot
linuxhunter: doesn't show hand
*** SUMMARY ***
Total pot $12 | Rake $0.24
Board [4c Js Qh]
Seat 1: linuxhunter (big blind) collected ($11.76)
Seat 4: Actionni13 (button) (small blind) folded on the Flop


PokerStars Hand #162661362211:  Hold'em Limit ($3/$6 USD) - 2016/12/09 9:38:53 ET
Table 'Florentina' 6-max Seat #1 is the button
Seat 1: linuxhunter ($238.42 in chips)
Seat 4: Actionni13 ($165.40 in chips)
linuxhunter: posts small blind $1
Actionni13: posts big blind $3
*** HOLE CARDS ***
linuxhunter: raises $3 to $6
Actionni13: calls $3
*** FLOP *** [3s 2h Ac]
Actionni13: checks
linuxhunter: bets $3
Actionni13: folds
Uncalled bet ($3) returned to linuxhunter
linuxhunter collected $11.76 from pot
linuxhunter: doesn't show hand
feilinho joins the table at seat #6
*** SUMMARY ***
Total pot $12 | Rake $0.24
Board [3s 2h Ac]
Seat 1: linuxhunter (button) (small blind) collected ($11.76)
Seat 4: Actionni13 (big blind) folded on the Flop


PokerStars Hand #162661351288:  Hold'em Limit ($3/$6 USD) - 2016/12/09 9:38:37 ET
Table 'Florentina' 6-max Seat #4 is the button
Seat 1: linuxhunter ($247.42 in chips)
Seat 4: Actionni13 ($156.76 in chips)
Actionni13: posts small blind $1
linuxhunter: posts big blind $3
*** HOLE CARDS ***
Actionni13: raises $3 to $6
linuxhunter: calls $3
*** FLOP *** [7s 5d 3h]
linuxhunter: checks
Actionni13: bets $3
linuxhunter: calls $3
*** TURN *** [7s 5d 3h] [Kd]
linuxhunter: checks
Actionni13: checks
*** RIVER *** [7s 5d 3h Kd] [7h]
linuxhunter: checks
Actionni13: bets $6
linuxhunter: folds
Uncalled bet ($6) returned to Actionni13
Actionni13 collected $17.64 from pot
*** SUMMARY ***
Total pot $18 | Rake $0.36
Board [7s 5d 3h Kd 7h]
Seat 1: linuxhunter (big blind) folded on the River
Seat 4: Actionni13 (button) (small blind) collected ($17.64)


PokerStars Hand #162661347795:  Hold'em Limit ($3/$6 USD) - 2016/12/09 9:38:31 ET
Table 'Florentina' 6-max Seat #1 is the button
Seat 1: linuxhunter ($248.42 in chips)
Seat 4: Actionni13 ($155.76 in chips)
linuxhunter: posts small blind $1
Actionni13: posts big blind $3
*** HOLE CARDS ***
linuxhunter: folds
Uncalled bet ($2) returned to Actionni13
Actionni13 collected $2 from pot
*** SUMMARY ***
Total pot $2 | Rake $0
Seat 1: linuxhunter (button) (small blind) folded before Flop
Seat 4: Actionni13 (big blind) collected ($2)


PokerStars Hand #162667958097:  Hold'em Limit ($3/$6 USD) - 2016/12/09 12:09:20 ET
Table 'Florentina' 6-max Seat #3 is the button
Seat 1: LolDnkaments ($179.88 in chips)
Seat 3: feilinho ($221.74 in chips)
feilinho: posts small blind $1
ice0034: is sitting out
LolDnkaments: posts big blind $3
*** HOLE CARDS ***
feilinho: raises $3 to $6
ice0034 said, ""
LolDnkaments: calls $3
*** FLOP *** [Kd 2d Th]
LolDnkaments: checks
feilinho: bets $3
LolDnkaments: calls $3
*** TURN *** [Kd 2d Th] [5h]
LolDnkaments: checks
ice0034 said, "gandon"
feilinho: bets $6
LolDnkaments: raises $6 to $12
feilinho: calls $6
*** RIVER *** [Kd 2d Th 5h] [2c]
LolDnkaments: bets $6
feilinho: folds
Uncalled bet ($6) returned to LolDnkaments
ice0034 leaves the table
LolDnkaments collected $41.50 from pot
LolDnkaments: doesn't show hand
*** SUMMARY ***
Total pot $42 | Rake $0.50
Board [Kd 2d Th 5h 2c]
Seat 1: LolDnkaments (big blind) collected ($41.50)
Seat 3: feilinho (button) (small blind) folded on the River


