PokerStars Hand #158793321133:  Hold'em Limit ($3/$6 USD) - 2016/09/18 20:23:54 ET
Table 'Florya' 6-max Seat #4 is the button
Seat 1: Chessnok ($116 in chips)
Seat 4: TTBN ($180.05 in chips)
niewielo will be allowed to play after the button
Zubasa07 will be allowed to play after the button
TTBN: posts small blind $1
ABATAPP: is sitting out
DePokeraap: is sitting out
Chessnok: posts big blind $3
*** HOLE CARDS ***
DePokeraap leaves the table
TTBN: folds
Uncalled bet ($2) returned to Chessnok
Chessnok collected $2 from pot
Chessnok: doesn't show hand
*** SUMMARY ***
Total pot $2 | Rake $0
Seat 1: Chessnok (big blind) collected ($2)
Seat 4: TTBN (button) (small blind) folded before Flop


PokerStars Hand #158799249903:  Hold'em Limit ($3/$6 USD) - 2016/09/19 2:01:01 ET
Table 'Florya' 6-max Seat #1 is the button
Seat 1: Chessnok ($609.73 in chips)
Seat 2: ng777 ($237.82 in chips)
Chessnok: posts small blind $1
ng777: posts big blind $3
*** HOLE CARDS ***
Chessnok: raises $3 to $6
ng777: folds
Uncalled bet ($3) returned to Chessnok
Chessnok collected $6 from pot
Chessnok: doesn't show hand
*** SUMMARY ***
Total pot $6 | Rake $0
Seat 1: Chessnok (button) (small blind) collected ($6)
Seat 2: ng777 (big blind) folded before Flop


PokerStars Hand #158799244217:  Hold'em Limit ($3/$6 USD) - 2016/09/19 2:00:32 ET
Table 'Florya' 6-max Seat #2 is the button
Seat 1: Chessnok ($624.73 in chips)
Seat 2: ng777 ($223.32 in chips)
ng777: posts small blind $1
Chessnok: posts big blind $3
*** HOLE CARDS ***
ng777: raises $3 to $6
Chessnok: calls $3
*** FLOP *** [8h 4c 3d]
Chessnok: checks
ng777: bets $3
Chessnok: calls $3
*** TURN *** [8h 4c 3d] [2d]
Chessnok: checks
ng777: bets $6
Chessnok: calls $6
*** RIVER *** [8h 4c 3d 2d] [Js]
Chessnok: checks
ng777: checks
*** SHOW DOWN ***
Chessnok: shows [Qd 6h] (high card Queen)
ng777: shows [As 3h] (a pair of Threes)
ng777 collected $29.50 from pot
*** SUMMARY ***
Total pot $30 | Rake $0.50
Board [8h 4c 3d 2d Js]
Seat 1: Chessnok (big blind) showed [Qd 6h] and lost with high card Queen
Seat 2: ng777 (button) (small blind) showed [As 3h] and won ($29.50) with a pair of Threes


PokerStars Hand #158799251131:  Hold'em Limit ($3/$6 USD) - 2016/09/19 2:01:07 ET
Table 'Florya' 6-max Seat #2 is the button
Seat 1: Chessnok ($612.73 in chips)
Seat 2: ng777 ($234.82 in chips)
ng777: posts small blind $1
Chessnok: posts big blind $3
*** HOLE CARDS ***
ng777: folds
Uncalled bet ($2) returned to Chessnok
Chessnok collected $2 from pot
Chessnok: doesn't show hand
*** SUMMARY ***
Total pot $2 | Rake $0
Seat 1: Chessnok (big blind) collected ($2)
Seat 2: ng777 (button) (small blind) folded before Flop


PokerStars Hand #158799242499:  Hold'em Limit ($3/$6 USD) - 2016/09/19 2:00:24 ET
Table 'Florya' 6-max Seat #1 is the button
Seat 1: Chessnok ($621.73 in chips)
Seat 2: ng777 ($226.32 in chips)
Chessnok: posts small blind $1
ng777: posts big blind $3
*** HOLE CARDS ***
Chessnok: raises $3 to $6
ng777: folds
Uncalled bet ($3) returned to Chessnok
Chessnok collected $6 from pot
Chessnok: doesn't show hand
*** SUMMARY ***
Total pot $6 | Rake $0
Seat 1: Chessnok (button) (small blind) collected ($6)
Seat 2: ng777 (big blind) folded before Flop


PokerStars Hand #158799241054:  Hold'em Limit ($3/$6 USD) - 2016/09/19 2:00:16 ET
Table 'Florya' 6-max Seat #2 is the button
Seat 1: Chessnok ($624.73 in chips)
Seat 2: ng777 ($223.32 in chips)
ng777: posts small blind $1
Chessnok: posts big blind $3
*** HOLE CARDS ***
ng777: raises $3 to $6
Chessnok: folds
Uncalled bet ($3) returned to ng777
ng777 collected $6 from pot
*** SUMMARY ***
Total pot $6 | Rake $0
Seat 1: Chessnok (big blind) folded before Flop
Seat 2: ng777 (button) (small blind) collected ($6)


PokerStars Hand #158799259802:  Hold'em Limit ($3/$6 USD) - 2016/09/19 2:01:49 ET
Table 'Florya' 6-max Seat #1 is the button
Seat 1: Chessnok ($568.73 in chips)
Seat 2: ng777 ($277.82 in chips)
Chessnok: posts small blind $1
ng777: posts big blind $3
*** HOLE CARDS ***
Chessnok: raises $3 to $6
ng777: folds
Uncalled bet ($3) returned to Chessnok
Chessnok collected $6 from pot
Chessnok: doesn't show hand
*** SUMMARY ***
Total pot $6 | Rake $0
Seat 1: Chessnok (button) (small blind) collected ($6)
Seat 2: ng777 (big blind) folded before Flop


PokerStars Hand #158799252219:  Hold'em Limit ($3/$6 USD) - 2016/09/19 2:01:12 ET
Table 'Florya' 6-max Seat #1 is the button
Seat 1: Chessnok ($613.73 in chips)
Seat 2: ng777 ($233.82 in chips)
Chessnok: posts small blind $1
ng777: posts big blind $3
*** HOLE CARDS ***
Chessnok: raises $3 to $6
ng777: raises $3 to $9
Chessnok: calls $3
*** FLOP *** [Ad 9h 6h]
ng777: bets $3
Chessnok: calls $3
*** TURN *** [Ad 9h 6h] [Kd]
ng777: bets $6
Chessnok: calls $6
*** RIVER *** [Ad 9h 6h Kd] [As]
ng777: bets $6
Chessnok: calls $6
*** SHOW DOWN ***
ng777: shows [4d Ac] (three of a kind, Aces)
Chessnok: mucks hand
ng777 collected $47.50 from pot
*** SUMMARY ***
Total pot $48 | Rake $0.50
Board [Ad 9h 6h Kd As]
Seat 1: Chessnok (button) (small blind) mucked
Seat 2: ng777 (big blind) showed [4d Ac] and won ($47.50) with three of a kind, Aces


PokerStars Hand #158799260998:  Hold'em Limit ($3/$6 USD) - 2016/09/19 2:01:55 ET
Table 'Florya' 6-max Seat #2 is the button
Seat 1: Chessnok ($571.73 in chips)
Seat 2: ng777 ($274.82 in chips)
ng777: posts small blind $1
Chessnok: posts big blind $3
*** HOLE CARDS ***
ng777: raises $3 to $6
Chessnok: calls $3
*** FLOP *** [Ts 3h 5s]
Chessnok: checks
ng777: bets $3
Chessnok: calls $3
*** TURN *** [Ts 3h 5s] [2s]
Chessnok: checks
ng777: checks
*** RIVER *** [Ts 3h 5s 2s] [5d]
Chessnok: bets $6
ng777: folds
Uncalled bet ($6) returned to Chessnok
ng777 leaves the table
Chessnok collected $17.64 from pot
Chessnok: doesn't show hand
*** SUMMARY ***
Total pot $18 | Rake $0.36
Board [Ts 3h 5s 2s 5d]
Seat 1: Chessnok (big blind) collected ($17.64)
Seat 2: ng777 (button) (small blind) folded on the River


