PokerStars Hand #158771230535:  Hold'em Limit ($3/$6 USD) - 2016/09/18 12:41:21 ET
Table 'Florya' 6-max Seat #4 is the button
Seat 1: Ronasty ($119 in chips)
Seat 4: VolkovDmitri ($121 in chips)
VolkovDmitri: posts small blind $1
Ronasty: posts big blind $3
*** HOLE CARDS ***
VolkovDmitri: raises $3 to $6
Ronasty: calls $3
*** FLOP *** [2h Ac 9s]
FkingFish1 joins the table at seat #5
Ronasty: checks
VolkovDmitri: bets $3
Ronasty: folds
Uncalled bet ($3) returned to VolkovDmitri
VolkovDmitri collected $11.76 from pot
*** SUMMARY ***
Total pot $12 | Rake $0.24
Board [2h Ac 9s]
Seat 1: Ronasty (big blind) folded on the Flop
Seat 4: VolkovDmitri (button) (small blind) collected ($11.76)


PokerStars Hand #158786788258:  Hold'em Limit ($3/$6 USD) - 2016/09/18 17:32:45 ET
Table 'Florya' 6-max Seat #6 is the button
Seat 4: TTBN ($362.62 in chips)
Seat 6: Luanto 14 ($885.81 in chips)
Luanto 14: posts small blind $1
TTBN: posts big blind $3
*** HOLE CARDS ***
Luanto 14: raises $3 to $6
TTBN: calls $3
*** FLOP *** [Tc 3d 7d]
TTBN: checks
LWNS leaves the table
Luanto 14: bets $3
TTBN: raises $3 to $6
Luanto 14: calls $3
*** TURN *** [Tc 3d 7d] [Th]
TTBN: bets $6
Luanto 14: calls $6
*** RIVER *** [Tc 3d 7d Th] [As]
TTBN: checks
Luanto 14: checks
*** SHOW DOWN ***
TTBN: shows [4h 4c] (two pair, Tens and Fours)
Luanto 14: shows [7c 6h] (two pair, Tens and Sevens)
Luanto 14 collected $35.50 from pot
*** SUMMARY ***
Total pot $36 | Rake $0.50
Board [Tc 3d 7d Th As]
Seat 4: TTBN (big blind) showed [4h 4c] and lost with two pair, Tens and Fours
Seat 6: Luanto 14 (button) (small blind) showed [7c 6h] and won ($35.50) with two pair, Tens and Sevens


PokerStars Hand #158786810377:  Hold'em Limit ($3/$6 USD) - 2016/09/18 17:33:11 ET
Table 'Florya' 6-max Seat #4 is the button
Seat 4: TTBN ($344.62 in chips)
Seat 6: Luanto 14 ($903.31 in chips)
TTBN: posts small blind $1
Luanto 14: posts big blind $3
*** HOLE CARDS ***
TTBN: raises $3 to $6
Luanto 14: calls $3
*** FLOP *** [4s Ts 2s]
Luanto 14: checks
TTBN: bets $3
Luanto 14: raises $3 to $6
TTBN: calls $3
*** TURN *** [4s Ts 2s] [5h]
Luanto 14: bets $6
TTBN: calls $6
*** RIVER *** [4s Ts 2s 5h] [Ac]
Luanto 14: bets $6
TTBN: calls $6
*** SHOW DOWN ***
Luanto 14: shows [8d Ad] (a pair of Aces)
TTBN: mucks hand
Luanto 14 collected $47.50 from pot
*** SUMMARY ***
Total pot $48 | Rake $0.50
Board [4s Ts 2s 5h Ac]
Seat 4: TTBN (button) (small blind) mucked
Seat 6: Luanto 14 (big blind) showed [8d Ad] and won ($47.50) with a pair of Aces


PokerStars Hand #158786826263:  Hold'em Limit ($3/$6 USD) - 2016/09/18 17:33:29 ET
Table 'Florya' 6-max Seat #6 is the button
Seat 4: TTBN ($320.62 in chips)
Seat 6: Luanto 14 ($926.81 in chips)
Luanto 14: posts small blind $1
TTBN: posts big blind $3
*** HOLE CARDS ***
Luanto 14: folds
Uncalled bet ($2) returned to TTBN
TTBN collected $2 from pot
TTBN: doesn't show hand
*** SUMMARY ***
Total pot $2 | Rake $0
Seat 4: TTBN (big blind) collected ($2)
Seat 6: Luanto 14 (button) (small blind) folded before Flop


PokerStars Hand #158786833484:  Hold'em Limit ($3/$6 USD) - 2016/09/18 17:33:38 ET
Table 'Florya' 6-max Seat #4 is the button
Seat 4: TTBN ($321.62 in chips)
Seat 6: Luanto 14 ($925.81 in chips)
TTBN: posts small blind $1
Luanto 14: posts big blind $3
*** HOLE CARDS ***
TTBN: folds
Uncalled bet ($2) returned to Luanto 14
Luanto 14 collected $2 from pot
Luanto 14: doesn't show hand
*** SUMMARY ***
Total pot $2 | Rake $0
Seat 4: TTBN (button) (small blind) folded before Flop
Seat 6: Luanto 14 (big blind) collected ($2)


