PokerStars Hand #157656322849:  Hold'em Limit ($3/$6 USD) - 2016/08/23 17:44:54 ET
Table 'Flora II' 10-max Seat #5 is the button
Seat 4: 123mark832 ($227.36 in chips)
Seat 5: simper11 ($120 in chips)
simper11: posts small blind $1
123mark832: posts big blind $3
*** HOLE CARDS ***
simper11: raises $3 to $6
123mark832: calls $3
*** FLOP *** [4s 9h 3h]
123mark832: checks
simper11: bets $3
123mark832: calls $3
*** TURN *** [4s 9h 3h] [5d]
123mark832: checks
simper11: bets $6
123mark832: calls $6
*** RIVER *** [4s 9h 3h 5d] [Jc]
123mark832: checks
simper11: bets $6
123mark832: calls $6
*** SHOW DOWN ***
simper11: shows [9d Kd] (a pair of Nines)
123mark832: mucks hand
simper11 collected $41.50 from pot
*** SUMMARY ***
Total pot $42 | Rake $0.50
Board [4s 9h 3h 5d Jc]
Seat 4: 123mark832 (big blind) mucked
Seat 5: simper11 (button) (small blind) showed [9d Kd] and won ($41.50) with a pair of Nines


PokerStars Hand #157656287229:  Hold'em Limit ($3/$6 USD) - 2016/08/23 17:44:04 ET
Table 'Flora II' 10-max Seat #4 is the button
Seat 4: 123mark832 ($224.48 in chips)
Seat 5: simper11 ($120 in chips)
123mark832: posts small blind $1
simper11: posts big blind $3
*** HOLE CARDS ***
123mark832: calls $2
simper11: checks
*** FLOP *** [Jc 6d Ah]
simper11: checks
123mark832: checks
*** TURN *** [Jc 6d Ah] [4d]
simper11: checks
123mark832: checks
*** RIVER *** [Jc 6d Ah 4d] [9h]
simper11: checks
123mark832: bets $6
simper11: folds
Uncalled bet ($6) returned to 123mark832
123mark832 collected $5.88 from pot
123mark832: doesn't show hand
*** SUMMARY ***
Total pot $6 | Rake $0.12
Board [Jc 6d Ah 4d 9h]
Seat 4: 123mark832 (button) (small blind) collected ($5.88)
Seat 5: simper11 (big blind) folded on the River


PokerStars Hand #157656380585:  Hold'em Limit ($3/$6 USD) - 2016/08/23 17:46:01 ET
Table 'Flora II' 10-max Seat #5 is the button
Seat 4: 123mark832 ($212.12 in chips)
Seat 5: simper11 ($134.50 in chips)
simper11: posts small blind $1
123mark832: posts big blind $3
*** HOLE CARDS ***
simper11: raises $3 to $6
123mark832: calls $3
*** FLOP *** [2h 2c Th]
123mark832: checks
simper11: bets $3
123mark832: calls $3
*** TURN *** [2h 2c Th] [Ad]
123mark832: checks
simper11: bets $6
123mark832: raises $6 to $12
simper11: folds
Uncalled bet ($6) returned to 123mark832
123mark832 collected $29.50 from pot
*** SUMMARY ***
Total pot $30 | Rake $0.50
Board [2h 2c Th Ad]
Seat 4: 123mark832 (big blind) collected ($29.50)
Seat 5: simper11 (button) (small blind) folded on the Turn


PokerStars Hand #157656362133:  Hold'em Limit ($3/$6 USD) - 2016/08/23 17:45:35 ET
Table 'Flora II' 10-max Seat #4 is the button
Seat 4: 123mark832 ($206.36 in chips)
Seat 5: simper11 ($140.50 in chips)
123mark832: posts small blind $1
simper11: posts big blind $3
*** HOLE CARDS ***
123mark832: calls $2
simper11: checks
*** FLOP *** [6c 2h Ad]
simper11: checks
123mark832: bets $3
simper11: calls $3
*** TURN *** [6c 2h Ad] [Td]
simper11: checks
123mark832: bets $6
simper11: folds
Uncalled bet ($6) returned to 123mark832
123mark832 collected $11.76 from pot
*** SUMMARY ***
Total pot $12 | Rake $0.24
Board [6c 2h Ad Td]
Seat 4: 123mark832 (button) (small blind) collected ($11.76)
Seat 5: simper11 (big blind) folded on the Turn


PokerStars Hand #157656430463:  Hold'em Limit ($3/$6 USD) - 2016/08/23 17:47:10 ET
Table 'Flora II' 10-max Seat #5 is the button
Seat 4: 123mark832 ($235.26 in chips)
Seat 5: simper11 ($120 in chips)
simper11: posts small blind $1
123mark832: posts big blind $3
*** HOLE CARDS ***
simper11: raises $3 to $6
123mark832: calls $3
*** FLOP *** [3h 6d Jh]
123mark832: checks
simper11: bets $3
123mark832: folds
Uncalled bet ($3) returned to simper11
simper11 collected $11.76 from pot
simper11: doesn't show hand
*** SUMMARY ***
Total pot $12 | Rake $0.24
Board [3h 6d Jh]
Seat 4: 123mark832 (big blind) folded on the Flop
Seat 5: simper11 (button) (small blind) collected ($11.76)


PokerStars Hand #157656404013:  Hold'em Limit ($3/$6 USD) - 2016/08/23 17:46:33 ET
Table 'Flora II' 10-max Seat #4 is the button
Seat 4: 123mark832 ($226.62 in chips)
Seat 5: simper11 ($120 in chips)
123mark832: posts small blind $1
simper11: posts big blind $3
*** HOLE CARDS ***
123mark832: raises $3 to $6
simper11: calls $3
*** FLOP *** [9s 6h Ks]
simper11: checks
123mark832: bets $3
simper11: calls $3
*** TURN *** [9s 6h Ks] [Kc]
simper11: checks
123mark832: bets $6
simper11: folds
Uncalled bet ($6) returned to 123mark832
123mark832 collected $17.64 from pot
123mark832: doesn't show hand
*** SUMMARY ***
Total pot $18 | Rake $0.36
Board [9s 6h Ks Kc]
Seat 4: 123mark832 (button) (small blind) collected ($17.64)
Seat 5: simper11 (big blind) folded on the Turn


PokerStars Hand #157656458265:  Hold'em Limit ($3/$6 USD) - 2016/08/23 17:47:49 ET
Table 'Flora II' 10-max Seat #5 is the button
Seat 4: 123mark832 ($223.26 in chips)
Seat 5: simper11 ($131.52 in chips)
simper11: posts small blind $1
123mark832: posts big blind $3
*** HOLE CARDS ***
simper11: raises $3 to $6
123mark832: calls $3
*** FLOP *** [Ts Jh 2s]
123mark832: checks
simper11: bets $3
123mark832: raises $3 to $6
simper11: calls $3
*** TURN *** [Ts Jh 2s] [Ah]
123mark832: checks
simper11: bets $6
123mark832: calls $6
*** RIVER *** [Ts Jh 2s Ah] [9d]
123mark832: checks
simper11: bets $6
Magic961 joins the table at seat #10
123mark832: calls $6
*** SHOW DOWN ***
simper11: shows [Kh Kc] (a pair of Kings)
123mark832: mucks hand
simper11 collected $47.50 from pot
*** SUMMARY ***
Total pot $48 | Rake $0.50
Board [Ts Jh 2s Ah 9d]
Seat 4: 123mark832 (big blind) mucked
Seat 5: simper11 (button) (small blind) showed [Kh Kc] and won ($47.50) with a pair of Kings


PokerStars Hand #157656443850:  Hold'em Limit ($3/$6 USD) - 2016/08/23 17:47:29 ET
Table 'Flora II' 10-max Seat #4 is the button
Seat 4: 123mark832 ($229.26 in chips)
Seat 5: simper11 ($125.76 in chips)
123mark832: posts small blind $1
simper11: posts big blind $3
*** HOLE CARDS ***
123mark832: calls $2
simper11: checks
*** FLOP *** [6s Js Qd]
simper11: checks
123mark832: bets $3
simper11: raises $3 to $6
123mark832: folds
Uncalled bet ($3) returned to simper11
simper11 collected $11.76 from pot
simper11: doesn't show hand
*** SUMMARY ***
Total pot $12 | Rake $0.24
Board [6s Js Qd]
Seat 4: 123mark832 (button) (small blind) folded on the Flop
Seat 5: simper11 (big blind) collected ($11.76)


PokerStars Hand #157656491975:  Hold'em Limit ($3/$6 USD) - 2016/08/23 17:48:35 ET
Table 'Flora II' 10-max Seat #4 is the button
Seat 4: 123mark832 ($199.26 in chips)
Seat 5: simper11 ($155.02 in chips)
123mark832: posts small blind $1
simper11: posts big blind $3
*** HOLE CARDS ***
123mark832: raises $3 to $6
simper11: calls $3
*** FLOP *** [7c Td 5c]
simper11: checks
123mark832: bets $3
simper11: calls $3
*** TURN *** [7c Td 5c] [Th]
simper11: checks
123mark832: bets $6
simper11: folds
Uncalled bet ($6) returned to 123mark832
123mark832 collected $17.64 from pot
123mark832: doesn't show hand
*** SUMMARY ***
Total pot $18 | Rake $0.36
Board [7c Td 5c Th]
Seat 4: 123mark832 (button) (small blind) collected ($17.64)
Seat 5: simper11 (big blind) folded on the Turn


