PokerStars Hand #173183926432:  Hold'em Limit ($3/$6 USD) - 2017/07/18 4:08:07 ET
Table 'Fomalhaut' 6-max Seat #1 is the button
Seat 1: dalton135 ($67.82 in chips)
Seat 4: Agrotait ($144.22 in chips)
dalton135: posts small blind $1
Agrotait: posts big blind $3
*** HOLE CARDS ***
dalton135: raises $3 to $6
Agrotait: folds
Uncalled bet ($3) returned to dalton135
dalton135 collected $6 from pot
*** SUMMARY ***
Total pot $6 | Rake $0
Seat 1: dalton135 (button) (small blind) collected ($6)
Seat 4: Agrotait (big blind) folded before Flop


PokerStars Hand #173183929633:  Hold'em Limit ($3/$6 USD) - 2017/07/18 4:08:19 ET
Table 'Fomalhaut' 6-max Seat #4 is the button
Seat 1: dalton135 ($70.82 in chips)
Seat 4: Agrotait ($141.22 in chips)
Agrotait: posts small blind $1
dalton135: posts big blind $3
*** HOLE CARDS ***
Agrotait: folds
Uncalled bet ($2) returned to dalton135
dalton135 collected $2 from pot
dalton135: doesn't show hand
*** SUMMARY ***
Total pot $2 | Rake $0
Seat 1: dalton135 (big blind) collected ($2)
Seat 4: Agrotait (button) (small blind) folded before Flop


PokerStars Hand #173183932758:  Hold'em Limit ($3/$6 USD) - 2017/07/18 4:08:30 ET
Table 'Fomalhaut' 6-max Seat #1 is the button
Seat 1: dalton135 ($71.82 in chips)
Seat 4: Agrotait ($140.22 in chips)
dalton135: posts small blind $1
Agrotait: posts big blind $3
*** HOLE CARDS ***
dalton135: raises $3 to $6
Agrotait: calls $3
*** FLOP *** [9s Td 4d]
Agrotait: checks
dalton135: bets $3
Agrotait: folds
Uncalled bet ($3) returned to dalton135
dalton135 collected $11.76 from pot
*** SUMMARY ***
Total pot $12 | Rake $0.24
Board [9s Td 4d]
Seat 1: dalton135 (button) (small blind) collected ($11.76)
Seat 4: Agrotait (big blind) folded on the Flop


PokerStars Hand #173183938235:  Hold'em Limit ($3/$6 USD) - 2017/07/18 4:08:49 ET
Table 'Fomalhaut' 6-max Seat #4 is the button
Seat 1: dalton135 ($77.58 in chips)
Seat 4: Agrotait ($134.22 in chips)
Agrotait: posts small blind $1
dalton135: posts big blind $3
*** HOLE CARDS ***
Agrotait: raises $3 to $6
dalton135: raises $3 to $9
Agrotait: calls $3
*** FLOP *** [7h Kc 6c]
dalton135: bets $3
Agrotait: calls $3
*** TURN *** [7h Kc 6c] [As]
dalton135: checks
Agrotait: checks
*** RIVER *** [7h Kc 6c As] [3s]
dalton135: bets $6
Agrotait: calls $6
*** SHOW DOWN ***
dalton135: shows [Qd Qh] (a pair of Queens)
Agrotait: mucks hand
dalton135 collected $35.50 from pot
*** SUMMARY ***
Total pot $36 | Rake $0.50
Board [7h Kc 6c As 3s]
Seat 1: dalton135 (big blind) showed [Qd Qh] and won ($35.50) with a pair of Queens
Seat 4: Agrotait (button) (small blind) mucked


PokerStars Hand #173183945493:  Hold'em Limit ($3/$6 USD) - 2017/07/18 4:09:14 ET
Table 'Fomalhaut' 6-max Seat #1 is the button
Seat 1: dalton135 ($95.08 in chips)
Seat 4: Agrotait ($116.22 in chips)
dalton135: posts small blind $1
Agrotait: posts big blind $3
*** HOLE CARDS ***
dalton135: raises $3 to $6
Agrotait: calls $3
*** FLOP *** [5s 8c 4d]
Agrotait: checks
dalton135: checks
*** TURN *** [5s 8c 4d] [3d]
protriin joins the table at seat #3
Agrotait: bets $6
dalton135: calls $6
*** RIVER *** [5s 8c 4d 3d] [6d]
Agrotait: checks
dalton135: bets $6
Agrotait: calls $6
*** SHOW DOWN ***
dalton135: shows [2d Jd] (a flush, Jack high)
Agrotait: mucks hand
dalton135 collected $35.50 from pot
*** SUMMARY ***
Total pot $36 | Rake $0.50
Board [5s 8c 4d 3d 6d]
Seat 1: dalton135 (button) (small blind) showed [2d Jd] and won ($35.50) with a flush, Jack high
Seat 4: Agrotait (big blind) mucked


PokerStars Hand #173183952831:  Hold'em Limit ($3/$6 USD) - 2017/07/18 4:09:40 ET
Table 'Fomalhaut' 6-max Seat #4 is the button
Seat 1: dalton135 ($112.58 in chips)
Seat 4: Agrotait ($98.22 in chips)
Agrotait: posts small blind $1
dalton135: posts big blind $3
*** HOLE CARDS ***
Agrotait: raises $3 to $6
dalton135: calls $3
*** FLOP *** [2s 3s 6d]
dalton135: bets $3
Agrotait: calls $3
*** TURN *** [2s 3s 6d] [Ac]
dalton135: checks
Agrotait: checks
*** RIVER *** [2s 3s 6d Ac] [4d]
dalton135: bets $6
Agrotait: folds
Uncalled bet ($6) returned to dalton135
dalton135 collected $17.64 from pot
*** SUMMARY ***
Total pot $18 | Rake $0.36
Board [2s 3s 6d Ac 4d]
Seat 1: dalton135 (big blind) collected ($17.64)
Seat 4: Agrotait (button) (small blind) folded on the River


PokerStars Hand #173183959055:  Hold'em Limit ($3/$6 USD) - 2017/07/18 4:10:02 ET
Table 'Fomalhaut' 6-max Seat #1 is the button
Seat 1: dalton135 ($121.22 in chips)
Seat 4: Agrotait ($89.22 in chips)
dalton135: posts small blind $1
Agrotait: posts big blind $3
*** HOLE CARDS ***
dalton135: folds
Uncalled bet ($2) returned to Agrotait
Agrotait collected $2 from pot
Agrotait: doesn't show hand
*** SUMMARY ***
Total pot $2 | Rake $0
Seat 1: dalton135 (button) (small blind) folded before Flop
Seat 4: Agrotait (big blind) collected ($2)


PokerStars Hand #173183961178:  Hold'em Limit ($3/$6 USD) - 2017/07/18 4:10:09 ET
Table 'Fomalhaut' 6-max Seat #4 is the button
Seat 1: dalton135 ($120.22 in chips)
Seat 4: Agrotait ($90.22 in chips)
Agrotait: posts small blind $1
dalton135: posts big blind $3
*** HOLE CARDS ***
Agrotait: raises $3 to $6
dalton135: calls $3
*** FLOP *** [Tc Js As]
dalton135: checks
Agrotait: checks
*** TURN *** [Tc Js As] [Kc]
dalton135: checks
Agrotait: checks
*** RIVER *** [Tc Js As Kc] [5c]
dalton135: checks
Agrotait: checks
*** SHOW DOWN ***
dalton135: shows [8s Th] (a pair of Tens)
Agrotait: shows [Jd 8c] (a pair of Jacks)
Agrotait collected $11.76 from pot
*** SUMMARY ***
Total pot $12 | Rake $0.24
Board [Tc Js As Kc 5c]
Seat 1: dalton135 (big blind) showed [8s Th] and lost with a pair of Tens
Seat 4: Agrotait (button) (small blind) showed [Jd 8c] and won ($11.76) with a pair of Jacks


PokerStars Hand #173183967782:  Hold'em Limit ($3/$6 USD) - 2017/07/18 4:10:32 ET
Table 'Fomalhaut' 6-max Seat #1 is the button
Seat 1: dalton135 ($114.22 in chips)
Seat 4: Agrotait ($95.98 in chips)
dalton135: posts small blind $1
Agrotait: posts big blind $3
*** HOLE CARDS ***
dalton135: folds
Uncalled bet ($2) returned to Agrotait
Agrotait collected $2 from pot
Agrotait: doesn't show hand
*** SUMMARY ***
Total pot $2 | Rake $0
Seat 1: dalton135 (button) (small blind) folded before Flop
Seat 4: Agrotait (big blind) collected ($2)


PokerStars Hand #173183969760:  Hold'em Limit ($3/$6 USD) - 2017/07/18 4:10:39 ET
Table 'Fomalhaut' 6-max Seat #4 is the button
Seat 1: dalton135 ($113.22 in chips)
Seat 4: Agrotait ($96.98 in chips)
Agrotait: posts small blind $1
dalton135: posts big blind $3
*** HOLE CARDS ***
protriin leaves the table
Agrotait: raises $3 to $6
dalton135: calls $3
*** FLOP *** [Jd Ts 8h]
dalton135: checks
Agrotait: bets $3
dalton135: calls $3
*** TURN *** [Jd Ts 8h] [7h]
dalton135: checks
Agrotait: checks
*** RIVER *** [Jd Ts 8h 7h] [3d]
dalton135: checks
Agrotait: checks
*** SHOW DOWN ***
dalton135: shows [Qs 3c] (a pair of Threes)
Agrotait: mucks hand
dalton135 collected $17.64 from pot
*** SUMMARY ***
Total pot $18 | Rake $0.36
Board [Jd Ts 8h 7h 3d]
Seat 1: dalton135 (big blind) showed [Qs 3c] and won ($17.64) with a pair of Threes
Seat 4: Agrotait (button) (small blind) mucked


PokerStars Hand #173183978926:  Hold'em Limit ($3/$6 USD) - 2017/07/18 4:11:11 ET
Table 'Fomalhaut' 6-max Seat #4 is the button
Seat 1: dalton135 ($124.86 in chips)
Seat 4: Agrotait ($84.98 in chips)
Agrotait: posts small blind $1
dalton135: posts big blind $3
*** HOLE CARDS ***
Agrotait: folds
Uncalled bet ($2) returned to dalton135
dalton135 collected $2 from pot
*** SUMMARY ***
Total pot $2 | Rake $0
Seat 1: dalton135 (big blind) collected ($2)
Seat 4: Agrotait (button) (small blind) folded before Flop


PokerStars Hand #173183976712:  Hold'em Limit ($3/$6 USD) - 2017/07/18 4:11:03 ET
Table 'Fomalhaut' 6-max Seat #1 is the button
Seat 1: dalton135 ($121.86 in chips)
Seat 4: Agrotait ($87.98 in chips)
dalton135: posts small blind $1
Agrotait: posts big blind $3
*** HOLE CARDS ***
dalton135: raises $3 to $6
Agrotait: folds
Uncalled bet ($3) returned to dalton135
dalton135 collected $6 from pot
*** SUMMARY ***
Total pot $6 | Rake $0
Seat 1: dalton135 (button) (small blind) collected ($6)
Seat 4: Agrotait (big blind) folded before Flop


PokerStars Hand #173183980652:  Hold'em Limit ($3/$6 USD) - 2017/07/18 4:11:17 ET
Table 'Fomalhaut' 6-max Seat #1 is the button
Seat 1: dalton135 ($125.86 in chips)
Seat 4: Agrotait ($83.98 in chips)
dalton135: posts small blind $1
Agrotait: posts big blind $3
*** HOLE CARDS ***
dalton135: raises $3 to $6
Agrotait: calls $3
*** FLOP *** [Qc 8d Jc]
Agrotait: checks
dalton135: bets $3
Agrotait: calls $3
*** TURN *** [Qc 8d Jc] [7c]
Agrotait: checks
dalton135: bets $6
Agrotait: calls $6
*** RIVER *** [Qc 8d Jc 7c] [Ts]
Agrotait: checks
dalton135: bets $6
Agrotait: folds
Uncalled bet ($6) returned to dalton135
dalton135 collected $29.50 from pot
dalton135: doesn't show hand
*** SUMMARY ***
Total pot $30 | Rake $0.50
Board [Qc 8d Jc 7c Ts]
Seat 1: dalton135 (button) (small blind) collected ($29.50)
Seat 4: Agrotait (big blind) folded on the River


PokerStars Hand #173183988863:  Hold'em Limit ($3/$6 USD) - 2017/07/18 4:11:46 ET
Table 'Fomalhaut' 6-max Seat #4 is the button
Seat 1: dalton135 ($140.36 in chips)
Seat 4: Agrotait ($68.98 in chips)
Agrotait: posts small blind $1
dalton135: posts big blind $3
*** HOLE CARDS ***
Agrotait: raises $3 to $6
dalton135: calls $3
*** FLOP *** [Ah 5d 2h]
dalton135: checks
Agrotait: bets $3
dalton135: folds
Uncalled bet ($3) returned to Agrotait
Agrotait collected $11.76 from pot
Agrotait: doesn't show hand
*** SUMMARY ***
Total pot $12 | Rake $0.24
Board [Ah 5d 2h]
Seat 1: dalton135 (big blind) folded on the Flop
Seat 4: Agrotait (button) (small blind) collected ($11.76)


PokerStars Hand #173183992463:  Hold'em Limit ($3/$6 USD) - 2017/07/18 4:11:58 ET
Table 'Fomalhaut' 6-max Seat #1 is the button
Seat 1: dalton135 ($134.36 in chips)
Seat 4: Agrotait ($74.74 in chips)
dalton135: posts small blind $1
Agrotait: posts big blind $3
*** HOLE CARDS ***
dalton135: folds
Uncalled bet ($2) returned to Agrotait
Agrotait collected $2 from pot
Agrotait: doesn't show hand
*** SUMMARY ***
Total pot $2 | Rake $0
Seat 1: dalton135 (button) (small blind) folded before Flop
Seat 4: Agrotait (big blind) collected ($2)


PokerStars Hand #173183995334:  Hold'em Limit ($3/$6 USD) - 2017/07/18 4:12:08 ET
Table 'Fomalhaut' 6-max Seat #4 is the button
Seat 1: dalton135 ($133.36 in chips)
Seat 4: Agrotait ($75.74 in chips)
Agrotait: posts small blind $1
dalton135: posts big blind $3
*** HOLE CARDS ***
Agrotait: raises $3 to $6
dalton135: folds
Uncalled bet ($3) returned to Agrotait
Agrotait collected $6 from pot
*** SUMMARY ***
Total pot $6 | Rake $0
Seat 1: dalton135 (big blind) folded before Flop
Seat 4: Agrotait (button) (small blind) collected ($6)


PokerStars Hand #173183997779:  Hold'em Limit ($3/$6 USD) - 2017/07/18 4:12:17 ET
Table 'Fomalhaut' 6-max Seat #1 is the button
Seat 1: dalton135 ($130.36 in chips)
Seat 4: Agrotait ($78.74 in chips)
dalton135: posts small blind $1
Agrotait: posts big blind $3
*** HOLE CARDS ***
dalton135: raises $3 to $6
Agrotait: calls $3
*** FLOP *** [2c 9d 9h]
Agrotait: checks
dalton135: bets $3
Agrotait: calls $3
*** TURN *** [2c 9d 9h] [8h]
Agrotait: checks
dalton135: checks
*** RIVER *** [2c 9d 9h 8h] [Tc]
Agrotait: checks
dalton135: checks
*** SHOW DOWN ***
Agrotait: shows [Jh Kc] (a pair of Nines)
dalton135: mucks hand
Agrotait collected $17.64 from pot
*** SUMMARY ***
Total pot $18 | Rake $0.36
Board [2c 9d 9h 8h Tc]
Seat 1: dalton135 (button) (small blind) mucked
Seat 4: Agrotait (big blind) showed [Jh Kc] and won ($17.64) with a pair of Nines


PokerStars Hand #173184005517:  Hold'em Limit ($3/$6 USD) - 2017/07/18 4:12:43 ET
Table 'Fomalhaut' 6-max Seat #4 is the button
Seat 1: dalton135 ($121.36 in chips)
Seat 4: Agrotait ($87.38 in chips)
Agrotait: posts small blind $1
dalton135: posts big blind $3
*** HOLE CARDS ***
Agrotait: raises $3 to $6
dalton135: calls $3
*** FLOP *** [5s Ad 4s]
dalton135: checks
Agrotait: bets $3
dalton135: calls $3
*** TURN *** [5s Ad 4s] [4c]
dalton135: checks
Agrotait: bets $6
dalton135: calls $6
*** RIVER *** [5s Ad 4s 4c] [3h]
dalton135: bets $6
Agrotait: calls $6
*** SHOW DOWN ***
dalton135: shows [6h 7c] (a straight, Three to Seven)
Agrotait: mucks hand
dalton135 collected $41.50 from pot
*** SUMMARY ***
Total pot $42 | Rake $0.50
Board [5s Ad 4s 4c 3h]
Seat 1: dalton135 (big blind) showed [6h 7c] and won ($41.50) with a straight, Three to Seven
Seat 4: Agrotait (button) (small blind) mucked


PokerStars Hand #173184014665:  Hold'em Limit ($3/$6 USD) - 2017/07/18 4:13:15 ET
Table 'Fomalhaut' 6-max Seat #1 is the button
Seat 1: dalton135 ($141.86 in chips)
Seat 4: Agrotait ($66.38 in chips)
dalton135: posts small blind $1
Agrotait: posts big blind $3
*** HOLE CARDS ***
dalton135: raises $3 to $6
Agrotait: calls $3
*** FLOP *** [3d 4h 9d]
Agrotait: checks
dalton135: bets $3
Agrotait: folds
Uncalled bet ($3) returned to dalton135
dalton135 collected $11.76 from pot
*** SUMMARY ***
Total pot $12 | Rake $0.24
Board [3d 4h 9d]
Seat 1: dalton135 (button) (small blind) collected ($11.76)
Seat 4: Agrotait (big blind) folded on the Flop


PokerStars Hand #173184037102:  Hold'em Limit ($3/$6 USD) - 2017/07/18 4:14:30 ET
Table 'Fomalhaut' 6-max Seat #4 is the button
Seat 1: dalton135 ($144.12 in chips)
Seat 4: Agrotait ($62.88 in chips)
Agrotait: posts small blind $1
dalton135: posts big blind $3
*** HOLE CARDS ***
Agrotait: raises $3 to $6
dalton135: calls $3
*** FLOP *** [7s Tc 5h]
dalton135: bets $3
Agrotait: raises $3 to $6
dalton135: calls $3
*** TURN *** [7s Tc 5h] [As]
dalton135: checks
Agrotait: bets $6
dalton135: folds
Uncalled bet ($6) returned to Agrotait
Agrotait collected $23.52 from pot
Agrotait: doesn't show hand
*** SUMMARY ***
Total pot $24 | Rake $0.48
Board [7s Tc 5h As]
Seat 1: dalton135 (big blind) folded on the Turn
Seat 4: Agrotait (button) (small blind) collected ($23.52)


PokerStars Hand #173184018844:  Hold'em Limit ($3/$6 USD) - 2017/07/18 4:13:29 ET
Table 'Fomalhaut' 6-max Seat #4 is the button
Seat 1: dalton135 ($147.62 in chips)
Seat 4: Agrotait ($60.38 in chips)
Agrotait: posts small blind $1
dalton135: posts big blind $3
*** HOLE CARDS ***
Agrotait: raises $3 to $6
dalton135: calls $3
*** FLOP *** [Qs 6c 2c]
dalton135: checks
Agrotait: bets $3
dalton135: calls $3
*** TURN *** [Qs 6c 2c] [Ad]
dalton135: checks
Agrotait: bets $6
dalton135: calls $6
*** RIVER *** [Qs 6c 2c Ad] [Th]
dalton135: checks
Agrotait: bets $6
dalton135: calls $6
*** SHOW DOWN ***
Agrotait: shows [2h Ah] (two pair, Aces and Deuces)
dalton135: mucks hand
Agrotait collected $41.50 from pot
*** SUMMARY ***
Total pot $42 | Rake $0.50
Board [Qs 6c 2c Ad Th]
Seat 1: dalton135 (big blind) mucked
Seat 4: Agrotait (button) (small blind) showed [2h Ah] and won ($41.50) with two pair, Aces and Deuces


PokerStars Hand #173184031445:  Hold'em Limit ($3/$6 USD) - 2017/07/18 4:14:11 ET
Table 'Fomalhaut' 6-max Seat #1 is the button
Seat 1: dalton135 ($126.62 in chips)
Seat 4: Agrotait ($80.88 in chips)
dalton135: posts small blind $1
Agrotait: posts big blind $3
*** HOLE CARDS ***
dalton135: raises $3 to $6
Agrotait: raises $3 to $9
dalton135: calls $3
*** FLOP *** [Ad As 2h]
Agrotait: bets $3
dalton135: calls $3
*** TURN *** [Ad As 2h] [8d]
Agrotait: bets $6
dalton135: calls $6
*** RIVER *** [Ad As 2h 8d] [3d]
Agrotait: checks
dalton135: checks
*** SHOW DOWN ***
Agrotait: shows [6d 6c] (two pair, Aces and Sixes)
dalton135: shows [Js Jd] (two pair, Aces and Jacks)
dalton135 collected $35.50 from pot
*** SUMMARY ***
Total pot $36 | Rake $0.50
Board [Ad As 2h 8d 3d]
Seat 1: dalton135 (button) (small blind) showed [Js Jd] and won ($35.50) with two pair, Aces and Jacks
Seat 4: Agrotait (big blind) showed [6d 6c] and lost with two pair, Aces and Sixes


PokerStars Hand #173184042709:  Hold'em Limit ($3/$6 USD) - 2017/07/18 4:14:49 ET
Table 'Fomalhaut' 6-max Seat #1 is the button
Seat 1: dalton135 ($132.12 in chips)
Seat 4: Agrotait ($74.40 in chips)
dalton135: posts small blind $1
Agrotait: posts big blind $3
*** HOLE CARDS ***
dalton135: raises $3 to $6
Agrotait: calls $3
*** FLOP *** [Ac 3d Kh]
Agrotait: checks
dalton135: bets $3
Agrotait: raises $3 to $6
dalton135: folds
Uncalled bet ($3) returned to Agrotait
Agrotait collected $17.64 from pot
Agrotait: doesn't show hand
*** SUMMARY ***
Total pot $18 | Rake $0.36
Board [Ac 3d Kh]
Seat 1: dalton135 (button) (small blind) folded on the Flop
Seat 4: Agrotait (big blind) collected ($17.64)


PokerStars Hand #173184052036:  Hold'em Limit ($3/$6 USD) - 2017/07/18 4:15:20 ET
Table 'Fomalhaut' 6-max Seat #1 is the button
Seat 1: dalton135 ($122.94 in chips)
Seat 4: Agrotait ($82.86 in chips)
dalton135: posts small blind $1
Agrotait: posts big blind $3
*** HOLE CARDS ***
dalton135: folds
Uncalled bet ($2) returned to Agrotait
Agrotait collected $2 from pot
Agrotait: doesn't show hand
*** SUMMARY ***
Total pot $2 | Rake $0
Seat 1: dalton135 (button) (small blind) folded before Flop
Seat 4: Agrotait (big blind) collected ($2)


PokerStars Hand #173184046275:  Hold'em Limit ($3/$6 USD) - 2017/07/18 4:15:01 ET
Table 'Fomalhaut' 6-max Seat #4 is the button
Seat 1: dalton135 ($123.12 in chips)
Seat 4: Agrotait ($83.04 in chips)
Agrotait: posts small blind $1
dalton135: posts big blind $3
*** HOLE CARDS ***
Agrotait: raises $3 to $6
dalton135: calls $3
*** FLOP *** [3s 5s 6s]
dalton135: checks
Agrotait: bets $3
dalton135: calls $3
*** TURN *** [3s 5s 6s] [8s]
dalton135: checks
Agrotait: checks
*** RIVER *** [3s 5s 6s 8s] [9s]
dalton135: checks
Agrotait: checks
*** SHOW DOWN ***
dalton135: shows [3d 3c] (a flush, Nine high)
Agrotait: shows [5d 6h] (a flush, Nine high)
dalton135 collected $8.82 from pot
Agrotait collected $8.82 from pot
*** SUMMARY ***
Total pot $18 | Rake $0.36
Board [3s 5s 6s 8s 9s]
Seat 1: dalton135 (big blind) showed [3d 3c] and won ($8.82) with a flush, Nine high
Seat 4: Agrotait (button) (small blind) showed [5d 6h] and won ($8.82) with a flush, Nine high


PokerStars Hand #173184053393:  Hold'em Limit ($3/$6 USD) - 2017/07/18 4:15:25 ET
Table 'Fomalhaut' 6-max Seat #4 is the button
Seat 1: dalton135 ($121.94 in chips)
Seat 4: Agrotait ($83.86 in chips)
Agrotait: posts small blind $1
dalton135: posts big blind $3
*** HOLE CARDS ***
Agrotait: raises $3 to $6
dalton135: folds
Uncalled bet ($3) returned to Agrotait
Agrotait collected $6 from pot
Agrotait: doesn't show hand
*** SUMMARY ***
Total pot $6 | Rake $0
Seat 1: dalton135 (big blind) folded before Flop
Seat 4: Agrotait (button) (small blind) collected ($6)


PokerStars Hand #173184056171:  Hold'em Limit ($3/$6 USD) - 2017/07/18 4:15:34 ET
Table 'Fomalhaut' 6-max Seat #1 is the button
Seat 1: dalton135 ($118.94 in chips)
Seat 4: Agrotait ($86.86 in chips)
dalton135: posts small blind $1
Agrotait: posts big blind $3
*** HOLE CARDS ***
dalton135: raises $3 to $6
Agrotait: calls $3
*** FLOP *** [2d Qd 6s]
Agrotait: checks
dalton135: bets $3
Agrotait: calls $3
*** TURN *** [2d Qd 6s] [Ah]
Agrotait: checks
dalton135: checks
*** RIVER *** [2d Qd 6s Ah] [2h]
Agrotait: checks
dalton135: bets $6
Agrotait: calls $6
*** SHOW DOWN ***
dalton135: shows [Kh Kc] (two pair, Kings and Deuces)
Agrotait: mucks hand
dalton135 collected $29.50 from pot
*** SUMMARY ***
Total pot $30 | Rake $0.50
Board [2d Qd 6s Ah 2h]
Seat 1: dalton135 (button) (small blind) showed [Kh Kc] and won ($29.50) with two pair, Kings and Deuces
Seat 4: Agrotait (big blind) mucked


PokerStars Hand #173184069134:  Hold'em Limit ($3/$6 USD) - 2017/07/18 4:16:18 ET
Table 'Fomalhaut' 6-max Seat #4 is the button
Seat 1: dalton135 ($133.44 in chips)
Seat 4: Agrotait ($71.86 in chips)
Agrotait: posts small blind $1
dalton135: posts big blind $3
*** HOLE CARDS ***
Agrotait: raises $3 to $6
dalton135: calls $3
*** FLOP *** [Ad 8c As]
dalton135: bets $3
Agrotait: calls $3
*** TURN *** [Ad 8c As] [7c]
dalton135: bets $6
Agrotait: calls $6
*** RIVER *** [Ad 8c As 7c] [6h]
dalton135: bets $6
Agrotait: raises $6 to $12
dalton135: calls $6
*** SHOW DOWN ***
Agrotait: shows [Ah 5d] (three of a kind, Aces)
dalton135: mucks hand
Agrotait collected $53.50 from pot
*** SUMMARY ***
Total pot $54 | Rake $0.50
Board [Ad 8c As 7c 6h]
Seat 1: dalton135 (big blind) mucked
Seat 4: Agrotait (button) (small blind) showed [Ah 5d] and won ($53.50) with three of a kind, Aces


PokerStars Hand #173184076919:  Hold'em Limit ($3/$6 USD) - 2017/07/18 4:16:44 ET
Table 'Fomalhaut' 6-max Seat #1 is the button
Seat 1: dalton135 ($106.44 in chips)
Seat 4: Agrotait ($98.36 in chips)
dalton135: posts small blind $1
Agrotait: posts big blind $3
*** HOLE CARDS ***
dalton135: raises $3 to $6
Agrotait: folds
Uncalled bet ($3) returned to dalton135
dalton135 collected $6 from pot
dalton135: doesn't show hand
*** SUMMARY ***
Total pot $6 | Rake $0
Seat 1: dalton135 (button) (small blind) collected ($6)
Seat 4: Agrotait (big blind) folded before Flop


PokerStars Hand #173184079224:  Hold'em Limit ($3/$6 USD) - 2017/07/18 4:16:52 ET
Table 'Fomalhaut' 6-max Seat #4 is the button
Seat 1: dalton135 ($109.44 in chips)
Seat 4: Agrotait ($95.36 in chips)
Agrotait: posts small blind $1
dalton135: posts big blind $3
*** HOLE CARDS ***
Agrotait: raises $3 to $6
dalton135: folds
Uncalled bet ($3) returned to Agrotait
Agrotait collected $6 from pot
Agrotait: doesn't show hand
*** SUMMARY ***
Total pot $6 | Rake $0
Seat 1: dalton135 (big blind) folded before Flop
Seat 4: Agrotait (button) (small blind) collected ($6)


PokerStars Hand #173184081880:  Hold'em Limit ($3/$6 USD) - 2017/07/18 4:17:01 ET
Table 'Fomalhaut' 6-max Seat #1 is the button
Seat 1: dalton135 ($106.44 in chips)
Seat 4: Agrotait ($98.36 in chips)
dalton135: posts small blind $1
Agrotait: posts big blind $3
*** HOLE CARDS ***
dalton135: raises $3 to $6
Agrotait: calls $3
*** FLOP *** [Jh 2d 6c]
Agrotait: checks
dalton135: bets $3
Agrotait: raises $3 to $6
dalton135: calls $3
*** TURN *** [Jh 2d 6c] [Tc]
Agrotait: bets $6
dalton135: folds
Uncalled bet ($6) returned to Agrotait
Agrotait collected $23.52 from pot
Agrotait: doesn't show hand
*** SUMMARY ***
Total pot $24 | Rake $0.48
Board [Jh 2d 6c Tc]
Seat 1: dalton135 (button) (small blind) folded on the Turn
Seat 4: Agrotait (big blind) collected ($23.52)


PokerStars Hand #173184088871:  Hold'em Limit ($3/$6 USD) - 2017/07/18 4:17:25 ET
Table 'Fomalhaut' 6-max Seat #4 is the button
Seat 1: dalton135 ($94.44 in chips)
Seat 4: Agrotait ($109.88 in chips)
Agrotait: posts small blind $1
dalton135: posts big blind $3
*** HOLE CARDS ***
Agrotait: raises $3 to $6
dalton135: folds
Uncalled bet ($3) returned to Agrotait
Agrotait collected $6 from pot
Agrotait: doesn't show hand
*** SUMMARY ***
Total pot $6 | Rake $0
Seat 1: dalton135 (big blind) folded before Flop
Seat 4: Agrotait (button) (small blind) collected ($6)


PokerStars Hand #173184091173:  Hold'em Limit ($3/$6 USD) - 2017/07/18 4:17:32 ET
Table 'Fomalhaut' 6-max Seat #1 is the button
Seat 1: dalton135 ($91.44 in chips)
Seat 4: Agrotait ($112.88 in chips)
dalton135: posts small blind $1
Agrotait: posts big blind $3
*** HOLE CARDS ***
dalton135: raises $3 to $6
Agrotait: raises $3 to $9
dalton135: calls $3
*** FLOP *** [4c 2d Ah]
Agrotait: bets $3
dalton135: calls $3
*** TURN *** [4c 2d Ah] [5s]
Agrotait: checks
dalton135: bets $6
Agrotait: folds
Uncalled bet ($6) returned to dalton135
dalton135 collected $23.52 from pot
dalton135: doesn't show hand
*** SUMMARY ***
Total pot $24 | Rake $0.48
Board [4c 2d Ah 5s]
Seat 1: dalton135 (button) (small blind) collected ($23.52)
Seat 4: Agrotait (big blind) folded on the Turn


PokerStars Hand #173184098215:  Hold'em Limit ($3/$6 USD) - 2017/07/18 4:17:56 ET
Table 'Fomalhaut' 6-max Seat #4 is the button
Seat 1: dalton135 ($102.96 in chips)
Seat 4: Agrotait ($100.88 in chips)
Agrotait: posts small blind $1
dalton135: posts big blind $3
*** HOLE CARDS ***
kusznak joins the table at seat #2
Agrotait: raises $3 to $6
dalton135: calls $3
*** FLOP *** [Ah 6h 5h]
dalton135: checks
Agrotait: checks
*** TURN *** [Ah 6h 5h] [2c]
dalton135: bets $6
Agrotait: folds
Uncalled bet ($6) returned to dalton135
dalton135 collected $11.76 from pot
*** SUMMARY ***
Total pot $12 | Rake $0.24
Board [Ah 6h 5h 2c]
Seat 1: dalton135 (big blind) collected ($11.76)
Seat 4: Agrotait (button) (small blind) folded on the Turn


PokerStars Hand #173186007509:  Hold'em Limit ($3/$6 USD) - 2017/07/18 5:54:23 ET
Table 'Fomalhaut' 6-max Seat #4 is the button
Seat 4: bAAchi ($265.75 in chips)
Seat 6: big_frae ($135.93 in chips)
bAAchi: posts small blind $1
yayaya: is sitting out
big_frae: posts big blind $3
*** HOLE CARDS ***
bAAchi: raises $3 to $6
yayaya leaves the table
big_frae: calls $3
*** FLOP *** [6s 9s Qd]
ss_barber_ss joins the table at seat #3
big_frae: checks
bAAchi: bets $3
big_frae: raises $3 to $6
bAAchi: calls $3
*** TURN *** [6s 9s Qd] [5h]
big_frae: bets $6
bAAchi: raises $6 to $12
big_frae: calls $6
*** RIVER *** [6s 9s Qd 5h] [2c]
big_frae: checks
bAAchi: checks
*** SHOW DOWN ***
big_frae: shows [7h 9h] (a pair of Nines)
bAAchi: mucks hand
big_frae collected $47.50 from pot
*** SUMMARY ***
Total pot $48 | Rake $0.50
Board [6s 9s Qd 5h 2c]
Seat 4: bAAchi (button) (small blind) mucked
Seat 6: big_frae (big blind) showed [7h 9h] and won ($47.50) with a pair of Nines


PokerStars Hand #173188980301:  Hold'em Limit ($3/$6 USD) - 2017/07/18 7:57:12 ET
Table 'Fomalhaut' 6-max Seat #3 is the button
Seat 3: bAAchi ($193.19 in chips)
Seat 6: big_frae ($355.67 in chips)
bAAchi: posts small blind $1
big_frae: posts big blind $3
*** HOLE CARDS ***
bAAchi: raises $3 to $6
big_frae: calls $3
*** FLOP *** [9d Qh Th]
boogi leaves the table
big_frae: checks
bAAchi: checks
*** TURN *** [9d Qh Th] [Kd]
big_frae: bets $6
bAAchi: folds
Uncalled bet ($6) returned to big_frae
big_frae collected $11.76 from pot
big_frae: doesn't show hand
*** SUMMARY ***
Total pot $12 | Rake $0.24
Board [9d Qh Th Kd]
Seat 3: bAAchi (button) (small blind) folded on the Turn
Seat 6: big_frae (big blind) collected ($11.76)


PokerStars Hand #173188988669:  Hold'em Limit ($3/$6 USD) - 2017/07/18 7:57:33 ET
Table 'Fomalhaut' 6-max Seat #6 is the button
Seat 3: bAAchi ($187.19 in chips)
Seat 6: big_frae ($361.43 in chips)
big_frae: posts small blind $1
bAAchi: posts big blind $3
*** HOLE CARDS ***
big_frae: raises $3 to $6
bAAchi: folds
Uncalled bet ($3) returned to big_frae
big_frae collected $6 from pot
big_frae: doesn't show hand
*** SUMMARY ***
Total pot $6 | Rake $0
Seat 3: bAAchi (big blind) folded before Flop
Seat 6: big_frae (button) (small blind) collected ($6)


