PokerStars Hand #156124073265:  Hold'em Limit ($3/$6 USD) - 2016/07/18 8:32:57 ET
Table 'Fomalhaut II' 6-max Seat #1 is the button
Seat 1: Joerg88 ($73.72 in chips)
Seat 5: TinaTurner72 ($120 in chips)
Joerg88: posts small blind $1
TinaTurner72: posts big blind $3
*** HOLE CARDS ***
Joerg88: folds
Uncalled bet ($2) returned to TinaTurner72
TinaTurner72 collected $2 from pot
TinaTurner72: doesn't show hand
*** SUMMARY ***
Total pot $2 | Rake $0
Seat 1: Joerg88 (button) (small blind) folded before Flop
Seat 5: TinaTurner72 (big blind) collected ($2)


PokerStars Hand #156124097421:  Hold'em Limit ($3/$6 USD) - 2016/07/18 8:33:47 ET
Table 'Fomalhaut II' 6-max Seat #5 is the button
Seat 1: Joerg88 ($54.72 in chips)
Seat 5: TinaTurner72 ($138.50 in chips)
TinaTurner72: posts small blind $1
Joerg88: posts big blind $3
*** HOLE CARDS ***
TinaTurner72: raises $3 to $6
Joerg88: calls $3
*** FLOP *** [6d Ks 8h]
Joerg88: checks
TinaTurner72: bets $3
Joerg88: calls $3
*** TURN *** [6d Ks 8h] [6h]
Joerg88: checks
TinaTurner72: bets $6
Joerg88: raises $6 to $12
TinaTurner72: calls $6
*** RIVER *** [6d Ks 8h 6h] [4h]
Joerg88: bets $6
TinaTurner72: calls $6
*** SHOW DOWN ***
Joerg88: shows [6c 9d] (three of a kind, Sixes)
TinaTurner72: mucks hand
Joerg88 collected $53.50 from pot
*** SUMMARY ***
Total pot $54 | Rake $0.50
Board [6d Ks 8h 6h 4h]
Seat 1: Joerg88 (big blind) showed [6c 9d] and won ($53.50) with three of a kind, Sixes
Seat 5: TinaTurner72 (button) (small blind) mucked


PokerStars Hand #156124094410:  Hold'em Limit ($3/$6 USD) - 2016/07/18 8:33:41 ET
Table 'Fomalhaut II' 6-max Seat #1 is the button
Seat 1: Joerg88 ($51.72 in chips)
Seat 5: TinaTurner72 ($141.50 in chips)
Joerg88: posts small blind $1
TinaTurner72: posts big blind $3
*** HOLE CARDS ***
Joerg88: raises $3 to $6
TinaTurner72: folds
Uncalled bet ($3) returned to Joerg88
Joerg88 collected $6 from pot
Joerg88: doesn't show hand
*** SUMMARY ***
Total pot $6 | Rake $0
Seat 1: Joerg88 (button) (small blind) collected ($6)
Seat 5: TinaTurner72 (big blind) folded before Flop


PokerStars Hand #156124075600:  Hold'em Limit ($3/$6 USD) - 2016/07/18 8:33:02 ET
Table 'Fomalhaut II' 6-max Seat #5 is the button
Seat 1: Joerg88 ($72.72 in chips)
Seat 5: TinaTurner72 ($121 in chips)
TinaTurner72: posts small blind $1
Joerg88: posts big blind $3
*** HOLE CARDS ***
TinaTurner72: raises $3 to $6
Joerg88: calls $3
*** FLOP *** [8s 6s 5c]
Joerg88: bets $3
TinaTurner72: calls $3
*** TURN *** [8s 6s 5c] [Js]
Joerg88: bets $6
TinaTurner72: calls $6
*** RIVER *** [8s 6s 5c Js] [4h]
Joerg88: bets $6
TinaTurner72: calls $6
*** SHOW DOWN ***
Joerg88: shows [Qs 3c] (high card Queen)
TinaTurner72: shows [9h Jd] (a pair of Jacks)
TinaTurner72 collected $41.50 from pot
*** SUMMARY ***
Total pot $42 | Rake $0.50
Board [8s 6s 5c Js 4h]
Seat 1: Joerg88 (big blind) showed [Qs 3c] and lost with high card Queen
Seat 5: TinaTurner72 (button) (small blind) showed [9h Jd] and won ($41.50) with a pair of Jacks


PokerStars Hand #156124131235:  Hold'em Limit ($3/$6 USD) - 2016/07/18 8:34:57 ET
Table 'Fomalhaut II' 6-max Seat #5 is the button
Seat 1: Joerg88 ($89.72 in chips)
Seat 5: TinaTurner72 ($102.14 in chips)
TinaTurner72: posts small blind $1
Joerg88: posts big blind $3
*** HOLE CARDS ***
TinaTurner72: raises $3 to $6
Joerg88: calls $3
*** FLOP *** [2c Td 6h]
Joerg88: checks
TinaTurner72: bets $3
Joerg88: folds
Uncalled bet ($3) returned to TinaTurner72
TinaTurner72 collected $11.76 from pot
TinaTurner72: doesn't show hand
*** SUMMARY ***
Total pot $12 | Rake $0.24
Board [2c Td 6h]
Seat 1: Joerg88 (big blind) folded on the Flop
Seat 5: TinaTurner72 (button) (small blind) collected ($11.76)


PokerStars Hand #156124128222:  Hold'em Limit ($3/$6 USD) - 2016/07/18 8:34:51 ET
Table 'Fomalhaut II' 6-max Seat #1 is the button
Seat 1: Joerg88 ($86.72 in chips)
Seat 5: TinaTurner72 ($105.14 in chips)
Joerg88: posts small blind $1
TinaTurner72: posts big blind $3
*** HOLE CARDS ***
Joerg88: raises $3 to $6
TinaTurner72: folds
Uncalled bet ($3) returned to Joerg88
Joerg88 collected $6 from pot
Joerg88: doesn't show hand
*** SUMMARY ***
Total pot $6 | Rake $0
Seat 1: Joerg88 (button) (small blind) collected ($6)
Seat 5: TinaTurner72 (big blind) folded before Flop


PokerStars Hand #156124106240:  Hold'em Limit ($3/$6 USD) - 2016/07/18 8:34:06 ET
Table 'Fomalhaut II' 6-max Seat #1 is the button
Seat 1: Joerg88 ($81.22 in chips)
Seat 5: TinaTurner72 ($111.50 in chips)
Joerg88: posts small blind $1
TinaTurner72: posts big blind $3
*** HOLE CARDS ***
Joerg88: raises $3 to $6
TinaTurner72: calls $3
*** FLOP *** [Kc 3c 7s]
TinaTurner72: checks
Joerg88: bets $3
TinaTurner72: raises $3 to $6
Joerg88: folds
Uncalled bet ($3) returned to TinaTurner72
TinaTurner72 collected $17.64 from pot
TinaTurner72: doesn't show hand
*** SUMMARY ***
Total pot $18 | Rake $0.36
Board [Kc 3c 7s]
Seat 1: Joerg88 (button) (small blind) folded on the Flop
Seat 5: TinaTurner72 (big blind) collected ($17.64)


PokerStars Hand #156124116851:  Hold'em Limit ($3/$6 USD) - 2016/07/18 8:34:28 ET
Table 'Fomalhaut II' 6-max Seat #5 is the button
Seat 1: Joerg88 ($72.22 in chips)
Seat 5: TinaTurner72 ($120.14 in chips)
TinaTurner72: posts small blind $1
Joerg88: posts big blind $3
*** HOLE CARDS ***
TinaTurner72: raises $3 to $6
Joerg88: calls $3
*** FLOP *** [3h 7d 6h]
Joerg88: checks
TinaTurner72: bets $3
Joerg88: calls $3
*** TURN *** [3h 7d 6h] [7h]
Joerg88: checks
TinaTurner72: bets $6
Joerg88: raises $6 to $12
TinaTurner72: folds
Uncalled bet ($6) returned to Joerg88
Joerg88 collected $29.50 from pot
Joerg88: doesn't show hand
*** SUMMARY ***
Total pot $30 | Rake $0.50
Board [3h 7d 6h 7h]
Seat 1: Joerg88 (big blind) collected ($29.50)
Seat 5: TinaTurner72 (button) (small blind) folded on the Turn


PokerStars Hand #156124156951:  Hold'em Limit ($3/$6 USD) - 2016/07/18 8:35:51 ET
Table 'Fomalhaut II' 6-max Seat #5 is the button
Seat 1: Joerg88 ($93.36 in chips)
Seat 5: TinaTurner72 ($97.90 in chips)
TinaTurner72: posts small blind $1
Joerg88: posts big blind $3
*** HOLE CARDS ***
TinaTurner72: raises $3 to $6
Joerg88: calls $3
*** FLOP *** [Ac Jh 3c]
Joerg88: checks
TinaTurner72: bets $3
Joerg88: calls $3
*** TURN *** [Ac Jh 3c] [Kc]
Joerg88: checks
TinaTurner72: checks
*** RIVER *** [Ac Jh 3c Kc] [8h]
Joerg88: checks
TinaTurner72: checks
*** SHOW DOWN ***
Joerg88: shows [9h As] (a pair of Aces)
TinaTurner72: mucks hand
Joerg88 collected $17.64 from pot
*** SUMMARY ***
Total pot $18 | Rake $0.36
Board [Ac Jh 3c Kc 8h]
Seat 1: Joerg88 (big blind) showed [9h As] and won ($17.64) with a pair of Aces
Seat 5: TinaTurner72 (button) (small blind) mucked


PokerStars Hand #156124151247:  Hold'em Limit ($3/$6 USD) - 2016/07/18 8:35:39 ET
Table 'Fomalhaut II' 6-max Seat #1 is the button
Seat 1: Joerg88 ($90.48 in chips)
Seat 5: TinaTurner72 ($100.90 in chips)
Joerg88: posts small blind $1
TinaTurner72: posts big blind $3
*** HOLE CARDS ***
Joerg88: calls $2
TinaTurner72: checks
*** FLOP *** [Ac Tc Qc]
TinaTurner72: checks
Joerg88: bets $3
TinaTurner72: folds
Uncalled bet ($3) returned to Joerg88
Joerg88 collected $5.88 from pot
Joerg88: doesn't show hand
*** SUMMARY ***
Total pot $6 | Rake $0.12
Board [Ac Tc Qc]
Seat 1: Joerg88 (button) (small blind) collected ($5.88)
Seat 5: TinaTurner72 (big blind) folded on the Flop


PokerStars Hand #156124147461:  Hold'em Limit ($3/$6 USD) - 2016/07/18 8:35:31 ET
Table 'Fomalhaut II' 6-max Seat #5 is the button
Seat 1: Joerg88 ($89.48 in chips)
Seat 5: TinaTurner72 ($101.90 in chips)
TinaTurner72: posts small blind $1
Joerg88: posts big blind $3
*** HOLE CARDS ***
TinaTurner72: folds
Uncalled bet ($2) returned to Joerg88
Joerg88 collected $2 from pot
Joerg88: doesn't show hand
*** SUMMARY ***
Total pot $2 | Rake $0
Seat 1: Joerg88 (big blind) collected ($2)
Seat 5: TinaTurner72 (button) (small blind) folded before Flop


PokerStars Hand #156124138667:  Hold'em Limit ($3/$6 USD) - 2016/07/18 8:35:13 ET
Table 'Fomalhaut II' 6-max Seat #1 is the button
Seat 1: Joerg88 ($83.72 in chips)
Seat 5: TinaTurner72 ($107.90 in chips)
Joerg88: posts small blind $1
TinaTurner72: posts big blind $3
*** HOLE CARDS ***
Joerg88: raises $3 to $6
TinaTurner72: calls $3
*** FLOP *** [4h Qs Qc]
TinaTurner72: checks
Joerg88: checks
*** TURN *** [4h Qs Qc] [3c]
TinaTurner72: checks
Joerg88: checks
*** RIVER *** [4h Qs Qc 3c] [5d]
TinaTurner72: checks
Joerg88: checks
*** SHOW DOWN ***
TinaTurner72: shows [8h Td] (a pair of Queens)
Joerg88: shows [9d Kd] (a pair of Queens - King kicker)
Joerg88 collected $11.76 from pot
*** SUMMARY ***
Total pot $12 | Rake $0.24
Board [4h Qs Qc 3c 5d]
Seat 1: Joerg88 (button) (small blind) showed [9d Kd] and won ($11.76) with a pair of Queens
Seat 5: TinaTurner72 (big blind) showed [8h Td] and lost with a pair of Queens


PokerStars Hand #156124194866:  Hold'em Limit ($3/$6 USD) - 2016/07/18 8:37:09 ET
Table 'Fomalhaut II' 6-max Seat #1 is the button
Seat 1: Joerg88 ($44 in chips)
Seat 5: TinaTurner72 ($145.42 in chips)
Joerg88: posts small blind $1
TinaTurner72: posts big blind $3
*** HOLE CARDS ***
Joerg88: folds
Uncalled bet ($2) returned to TinaTurner72
TinaTurner72 collected $2 from pot
TinaTurner72: doesn't show hand
*** SUMMARY ***
Total pot $2 | Rake $0
Seat 1: Joerg88 (button) (small blind) folded before Flop
Seat 5: TinaTurner72 (big blind) collected ($2)


PokerStars Hand #156124185019:  Hold'em Limit ($3/$6 USD) - 2016/07/18 8:36:48 ET
Table 'Fomalhaut II' 6-max Seat #5 is the button
Seat 1: Joerg88 ($68 in chips)
Seat 5: TinaTurner72 ($121.92 in chips)
TinaTurner72: posts small blind $1
Joerg88: posts big blind $3
*** HOLE CARDS ***
TinaTurner72: raises $3 to $6
Joerg88: calls $3
*** FLOP *** [5c 4h Qc]
Joerg88: checks
TinaTurner72: bets $3
Joerg88: raises $3 to $6
TinaTurner72: calls $3
*** TURN *** [5c 4h Qc] [7s]
Joerg88: bets $6
TinaTurner72: calls $6
*** RIVER *** [5c 4h Qc 7s] [Qh]
Joerg88: bets $6
TinaTurner72: raises $6 to $12
Joerg88: folds
Uncalled bet ($6) returned to TinaTurner72
TinaTurner72 collected $47.50 from pot
TinaTurner72: doesn't show hand
*** SUMMARY ***
Total pot $48 | Rake $0.50
Board [5c 4h Qc 7s Qh]
Seat 1: Joerg88 (big blind) folded on the River
Seat 5: TinaTurner72 (button) (small blind) collected ($47.50)


PokerStars Hand #156124182641:  Hold'em Limit ($3/$6 USD) - 2016/07/18 8:36:43 ET
Table 'Fomalhaut II' 6-max Seat #1 is the button
Seat 1: Joerg88 ($69 in chips)
Seat 5: TinaTurner72 ($120.92 in chips)
Joerg88: posts small blind $1
TinaTurner72: posts big blind $3
*** HOLE CARDS ***
Joerg88: folds
Uncalled bet ($2) returned to TinaTurner72
TinaTurner72 collected $2 from pot
TinaTurner72: doesn't show hand
*** SUMMARY ***
Total pot $2 | Rake $0
Seat 1: Joerg88 (button) (small blind) folded before Flop
Seat 5: TinaTurner72 (big blind) collected ($2)


PokerStars Hand #156124173574:  Hold'em Limit ($3/$6 USD) - 2016/07/18 8:36:25 ET
Table 'Fomalhaut II' 6-max Seat #5 is the button
Seat 1: Joerg88 ($90 in chips)
Seat 5: TinaTurner72 ($100.42 in chips)
TinaTurner72: posts small blind $1
Joerg88: posts big blind $3
*** HOLE CARDS ***
TinaTurner72: raises $3 to $6
Joerg88: calls $3
*** FLOP *** [2h 6s 7s]
Joerg88: checks
TinaTurner72: bets $3
Joerg88: calls $3
*** TURN *** [2h 6s 7s] [Tc]
Joerg88: checks
TinaTurner72: bets $6
Joerg88: calls $6
*** RIVER *** [2h 6s 7s Tc] [Qc]
Joerg88: checks
TinaTurner72: bets $6
Joerg88: calls $6
*** SHOW DOWN ***
TinaTurner72: shows [Kh Kd] (a pair of Kings)
Joerg88: mucks hand
TinaTurner72 collected $41.50 from pot
*** SUMMARY ***
Total pot $42 | Rake $0.50
Board [2h 6s 7s Tc Qc]
Seat 1: Joerg88 (big blind) mucked
Seat 5: TinaTurner72 (button) (small blind) showed [Kh Kd] and won ($41.50) with a pair of Kings


PokerStars Hand #156124165550:  Hold'em Limit ($3/$6 USD) - 2016/07/18 8:36:08 ET
Table 'Fomalhaut II' 6-max Seat #1 is the button
Seat 1: Joerg88 ($102 in chips)
Seat 5: TinaTurner72 ($88.90 in chips)
Joerg88: posts small blind $1
TinaTurner72: posts big blind $3
*** HOLE CARDS ***
Joerg88: raises $3 to $6
TinaTurner72: raises $3 to $9
Joerg88: calls $3
*** FLOP *** [9s 7d Kc]
TinaTurner72: bets $3
Joerg88: calls $3
*** TURN *** [9s 7d Kc] [6s]
TinaTurner72: checks
Joerg88: checks
*** RIVER *** [9s 7d Kc 6s] [6h]
TinaTurner72: checks
Joerg88: checks
*** SHOW DOWN ***
TinaTurner72: shows [3c 3d] (two pair, Sixes and Threes)
Joerg88: mucks hand
TinaTurner72 collected $23.52 from pot
*** SUMMARY ***
Total pot $24 | Rake $0.48
Board [9s 7d Kc 6s 6h]
Seat 1: Joerg88 (button) (small blind) mucked
Seat 5: TinaTurner72 (big blind) showed [3c 3d] and won ($23.52) with two pair, Sixes and Threes


PokerStars Hand #156124222789:  Hold'em Limit ($3/$6 USD) - 2016/07/18 8:38:06 ET
Table 'Fomalhaut II' 6-max Seat #5 is the button
Seat 1: Joerg88 ($32.64 in chips)
Seat 5: TinaTurner72 ($155.70 in chips)
TinaTurner72: posts small blind $1
Joerg88: posts big blind $3
*** HOLE CARDS ***
TinaTurner72: raises $3 to $6
Joerg88: folds
Uncalled bet ($3) returned to TinaTurner72
TinaTurner72 collected $6 from pot
TinaTurner72: doesn't show hand
*** SUMMARY ***
Total pot $6 | Rake $0
Seat 1: Joerg88 (big blind) folded before Flop
Seat 5: TinaTurner72 (button) (small blind) collected ($6)


PokerStars Hand #156124220562:  Hold'em Limit ($3/$6 USD) - 2016/07/18 8:38:01 ET
Table 'Fomalhaut II' 6-max Seat #1 is the button
Seat 1: Joerg88 ($33.64 in chips)
Seat 5: TinaTurner72 ($154.70 in chips)
Joerg88: posts small blind $1
TinaTurner72: posts big blind $3
*** HOLE CARDS ***
Joerg88: folds
Uncalled bet ($2) returned to TinaTurner72
TinaTurner72 collected $2 from pot
TinaTurner72: doesn't show hand
*** SUMMARY ***
Total pot $2 | Rake $0
Seat 1: Joerg88 (button) (small blind) folded before Flop
Seat 5: TinaTurner72 (big blind) collected ($2)


PokerStars Hand #156124215488:  Hold'em Limit ($3/$6 USD) - 2016/07/18 8:37:51 ET
Table 'Fomalhaut II' 6-max Seat #5 is the button
Seat 1: Joerg88 ($39.64 in chips)
Seat 5: TinaTurner72 ($148.94 in chips)
TinaTurner72: posts small blind $1
Joerg88: posts big blind $3
*** HOLE CARDS ***
TinaTurner72: raises $3 to $6
Joerg88: calls $3
*** FLOP *** [7d Ts 6h]
Joerg88: checks
TinaTurner72: bets $3
Joerg88: folds
Uncalled bet ($3) returned to TinaTurner72
TinaTurner72 collected $11.76 from pot
TinaTurner72: doesn't show hand
*** SUMMARY ***
Total pot $12 | Rake $0.24
Board [7d Ts 6h]
Seat 1: Joerg88 (big blind) folded on the Flop
Seat 5: TinaTurner72 (button) (small blind) collected ($11.76)


PokerStars Hand #156124208533:  Hold'em Limit ($3/$6 USD) - 2016/07/18 8:37:37 ET
Table 'Fomalhaut II' 6-max Seat #1 is the button
Seat 1: Joerg88 ($51.64 in chips)
Seat 5: TinaTurner72 ($137.42 in chips)
Joerg88: posts small blind $1
TinaTurner72: posts big blind $3
*** HOLE CARDS ***
Joerg88: raises $3 to $6
TinaTurner72: calls $3
*** FLOP *** [3s 2c 2h]
TinaTurner72: checks
Joerg88: checks
*** TURN *** [3s 2c 2h] [Th]
TinaTurner72: checks
Joerg88: checks
*** RIVER *** [3s 2c 2h Th] [5s]
TinaTurner72: bets $6
Joerg88: calls $6
*** SHOW DOWN ***
TinaTurner72: shows [6s 4c] (a straight, Deuce to Six)
Joerg88: mucks hand
TinaTurner72 collected $23.52 from pot
*** SUMMARY ***
Total pot $24 | Rake $0.48
Board [3s 2c 2h Th 5s]
Seat 1: Joerg88 (button) (small blind) mucked
Seat 5: TinaTurner72 (big blind) showed [6s 4c] and won ($23.52) with a straight, Deuce to Six


PokerStars Hand #156124206441:  Hold'em Limit ($3/$6 USD) - 2016/07/18 8:37:32 ET
Table 'Fomalhaut II' 6-max Seat #5 is the button
Seat 1: Joerg88 ($50.64 in chips)
Seat 5: TinaTurner72 ($138.42 in chips)
TinaTurner72: posts small blind $1
Joerg88: posts big blind $3
*** HOLE CARDS ***
TinaTurner72: folds
Uncalled bet ($2) returned to Joerg88
Joerg88 collected $2 from pot
Joerg88: doesn't show hand
*** SUMMARY ***
Total pot $2 | Rake $0
Seat 1: Joerg88 (big blind) collected ($2)
Seat 5: TinaTurner72 (button) (small blind) folded before Flop


PokerStars Hand #156124204173:  Hold'em Limit ($3/$6 USD) - 2016/07/18 8:37:28 ET
Table 'Fomalhaut II' 6-max Seat #1 is the button
Seat 1: Joerg88 ($51.64 in chips)
Seat 5: TinaTurner72 ($137.42 in chips)
Joerg88: posts small blind $1
TinaTurner72: posts big blind $3
*** HOLE CARDS ***
Joerg88: folds
Uncalled bet ($2) returned to TinaTurner72
TinaTurner72 collected $2 from pot
TinaTurner72: doesn't show hand
*** SUMMARY ***
Total pot $2 | Rake $0
Seat 1: Joerg88 (button) (small blind) folded before Flop
Seat 5: TinaTurner72 (big blind) collected ($2)


PokerStars Hand #156124197080:  Hold'em Limit ($3/$6 USD) - 2016/07/18 8:37:13 ET
Table 'Fomalhaut II' 6-max Seat #5 is the button
Seat 1: Joerg88 ($43 in chips)
Seat 5: TinaTurner72 ($146.42 in chips)
TinaTurner72: posts small blind $1
Joerg88: posts big blind $3
*** HOLE CARDS ***
TinaTurner72: raises $3 to $6
Joerg88: raises $3 to $9
TinaTurner72: calls $3
*** FLOP *** [8c 6s 2c]
Joerg88: checks
TinaTurner72: checks
*** TURN *** [8c 6s 2c] [2d]
Joerg88: checks
TinaTurner72: checks
*** RIVER *** [8c 6s 2c 2d] [7h]
Joerg88: checks
TinaTurner72: checks
*** SHOW DOWN ***
Joerg88: shows [As Kh] (a pair of Deuces)
TinaTurner72: mucks hand
Joerg88 collected $17.64 from pot
*** SUMMARY ***
Total pot $18 | Rake $0.36
Board [8c 6s 2c 2d 7h]
Seat 1: Joerg88 (big blind) showed [As Kh] and won ($17.64) with a pair of Deuces
Seat 5: TinaTurner72 (button) (small blind) mucked


PokerStars Hand #156124256314:  Hold'em Limit ($3/$6 USD) - 2016/07/18 8:39:15 ET
Table 'Fomalhaut II' 6-max Seat #1 is the button
Seat 1: Joerg88 ($60.20 in chips)
Seat 5: TinaTurner72 ($126.70 in chips)
Joerg88: posts small blind $1
TinaTurner72: posts big blind $3
*** HOLE CARDS ***
Joerg88: raises $3 to $6
TinaTurner72: folds
Uncalled bet ($3) returned to Joerg88
Joerg88 collected $6 from pot
Joerg88: doesn't show hand
*** SUMMARY ***
Total pot $6 | Rake $0
Seat 1: Joerg88 (button) (small blind) collected ($6)
Seat 5: TinaTurner72 (big blind) folded before Flop


PokerStars Hand #156124249931:  Hold'em Limit ($3/$6 USD) - 2016/07/18 8:39:02 ET
Table 'Fomalhaut II' 6-max Seat #5 is the button
Seat 1: Joerg88 ($51.56 in chips)
Seat 5: TinaTurner72 ($135.70 in chips)
TinaTurner72: posts small blind $1
Joerg88: posts big blind $3
*** HOLE CARDS ***
TinaTurner72: raises $3 to $6
Joerg88: calls $3
*** FLOP *** [Td 5s 6s]
Joerg88: checks
TinaTurner72: bets $3
Joerg88: calls $3
*** TURN *** [Td 5s 6s] [9c]
Joerg88: checks
TinaTurner72: checks
*** RIVER *** [Td 5s 6s 9c] [Ac]
Joerg88: checks
TinaTurner72: checks
*** SHOW DOWN ***
Joerg88: shows [3c 6c] (a pair of Sixes)
TinaTurner72: mucks hand
Joerg88 collected $17.64 from pot
*** SUMMARY ***
Total pot $18 | Rake $0.36
Board [Td 5s 6s 9c Ac]
Seat 1: Joerg88 (big blind) showed [3c 6c] and won ($17.64) with a pair of Sixes
Seat 5: TinaTurner72 (button) (small blind) mucked


PokerStars Hand #156124247762:  Hold'em Limit ($3/$6 USD) - 2016/07/18 8:38:57 ET
Table 'Fomalhaut II' 6-max Seat #1 is the button
Seat 1: Joerg88 ($52.56 in chips)
Seat 5: TinaTurner72 ($134.70 in chips)
Joerg88: posts small blind $1
TinaTurner72: posts big blind $3
*** HOLE CARDS ***
Joerg88: folds
Uncalled bet ($2) returned to TinaTurner72
TinaTurner72 collected $2 from pot
TinaTurner72: doesn't show hand
*** SUMMARY ***
Total pot $2 | Rake $0
Seat 1: Joerg88 (button) (small blind) folded before Flop
Seat 5: TinaTurner72 (big blind) collected ($2)


PokerStars Hand #156124240367:  Hold'em Limit ($3/$6 USD) - 2016/07/18 8:38:42 ET
Table 'Fomalhaut II' 6-max Seat #5 is the button
Seat 1: Joerg88 ($41.04 in chips)
Seat 5: TinaTurner72 ($146.70 in chips)
TinaTurner72: posts small blind $1
Joerg88: posts big blind $3
*** HOLE CARDS ***
TinaTurner72: raises $3 to $6
Joerg88: calls $3
*** FLOP *** [6c Th 7d]
Joerg88: checks
TinaTurner72: checks
*** TURN *** [6c Th 7d] [Ad]
Joerg88: checks
TinaTurner72: checks
*** RIVER *** [6c Th 7d Ad] [Js]
Joerg88: checks
TinaTurner72: bets $6
Joerg88: calls $6
*** SHOW DOWN ***
TinaTurner72: shows [4s Jc] (a pair of Jacks)
Joerg88: shows [4c As] (a pair of Aces)
Joerg88 collected $23.52 from pot
*** SUMMARY ***
Total pot $24 | Rake $0.48
Board [6c Th 7d Ad Js]
Seat 1: Joerg88 (big blind) showed [4c As] and won ($23.52) with a pair of Aces
Seat 5: TinaTurner72 (button) (small blind) showed [4s Jc] and lost with a pair of Jacks


PokerStars Hand #156124234264:  Hold'em Limit ($3/$6 USD) - 2016/07/18 8:38:29 ET
Table 'Fomalhaut II' 6-max Seat #1 is the button
Seat 1: Joerg88 ($35.28 in chips)
Seat 5: TinaTurner72 ($152.70 in chips)
Joerg88: posts small blind $1
TinaTurner72: posts big blind $3
*** HOLE CARDS ***
Joerg88: raises $3 to $6
TinaTurner72: calls $3
*** FLOP *** [Ah 2c Kd]
TinaTurner72: checks
Joerg88: checks
*** TURN *** [Ah 2c Kd] [Td]
TinaTurner72: checks
Joerg88: bets $6
TinaTurner72: folds
Uncalled bet ($6) returned to Joerg88
Joerg88 collected $11.76 from pot
Joerg88: doesn't show hand
*** SUMMARY ***
Total pot $12 | Rake $0.24
Board [Ah 2c Kd Td]
Seat 1: Joerg88 (button) (small blind) collected ($11.76)
Seat 5: TinaTurner72 (big blind) folded on the Turn


PokerStars Hand #156124231778:  Hold'em Limit ($3/$6 USD) - 2016/07/18 8:38:24 ET
Table 'Fomalhaut II' 6-max Seat #5 is the button
Seat 1: Joerg88 ($38.28 in chips)
Seat 5: TinaTurner72 ($149.70 in chips)
TinaTurner72: posts small blind $1
Joerg88: posts big blind $3
*** HOLE CARDS ***
TinaTurner72: raises $3 to $6
Joerg88: folds
Uncalled bet ($3) returned to TinaTurner72
TinaTurner72 collected $6 from pot
TinaTurner72: doesn't show hand
*** SUMMARY ***
Total pot $6 | Rake $0
Seat 1: Joerg88 (big blind) folded before Flop
Seat 5: TinaTurner72 (button) (small blind) collected ($6)


PokerStars Hand #156124225333:  Hold'em Limit ($3/$6 USD) - 2016/07/18 8:38:11 ET
Table 'Fomalhaut II' 6-max Seat #1 is the button
Seat 1: Joerg88 ($29.64 in chips)
Seat 5: TinaTurner72 ($158.70 in chips)
Joerg88: posts small blind $1
TinaTurner72: posts big blind $3
*** HOLE CARDS ***
Joerg88: raises $3 to $6
TinaTurner72: calls $3
*** FLOP *** [9d 2d 7h]
TinaTurner72: checks
Joerg88: bets $3
TinaTurner72: calls $3
*** TURN *** [9d 2d 7h] [Jc]
TinaTurner72: checks
Joerg88: checks
*** RIVER *** [9d 2d 7h Jc] [5s]
TinaTurner72: checks
Joerg88: checks
*** SHOW DOWN ***
TinaTurner72: shows [6h Kc] (high card King)
Joerg88: shows [3s 2s] (a pair of Deuces)
Joerg88 collected $17.64 from pot
*** SUMMARY ***
Total pot $18 | Rake $0.36
Board [9d 2d 7h Jc 5s]
Seat 1: Joerg88 (button) (small blind) showed [3s 2s] and won ($17.64) with a pair of Deuces
Seat 5: TinaTurner72 (big blind) showed [6h Kc] and lost with high card King


PokerStars Hand #156124277581:  Hold'em Limit ($3/$6 USD) - 2016/07/18 8:39:59 ET
Table 'Fomalhaut II' 6-max Seat #1 is the button
Seat 1: Joerg88 ($79.70 in chips)
Seat 5: TinaTurner72 ($106.34 in chips)
Joerg88: posts small blind $1
TinaTurner72: posts big blind $3
*** HOLE CARDS ***
Joerg88: raises $3 to $6
TinaTurner72: calls $3
*** FLOP *** [Js 6d Qs]
TinaTurner72: checks
Joerg88: checks
*** TURN *** [Js 6d Qs] [2d]
TinaTurner72: bets $6
Joerg88: calls $6
*** RIVER *** [Js 6d Qs 2d] [8d]
TinaTurner72: bets $6
Joerg88: calls $6
*** SHOW DOWN ***
TinaTurner72: shows [4c Jc] (a pair of Jacks)
Joerg88: mucks hand
TinaTurner72 collected $35.50 from pot
*** SUMMARY ***
Total pot $36 | Rake $0.50
Board [Js 6d Qs 2d 8d]
Seat 1: Joerg88 (button) (small blind) mucked
Seat 5: TinaTurner72 (big blind) showed [4c Jc] and won ($35.50) with a pair of Jacks


PokerStars Hand #156124271107:  Hold'em Limit ($3/$6 USD) - 2016/07/18 8:39:46 ET
Table 'Fomalhaut II' 6-max Seat #5 is the button
Seat 1: Joerg88 ($88.70 in chips)
Seat 5: TinaTurner72 ($97.70 in chips)
TinaTurner72: posts small blind $1
Joerg88: posts big blind $3
*** HOLE CARDS ***
TinaTurner72: raises $3 to $6
Joerg88: calls $3
*** FLOP *** [As Kc 6s]
Joerg88: checks
TinaTurner72: bets $3
Joerg88: calls $3
*** TURN *** [As Kc 6s] [Qs]
Joerg88: checks
TinaTurner72: bets $6
Joerg88: folds
Uncalled bet ($6) returned to TinaTurner72
TinaTurner72 collected $17.64 from pot
TinaTurner72: doesn't show hand
*** SUMMARY ***
Total pot $18 | Rake $0.36
Board [As Kc 6s Qs]
Seat 1: Joerg88 (big blind) folded on the Turn
Seat 5: TinaTurner72 (button) (small blind) collected ($17.64)


PokerStars Hand #156124268832:  Hold'em Limit ($3/$6 USD) - 2016/07/18 8:39:41 ET
Table 'Fomalhaut II' 6-max Seat #1 is the button
Seat 1: Joerg88 ($89.70 in chips)
Seat 5: TinaTurner72 ($96.70 in chips)
Joerg88: posts small blind $1
TinaTurner72: posts big blind $3
*** HOLE CARDS ***
Joerg88: folds
Uncalled bet ($2) returned to TinaTurner72
TinaTurner72 collected $2 from pot
TinaTurner72: doesn't show hand
*** SUMMARY ***
Total pot $2 | Rake $0
Seat 1: Joerg88 (button) (small blind) folded before Flop
Seat 5: TinaTurner72 (big blind) collected ($2)


PokerStars Hand #156124259212:  Hold'em Limit ($3/$6 USD) - 2016/07/18 8:39:21 ET
Table 'Fomalhaut II' 6-max Seat #5 is the button
Seat 1: Joerg88 ($63.20 in chips)
Seat 5: TinaTurner72 ($123.70 in chips)
TinaTurner72: posts small blind $1
Joerg88: posts big blind $3
*** HOLE CARDS ***
TinaTurner72: raises $3 to $6
Joerg88: calls $3
*** FLOP *** [8s 6d 2d]
Joerg88: checks
TinaTurner72: bets $3
Joerg88: calls $3
*** TURN *** [8s 6d 2d] [6c]
Joerg88: checks
TinaTurner72: bets $6
Joerg88: raises $6 to $12
TinaTurner72: calls $6
*** RIVER *** [8s 6d 2d 6c] [Kc]
Joerg88: bets $6
TinaTurner72: calls $6
*** SHOW DOWN ***
Joerg88: shows [8h 8c] (a full house, Eights full of Sixes)
TinaTurner72: mucks hand
Joerg88 collected $53.50 from pot
*** SUMMARY ***
Total pot $54 | Rake $0.50
Board [8s 6d 2d 6c Kc]
Seat 1: Joerg88 (big blind) showed [8h 8c] and won ($53.50) with a full house, Eights full of Sixes
Seat 5: TinaTurner72 (button) (small blind) mucked


PokerStars Hand #156124306322:  Hold'em Limit ($3/$6 USD) - 2016/07/18 8:40:58 ET
Table 'Fomalhaut II' 6-max Seat #1 is the button
Seat 1: Joerg88 ($102.70 in chips)
Seat 5: TinaTurner72 ($81.84 in chips)
Joerg88: posts small blind $1
TinaTurner72: posts big blind $3
*** HOLE CARDS ***
Joerg88: raises $3 to $6
TinaTurner72: calls $3
*** FLOP *** [Td 8s 5h]
TinaTurner72: checks
Joerg88: checks
*** TURN *** [Td 8s 5h] [2d]
TinaTurner72: bets $6
Joerg88: raises $6 to $12
TinaTurner72: calls $6
*** RIVER *** [Td 8s 5h 2d] [2c]
TinaTurner72: checks
Joerg88: bets $6
TinaTurner72: calls $6
*** SHOW DOWN ***
Joerg88: shows [Th Tc] (a full house, Tens full of Deuces)
TinaTurner72: mucks hand
Joerg88 collected $47.50 from pot
*** SUMMARY ***
Total pot $48 | Rake $0.50
Board [Td 8s 5h 2d 2c]
Seat 1: Joerg88 (button) (small blind) showed [Th Tc] and won ($47.50) with a full house, Tens full of Deuces
Seat 5: TinaTurner72 (big blind) mucked


PokerStars Hand #156124303188:  Hold'em Limit ($3/$6 USD) - 2016/07/18 8:40:52 ET
Table 'Fomalhaut II' 6-max Seat #5 is the button
Seat 1: Joerg88 ($105.70 in chips)
Seat 5: TinaTurner72 ($78.84 in chips)
TinaTurner72: posts small blind $1
Joerg88: posts big blind $3
*** HOLE CARDS ***
TinaTurner72: raises $3 to $6
Joerg88: folds
Uncalled bet ($3) returned to TinaTurner72
TinaTurner72 collected $6 from pot
TinaTurner72: doesn't show hand
*** SUMMARY ***
Total pot $6 | Rake $0
Seat 1: Joerg88 (big blind) folded before Flop
Seat 5: TinaTurner72 (button) (small blind) collected ($6)


PokerStars Hand #156124294472:  Hold'em Limit ($3/$6 USD) - 2016/07/18 8:40:34 ET
Table 'Fomalhaut II' 6-max Seat #1 is the button
Seat 1: Joerg88 ($85.20 in chips)
Seat 5: TinaTurner72 ($99.84 in chips)
Joerg88: posts small blind $1
TinaTurner72: posts big blind $3
*** HOLE CARDS ***
Joerg88: calls $2
TinaTurner72: checks
*** FLOP *** [2h 4c 7h]
TinaTurner72: checks
Joerg88: bets $3
TinaTurner72: raises $3 to $6
Joerg88: calls $3
*** TURN *** [2h 4c 7h] [As]
TinaTurner72: bets $6
Joerg88: calls $6
*** RIVER *** [2h 4c 7h As] [9c]
TinaTurner72: bets $6
Joerg88: calls $6
*** SHOW DOWN ***
TinaTurner72: shows [8d 7s] (a pair of Sevens)
Joerg88: shows [Js 7d] (a pair of Sevens - Ace+Jack kicker)
Joerg88 collected $41.50 from pot
*** SUMMARY ***
Total pot $42 | Rake $0.50
Board [2h 4c 7h As 9c]
Seat 1: Joerg88 (button) (small blind) showed [Js 7d] and won ($41.50) with a pair of Sevens
Seat 5: TinaTurner72 (big blind) showed [8d 7s] and lost with a pair of Sevens


PokerStars Hand #156124284325:  Hold'em Limit ($3/$6 USD) - 2016/07/18 8:40:13 ET
Table 'Fomalhaut II' 6-max Seat #5 is the button
Seat 1: Joerg88 ($61.70 in chips)
Seat 5: TinaTurner72 ($123.84 in chips)
TinaTurner72: posts small blind $1
Joerg88: posts big blind $3
*** HOLE CARDS ***
TinaTurner72: raises $3 to $6
Joerg88: raises $3 to $9
TinaTurner72: calls $3
*** FLOP *** [2d 8d 9s]
Joerg88: bets $3
TinaTurner72: calls $3
*** TURN *** [2d 8d 9s] [6c]
Joerg88: bets $6
TinaTurner72: raises $6 to $12
Joerg88: calls $6
*** RIVER *** [2d 8d 9s 6c] [8h]
Joerg88: bets $6
TinaTurner72: folds
Uncalled bet ($6) returned to Joerg88
Joerg88 collected $47.50 from pot
Joerg88: doesn't show hand
*** SUMMARY ***
Total pot $48 | Rake $0.50
Board [2d 8d 9s 6c 8h]
Seat 1: Joerg88 (big blind) collected ($47.50)
Seat 5: TinaTurner72 (button) (small blind) folded on the River


PokerStars Hand #156124315209:  Hold'em Limit ($3/$6 USD) - 2016/07/18 8:41:17 ET
Table 'Fomalhaut II' 6-max Seat #5 is the button
Seat 1: Joerg88 ($126.20 in chips)
Seat 5: TinaTurner72 ($57.84 in chips)
TinaTurner72: posts small blind $1
Joerg88: posts big blind $3
*** HOLE CARDS ***
TinaTurner72: raises $3 to $6
Joerg88: calls $3
*** FLOP *** [8s 9s Jc]
Joerg88: checks
TinaTurner72: checks
*** TURN *** [8s 9s Jc] [8d]
Joerg88: checks
TinaTurner72: bets $6
Joerg88: calls $6
*** RIVER *** [8s 9s Jc 8d] [6c]
Joerg88: checks
TinaTurner72: checks
*** SHOW DOWN ***
Joerg88: shows [Qd 9c] (two pair, Nines and Eights)
TinaTurner72: mucks hand
Joerg88 collected $23.52 from pot
*** SUMMARY ***
Total pot $24 | Rake $0.48
Board [8s 9s Jc 8d 6c]
Seat 1: Joerg88 (big blind) showed [Qd 9c] and won ($23.52) with two pair, Nines and Eights
Seat 5: TinaTurner72 (button) (small blind) mucked


PokerStars Hand #156124334970:  Hold'em Limit ($3/$6 USD) - 2016/07/18 8:41:57 ET
Table 'Fomalhaut II' 6-max Seat #1 is the button
Seat 1: Joerg88 ($151.22 in chips)
Seat 5: TinaTurner72 ($31.84 in chips)
Joerg88: posts small blind $1
TinaTurner72: posts big blind $3
*** HOLE CARDS ***
Joerg88: raises $3 to $6
TinaTurner72: calls $3
*** FLOP *** [Kc Th 2h]
TinaTurner72: checks
Joerg88: checks
*** TURN *** [Kc Th 2h] [5d]
TinaTurner72: bets $6
Joerg88: calls $6
*** RIVER *** [Kc Th 2h 5d] [Tc]
TinaTurner72: checks
Joerg88: checks
*** SHOW DOWN ***
TinaTurner72: shows [8h 5s] (two pair, Tens and Fives)
Joerg88: mucks hand
TinaTurner72 collected $23.52 from pot
*** SUMMARY ***
Total pot $24 | Rake $0.48
Board [Kc Th 2h 5d Tc]
Seat 1: Joerg88 (button) (small blind) mucked
Seat 5: TinaTurner72 (big blind) showed [8h 5s] and won ($23.52) with two pair, Tens and Fives


PokerStars Hand #156124325310:  Hold'em Limit ($3/$6 USD) - 2016/07/18 8:41:37 ET
Table 'Fomalhaut II' 6-max Seat #5 is the button
Seat 1: Joerg88 ($136.72 in chips)
Seat 5: TinaTurner72 ($46.84 in chips)
TinaTurner72: posts small blind $1
Joerg88: posts big blind $3
*** HOLE CARDS ***
TinaTurner72: raises $3 to $6
Joerg88: calls $3
*** FLOP *** [5d 7h Ac]
Joerg88: checks
TinaTurner72: bets $3
Joerg88: calls $3
*** TURN *** [5d 7h Ac] [Jh]
Joerg88: checks
TinaTurner72: checks
*** RIVER *** [5d 7h Ac Jh] [9d]
Joerg88: bets $6
TinaTurner72: calls $6
*** SHOW DOWN ***
Joerg88: shows [As 4s] (a pair of Aces)
TinaTurner72: mucks hand
Joerg88 collected $29.50 from pot
*** SUMMARY ***
Total pot $30 | Rake $0.50
Board [5d 7h Ac Jh 9d]
Seat 1: Joerg88 (big blind) showed [As 4s] and won ($29.50) with a pair of Aces
Seat 5: TinaTurner72 (button) (small blind) mucked


PokerStars Hand #156124322871:  Hold'em Limit ($3/$6 USD) - 2016/07/18 8:41:32 ET
Table 'Fomalhaut II' 6-max Seat #1 is the button
Seat 1: Joerg88 ($137.72 in chips)
Seat 5: TinaTurner72 ($45.84 in chips)
Joerg88: posts small blind $1
TinaTurner72: posts big blind $3
*** HOLE CARDS ***
Joerg88: folds
Uncalled bet ($2) returned to TinaTurner72
TinaTurner72 collected $2 from pot
TinaTurner72: doesn't show hand
*** SUMMARY ***
Total pot $2 | Rake $0
Seat 1: Joerg88 (button) (small blind) folded before Flop
Seat 5: TinaTurner72 (big blind) collected ($2)


PokerStars Hand #156124373815:  Hold'em Limit ($3/$6 USD) - 2016/07/18 8:43:17 ET
Table 'Fomalhaut II' 6-max Seat #5 is the button
Seat 1: Joerg88 ($156.13 in chips)
Seat 5: TinaTurner72 ($25.11 in chips)
TinaTurner72: posts small blind $1
Joerg88: posts big blind $3
*** HOLE CARDS ***
TinaTurner72: raises $3 to $6
Joerg88: folds
Uncalled bet ($3) returned to TinaTurner72
TinaTurner72 collected $6 from pot
TinaTurner72: doesn't show hand
*** SUMMARY ***
Total pot $6 | Rake $0
Seat 1: Joerg88 (big blind) folded before Flop
Seat 5: TinaTurner72 (button) (small blind) collected ($6)


PokerStars Hand #156124366766:  Hold'em Limit ($3/$6 USD) - 2016/07/18 8:43:02 ET
Table 'Fomalhaut II' 6-max Seat #1 is the button
Seat 1: Joerg88 ($144.61 in chips)
Seat 5: TinaTurner72 ($37.11 in chips)
Joerg88: posts small blind $1
TinaTurner72: posts big blind $3
*** HOLE CARDS ***
Joerg88: raises $3 to $6
TinaTurner72: raises $3 to $9
Joerg88: calls $3
*** FLOP *** [9d 4h 2c]
TinaTurner72: bets $3
Joerg88: calls $3
*** TURN *** [9d 4h 2c] [Th]
TinaTurner72: checks
Joerg88: checks
*** RIVER *** [9d 4h 2c Th] [Td]
TinaTurner72: checks
Joerg88: checks
*** SHOW DOWN ***
TinaTurner72: shows [Qs Kh] (a pair of Tens)
Joerg88: shows [7c 9s] (two pair, Tens and Nines)
Joerg88 collected $23.52 from pot
*** SUMMARY ***
Total pot $24 | Rake $0.48
Board [9d 4h 2c Th Td]
Seat 1: Joerg88 (button) (small blind) showed [7c 9s] and won ($23.52) with two pair, Tens and Nines
Seat 5: TinaTurner72 (big blind) showed [Qs Kh] and lost with a pair of Tens


PokerStars Hand #156124358292:  Hold'em Limit ($3/$6 USD) - 2016/07/18 8:42:45 ET
Table 'Fomalhaut II' 6-max Seat #5 is the button
Seat 1: Joerg88 ($147.61 in chips)
Seat 5: TinaTurner72 ($34.11 in chips)
TinaTurner72: posts small blind $1
Joerg88: posts big blind $3
*** HOLE CARDS ***
TinaTurner72: raises $3 to $6
Joerg88: folds
Uncalled bet ($3) returned to TinaTurner72
TinaTurner72 collected $6 from pot
TinaTurner72: doesn't show hand
*** SUMMARY ***
Total pot $6 | Rake $0
Seat 1: Joerg88 (big blind) folded before Flop
Seat 5: TinaTurner72 (button) (small blind) collected ($6)


PokerStars Hand #156124350573:  Hold'em Limit ($3/$6 USD) - 2016/07/18 8:42:29 ET
Table 'Fomalhaut II' 6-max Seat #1 is the button
Seat 1: Joerg88 ($138.97 in chips)
Seat 5: TinaTurner72 ($43.11 in chips)
Joerg88: posts small blind $1
TinaTurner72: posts big blind $3
*** HOLE CARDS ***
Joerg88: raises $3 to $6
TinaTurner72: calls $3
*** FLOP *** [4s Th 6h]
TinaTurner72: checks
Joerg88: bets $3
TinaTurner72: calls $3
*** TURN *** [4s Th 6h] [3d]
TinaTurner72: checks
Joerg88: checks
*** RIVER *** [4s Th 6h 3d] [4h]
TinaTurner72: checks
Joerg88: checks
*** SHOW DOWN ***
TinaTurner72: shows [5d Kd] (a pair of Fours)
Joerg88: shows [Kc Jh] (a pair of Fours - King+Jack kicker)
Joerg88 collected $17.64 from pot
*** SUMMARY ***
Total pot $18 | Rake $0.36
Board [4s Th 6h 3d 4h]
Seat 1: Joerg88 (button) (small blind) showed [Kc Jh] and won ($17.64) with a pair of Fours
Seat 5: TinaTurner72 (big blind) showed [5d Kd] and lost with a pair of Fours


PokerStars Hand #156124342550:  Hold'em Limit ($3/$6 USD) - 2016/07/18 8:42:13 ET
Table 'Fomalhaut II' 6-max Seat #5 is the button
Seat 1: Joerg88 ($139.22 in chips)
Seat 5: TinaTurner72 ($43.36 in chips)
TinaTurner72: posts small blind $1
Joerg88: posts big blind $3
*** HOLE CARDS ***
TinaTurner72: raises $3 to $6
Joerg88: calls $3
*** FLOP *** [5h 4s Td]
Joerg88: checks
TinaTurner72: bets $3
Joerg88: calls $3
*** TURN *** [5h 4s Td] [5d]
Joerg88: checks
TinaTurner72: bets $6
Joerg88: calls $6
*** RIVER *** [5h 4s Td 5d] [Ks]
Joerg88: checks
TinaTurner72: checks
*** SHOW DOWN ***
Joerg88: shows [4h Qh] (two pair, Fives and Fours)
TinaTurner72: shows [4c Jh] (two pair, Fives and Fours)
Joerg88 collected $14.75 from pot
TinaTurner72 collected $14.75 from pot
*** SUMMARY ***
Total pot $30 | Rake $0.50
Board [5h 4s Td 5d Ks]
Seat 1: Joerg88 (big blind) showed [4h Qh] and won ($14.75) with two pair, Fives and Fours
Seat 5: TinaTurner72 (button) (small blind) showed [4c Jh] and won ($14.75) with two pair, Fives and Fours


PokerStars Hand #156124378438:  Hold'em Limit ($3/$6 USD) - 2016/07/18 8:43:26 ET
Table 'Fomalhaut II' 6-max Seat #5 is the button
Seat 1: Joerg88 ($152.13 in chips)
Seat 5: TinaTurner72 ($29.11 in chips)
TinaTurner72: posts small blind $1
Joerg88: posts big blind $3
*** HOLE CARDS ***
TinaTurner72: raises $3 to $6
Joerg88: folds
Uncalled bet ($3) returned to TinaTurner72
TinaTurner72 collected $6 from pot
TinaTurner72: doesn't show hand
*** SUMMARY ***
Total pot $6 | Rake $0
Seat 1: Joerg88 (big blind) folded before Flop
Seat 5: TinaTurner72 (button) (small blind) collected ($6)


PokerStars Hand #156124376281:  Hold'em Limit ($3/$6 USD) - 2016/07/18 8:43:22 ET
Table 'Fomalhaut II' 6-max Seat #1 is the button
Seat 1: Joerg88 ($153.13 in chips)
Seat 5: TinaTurner72 ($28.11 in chips)
Joerg88: posts small blind $1
TinaTurner72: posts big blind $3
*** HOLE CARDS ***
Joerg88: folds
Uncalled bet ($2) returned to TinaTurner72
TinaTurner72 collected $2 from pot
TinaTurner72: doesn't show hand
*** SUMMARY ***
Total pot $2 | Rake $0
Seat 1: Joerg88 (button) (small blind) folded before Flop
Seat 5: TinaTurner72 (big blind) collected ($2)


PokerStars Hand #156124383742:  Hold'em Limit ($3/$6 USD) - 2016/07/18 8:43:37 ET
Table 'Fomalhaut II' 6-max Seat #5 is the button
Seat 1: Joerg88 ($148.13 in chips)
Seat 5: TinaTurner72 ($33.11 in chips)
TinaTurner72: posts small blind $1
Joerg88: posts big blind $3
*** HOLE CARDS ***
TinaTurner72: raises $3 to $6
Joerg88: calls $3
*** FLOP *** [3d Kc As]
Joerg88: checks
TinaTurner72: bets $3
Joerg88: raises $3 to $6
TinaTurner72: calls $3
*** TURN *** [3d Kc As] [5d]
Joerg88: bets $6
TinaTurner72: calls $6
*** RIVER *** [3d Kc As 5d] [8s]
Joerg88: checks
TinaTurner72: checks
*** SHOW DOWN ***
Joerg88: shows [6c Qd] (high card Ace)
TinaTurner72: shows [Ks Tc] (a pair of Kings)
TinaTurner72 collected $35.50 from pot
*** SUMMARY ***
Total pot $36 | Rake $0.50
Board [3d Kc As 5d 8s]
Seat 1: Joerg88 (big blind) showed [6c Qd] and lost with high card Ace
Seat 5: TinaTurner72 (button) (small blind) showed [Ks Tc] and won ($35.50) with a pair of Kings


PokerStars Hand #156124381258:  Hold'em Limit ($3/$6 USD) - 2016/07/18 8:43:32 ET
Table 'Fomalhaut II' 6-max Seat #1 is the button
Seat 1: Joerg88 ($149.13 in chips)
Seat 5: TinaTurner72 ($32.11 in chips)
Joerg88: posts small blind $1
TinaTurner72: posts big blind $3
*** HOLE CARDS ***
Joerg88: folds
Uncalled bet ($2) returned to TinaTurner72
TinaTurner72 collected $2 from pot
TinaTurner72: doesn't show hand
*** SUMMARY ***
Total pot $2 | Rake $0
Seat 1: Joerg88 (button) (small blind) folded before Flop
Seat 5: TinaTurner72 (big blind) collected ($2)


