PokerStars Hand #172420883267:  Hold'em Limit ($3/$6 USD) - 2017/06/30 7:58:33 ET
Table 'Fornax' 10-max Seat #7 is the button
Seat 7: Mili2332 ($30 in chips)
Seat 8: TinaTurner72 ($120 in chips)
Mili2332: posts small blind $1
TinaTurner72: posts big blind $3
*** HOLE CARDS ***
Mili2332: calls $2
TinaTurner72: checks
*** FLOP *** [Kd 3d 5c]
TinaTurner72: checks
Mili2332: checks
*** TURN *** [Kd 3d 5c] [5d]
TinaTurner72: checks
Mili2332: checks
*** RIVER *** [Kd 3d 5c 5d] [7c]
TinaTurner72: checks
Mili2332: checks
*** SHOW DOWN ***
TinaTurner72: shows [Td 2c] (a pair of Fives)
Mili2332: mucks hand
TinaTurner72 collected $5.88 from pot
*** SUMMARY ***
Total pot $6 | Rake $0.12
Board [Kd 3d 5c 5d 7c]
Seat 7: Mili2332 (button) (small blind) mucked
Seat 8: TinaTurner72 (big blind) showed [Td 2c] and won ($5.88) with a pair of Fives


PokerStars Hand #172420913742:  Hold'em Limit ($3/$6 USD) - 2017/06/30 7:59:53 ET
Table 'Fornax' 10-max Seat #7 is the button
Seat 7: Mili2332 ($47.50 in chips)
Seat 8: TinaTurner72 ($101.88 in chips)
Mili2332: posts small blind $1
TinaTurner72: posts big blind $3
*** HOLE CARDS ***
Mili2332: folds
Uncalled bet ($2) returned to TinaTurner72
TinaTurner72 collected $2 from pot
TinaTurner72: doesn't show hand
*** SUMMARY ***
Total pot $2 | Rake $0
Seat 7: Mili2332 (button) (small blind) folded before Flop
Seat 8: TinaTurner72 (big blind) collected ($2)


PokerStars Hand #172420895041:  Hold'em Limit ($3/$6 USD) - 2017/06/30 7:59:04 ET
Table 'Fornax' 10-max Seat #8 is the button
Seat 7: Mili2332 ($27 in chips)
Seat 8: TinaTurner72 ($122.88 in chips)
TinaTurner72: posts small blind $1
Mili2332: posts big blind $3
*** HOLE CARDS ***
TinaTurner72: raises $3 to $6
Mili2332: calls $3
*** FLOP *** [9h 7s Qh]
Mili2332: checks
TinaTurner72: bets $3
Mili2332: calls $3
*** TURN *** [9h 7s Qh] [6h]
Mili2332: checks
TinaTurner72: bets $6
Mili2332: calls $6
*** RIVER *** [9h 7s Qh 6h] [8c]
Mili2332: bets $6
TinaTurner72: calls $6
*** SHOW DOWN ***
Mili2332: shows [Ts Kc] (a straight, Six to Ten)
TinaTurner72: mucks hand
Mili2332 collected $41.50 from pot
*** SUMMARY ***
Total pot $42 | Rake $0.50
Board [9h 7s Qh 6h 8c]
Seat 7: Mili2332 (big blind) showed [Ts Kc] and won ($41.50) with a straight, Six to Ten
Seat 8: TinaTurner72 (button) (small blind) mucked


PokerStars Hand #172420930528:  Hold'em Limit ($3/$6 USD) - 2017/06/30 8:00:36 ET
Table 'Fornax' 10-max Seat #7 is the button
Seat 7: Mili2332 ($67 in chips)
Seat 8: TinaTurner72 ($81.88 in chips)
Mili2332: posts small blind $1
TinaTurner72: posts big blind $3
*** HOLE CARDS ***
Mili2332: calls $2
TinaTurner72: raises $3 to $6
Mili2332: calls $3
*** FLOP *** [9c 8c 7c]
TinaTurner72: bets $3
Mili2332: raises $3 to $6
TinaTurner72: calls $3
*** TURN *** [9c 8c 7c] [Qd]
TinaTurner72: bets $6
Mili2332: calls $6
*** RIVER *** [9c 8c 7c Qd] [6c]
TinaTurner72: bets $6
Mili2332: calls $6
*** SHOW DOWN ***
TinaTurner72: shows [Ad Qc] (a flush, Queen high)
Mili2332: shows [Ac 8h] (a flush, Ace high)
Mili2332 collected $47.50 from pot
*** SUMMARY ***
Total pot $48 | Rake $0.50
Board [9c 8c 7c Qd 6c]
Seat 7: Mili2332 (button) (small blind) showed [Ac 8h] and won ($47.50) with a flush, Ace high
Seat 8: TinaTurner72 (big blind) showed [Ad Qc] and lost with a flush, Queen high


PokerStars Hand #172420916164:  Hold'em Limit ($3/$6 USD) - 2017/06/30 7:59:59 ET
Table 'Fornax' 10-max Seat #8 is the button
Seat 7: Mili2332 ($46.50 in chips)
Seat 8: TinaTurner72 ($102.88 in chips)
TinaTurner72: posts small blind $1
Mili2332: posts big blind $3
*** HOLE CARDS ***
TinaTurner72: raises $3 to $6
Mili2332: calls $3
*** FLOP *** [Jc As Ac]
Mili2332: checks
TinaTurner72: bets $3
Mili2332: calls $3
*** TURN *** [Jc As Ac] [4s]
Mili2332: checks
TinaTurner72: bets $6
Mili2332: calls $6
*** RIVER *** [Jc As Ac 4s] [6d]
Mili2332: checks
TinaTurner72: bets $6
Mili2332: calls $6
*** SHOW DOWN ***
TinaTurner72: shows [9c 8h] (a pair of Aces)
Mili2332: shows [7d Jh] (two pair, Aces and Jacks)
Mili2332 collected $41.50 from pot
*** SUMMARY ***
Total pot $42 | Rake $0.50
Board [Jc As Ac 4s 6d]
Seat 7: Mili2332 (big blind) showed [7d Jh] and won ($41.50) with two pair, Aces and Jacks
Seat 8: TinaTurner72 (button) (small blind) showed [9c 8h] and lost with a pair of Aces


PokerStars Hand #172420970916:  Hold'em Limit ($3/$6 USD) - 2017/06/30 8:02:14 ET
Table 'Fornax' 10-max Seat #8 is the button
Seat 7: Mili2332 ($125.50 in chips)
Seat 8: TinaTurner72 ($81.88 in chips)
TinaTurner72: posts small blind $1
Mili2332: posts big blind $3
*** HOLE CARDS ***
TinaTurner72: folds
Uncalled bet ($2) returned to Mili2332
Mili2332 collected $2 from pot
Mili2332: doesn't show hand
*** SUMMARY ***
Total pot $2 | Rake $0
Seat 7: Mili2332 (big blind) collected ($2)
Seat 8: TinaTurner72 (button) (small blind) folded before Flop


PokerStars Hand #172420960255:  Hold'em Limit ($3/$6 USD) - 2017/06/30 8:01:48 ET
Table 'Fornax' 10-max Seat #7 is the button
Seat 7: Mili2332 ($105 in chips)
Seat 8: TinaTurner72 ($42.88 in chips)
Mili2332: posts small blind $1
TinaTurner72: posts big blind $3
*** HOLE CARDS ***
Mili2332: calls $2
TinaTurner72: raises $3 to $6
Mili2332: calls $3
*** FLOP *** [As Qs 9s]
TinaTurner72: bets $3
Mili2332: calls $3
*** TURN *** [As Qs 9s] [5h]
TinaTurner72: bets $6
Mili2332: calls $6
*** RIVER *** [As Qs 9s 5h] [Qd]
TinaTurner72: checks
Mili2332: bets $6
TinaTurner72: calls $6
*** SHOW DOWN ***
Mili2332: shows [8s Qh] (three of a kind, Queens)
TinaTurner72: mucks hand
Mili2332 collected $41.50 from pot
*** SUMMARY ***
Total pot $42 | Rake $0.50
Board [As Qs 9s 5h Qd]
Seat 7: Mili2332 (button) (small blind) showed [8s Qh] and won ($41.50) with three of a kind, Queens
Seat 8: TinaTurner72 (big blind) mucked


PokerStars Hand #172420947373:  Hold'em Limit ($3/$6 USD) - 2017/06/30 8:01:17 ET
Table 'Fornax' 10-max Seat #8 is the button
Seat 7: Mili2332 ($90.50 in chips)
Seat 8: TinaTurner72 ($57.88 in chips)
TinaTurner72: posts small blind $1
Mili2332: posts big blind $3
*** HOLE CARDS ***
TinaTurner72: raises $3 to $6
Mili2332: calls $3
*** FLOP *** [Kh Ks 5h]
Mili2332: checks
TinaTurner72: bets $3
Mili2332: calls $3
*** TURN *** [Kh Ks 5h] [Td]
Mili2332: checks
TinaTurner72: bets $6
Mili2332: calls $6
*** RIVER *** [Kh Ks 5h Td] [Th]
Mili2332: checks
TinaTurner72: checks
*** SHOW DOWN ***
Mili2332: shows [5s Ts] (a full house, Tens full of Kings)
TinaTurner72: mucks hand
Mili2332 collected $29.50 from pot
*** SUMMARY ***
Total pot $30 | Rake $0.50
Board [Kh Ks 5h Td Th]
Seat 7: Mili2332 (big blind) showed [5s Ts] and won ($29.50) with a full house, Tens full of Kings
Seat 8: TinaTurner72 (button) (small blind) mucked


PokerStars Hand #172420997358:  Hold'em Limit ($3/$6 USD) - 2017/06/30 8:03:16 ET
Table 'Fornax' 10-max Seat #8 is the button
Seat 7: Mili2332 ($137.02 in chips)
Seat 8: TinaTurner72 ($69.88 in chips)
TinaTurner72: posts small blind $1
Mili2332: posts big blind $3
*** HOLE CARDS ***
TinaTurner72: folds
Uncalled bet ($2) returned to Mili2332
Mili2332 collected $2 from pot
Mili2332: doesn't show hand
*** SUMMARY ***
Total pot $2 | Rake $0
Seat 7: Mili2332 (big blind) collected ($2)
Seat 8: TinaTurner72 (button) (small blind) folded before Flop


PokerStars Hand #172420984036:  Hold'em Limit ($3/$6 USD) - 2017/06/30 8:02:44 ET
Table 'Fornax' 10-max Seat #8 is the button
Seat 7: Mili2332 ($129.38 in chips)
Seat 8: TinaTurner72 ($77.88 in chips)
TinaTurner72: posts small blind $1
Mili2332: posts big blind $3
*** HOLE CARDS ***
TinaTurner72: raises $3 to $6
Mili2332: calls $3
*** FLOP *** [6s 5d 6d]
Mili2332: checks
TinaTurner72: bets $3
Mili2332: calls $3
*** TURN *** [6s 5d 6d] [Kd]
Mili2332: checks
TinaTurner72: checks
*** RIVER *** [6s 5d 6d Kd] [8h]
Mili2332: checks
TinaTurner72: checks
*** SHOW DOWN ***
Mili2332: shows [7c 5c] (two pair, Sixes and Fives)
TinaTurner72: mucks hand
Mili2332 collected $17.64 from pot
*** SUMMARY ***
Total pot $18 | Rake $0.36
Board [6s 5d 6d Kd 8h]
Seat 7: Mili2332 (big blind) showed [7c 5c] and won ($17.64) with two pair, Sixes and Fives
Seat 8: TinaTurner72 (button) (small blind) mucked


PokerStars Hand #172420974958:  Hold'em Limit ($3/$6 USD) - 2017/06/30 8:02:23 ET
Table 'Fornax' 10-max Seat #7 is the button
Seat 7: Mili2332 ($126.50 in chips)
Seat 8: TinaTurner72 ($80.88 in chips)
Mili2332: posts small blind $1
TinaTurner72: posts big blind $3
*** HOLE CARDS ***
Mili2332: calls $2
TinaTurner72: checks
*** FLOP *** [Js 8d Kc]
TinaTurner72: checks
Mili2332: checks
*** TURN *** [Js 8d Kc] [2h]
TinaTurner72: checks
Mili2332: bets $6
TinaTurner72: folds
Uncalled bet ($6) returned to Mili2332
Mili2332 collected $5.88 from pot
Mili2332: doesn't show hand
*** SUMMARY ***
Total pot $6 | Rake $0.12
Board [Js 8d Kc 2h]
Seat 7: Mili2332 (button) (small blind) collected ($5.88)
Seat 8: TinaTurner72 (big blind) folded on the Turn


PokerStars Hand #172420994808:  Hold'em Limit ($3/$6 USD) - 2017/06/30 8:03:10 ET
Table 'Fornax' 10-max Seat #7 is the button
Seat 7: Mili2332 ($138.02 in chips)
Seat 8: TinaTurner72 ($68.88 in chips)
Mili2332: posts small blind $1
TinaTurner72: posts big blind $3
*** HOLE CARDS ***
Mili2332: folds
Uncalled bet ($2) returned to TinaTurner72
TinaTurner72 collected $2 from pot
TinaTurner72: doesn't show hand
*** SUMMARY ***
Total pot $2 | Rake $0
Seat 7: Mili2332 (button) (small blind) folded before Flop
Seat 8: TinaTurner72 (big blind) collected ($2)


PokerStars Hand #172420999895:  Hold'em Limit ($3/$6 USD) - 2017/06/30 8:03:22 ET
Table 'Fornax' 10-max Seat #7 is the button
Seat 7: Mili2332 ($138.02 in chips)
Seat 8: TinaTurner72 ($68.88 in chips)
Mili2332: posts small blind $1
TinaTurner72: posts big blind $3
*** HOLE CARDS ***
Mili2332: calls $2
TinaTurner72: checks
*** FLOP *** [9c 7s 9d]
TinaTurner72: bets $3
Mili2332: folds
Uncalled bet ($3) returned to TinaTurner72
TinaTurner72 collected $5.88 from pot
TinaTurner72: doesn't show hand
*** SUMMARY ***
Total pot $6 | Rake $0.12
Board [9c 7s 9d]
Seat 7: Mili2332 (button) (small blind) folded on the Flop
Seat 8: TinaTurner72 (big blind) collected ($5.88)


PokerStars Hand #172421004693:  Hold'em Limit ($3/$6 USD) - 2017/06/30 8:03:33 ET
Table 'Fornax' 10-max Seat #8 is the button
Seat 7: Mili2332 ($135.02 in chips)
Seat 8: TinaTurner72 ($71.76 in chips)
TinaTurner72: posts small blind $1
Mili2332: posts big blind $3
*** HOLE CARDS ***
TinaTurner72: raises $3 to $6
Mili2332: calls $3
*** FLOP *** [9h 2s 7c]
Mili2332: checks
TinaTurner72: bets $3
Mili2332: calls $3
*** TURN *** [9h 2s 7c] [9c]
Mili2332: checks
TinaTurner72: bets $6
Mili2332: calls $6
*** RIVER *** [9h 2s 7c 9c] [Tc]
Mili2332: checks
TinaTurner72: bets $6
Mili2332: calls $6
*** SHOW DOWN ***
TinaTurner72: shows [6d 8c] (a straight, Six to Ten)
Mili2332: mucks hand
TinaTurner72 collected $41.50 from pot
*** SUMMARY ***
Total pot $42 | Rake $0.50
Board [9h 2s 7c 9c Tc]
Seat 7: Mili2332 (big blind) mucked
Seat 8: TinaTurner72 (button) (small blind) showed [6d 8c] and won ($41.50) with a straight, Six to Ten


PokerStars Hand #172421014776:  Hold'em Limit ($3/$6 USD) - 2017/06/30 8:03:57 ET
Table 'Fornax' 10-max Seat #7 is the button
Seat 7: Mili2332 ($114.02 in chips)
Seat 8: TinaTurner72 ($92.26 in chips)
Mili2332: posts small blind $1
TinaTurner72: posts big blind $3
*** HOLE CARDS ***
Mili2332: raises $3 to $6
TinaTurner72: calls $3
*** FLOP *** [3s 2d 6h]
TinaTurner72: checks
Mili2332: bets $3
TinaTurner72: calls $3
*** TURN *** [3s 2d 6h] [Tc]
TinaTurner72: checks
Mili2332: bets $6
TinaTurner72: calls $6
*** RIVER *** [3s 2d 6h Tc] [Ks]
TinaTurner72: checks
Mili2332: bets $6
TinaTurner72: calls $6
*** SHOW DOWN ***
Mili2332: shows [Jd Ts] (a pair of Tens)
TinaTurner72: mucks hand
Mili2332 collected $41.50 from pot
*** SUMMARY ***
Total pot $42 | Rake $0.50
Board [3s 2d 6h Tc Ks]
Seat 7: Mili2332 (button) (small blind) showed [Jd Ts] and won ($41.50) with a pair of Tens
Seat 8: TinaTurner72 (big blind) mucked


PokerStars Hand #172421289566:  Hold'em Limit ($3/$6 USD) - 2017/06/30 8:14:27 ET
Table 'Fornax' 10-max Seat #6 is the button
Seat 6: Mili2332 ($9.74 in chips)
Seat 8: TinaTurner72 ($91.76 in chips)
Mili2332: posts small blind $1
TinaTurner72: posts big blind $3
*** HOLE CARDS ***
mbpaalborg joins the table at seat #10
Mili2332: raises $3 to $6
TinaTurner72: calls $3
*** FLOP *** [2h 9h 5d]
TinaTurner72: checks
Mili2332: bets $3
TinaTurner72: folds
Uncalled bet ($3) returned to Mili2332
Mili2332 collected $11.76 from pot
Mili2332: doesn't show hand
*** SUMMARY ***
Total pot $12 | Rake $0.24
Board [2h 9h 5d]
Seat 6: Mili2332 (button) (small blind) collected ($11.76)
Seat 8: TinaTurner72 (big blind) folded on the Flop


PokerStars Hand #172421272733:  Hold'em Limit ($3/$6 USD) - 2017/06/30 8:13:49 ET
Table 'Fornax' 10-max Seat #8 is the button
Seat 6: Mili2332 ($30.74 in chips)
Seat 8: TinaTurner72 ($71.26 in chips)
TinaTurner72: posts small blind $1
Mili2332: posts big blind $3
*** HOLE CARDS ***
TinaTurner72: raises $3 to $6
Mili2332: calls $3
*** FLOP *** [As 3c 9d]
Mili2332: checks
TinaTurner72: bets $3
Mili2332: calls $3
*** TURN *** [As 3c 9d] [Td]
Mili2332: checks
TinaTurner72: bets $6
Mili2332: calls $6
*** RIVER *** [As 3c 9d Td] [2s]
Mili2332: checks
TinaTurner72: bets $6
Mili2332: calls $6
*** SHOW DOWN ***
TinaTurner72: shows [Ad 9h] (two pair, Aces and Nines)
Mili2332: mucks hand
TinaTurner72 collected $41.50 from pot
*** SUMMARY ***
Total pot $42 | Rake $0.50
Board [As 3c 9d Td 2s]
Seat 6: Mili2332 (big blind) mucked
Seat 8: TinaTurner72 (button) (small blind) showed [Ad 9h] and won ($41.50) with two pair, Aces and Nines


PokerStars Hand #172421321311:  Hold'em Limit ($3/$6 USD) - 2017/06/30 8:15:38 ET
Table 'Fornax' 10-max Seat #10 is the button
Seat 8: TinaTurner72 ($103.24 in chips)
Seat 10: mbpaalborg ($27.01 in chips)
mbpaalborg: posts small blind $1
TinaTurner72: posts big blind $3
*** HOLE CARDS ***
mbpaalborg: raises $3 to $6
TinaTurner72: calls $3
*** FLOP *** [8h 3c Qd]
TinaTurner72: checks
mbpaalborg: bets $3
TinaTurner72: folds
Uncalled bet ($3) returned to mbpaalborg
mbpaalborg collected $11.76 from pot
mbpaalborg: doesn't show hand
*** SUMMARY ***
Total pot $12 | Rake $0.24
Board [8h 3c Qd]
Seat 8: TinaTurner72 (big blind) folded on the Flop
Seat 10: mbpaalborg (button) (small blind) collected ($11.76)


PokerStars Hand #172421330622:  Hold'em Limit ($3/$6 USD) - 2017/06/30 8:15:59 ET
Table 'Fornax' 10-max Seat #8 is the button
Seat 8: TinaTurner72 ($97.24 in chips)
Seat 10: mbpaalborg ($32.77 in chips)
TinaTurner72: posts small blind $1
mbpaalborg: posts big blind $3
*** HOLE CARDS ***
TinaTurner72: raises $3 to $6
mbpaalborg: raises $3 to $9
TinaTurner72: calls $3
*** FLOP *** [6h Jh 9c]
mbpaalborg: bets $3
TinaTurner72: raises $3 to $6
mbpaalborg: calls $3
*** TURN *** [6h Jh 9c] [5d]
mbpaalborg: checks
TinaTurner72: bets $6
mbpaalborg: folds
Uncalled bet ($6) returned to TinaTurner72
TinaTurner72 collected $29.50 from pot
TinaTurner72: doesn't show hand
*** SUMMARY ***
Total pot $30 | Rake $0.50
Board [6h Jh 9c 5d]
Seat 8: TinaTurner72 (button) (small blind) collected ($29.50)
Seat 10: mbpaalborg (big blind) folded on the Turn


PokerStars Hand #172421353544:  Hold'em Limit ($3/$6 USD) - 2017/06/30 8:16:51 ET
Table 'Fornax' 10-max Seat #10 is the button
Seat 8: TinaTurner72 ($111.74 in chips)
Seat 10: mbpaalborg ($17.77 in chips)
mbpaalborg: posts small blind $1
TinaTurner72: posts big blind $3
*** HOLE CARDS ***
mbpaalborg: raises $3 to $6
TinaTurner72: raises $3 to $9
mbpaalborg: raises $3 to $12
Betting is capped
TinaTurner72: calls $3
*** FLOP *** [3h Ac Kd]
TinaTurner72: bets $3
mbpaalborg: raises $2.77 to $5.77 and is all-in
TinaTurner72: calls $2.77
*** TURN *** [3h Ac Kd] [As]
*** RIVER *** [3h Ac Kd As] [Qc]
*** SHOW DOWN ***
TinaTurner72: shows [Qd Td] (two pair, Aces and Queens)
mbpaalborg: shows [Jd 8c] (a pair of Aces)
TinaTurner72 collected $35.04 from pot
*** SUMMARY ***
Total pot $35.54 | Rake $0.50
Board [3h Ac Kd As Qc]
Seat 8: TinaTurner72 (big blind) showed [Qd Td] and won ($35.04) with two pair, Aces and Queens
Seat 10: mbpaalborg (button) (small blind) showed [Jd 8c] and lost with a pair of Aces


