PokerStars Hand #171720482006:  Hold'em Limit ($3/$6 USD) - 2017/06/13 9:58:13 ET
Table 'Fornax' 6-max Seat #6 is the button
Seat 1: Krazy90 ($123 in chips)
Seat 6: denn69 ($110.36 in chips)
denn69: posts small blind $1
Krazy90: posts big blind $3
*** HOLE CARDS ***
denn69: raises $3 to $6
Krazy90: folds
Uncalled bet ($3) returned to denn69
denn69 collected $6 from pot
denn69: doesn't show hand
*** SUMMARY ***
Total pot $6 | Rake $0
Seat 1: Krazy90 (big blind) folded before Flop
Seat 6: denn69 (button) (small blind) collected ($6)


PokerStars Hand #171720477205:  Hold'em Limit ($3/$6 USD) - 2017/06/13 9:58:02 ET
Table 'Fornax' 6-max Seat #1 is the button
Seat 1: Krazy90 ($120 in chips)
Seat 6: denn69 ($113.36 in chips)
Krazy90: posts small blind $1
TbIP-TbIP 88: is sitting out
Ale4o: is sitting out
denn69: posts big blind $3
*** HOLE CARDS ***
Ale4o leaves the table
Krazy90: raises $3 to $6
denn69: folds
Uncalled bet ($3) returned to Krazy90
Krazy90 collected $6 from pot
Krazy90: doesn't show hand
*** SUMMARY ***
Total pot $6 | Rake $0
Seat 1: Krazy90 (button) (small blind) collected ($6)
Seat 6: denn69 (big blind) folded before Flop


PokerStars Hand #171720500280:  Hold'em Limit ($3/$6 USD) - 2017/06/13 9:58:52 ET
Table 'Fornax' 6-max Seat #6 is the button
Seat 1: Krazy90 ($125.76 in chips)
Seat 6: denn69 ($107.36 in chips)
denn69: posts small blind $1
Krazy90: posts big blind $3
*** HOLE CARDS ***
denn69: folds
Uncalled bet ($2) returned to Krazy90
Krazy90 collected $2 from pot
Krazy90: doesn't show hand
*** SUMMARY ***
Total pot $2 | Rake $0
Seat 1: Krazy90 (big blind) collected ($2)
Seat 6: denn69 (button) (small blind) folded before Flop


PokerStars Hand #171720488091:  Hold'em Limit ($3/$6 USD) - 2017/06/13 9:58:26 ET
Table 'Fornax' 6-max Seat #1 is the button
Seat 1: Krazy90 ($120 in chips)
Seat 6: denn69 ($113.36 in chips)
Krazy90: posts small blind $1
denn69: posts big blind $3
*** HOLE CARDS ***
Krazy90: raises $3 to $6
denn69: calls $3
*** FLOP *** [5h 9c 6s]
denn69: checks
Krazy90: checks
*** TURN *** [5h 9c 6s] [Ts]
nordschrott joins the table at seat #5
denn69: checks
Krazy90: checks
*** RIVER *** [5h 9c 6s Ts] [Ad]
denn69: checks
Krazy90: bets $6
denn69: folds
Uncalled bet ($6) returned to Krazy90
Krazy90 collected $11.76 from pot
Krazy90: doesn't show hand
*** SUMMARY ***
Total pot $12 | Rake $0.24
Board [5h 9c 6s Ts Ad]
Seat 1: Krazy90 (button) (small blind) collected ($11.76)
Seat 6: denn69 (big blind) folded on the River


PokerStars Hand #171721044558:  Hold'em Limit ($3/$6 USD) - 2017/06/13 10:16:00 ET
Table 'Fornax' 6-max Seat #1 is the button
Seat 1: Krazy90 ($151.45 in chips)
Seat 6: denn69 ($148.27 in chips)
Krazy90: posts small blind $1
Agrotait: is sitting out
denn69: posts big blind $3
*** HOLE CARDS ***
Krazy90: folds
Uncalled bet ($2) returned to denn69
denn69 collected $2 from pot
denn69: doesn't show hand
*** SUMMARY ***
Total pot $2 | Rake $0
Seat 1: Krazy90 (button) (small blind) folded before Flop
Seat 6: denn69 (big blind) collected ($2)


PokerStars Hand #171721047459:  Hold'em Limit ($3/$6 USD) - 2017/06/13 10:16:06 ET
Table 'Fornax' 6-max Seat #6 is the button
Seat 1: Krazy90 ($150.45 in chips)
Seat 6: denn69 ($149.27 in chips)
denn69: posts small blind $1
Krazy90: posts big blind $3
*** HOLE CARDS ***
denn69: raises $3 to $6
Agrotait leaves the table
Krazy90: calls $3
*** FLOP *** [2c Js Qh]
Krazy90: checks
denn69: checks
*** TURN *** [2c Js Qh] [2s]
Krazy90: checks
denn69: checks
*** RIVER *** [2c Js Qh 2s] [6d]
Krazy90: checks
denn69: checks
*** SHOW DOWN ***
Krazy90: shows [Ks 9c] (a pair of Deuces)
denn69: shows [As 9h] (a pair of Deuces - Ace kicker)
denn69 collected $11.76 from pot
*** SUMMARY ***
Total pot $12 | Rake $0.24
Board [2c Js Qh 2s 6d]
Seat 1: Krazy90 (big blind) showed [Ks 9c] and lost with a pair of Deuces
Seat 6: denn69 (button) (small blind) showed [As 9h] and won ($11.76) with a pair of Deuces


PokerStars Hand #171721061956:  Hold'em Limit ($3/$6 USD) - 2017/06/13 10:16:32 ET
Table 'Fornax' 6-max Seat #1 is the button
Seat 1: Krazy90 ($144.45 in chips)
Seat 6: denn69 ($155.03 in chips)
Krazy90: posts small blind $1
denn69: posts big blind $3
*** HOLE CARDS ***
Krazy90: raises $3 to $6
denn69: calls $3
*** FLOP *** [Ks 5d 4c]
denn69: checks
Krazy90: bets $3
denn69: calls $3
*** TURN *** [Ks 5d 4c] [Qd]
denn69: checks
Krazy90: bets $6
denn69: folds
Uncalled bet ($6) returned to Krazy90
Krazy90 collected $17.64 from pot
Krazy90: doesn't show hand
*** SUMMARY ***
Total pot $18 | Rake $0.36
Board [Ks 5d 4c Qd]
Seat 1: Krazy90 (button) (small blind) collected ($17.64)
Seat 6: denn69 (big blind) folded on the Turn


PokerStars Hand #171721080055:  Hold'em Limit ($3/$6 USD) - 2017/06/13 10:17:04 ET
Table 'Fornax' 6-max Seat #6 is the button
Seat 1: Krazy90 ($153.09 in chips)
Seat 6: denn69 ($146.03 in chips)
denn69: posts small blind $1
Krazy90: posts big blind $3
*** HOLE CARDS ***
denn69: raises $3 to $6
Krazy90: calls $3
*** FLOP *** [9h 8c 2d]
Krazy90: checks
denn69: bets $3
Krazy90: folds
Uncalled bet ($3) returned to denn69
denn69 collected $11.76 from pot
denn69: doesn't show hand
*** SUMMARY ***
Total pot $12 | Rake $0.24
Board [9h 8c 2d]
Seat 1: Krazy90 (big blind) folded on the Flop
Seat 6: denn69 (button) (small blind) collected ($11.76)


PokerStars Hand #171721975143:  Hold'em Limit ($3/$6 USD) - 2017/06/13 10:43:12 ET
Table 'Fornax' 6-max Seat #4 is the button
Seat 3: Agrotait ($63 in chips)
Seat 4: ndit2300s ($112.87 in chips)
ndit2300s: posts small blind $1
andrey0709: is sitting out
Agrotait: posts big blind $3
*** HOLE CARDS ***
ndit2300s: raises $3 to $6
Agrotait: calls $3
*** FLOP *** [Ah Kc 4c]
Agrotait: checks
ndit2300s: bets $3
Agrotait: folds
Uncalled bet ($3) returned to ndit2300s
ndit2300s collected $11.76 from pot
ndit2300s: doesn't show hand
*** SUMMARY ***
Total pot $12 | Rake $0.24
Board [Ah Kc 4c]
Seat 3: Agrotait (big blind) folded on the Flop
Seat 4: ndit2300s (button) (small blind) collected ($11.76)


PokerStars Hand #171721989220:  Hold'em Limit ($3/$6 USD) - 2017/06/13 10:43:36 ET
Table 'Fornax' 6-max Seat #3 is the button
Seat 3: Agrotait ($72 in chips)
Seat 4: ndit2300s ($118.63 in chips)
Agrotait: posts small blind $1
ndit2300s: posts big blind $3
*** HOLE CARDS ***
Agrotait: raises $3 to $6
ndit2300s: calls $3
*** FLOP *** [8d 5d 7h]
ndit2300s: checks
Agrotait: bets $3
ndit2300s: calls $3
*** TURN *** [8d 5d 7h] [5s]
ndit2300s: checks
Agrotait: bets $6
ndit2300s: calls $6
*** RIVER *** [8d 5d 7h 5s] [2s]
ndit2300s: checks
Agrotait: bets $6
ndit2300s: calls $6
*** SHOW DOWN ***
Agrotait: shows [9d 4d] (a pair of Fives)
ndit2300s: shows [Jc Ac] (a pair of Fives - Ace kicker)
ndit2300s collected $41.50 from pot
*** SUMMARY ***
Total pot $42 | Rake $0.50
Board [8d 5d 7h 5s 2s]
Seat 3: Agrotait (button) (small blind) showed [9d 4d] and lost with a pair of Fives
Seat 4: ndit2300s (big blind) showed [Jc Ac] and won ($41.50) with a pair of Fives


