PokerStars Hand #145867744715:  Hold'em Limit ($3/$6 USD) - 2015/12/24 17:37:21 ET
Table 'Fornax III' 2-max Seat #1 is the button
Seat 1: ggwp-777 ($119.50 in chips)
Seat 2: mdif ($143.38 in chips)
ggwp-777: posts small blind $1
mdif: posts big blind $3
*** HOLE CARDS ***
ggwp-777: calls $2
mdif: raises $3 to $6
ggwp-777: calls $3
*** FLOP *** [8s Jc Qs]
mdif: bets $3
ggwp-777: calls $3
*** TURN *** [8s Jc Qs] [9s]
mdif: checks
ggwp-777: bets $6
mdif: folds
Uncalled bet ($6) returned to ggwp-777
ggwp-777 collected $17.64 from pot
ggwp-777: doesn't show hand
*** SUMMARY ***
Total pot $18 | Rake $0.36
Board [8s Jc Qs 9s]
Seat 1: ggwp-777 (button) (small blind) collected ($17.64)
Seat 2: mdif (big blind) folded on the Turn


PokerStars Hand #145867708647:  Hold'em Limit ($3/$6 USD) - 2015/12/24 17:36:33 ET
Table 'Fornax III' 2-max Seat #1 is the button
Seat 1: ggwp-777 ($140.50 in chips)
Seat 2: mdif ($123 in chips)
ggwp-777: posts small blind $1
mdif: posts big blind $3
*** HOLE CARDS ***
ggwp-777: calls $2
mdif: checks
*** FLOP *** [Kh 8h Jh]
mdif: bets $3
ggwp-777: calls $3
*** TURN *** [Kh 8h Jh] [Qd]
mdif: checks
ggwp-777: bets $6
mdif: calls $6
*** RIVER *** [Kh 8h Jh Qd] [Ks]
mdif: checks
ggwp-777: bets $6
mdif: calls $6
*** SHOW DOWN ***
ggwp-777: shows [3h 9c] (a pair of Kings)
mdif: shows [Jc 4h] (two pair, Kings and Jacks)
mdif collected $35.50 from pot
*** SUMMARY ***
Total pot $36 | Rake $0.50
Board [Kh 8h Jh Qd Ks]
Seat 1: ggwp-777 (button) (small blind) showed [3h 9c] and lost with a pair of Kings
Seat 2: mdif (big blind) showed [Jc 4h] and won ($35.50) with two pair, Kings and Jacks


PokerStars Hand #145867741155:  Hold'em Limit ($3/$6 USD) - 2015/12/24 17:37:16 ET
Table 'Fornax III' 2-max Seat #2 is the button
Seat 1: ggwp-777 ($118.50 in chips)
Seat 2: mdif ($144.38 in chips)
mdif: posts small blind $1
ggwp-777: posts big blind $3
*** HOLE CARDS ***
mdif: folds
Uncalled bet ($2) returned to ggwp-777
ggwp-777 collected $2 from pot
ggwp-777: doesn't show hand
*** SUMMARY ***
Total pot $2 | Rake $0
Seat 1: ggwp-777 (big blind) collected ($2)
Seat 2: mdif (button) (small blind) folded before Flop


PokerStars Hand #145867737722:  Hold'em Limit ($3/$6 USD) - 2015/12/24 17:37:12 ET
Table 'Fornax III' 2-max Seat #1 is the button
Seat 1: ggwp-777 ($119.50 in chips)
Seat 2: mdif ($143.38 in chips)
ggwp-777: posts small blind $1
mdif: posts big blind $3
*** HOLE CARDS ***
ggwp-777: folds
Uncalled bet ($2) returned to mdif
mdif collected $2 from pot
mdif: doesn't show hand
*** SUMMARY ***
Total pot $2 | Rake $0
Seat 1: ggwp-777 (button) (small blind) folded before Flop
Seat 2: mdif (big blind) collected ($2)


PokerStars Hand #145867730784:  Hold'em Limit ($3/$6 USD) - 2015/12/24 17:37:02 ET
Table 'Fornax III' 2-max Seat #2 is the button
Seat 1: ggwp-777 ($122.50 in chips)
Seat 2: mdif ($140.50 in chips)
mdif: posts small blind $1
ggwp-777: posts big blind $3
*** HOLE CARDS ***
mdif: calls $2
ggwp-777: checks
*** FLOP *** [7h 9d 7c]
ggwp-777: checks
mdif: bets $3
ggwp-777: folds
Uncalled bet ($3) returned to mdif
mdif collected $5.88 from pot
mdif: doesn't show hand
*** SUMMARY ***
Total pot $6 | Rake $0.12
Board [7h 9d 7c]
Seat 1: ggwp-777 (big blind) folded on the Flop
Seat 2: mdif (button) (small blind) collected ($5.88)


PokerStars Hand #145867785688:  Hold'em Limit ($3/$6 USD) - 2015/12/24 17:38:15 ET
Table 'Fornax III' 2-max Seat #2 is the button
Seat 1: ggwp-777 ($178.14 in chips)
Seat 2: mdif ($120 in chips)
mdif: posts small blind $1
ggwp-777: posts big blind $3
*** HOLE CARDS ***
mdif: raises $3 to $6
ggwp-777: calls $3
*** FLOP *** [Th 8s Ac]
ggwp-777: checks
mdif: bets $3
ggwp-777: folds
Uncalled bet ($3) returned to mdif
mdif collected $11.76 from pot
mdif: doesn't show hand
*** SUMMARY ***
Total pot $12 | Rake $0.24
Board [Th 8s Ac]
Seat 1: ggwp-777 (big blind) folded on the Flop
Seat 2: mdif (button) (small blind) collected ($11.76)


PokerStars Hand #145867793525:  Hold'em Limit ($3/$6 USD) - 2015/12/24 17:38:26 ET
Table 'Fornax III' 2-max Seat #1 is the button
Seat 1: ggwp-777 ($172.14 in chips)
Seat 2: mdif ($125.76 in chips)
ggwp-777: posts small blind $1
mdif: posts big blind $3
*** HOLE CARDS ***
ggwp-777: calls $2
mdif: checks
*** FLOP *** [3c Qs 8d]
mdif: bets $3
ggwp-777: calls $3
*** TURN *** [3c Qs 8d] [4d]
mdif: checks
ggwp-777: bets $6
mdif: folds
Uncalled bet ($6) returned to ggwp-777
ggwp-777 collected $11.76 from pot
ggwp-777: doesn't show hand
*** SUMMARY ***
Total pot $12 | Rake $0.24
Board [3c Qs 8d 4d]
Seat 1: ggwp-777 (button) (small blind) collected ($11.76)
Seat 2: mdif (big blind) folded on the Turn


PokerStars Hand #145867822479:  Hold'em Limit ($3/$6 USD) - 2015/12/24 17:39:05 ET
Table 'Fornax III' 2-max Seat #2 is the button
Seat 1: ggwp-777 ($178.65 in chips)
Seat 2: mdif ($120 in chips)
mdif: posts small blind $1
ggwp-777: posts big blind $3
*** HOLE CARDS ***
mdif: raises $3 to $6
ggwp-777: folds
Uncalled bet ($3) returned to mdif
ggwp-777 leaves the table
mdif collected $6 from pot
mdif: doesn't show hand
*** SUMMARY ***
Total pot $6 | Rake $0
Seat 1: ggwp-777 (big blind) folded before Flop
Seat 2: mdif (button) (small blind) collected ($6)


PokerStars Hand #145867807904:  Hold'em Limit ($3/$6 USD) - 2015/12/24 17:38:45 ET
Table 'Fornax III' 2-max Seat #1 is the button
Seat 1: ggwp-777 ($178.90 in chips)
Seat 2: mdif ($120 in chips)
ggwp-777: posts small blind $1
mdif: posts big blind $3
*** HOLE CARDS ***
ggwp-777: raises $3 to $6
mdif: raises $3 to $9
ggwp-777: calls $3
*** FLOP *** [7c 7s 8d]
mdif: bets $3
ggwp-777: calls $3
*** TURN *** [7c 7s 8d] [8c]
mdif: checks
ggwp-777: bets $6
mdif: calls $6
*** RIVER *** [7c 7s 8d 8c] [7h]
mdif: checks
ggwp-777: bets $6
mdif: calls $6
*** SHOW DOWN ***
ggwp-777: shows [Jd Ah] (a full house, Sevens full of Eights)
mdif: shows [Kh Ad] (a full house, Sevens full of Eights)
mdif collected $23.75 from pot
ggwp-777 collected $23.75 from pot
*** SUMMARY ***
Total pot $48 | Rake $0.50
Board [7c 7s 8d 8c 7h]
Seat 1: ggwp-777 (button) (small blind) showed [Jd Ah] and won ($23.75) with a full house, Sevens full of Eights
Seat 2: mdif (big blind) showed [Kh Ad] and won ($23.75) with a full house, Sevens full of Eights


PokerStars Hand #145867803838:  Hold'em Limit ($3/$6 USD) - 2015/12/24 17:38:40 ET
Table 'Fornax III' 2-max Seat #2 is the button
Seat 1: ggwp-777 ($177.90 in chips)
Seat 2: mdif ($120 in chips)
mdif: posts small blind $1
ggwp-777: posts big blind $3
*** HOLE CARDS ***
mdif: folds
Uncalled bet ($2) returned to ggwp-777
ggwp-777 collected $2 from pot
ggwp-777: doesn't show hand
*** SUMMARY ***
Total pot $2 | Rake $0
Seat 1: ggwp-777 (big blind) collected ($2)
Seat 2: mdif (button) (small blind) folded before Flop


