PokerStars Hand #151562201654:  Hold'em Limit ($3/$6 USD) - 2016/04/07 9:38:22 ET
Table 'Fornax II' 6-max Seat #3 is the button
Seat 3: baur017017 ($46.50 in chips)
Seat 4: Agrotait ($72 in chips)
baur017017: posts small blind $1
Agrotait: posts big blind $3
*** HOLE CARDS ***
Paulllchen joins the table at seat #2
baur017017: raises $3 to $6
Agrotait: folds
Uncalled bet ($3) returned to baur017017
baur017017 collected $6 from pot
*** SUMMARY ***
Total pot $6 | Rake $0
Seat 3: baur017017 (button) (small blind) collected ($6)
Seat 4: Agrotait (big blind) folded before Flop


PokerStars Hand #151562168548:  Hold'em Limit ($3/$6 USD) - 2016/04/07 9:37:27 ET
Table 'Fornax II' 6-max Seat #4 is the button
Seat 3: baur017017 ($32 in chips)
Seat 4: Agrotait ($73 in chips)
Agrotait: posts small blind $1
baur017017: posts big blind $3
*** HOLE CARDS ***
Agrotait: raises $3 to $6
baur017017: calls $3
*** FLOP *** [Ts 4s 8h]
baur017017: checks
Agrotait: bets $3
baur017017: calls $3
*** TURN *** [Ts 4s 8h] [Tc]
baur017017: checks
Agrotait: bets $6
baur017017: raises $6 to $12
Agrotait: folds
Uncalled bet ($6) returned to baur017017
baur017017 collected $29.50 from pot
*** SUMMARY ***
Total pot $30 | Rake $0.50
Board [Ts 4s 8h Tc]
Seat 3: baur017017 (big blind) collected ($29.50)
Seat 4: Agrotait (button) (small blind) folded on the Turn


PokerStars Hand #151563136171:  Hold'em Limit ($3/$6 USD) - 2016/04/07 10:03:46 ET
Table 'Fornax II' 6-max Seat #6 is the button
Seat 1: RazvanDej ($139.49 in chips)
Seat 6: tttzzz ($137.83 in chips)
tttzzz: posts small blind $1
RazvanDej: posts big blind $3
*** HOLE CARDS ***
tttzzz: raises $3 to $6
RazvanDej: folds
Uncalled bet ($3) returned to tttzzz
tttzzz collected $6 from pot
*** SUMMARY ***
Total pot $6 | Rake $0
Seat 1: RazvanDej (big blind) folded before Flop
Seat 6: tttzzz (button) (small blind) collected ($6)


PokerStars Hand #151563132524:  Hold'em Limit ($3/$6 USD) - 2016/04/07 10:03:40 ET
Table 'Fornax II' 6-max Seat #1 is the button
Seat 1: RazvanDej ($140.49 in chips)
Seat 6: tttzzz ($136.83 in chips)
RazvanDej: posts small blind $1
baur017017 leaves the table
tttzzz: posts big blind $3
*** HOLE CARDS ***
RazvanDej: folds
Uncalled bet ($2) returned to tttzzz
tttzzz collected $2 from pot
*** SUMMARY ***
Total pot $2 | Rake $0
Seat 1: RazvanDej (button) (small blind) folded before Flop
Seat 6: tttzzz (big blind) collected ($2)


