PokerStars Hand #144585650340:  Hold'em Limit ($3/$6 USD) - 2015/11/29 18:09:26 ET
Table 'Forsytia' 2-max Seat #2 is the button
Seat 1: PbIbak ($131.50 in chips)
Seat 2: ChicagoBull4 ($89.76 in chips)
ChicagoBull4: posts small blind $1
PbIbak: posts big blind $3
*** HOLE CARDS ***
ChicagoBull4: raises $3 to $6
PbIbak: raises $3 to $9
ChicagoBull4: calls $3
*** FLOP *** [Ks 4s 9h]
PbIbak: bets $3
ChicagoBull4: folds
Uncalled bet ($3) returned to PbIbak
PbIbak collected $17.64 from pot
PbIbak: doesn't show hand
*** SUMMARY ***
Total pot $18 | Rake $0.36
Board [Ks 4s 9h]
Seat 1: PbIbak (big blind) collected ($17.64)
Seat 2: ChicagoBull4 (button) (small blind) folded on the Flop


PokerStars Hand #144585634780:  Hold'em Limit ($3/$6 USD) - 2015/11/29 18:09:07 ET
Table 'Forsytia' 2-max Seat #1 is the button
Seat 1: PbIbak ($114 in chips)
Seat 2: ChicagoBull4 ($107.76 in chips)
PbIbak: posts small blind $1
ChicagoBull4: posts big blind $3
*** HOLE CARDS ***
PbIbak: raises $3 to $6
ChicagoBull4: calls $3
*** FLOP *** [Qd Ac 8c]
ChicagoBull4: checks
PbIbak: bets $3
ChicagoBull4: raises $3 to $6
PbIbak: calls $3
*** TURN *** [Qd Ac 8c] [9h]
ChicagoBull4: bets $6
PbIbak: calls $6
*** RIVER *** [Qd Ac 8c 9h] [7s]
ChicagoBull4: checks
PbIbak: checks
*** SHOW DOWN ***
ChicagoBull4: shows [7c Kc] (a pair of Sevens)
PbIbak: shows [8h Kh] (a pair of Eights)
PbIbak collected $35.50 from pot
*** SUMMARY ***
Total pot $36 | Rake $0.50
Board [Qd Ac 8c 9h 7s]
Seat 1: PbIbak (button) (small blind) showed [8h Kh] and won ($35.50) with a pair of Eights
Seat 2: ChicagoBull4 (big blind) showed [7c Kc] and lost with a pair of Sevens


PokerStars Hand #144585699901:  Hold'em Limit ($3/$6 USD) - 2015/11/29 18:10:23 ET
Table 'Forsytia' 2-max Seat #1 is the button
Seat 1: PbIbak ($145.64 in chips)
Seat 2: ChicagoBull4 ($74.40 in chips)
PbIbak: posts small blind $1
ChicagoBull4: posts big blind $3
*** HOLE CARDS ***
PbIbak: raises $3 to $6
ChicagoBull4: calls $3
*** FLOP *** [Jh Qd 4s]
ChicagoBull4: checks
PbIbak: bets $3
ChicagoBull4: calls $3
*** TURN *** [Jh Qd 4s] [5h]
ChicagoBull4: checks
PbIbak: checks
*** RIVER *** [Jh Qd 4s 5h] [Ad]
ChicagoBull4: checks
PbIbak: checks
*** SHOW DOWN ***
ChicagoBull4: shows [3h Js] (a pair of Jacks)
PbIbak: mucks hand
ChicagoBull4 collected $17.64 from pot
*** SUMMARY ***
Total pot $18 | Rake $0.36
Board [Jh Qd 4s 5h Ad]
Seat 1: PbIbak (button) (small blind) mucked
Seat 2: ChicagoBull4 (big blind) showed [3h Js] and won ($17.64) with a pair of Jacks


PokerStars Hand #144585683662:  Hold'em Limit ($3/$6 USD) - 2015/11/29 18:10:04 ET
Table 'Forsytia' 2-max Seat #2 is the button
Seat 1: PbIbak ($154.64 in chips)
Seat 2: ChicagoBull4 ($65.76 in chips)
ChicagoBull4: posts small blind $1
PbIbak: posts big blind $3
*** HOLE CARDS ***
ChicagoBull4: raises $3 to $6
PbIbak: calls $3
*** FLOP *** [3d 9h 5c]
PbIbak: checks
ChicagoBull4: bets $3
PbIbak: calls $3
*** TURN *** [3d 9h 5c] [Qh]
PbIbak: checks
ChicagoBull4: checks
*** RIVER *** [3d 9h 5c Qh] [4c]
PbIbak: checks
ChicagoBull4: checks
*** SHOW DOWN ***
PbIbak: shows [Kh 8s] (high card King)
ChicagoBull4: shows [As Tc] (high card Ace)
ChicagoBull4 collected $17.64 from pot
*** SUMMARY ***
Total pot $18 | Rake $0.36
Board [3d 9h 5c Qh 4c]
Seat 1: PbIbak (big blind) showed [Kh 8s] and lost with high card King
Seat 2: ChicagoBull4 (button) (small blind) showed [As Tc] and won ($17.64) with high card Ace


PokerStars Hand #144585658034:  Hold'em Limit ($3/$6 USD) - 2015/11/29 18:09:35 ET
Table 'Forsytia' 2-max Seat #1 is the button
Seat 1: PbIbak ($140.14 in chips)
Seat 2: ChicagoBull4 ($80.76 in chips)
PbIbak: posts small blind $1
ChicagoBull4: posts big blind $3
*** HOLE CARDS ***
PbIbak: raises $3 to $6
ChicagoBull4: calls $3
*** FLOP *** [4h Ts 3s]
ChicagoBull4: checks
PbIbak: bets $3
ChicagoBull4: calls $3
*** TURN *** [4h Ts 3s] [8s]
ChicagoBull4: checks
PbIbak: bets $6
ChicagoBull4: calls $6
*** RIVER *** [4h Ts 3s 8s] [Ah]
ChicagoBull4: checks
PbIbak: bets $6
ChicagoBull4: folds
Uncalled bet ($6) returned to PbIbak
PbIbak collected $29.50 from pot
PbIbak: doesn't show hand
*** SUMMARY ***
Total pot $30 | Rake $0.50
Board [4h Ts 3s 8s Ah]
Seat 1: PbIbak (button) (small blind) collected ($29.50)
Seat 2: ChicagoBull4 (big blind) folded on the River


PokerStars Hand #144585732711:  Hold'em Limit ($3/$6 USD) - 2015/11/29 18:11:02 ET
Table 'Forsytia' 2-max Seat #1 is the button
Seat 1: PbIbak ($109.64 in chips)
Seat 2: ChicagoBull4 ($109.54 in chips)
PbIbak: posts small blind $1
ChicagoBull4: posts big blind $3
*** HOLE CARDS ***
PbIbak: raises $3 to $6
ChicagoBull4: raises $3 to $9
PbIbak: calls $3
*** FLOP *** [Th 3h Qd]
ChicagoBull4: bets $3
PbIbak: folds
Uncalled bet ($3) returned to ChicagoBull4
ChicagoBull4 collected $17.64 from pot
ChicagoBull4: doesn't show hand
*** SUMMARY ***
Total pot $18 | Rake $0.36
Board [Th 3h Qd]
Seat 1: PbIbak (button) (small blind) folded on the Flop
Seat 2: ChicagoBull4 (big blind) collected ($17.64)


PokerStars Hand #144585714233:  Hold'em Limit ($3/$6 USD) - 2015/11/29 18:10:40 ET
Table 'Forsytia' 2-max Seat #2 is the button
Seat 1: PbIbak ($136.64 in chips)
Seat 2: ChicagoBull4 ($83.04 in chips)
ChicagoBull4: posts small blind $1
PbIbak: posts big blind $3
*** HOLE CARDS ***
ChicagoBull4: raises $3 to $6
PbIbak: raises $3 to $9
ChicagoBull4: raises $3 to $12
Betting is capped
PbIbak: calls $3
*** FLOP *** [Qs Td 2d]
PbIbak: checks
ChicagoBull4: bets $3
PbIbak: calls $3
*** TURN *** [Qs Td 2d] [7h]
PbIbak: checks
ChicagoBull4: bets $6
PbIbak: calls $6
*** RIVER *** [Qs Td 2d 7h] [6c]
PbIbak: checks
ChicagoBull4: bets $6
PbIbak: calls $6
*** SHOW DOWN ***
ChicagoBull4: shows [Kh Kd] (a pair of Kings)
PbIbak: mucks hand
ChicagoBull4 collected $53.50 from pot
*** SUMMARY ***
Total pot $54 | Rake $0.50
Board [Qs Td 2d 7h 6c]
Seat 1: PbIbak (big blind) mucked
Seat 2: ChicagoBull4 (button) (small blind) showed [Kh Kd] and won ($53.50) with a pair of Kings


PokerStars Hand #144585803339:  Hold'em Limit ($3/$6 USD) - 2015/11/29 18:12:25 ET
Table 'Forsytia' 2-max Seat #2 is the button
Seat 1: PbIbak ($138.14 in chips)
Seat 2: ChicagoBull4 ($78.68 in chips)
ChicagoBull4: posts small blind $1
PbIbak: posts big blind $3
*** HOLE CARDS ***
ChicagoBull4: raises $3 to $6
PbIbak: calls $3
*** FLOP *** [8c Js Ah]
PbIbak: checks
ChicagoBull4: bets $3
PbIbak: folds
Uncalled bet ($3) returned to ChicagoBull4
ChicagoBull4 collected $11.76 from pot
ChicagoBull4: doesn't show hand
*** SUMMARY ***
Total pot $12 | Rake $0.24
Board [8c Js Ah]
Seat 1: PbIbak (big blind) folded on the Flop
Seat 2: ChicagoBull4 (button) (small blind) collected ($11.76)


PokerStars Hand #144585789078:  Hold'em Limit ($3/$6 USD) - 2015/11/29 18:12:08 ET
Table 'Forsytia' 2-max Seat #1 is the button
Seat 1: PbIbak ($120.64 in chips)
Seat 2: ChicagoBull4 ($96.68 in chips)
PbIbak: posts small blind $1
ChicagoBull4: posts big blind $3
*** HOLE CARDS ***
PbIbak: raises $3 to $6
ChicagoBull4: calls $3
*** FLOP *** [6d Kc Ad]
ChicagoBull4: checks
PbIbak: checks
*** TURN *** [6d Kc Ad] [2d]
ChicagoBull4: bets $6
PbIbak: calls $6
*** RIVER *** [6d Kc Ad 2d] [5d]
ChicagoBull4: checks
PbIbak: bets $6
ChicagoBull4: calls $6
*** SHOW DOWN ***
PbIbak: shows [9c Qd] (a flush, Ace high)
ChicagoBull4: mucks hand
PbIbak collected $35.50 from pot
*** SUMMARY ***
Total pot $36 | Rake $0.50
Board [6d Kc Ad 2d 5d]
Seat 1: PbIbak (button) (small blind) showed [9c Qd] and won ($35.50) with a flush, Ace high
Seat 2: ChicagoBull4 (big blind) mucked


PokerStars Hand #144585775486:  Hold'em Limit ($3/$6 USD) - 2015/11/29 18:11:52 ET
Table 'Forsytia' 2-max Seat #2 is the button
Seat 1: PbIbak ($103.14 in chips)
Seat 2: ChicagoBull4 ($114.68 in chips)
ChicagoBull4: posts small blind $1
PbIbak: posts big blind $3
*** HOLE CARDS ***
ChicagoBull4: raises $3 to $6
PbIbak: raises $3 to $9
ChicagoBull4: calls $3
*** FLOP *** [6s 5s Jc]
PbIbak: bets $3
ChicagoBull4: calls $3
*** TURN *** [6s 5s Jc] [3c]
PbIbak: checks
ChicagoBull4: bets $6
PbIbak: calls $6
*** RIVER *** [6s 5s Jc 3c] [Kd]
PbIbak: bets $6
ChicagoBull4: folds
Uncalled bet ($6) returned to PbIbak
PbIbak collected $35.50 from pot
PbIbak: doesn't show hand
*** SUMMARY ***
Total pot $36 | Rake $0.50
Board [6s 5s Jc 3c Kd]
Seat 1: PbIbak (big blind) collected ($35.50)
Seat 2: ChicagoBull4 (button) (small blind) folded on the River


PokerStars Hand #144585760673:  Hold'em Limit ($3/$6 USD) - 2015/11/29 18:11:34 ET
Table 'Forsytia' 2-max Seat #1 is the button
Seat 1: PbIbak ($76.64 in chips)
Seat 2: ChicagoBull4 ($141.68 in chips)
PbIbak: posts small blind $1
ChicagoBull4: posts big blind $3
*** HOLE CARDS ***
PbIbak: raises $3 to $6
ChicagoBull4: calls $3
*** FLOP *** [7d 2c Js]
ChicagoBull4: checks
PbIbak: bets $3
ChicagoBull4: calls $3
*** TURN *** [7d 2c Js] [Kh]
ChicagoBull4: checks
PbIbak: bets $6
ChicagoBull4: raises $6 to $12
PbIbak: calls $6
*** RIVER *** [7d 2c Js Kh] [2d]
ChicagoBull4: bets $6
PbIbak: calls $6
*** SHOW DOWN ***
ChicagoBull4: shows [9h Jh] (two pair, Jacks and Deuces)
PbIbak: shows [Jd Ac] (two pair, Jacks and Deuces - Ace kicker)
PbIbak collected $53.50 from pot
*** SUMMARY ***
Total pot $54 | Rake $0.50
Board [7d 2c Js Kh 2d]
Seat 1: PbIbak (button) (small blind) showed [Jd Ac] and won ($53.50) with two pair, Jacks and Deuces
Seat 2: ChicagoBull4 (big blind) showed [9h Jh] and lost with two pair, Jacks and Deuces


PokerStars Hand #144585852882:  Hold'em Limit ($3/$6 USD) - 2015/11/29 18:13:24 ET
Table 'Forsytia' 2-max Seat #2 is the button
Seat 1: PbIbak ($137.66 in chips)
Seat 2: ChicagoBull4 ($78.20 in chips)
ChicagoBull4: posts small blind $1
PbIbak: posts big blind $3
*** HOLE CARDS ***
ChicagoBull4: raises $3 to $6
PbIbak: raises $3 to $9
ChicagoBull4: calls $3
*** FLOP *** [9d 2c 7d]
PbIbak: bets $3
ChicagoBull4: calls $3
*** TURN *** [9d 2c 7d] [6s]
PbIbak: bets $6
ChicagoBull4: raises $6 to $12
PbIbak: calls $6
*** RIVER *** [9d 2c 7d 6s] [8s]
PbIbak: bets $6
ChicagoBull4: calls $6
*** SHOW DOWN ***
PbIbak: shows [5d Ad] (a straight, Five to Nine)
ChicagoBull4: mucks hand
PbIbak collected $59.50 from pot
*** SUMMARY ***
Total pot $60 | Rake $0.50
Board [9d 2c 7d 6s 8s]
Seat 1: PbIbak (big blind) showed [5d Ad] and won ($59.50) with a straight, Five to Nine
Seat 2: ChicagoBull4 (button) (small blind) mucked


PokerStars Hand #144585849246:  Hold'em Limit ($3/$6 USD) - 2015/11/29 18:13:19 ET
Table 'Forsytia' 2-max Seat #1 is the button
Seat 1: PbIbak ($138.66 in chips)
Seat 2: ChicagoBull4 ($77.20 in chips)
PbIbak: posts small blind $1
ChicagoBull4: posts big blind $3
*** HOLE CARDS ***
PbIbak: folds
Uncalled bet ($2) returned to ChicagoBull4
ChicagoBull4 collected $2 from pot
ChicagoBull4: doesn't show hand
*** SUMMARY ***
Total pot $2 | Rake $0
Seat 1: PbIbak (button) (small blind) folded before Flop
Seat 2: ChicagoBull4 (big blind) collected ($2)


PokerStars Hand #144585840487:  Hold'em Limit ($3/$6 USD) - 2015/11/29 18:13:09 ET
Table 'Forsytia' 2-max Seat #2 is the button
Seat 1: PbIbak ($132.90 in chips)
Seat 2: ChicagoBull4 ($83.20 in chips)
ChicagoBull4: posts small blind $1
PbIbak: posts big blind $3
*** HOLE CARDS ***
ChicagoBull4: calls $2
PbIbak: raises $3 to $6
ChicagoBull4: calls $3
*** FLOP *** [6d 7h Qd]
PbIbak: bets $3
ChicagoBull4: folds
Uncalled bet ($3) returned to PbIbak
PbIbak collected $11.76 from pot
PbIbak: doesn't show hand
*** SUMMARY ***
Total pot $12 | Rake $0.24
Board [6d 7h Qd]
Seat 1: PbIbak (big blind) collected ($11.76)
Seat 2: ChicagoBull4 (button) (small blind) folded on the Flop


PokerStars Hand #144585829959:  Hold'em Limit ($3/$6 USD) - 2015/11/29 18:12:56 ET
Table 'Forsytia' 2-max Seat #1 is the button
Seat 1: PbIbak ($127.14 in chips)
Seat 2: ChicagoBull4 ($89.20 in chips)
PbIbak: posts small blind $1
ChicagoBull4: posts big blind $3
*** HOLE CARDS ***
PbIbak: raises $3 to $6
ChicagoBull4: calls $3
*** FLOP *** [2h 7c 5d]
ChicagoBull4: checks
PbIbak: bets $3
ChicagoBull4: folds
Uncalled bet ($3) returned to PbIbak
PbIbak collected $11.76 from pot
PbIbak: doesn't show hand
*** SUMMARY ***
Total pot $12 | Rake $0.24
Board [2h 7c 5d]
Seat 1: PbIbak (button) (small blind) collected ($11.76)
Seat 2: ChicagoBull4 (big blind) folded on the Flop


PokerStars Hand #144585826208:  Hold'em Limit ($3/$6 USD) - 2015/11/29 18:12:52 ET
Table 'Forsytia' 2-max Seat #2 is the button
Seat 1: PbIbak ($126.14 in chips)
Seat 2: ChicagoBull4 ($90.20 in chips)
ChicagoBull4: posts small blind $1
PbIbak: posts big blind $3
*** HOLE CARDS ***
ChicagoBull4: folds
Uncalled bet ($2) returned to PbIbak
PbIbak collected $2 from pot
PbIbak: doesn't show hand
*** SUMMARY ***
Total pot $2 | Rake $0
Seat 1: PbIbak (big blind) collected ($2)
Seat 2: ChicagoBull4 (button) (small blind) folded before Flop


PokerStars Hand #144585811896:  Hold'em Limit ($3/$6 USD) - 2015/11/29 18:12:35 ET
Table 'Forsytia' 2-max Seat #1 is the button
Seat 1: PbIbak ($132.14 in chips)
Seat 2: ChicagoBull4 ($84.44 in chips)
PbIbak: posts small blind $1
ChicagoBull4: posts big blind $3
*** HOLE CARDS ***
PbIbak: raises $3 to $6
ChicagoBull4: calls $3
*** FLOP *** [2h 9c 7c]
ChicagoBull4: checks
PbIbak: checks
*** TURN *** [2h 9c 7c] [Jd]
ChicagoBull4: bets $6
PbIbak: folds
Uncalled bet ($6) returned to ChicagoBull4
ChicagoBull4 collected $11.76 from pot
ChicagoBull4: doesn't show hand
*** SUMMARY ***
Total pot $12 | Rake $0.24
Board [2h 9c 7c Jd]
Seat 1: PbIbak (button) (small blind) folded on the Turn
Seat 2: ChicagoBull4 (big blind) collected ($11.76)


PokerStars Hand #144585907370:  Hold'em Limit ($3/$6 USD) - 2015/11/29 18:14:28 ET
Table 'Forsytia' 2-max Seat #1 is the button
Seat 1: PbIbak ($161.92 in chips)
Seat 2: ChicagoBull4 ($52.72 in chips)
PbIbak: posts small blind $1
ChicagoBull4: posts big blind $3
*** HOLE CARDS ***
PbIbak: raises $3 to $6
ChicagoBull4: calls $3
*** FLOP *** [2s 7d 8h]
ChicagoBull4: checks
PbIbak: bets $3
ChicagoBull4: calls $3
*** TURN *** [2s 7d 8h] [9h]
ChicagoBull4: checks
PbIbak: checks
*** RIVER *** [2s 7d 8h 9h] [6c]
ChicagoBull4: bets $6
PbIbak: folds
Uncalled bet ($6) returned to ChicagoBull4
ChicagoBull4 collected $17.64 from pot
ChicagoBull4: doesn't show hand
*** SUMMARY ***
Total pot $18 | Rake $0.36
Board [2s 7d 8h 9h 6c]
Seat 1: PbIbak (button) (small blind) folded on the River
Seat 2: ChicagoBull4 (big blind) collected ($17.64)


PokerStars Hand #144585903657:  Hold'em Limit ($3/$6 USD) - 2015/11/29 18:14:24 ET
Table 'Forsytia' 2-max Seat #2 is the button
Seat 1: PbIbak ($160.92 in chips)
Seat 2: ChicagoBull4 ($53.72 in chips)
ChicagoBull4: posts small blind $1
PbIbak: posts big blind $3
*** HOLE CARDS ***
ChicagoBull4: folds
Uncalled bet ($2) returned to PbIbak
PbIbak collected $2 from pot
PbIbak: doesn't show hand
*** SUMMARY ***
Total pot $2 | Rake $0
Seat 1: PbIbak (big blind) collected ($2)
Seat 2: ChicagoBull4 (button) (small blind) folded before Flop


PokerStars Hand #144585896084:  Hold'em Limit ($3/$6 USD) - 2015/11/29 18:14:15 ET
Table 'Forsytia' 2-max Seat #1 is the button
Seat 1: PbIbak ($166.92 in chips)
Seat 2: ChicagoBull4 ($47.96 in chips)
PbIbak: posts small blind $1
ChicagoBull4: posts big blind $3
*** HOLE CARDS ***
PbIbak: raises $3 to $6
ChicagoBull4: calls $3
*** FLOP *** [7d 6h Ts]
ChicagoBull4: bets $3
PbIbak: folds
Uncalled bet ($3) returned to ChicagoBull4
ChicagoBull4 collected $11.76 from pot
ChicagoBull4: doesn't show hand
*** SUMMARY ***
Total pot $12 | Rake $0.24
Board [7d 6h Ts]
Seat 1: PbIbak (button) (small blind) folded on the Flop
Seat 2: ChicagoBull4 (big blind) collected ($11.76)


PokerStars Hand #144585882734:  Hold'em Limit ($3/$6 USD) - 2015/11/29 18:13:59 ET
Table 'Forsytia' 2-max Seat #2 is the button
Seat 1: PbIbak ($172.92 in chips)
Seat 2: ChicagoBull4 ($42.20 in chips)
ChicagoBull4: posts small blind $1
PbIbak: posts big blind $3
*** HOLE CARDS ***
ChicagoBull4: raises $3 to $6
PbIbak: calls $3
*** FLOP *** [Ac 5h Js]
PbIbak: checks
ChicagoBull4: bets $3
PbIbak: folds
Uncalled bet ($3) returned to ChicagoBull4
ChicagoBull4 collected $11.76 from pot
ChicagoBull4: doesn't show hand
*** SUMMARY ***
Total pot $12 | Rake $0.24
Board [Ac 5h Js]
Seat 1: PbIbak (big blind) folded on the Flop
Seat 2: ChicagoBull4 (button) (small blind) collected ($11.76)


PokerStars Hand #144585867857:  Hold'em Limit ($3/$6 USD) - 2015/11/29 18:13:41 ET
Table 'Forsytia' 2-max Seat #1 is the button
Seat 1: PbIbak ($167.16 in chips)
Seat 2: ChicagoBull4 ($48.20 in chips)
PbIbak: posts small blind $1
ChicagoBull4: posts big blind $3
*** HOLE CARDS ***
PbIbak: raises $3 to $6
ChicagoBull4: calls $3
*** FLOP *** [Td 7h 3h]
ChicagoBull4: checks
PbIbak: checks
*** TURN *** [Td 7h 3h] [Js]
ChicagoBull4: checks
PbIbak: bets $6
ChicagoBull4: folds
Uncalled bet ($6) returned to PbIbak
PbIbak collected $11.76 from pot
PbIbak: doesn't show hand
*** SUMMARY ***
Total pot $12 | Rake $0.24
Board [Td 7h 3h Js]
Seat 1: PbIbak (button) (small blind) collected ($11.76)
Seat 2: ChicagoBull4 (big blind) folded on the Turn


PokerStars Hand #144585967619:  Hold'em Limit ($3/$6 USD) - 2015/11/29 18:15:42 ET
Table 'Forsytia' 2-max Seat #2 is the button
Seat 1: PbIbak ($143.68 in chips)
Seat 2: ChicagoBull4 ($69.64 in chips)
ChicagoBull4: posts small blind $1
PbIbak: posts big blind $3
*** HOLE CARDS ***
ChicagoBull4: folds
Uncalled bet ($2) returned to PbIbak
PbIbak collected $2 from pot
PbIbak: doesn't show hand
*** SUMMARY ***
Total pot $2 | Rake $0
Seat 1: PbIbak (big blind) collected ($2)
Seat 2: ChicagoBull4 (button) (small blind) folded before Flop


PokerStars Hand #144585963552:  Hold'em Limit ($3/$6 USD) - 2015/11/29 18:15:37 ET
Table 'Forsytia' 2-max Seat #1 is the button
Seat 1: PbIbak ($140.68 in chips)
Seat 2: ChicagoBull4 ($72.64 in chips)
PbIbak: posts small blind $1
ChicagoBull4: posts big blind $3
*** HOLE CARDS ***
PbIbak: raises $3 to $6
ChicagoBull4: folds
Uncalled bet ($3) returned to PbIbak
PbIbak collected $6 from pot
PbIbak: doesn't show hand
*** SUMMARY ***
Total pot $6 | Rake $0
Seat 1: PbIbak (button) (small blind) collected ($6)
Seat 2: ChicagoBull4 (big blind) folded before Flop


PokerStars Hand #144585958923:  Hold'em Limit ($3/$6 USD) - 2015/11/29 18:15:31 ET
Table 'Forsytia' 2-max Seat #2 is the button
Seat 1: PbIbak ($143.68 in chips)
Seat 2: ChicagoBull4 ($69.64 in chips)
ChicagoBull4: posts small blind $1
PbIbak: posts big blind $3
*** HOLE CARDS ***
ChicagoBull4: raises $3 to $6
PbIbak: folds
Uncalled bet ($3) returned to ChicagoBull4
ChicagoBull4 collected $6 from pot
ChicagoBull4: doesn't show hand
*** SUMMARY ***
Total pot $6 | Rake $0
Seat 1: PbIbak (big blind) folded before Flop
Seat 2: ChicagoBull4 (button) (small blind) collected ($6)


PokerStars Hand #144585955416:  Hold'em Limit ($3/$6 USD) - 2015/11/29 18:15:26 ET
Table 'Forsytia' 2-max Seat #1 is the button
Seat 1: PbIbak ($140.68 in chips)
Seat 2: ChicagoBull4 ($72.64 in chips)
PbIbak: posts small blind $1
ChicagoBull4: posts big blind $3
*** HOLE CARDS ***
PbIbak: raises $3 to $6
ChicagoBull4: folds
Uncalled bet ($3) returned to PbIbak
PbIbak collected $6 from pot
PbIbak: doesn't show hand
*** SUMMARY ***
Total pot $6 | Rake $0
Seat 1: PbIbak (button) (small blind) collected ($6)
Seat 2: ChicagoBull4 (big blind) folded before Flop


PokerStars Hand #144585941712:  Hold'em Limit ($3/$6 USD) - 2015/11/29 18:15:10 ET
Table 'Forsytia' 2-max Seat #2 is the button
Seat 1: PbIbak ($149.68 in chips)
Seat 2: ChicagoBull4 ($64 in chips)
ChicagoBull4: posts small blind $1
PbIbak: posts big blind $3
*** HOLE CARDS ***
ChicagoBull4: raises $3 to $6
PbIbak: calls $3
*** FLOP *** [Kd 7h Kc]
PbIbak: checks
ChicagoBull4: bets $3
PbIbak: calls $3
*** TURN *** [Kd 7h Kc] [Qh]
PbIbak: checks
ChicagoBull4: checks
*** RIVER *** [Kd 7h Kc Qh] [5h]
PbIbak: checks
ChicagoBull4: checks
*** SHOW DOWN ***
PbIbak: shows [Ad 6s] (a pair of Kings)
ChicagoBull4: shows [As 8h] (a pair of Kings - Ace+Queen+Eight kicker)
ChicagoBull4 collected $17.64 from pot
*** SUMMARY ***
Total pot $18 | Rake $0.36
Board [Kd 7h Kc Qh 5h]
Seat 1: PbIbak (big blind) showed [Ad 6s] and lost with a pair of Kings
Seat 2: ChicagoBull4 (button) (small blind) showed [As 8h] and won ($17.64) with a pair of Kings


PokerStars Hand #144585934484:  Hold'em Limit ($3/$6 USD) - 2015/11/29 18:15:01 ET
Table 'Forsytia' 2-max Seat #1 is the button
Seat 1: PbIbak ($143.92 in chips)
Seat 2: ChicagoBull4 ($70 in chips)
PbIbak: posts small blind $1
ChicagoBull4: posts big blind $3
*** HOLE CARDS ***
PbIbak: raises $3 to $6
ChicagoBull4: calls $3
*** FLOP *** [2s 2d 6s]
ChicagoBull4: checks
PbIbak: bets $3
ChicagoBull4: folds
Uncalled bet ($3) returned to PbIbak
PbIbak collected $11.76 from pot
PbIbak: doesn't show hand
*** SUMMARY ***
Total pot $12 | Rake $0.24
Board [2s 2d 6s]
Seat 1: PbIbak (button) (small blind) collected ($11.76)
Seat 2: ChicagoBull4 (big blind) folded on the Flop


PokerStars Hand #144585920720:  Hold'em Limit ($3/$6 USD) - 2015/11/29 18:14:44 ET
Table 'Forsytia' 2-max Seat #2 is the button
Seat 1: PbIbak ($152.92 in chips)
Seat 2: ChicagoBull4 ($61.36 in chips)
ChicagoBull4: posts small blind $1
PbIbak: posts big blind $3
*** HOLE CARDS ***
ChicagoBull4: raises $3 to $6
PbIbak: calls $3
*** FLOP *** [Ac Qc 9h]
PbIbak: checks
ChicagoBull4: bets $3
PbIbak: calls $3
*** TURN *** [Ac Qc 9h] [4h]
PbIbak: checks
ChicagoBull4: checks
*** RIVER *** [Ac Qc 9h 4h] [2d]
PbIbak: checks
ChicagoBull4: checks
*** SHOW DOWN ***
PbIbak: shows [Jc Ts] (high card Ace)
ChicagoBull4: shows [Ks 7c] (high card Ace - King kicker)
ChicagoBull4 collected $17.64 from pot
*** SUMMARY ***
Total pot $18 | Rake $0.36
Board [Ac Qc 9h 4h 2d]
Seat 1: PbIbak (big blind) showed [Jc Ts] and lost with high card Ace
Seat 2: ChicagoBull4 (button) (small blind) showed [Ks 7c] and won ($17.64) with high card Ace


PokerStars Hand #144586002966:  Hold'em Limit ($3/$6 USD) - 2015/11/29 18:16:25 ET
Table 'Forsytia' 2-max Seat #2 is the button
Seat 1: PbIbak ($163.18 in chips)
Seat 2: ChicagoBull4 ($49.16 in chips)
ChicagoBull4: posts small blind $1
PbIbak: posts big blind $3
*** HOLE CARDS ***
ChicagoBull4: raises $3 to $6
PbIbak: folds
Uncalled bet ($3) returned to ChicagoBull4
ChicagoBull4 collected $6 from pot
ChicagoBull4: doesn't show hand
*** SUMMARY ***
Total pot $6 | Rake $0
Seat 1: PbIbak (big blind) folded before Flop
Seat 2: ChicagoBull4 (button) (small blind) collected ($6)


PokerStars Hand #144585992167:  Hold'em Limit ($3/$6 USD) - 2015/11/29 18:16:12 ET
Table 'Forsytia' 2-max Seat #1 is the button
Seat 1: PbIbak ($175.18 in chips)
Seat 2: ChicagoBull4 ($37.64 in chips)
PbIbak: posts small blind $1
ChicagoBull4: posts big blind $3
*** HOLE CARDS ***
PbIbak: raises $3 to $6
ChicagoBull4: raises $3 to $9
PbIbak: calls $3
*** FLOP *** [7c 8h Jh]
ChicagoBull4: bets $3
PbIbak: calls $3
*** TURN *** [7c 8h Jh] [Tc]
ChicagoBull4: bets $6
PbIbak: folds
Uncalled bet ($6) returned to ChicagoBull4
ChicagoBull4 collected $23.52 from pot
ChicagoBull4: doesn't show hand
*** SUMMARY ***
Total pot $24 | Rake $0.48
Board [7c 8h Jh Tc]
Seat 1: PbIbak (button) (small blind) folded on the Turn
Seat 2: ChicagoBull4 (big blind) collected ($23.52)


PokerStars Hand #144585988723:  Hold'em Limit ($3/$6 USD) - 2015/11/29 18:16:07 ET
Table 'Forsytia' 2-max Seat #2 is the button
Seat 1: PbIbak ($174.18 in chips)
Seat 2: ChicagoBull4 ($38.64 in chips)
ChicagoBull4: posts small blind $1
PbIbak: posts big blind $3
*** HOLE CARDS ***
ChicagoBull4: folds
Uncalled bet ($2) returned to PbIbak
PbIbak collected $2 from pot
PbIbak: doesn't show hand
*** SUMMARY ***
Total pot $2 | Rake $0
Seat 1: PbIbak (big blind) collected ($2)
Seat 2: ChicagoBull4 (button) (small blind) folded before Flop


PokerStars Hand #144585970990:  Hold'em Limit ($3/$6 USD) - 2015/11/29 18:15:46 ET
Table 'Forsytia' 2-max Seat #1 is the button
Seat 1: PbIbak ($144.68 in chips)
Seat 2: ChicagoBull4 ($68.64 in chips)
PbIbak: posts small blind $1
ChicagoBull4: posts big blind $3
*** HOLE CARDS ***
PbIbak: raises $3 to $6
ChicagoBull4: raises $3 to $9
PbIbak: calls $3
*** FLOP *** [4h Qh 8h]
ChicagoBull4: bets $3
PbIbak: calls $3
*** TURN *** [4h Qh 8h] [9d]
ChicagoBull4: bets $6
PbIbak: raises $6 to $12
ChicagoBull4: calls $6
*** RIVER *** [4h Qh 8h 9d] [5s]
ChicagoBull4: checks
PbIbak: bets $6
ChicagoBull4: calls $6
*** SHOW DOWN ***
PbIbak: shows [Qc 8d] (two pair, Queens and Eights)
ChicagoBull4: mucks hand
PbIbak collected $59.50 from pot
*** SUMMARY ***
Total pot $60 | Rake $0.50
Board [4h Qh 8h 9d 5s]
Seat 1: PbIbak (button) (small blind) showed [Qc 8d] and won ($59.50) with two pair, Queens and Eights
Seat 2: ChicagoBull4 (big blind) mucked


PokerStars Hand #144586054682:  Hold'em Limit ($3/$6 USD) - 2015/11/29 18:17:26 ET
Table 'Forsytia' 2-max Seat #2 is the button
Seat 1: PbIbak ($141.70 in chips)
Seat 2: ChicagoBull4 ($69.18 in chips)
ChicagoBull4: posts small blind $1
PbIbak: posts big blind $3
*** HOLE CARDS ***
ChicagoBull4: raises $3 to $6
PbIbak: folds
Uncalled bet ($3) returned to ChicagoBull4
ChicagoBull4 collected $6 from pot
ChicagoBull4: doesn't show hand
*** SUMMARY ***
Total pot $6 | Rake $0
Seat 1: PbIbak (big blind) folded before Flop
Seat 2: ChicagoBull4 (button) (small blind) collected ($6)


PokerStars Hand #144586039126:  Hold'em Limit ($3/$6 USD) - 2015/11/29 18:17:08 ET
Table 'Forsytia' 2-max Seat #1 is the button
Seat 1: PbIbak ($153.70 in chips)
Seat 2: ChicagoBull4 ($57.66 in chips)
PbIbak: posts small blind $1
ChicagoBull4: posts big blind $3
*** HOLE CARDS ***
PbIbak: raises $3 to $6
ChicagoBull4: calls $3
*** FLOP *** [4h 6c Th]
ChicagoBull4: bets $3
PbIbak: raises $3 to $6
ChicagoBull4: calls $3
*** TURN *** [4h 6c Th] [Js]
ChicagoBull4: checks
PbIbak: checks
*** RIVER *** [4h 6c Th Js] [9h]
ChicagoBull4: bets $6
PbIbak: folds
Uncalled bet ($6) returned to ChicagoBull4
ChicagoBull4 collected $23.52 from pot
ChicagoBull4: doesn't show hand
*** SUMMARY ***
Total pot $24 | Rake $0.48
Board [4h 6c Th Js 9h]
Seat 1: PbIbak (button) (small blind) folded on the River
Seat 2: ChicagoBull4 (big blind) collected ($23.52)


PokerStars Hand #144586029614:  Hold'em Limit ($3/$6 USD) - 2015/11/29 18:16:56 ET
Table 'Forsytia' 2-max Seat #2 is the button
Seat 1: PbIbak ($142.18 in chips)
Seat 2: ChicagoBull4 ($69.66 in chips)
ChicagoBull4: posts small blind $1
PbIbak: posts big blind $3
*** HOLE CARDS ***
ChicagoBull4: raises $3 to $6
PbIbak: raises $3 to $9
ChicagoBull4: calls $3
*** FLOP *** [4c 9s 2s]
PbIbak: bets $3
ChicagoBull4: calls $3
*** TURN *** [4c 9s 2s] [Ad]
PbIbak: bets $6
ChicagoBull4: folds
Uncalled bet ($6) returned to PbIbak
PbIbak collected $23.52 from pot
PbIbak: doesn't show hand
*** SUMMARY ***
Total pot $24 | Rake $0.48
Board [4c 9s 2s Ad]
Seat 1: PbIbak (big blind) collected ($23.52)
Seat 2: ChicagoBull4 (button) (small blind) folded on the Turn


PokerStars Hand #144586009085:  Hold'em Limit ($3/$6 USD) - 2015/11/29 18:16:32 ET
Table 'Forsytia' 2-max Seat #1 is the button
Seat 1: PbIbak ($160.18 in chips)
Seat 2: ChicagoBull4 ($52.16 in chips)
PbIbak: posts small blind $1
ChicagoBull4: posts big blind $3
*** HOLE CARDS ***
PbIbak: raises $3 to $6
ChicagoBull4: raises $3 to $9
PbIbak: calls $3
*** FLOP *** [Th As Ac]
ChicagoBull4: bets $3
PbIbak: calls $3
*** TURN *** [Th As Ac] [Ts]
ChicagoBull4: checks
PbIbak: checks
*** RIVER *** [Th As Ac Ts] [Qs]
ChicagoBull4: bets $6
PbIbak: calls $6
*** SHOW DOWN ***
ChicagoBull4: shows [Qd Qc] (a full house, Queens full of Aces)
PbIbak: mucks hand
ChicagoBull4 collected $35.50 from pot
*** SUMMARY ***
Total pot $36 | Rake $0.50
Board [Th As Ac Ts Qs]
Seat 1: PbIbak (button) (small blind) mucked
Seat 2: ChicagoBull4 (big blind) showed [Qd Qc] and won ($35.50) with a full house, Queens full of Aces


PokerStars Hand #144586109548:  Hold'em Limit ($3/$6 USD) - 2015/11/29 18:18:32 ET
Table 'Forsytia' 2-max Seat #1 is the button
Seat 1: PbIbak ($105.70 in chips)
Seat 2: ChicagoBull4 ($104.20 in chips)
PbIbak: posts small blind $1
ChicagoBull4: posts big blind $3
*** HOLE CARDS ***
PbIbak: raises $3 to $6
ChicagoBull4: calls $3
*** FLOP *** [Js 4s 6c]
ChicagoBull4: checks
PbIbak: bets $3
ChicagoBull4: calls $3
*** TURN *** [Js 4s 6c] [2d]
ChicagoBull4: checks
PbIbak: checks
*** RIVER *** [Js 4s 6c 2d] [Ts]
ChicagoBull4: bets $6
PbIbak: calls $6
*** SHOW DOWN ***
ChicagoBull4: shows [9h Jd] (a pair of Jacks)
PbIbak: mucks hand
ChicagoBull4 collected $29.50 from pot
*** SUMMARY ***
Total pot $30 | Rake $0.50
Board [Js 4s 6c 2d Ts]
Seat 1: PbIbak (button) (small blind) mucked
Seat 2: ChicagoBull4 (big blind) showed [9h Jd] and won ($29.50) with a pair of Jacks


PokerStars Hand #144586104866:  Hold'em Limit ($3/$6 USD) - 2015/11/29 18:18:26 ET
Table 'Forsytia' 2-max Seat #2 is the button
Seat 1: PbIbak ($108.70 in chips)
Seat 2: ChicagoBull4 ($101.20 in chips)
ChicagoBull4: posts small blind $1
PbIbak: posts big blind $3
*** HOLE CARDS ***
ChicagoBull4: raises $3 to $6
PbIbak: folds
Uncalled bet ($3) returned to ChicagoBull4
ChicagoBull4 collected $6 from pot
ChicagoBull4: doesn't show hand
*** SUMMARY ***
Total pot $6 | Rake $0
Seat 1: PbIbak (big blind) folded before Flop
Seat 2: ChicagoBull4 (button) (small blind) collected ($6)


PokerStars Hand #144586100688:  Hold'em Limit ($3/$6 USD) - 2015/11/29 18:18:21 ET
Table 'Forsytia' 2-max Seat #1 is the button
Seat 1: PbIbak ($105.70 in chips)
Seat 2: ChicagoBull4 ($104.20 in chips)
PbIbak: posts small blind $1
ChicagoBull4: posts big blind $3
*** HOLE CARDS ***
PbIbak: raises $3 to $6
ChicagoBull4: folds
Uncalled bet ($3) returned to PbIbak
PbIbak collected $6 from pot
PbIbak: doesn't show hand
*** SUMMARY ***
Total pot $6 | Rake $0
Seat 1: PbIbak (button) (small blind) collected ($6)
Seat 2: ChicagoBull4 (big blind) folded before Flop


PokerStars Hand #144586097111:  Hold'em Limit ($3/$6 USD) - 2015/11/29 18:18:17 ET
Table 'Forsytia' 2-max Seat #2 is the button
Seat 1: PbIbak ($104.70 in chips)
Seat 2: ChicagoBull4 ($105.20 in chips)
ChicagoBull4: posts small blind $1
PbIbak: posts big blind $3
*** HOLE CARDS ***
ChicagoBull4: folds
Uncalled bet ($2) returned to PbIbak
PbIbak collected $2 from pot
PbIbak: doesn't show hand
*** SUMMARY ***
Total pot $2 | Rake $0
Seat 1: PbIbak (big blind) collected ($2)
Seat 2: ChicagoBull4 (button) (small blind) folded before Flop


PokerStars Hand #144586093491:  Hold'em Limit ($3/$6 USD) - 2015/11/29 18:18:12 ET
Table 'Forsytia' 2-max Seat #1 is the button
Seat 1: PbIbak ($105.70 in chips)
Seat 2: ChicagoBull4 ($104.20 in chips)
PbIbak: posts small blind $1
ChicagoBull4: posts big blind $3
*** HOLE CARDS ***
PbIbak: folds
Uncalled bet ($2) returned to ChicagoBull4
ChicagoBull4 collected $2 from pot
ChicagoBull4: doesn't show hand
*** SUMMARY ***
Total pot $2 | Rake $0
Seat 1: PbIbak (button) (small blind) folded before Flop
Seat 2: ChicagoBull4 (big blind) collected ($2)


PokerStars Hand #144586075302:  Hold'em Limit ($3/$6 USD) - 2015/11/29 18:17:51 ET
Table 'Forsytia' 2-max Seat #2 is the button
Seat 1: PbIbak ($126.70 in chips)
Seat 2: ChicagoBull4 ($83.70 in chips)
ChicagoBull4: posts small blind $1
PbIbak: posts big blind $3
*** HOLE CARDS ***
ChicagoBull4: raises $3 to $6
PbIbak: calls $3
*** FLOP *** [As 6d Tc]
PbIbak: checks
ChicagoBull4: bets $3
PbIbak: calls $3
*** TURN *** [As 6d Tc] [5c]
PbIbak: bets $6
ChicagoBull4: calls $6
*** RIVER *** [As 6d Tc 5c] [Ks]
PbIbak: bets $6
ChicagoBull4: calls $6
*** SHOW DOWN ***
PbIbak: shows [Th Qd] (a pair of Tens)
ChicagoBull4: shows [8h Ah] (a pair of Aces)
ChicagoBull4 collected $41.50 from pot
*** SUMMARY ***
Total pot $42 | Rake $0.50
Board [As 6d Tc 5c Ks]
Seat 1: PbIbak (big blind) showed [Th Qd] and lost with a pair of Tens
Seat 2: ChicagoBull4 (button) (small blind) showed [8h Ah] and won ($41.50) with a pair of Aces


PokerStars Hand #144586059531:  Hold'em Limit ($3/$6 USD) - 2015/11/29 18:17:32 ET
Table 'Forsytia' 2-max Seat #1 is the button
Seat 1: PbIbak ($138.70 in chips)
Seat 2: ChicagoBull4 ($72.18 in chips)
PbIbak: posts small blind $1
ChicagoBull4: posts big blind $3
*** HOLE CARDS ***
PbIbak: raises $3 to $6
ChicagoBull4: raises $3 to $9
PbIbak: calls $3
*** FLOP *** [Kd Jh Qs]
ChicagoBull4: bets $3
PbIbak: calls $3
*** TURN *** [Kd Jh Qs] [9h]
ChicagoBull4: checks
PbIbak: checks
*** RIVER *** [Kd Jh Qs 9h] [6c]
ChicagoBull4: bets $6
PbIbak: folds
Uncalled bet ($6) returned to ChicagoBull4
ChicagoBull4 collected $23.52 from pot
ChicagoBull4: doesn't show hand
*** SUMMARY ***
Total pot $24 | Rake $0.48
Board [Kd Jh Qs 9h 6c]
Seat 1: PbIbak (button) (small blind) folded on the River
Seat 2: ChicagoBull4 (big blind) collected ($23.52)


PokerStars Hand #144586151907:  Hold'em Limit ($3/$6 USD) - 2015/11/29 18:19:22 ET
Table 'Forsytia' 2-max Seat #2 is the button
Seat 1: PbIbak ($81.70 in chips)
Seat 2: ChicagoBull4 ($127.46 in chips)
ChicagoBull4: posts small blind $1
PbIbak: posts big blind $3
*** HOLE CARDS ***
ChicagoBull4: raises $3 to $6
PbIbak: calls $3
*** FLOP *** [8c 3s 2s]
PbIbak: checks
ChicagoBull4: bets $3
PbIbak: raises $3 to $6
ChicagoBull4: calls $3
*** TURN *** [8c 3s 2s] [4c]
PbIbak: bets $6
ChicagoBull4: raises $6 to $12
PbIbak: calls $6
*** RIVER *** [8c 3s 2s 4c] [9s]
PbIbak: checks
ChicagoBull4: bets $6
PbIbak: calls $6
*** SHOW DOWN ***
ChicagoBull4: shows [Ks Kd] (a pair of Kings)
PbIbak: mucks hand
ChicagoBull4 collected $59.50 from pot
*** SUMMARY ***
Total pot $60 | Rake $0.50
Board [8c 3s 2s 4c 9s]
Seat 1: PbIbak (big blind) mucked
Seat 2: ChicagoBull4 (button) (small blind) showed [Ks Kd] and won ($59.50) with a pair of Kings


PokerStars Hand #144586146811:  Hold'em Limit ($3/$6 USD) - 2015/11/29 18:19:16 ET
Table 'Forsytia' 2-max Seat #1 is the button
Seat 1: PbIbak ($78.70 in chips)
Seat 2: ChicagoBull4 ($130.46 in chips)
PbIbak: posts small blind $1
ChicagoBull4: posts big blind $3
*** HOLE CARDS ***
PbIbak: raises $3 to $6
ChicagoBull4: folds
Uncalled bet ($3) returned to PbIbak
PbIbak collected $6 from pot
PbIbak: doesn't show hand
*** SUMMARY ***
Total pot $6 | Rake $0
Seat 1: PbIbak (button) (small blind) collected ($6)
Seat 2: ChicagoBull4 (big blind) folded before Flop


PokerStars Hand #144586138132:  Hold'em Limit ($3/$6 USD) - 2015/11/29 18:19:06 ET
Table 'Forsytia' 2-max Seat #2 is the button
Seat 1: PbIbak ($81.70 in chips)
Seat 2: ChicagoBull4 ($127.46 in chips)
ChicagoBull4: posts small blind $1
PbIbak: posts big blind $3
*** HOLE CARDS ***
ChicagoBull4: raises $3 to $6
PbIbak: folds
Uncalled bet ($3) returned to ChicagoBull4
ChicagoBull4 collected $6 from pot
ChicagoBull4: doesn't show hand
*** SUMMARY ***
Total pot $6 | Rake $0
Seat 1: PbIbak (big blind) folded before Flop
Seat 2: ChicagoBull4 (button) (small blind) collected ($6)


PokerStars Hand #144586127313:  Hold'em Limit ($3/$6 USD) - 2015/11/29 18:18:53 ET
Table 'Forsytia' 2-max Seat #1 is the button
Seat 1: PbIbak ($87.70 in chips)
Seat 2: ChicagoBull4 ($121.70 in chips)
PbIbak: posts small blind $1
ChicagoBull4: posts big blind $3
*** HOLE CARDS ***
PbIbak: raises $3 to $6
ChicagoBull4: calls $3
*** FLOP *** [3h Qh 2s]
ChicagoBull4: checks
PbIbak: checks
*** TURN *** [3h Qh 2s] [Tc]
ChicagoBull4: bets $6
PbIbak: folds
Uncalled bet ($6) returned to ChicagoBull4
ChicagoBull4 collected $11.76 from pot
ChicagoBull4: doesn't show hand
*** SUMMARY ***
Total pot $12 | Rake $0.24
Board [3h Qh 2s Tc]
Seat 1: PbIbak (button) (small blind) folded on the Turn
Seat 2: ChicagoBull4 (big blind) collected ($11.76)


PokerStars Hand #144586123423:  Hold'em Limit ($3/$6 USD) - 2015/11/29 18:18:48 ET
Table 'Forsytia' 2-max Seat #2 is the button
Seat 1: PbIbak ($90.70 in chips)
Seat 2: ChicagoBull4 ($118.70 in chips)
ChicagoBull4: posts small blind $1
PbIbak: posts big blind $3
*** HOLE CARDS ***
ChicagoBull4: raises $3 to $6
PbIbak: folds
Uncalled bet ($3) returned to ChicagoBull4
ChicagoBull4 collected $6 from pot
ChicagoBull4: doesn't show hand
*** SUMMARY ***
Total pot $6 | Rake $0
Seat 1: PbIbak (big blind) folded before Flop
Seat 2: ChicagoBull4 (button) (small blind) collected ($6)


PokerStars Hand #144586216621:  Hold'em Limit ($3/$6 USD) - 2015/11/29 18:20:40 ET
Table 'Forsytia' 2-max Seat #1 is the button
Seat 1: PbIbak ($234 in chips)
Seat 2: ChicagoBull4 ($207.41 in chips)
PbIbak: posts small blind $1
ChicagoBull4: posts big blind $3
*** HOLE CARDS ***
PbIbak: raises $3 to $6
ChicagoBull4: calls $3
*** FLOP *** [5d 5s 8s]
ChicagoBull4: checks
PbIbak: bets $3
ChicagoBull4: folds
Uncalled bet ($3) returned to PbIbak
PbIbak collected $11.76 from pot
PbIbak: doesn't show hand
*** SUMMARY ***
Total pot $12 | Rake $0.24
Board [5d 5s 8s]
Seat 1: PbIbak (button) (small blind) collected ($11.76)
Seat 2: ChicagoBull4 (big blind) folded on the Flop


PokerStars Hand #144586201145:  Hold'em Limit ($3/$6 USD) - 2015/11/29 18:20:21 ET
Table 'Forsytia' 2-max Seat #2 is the button
Seat 1: PbIbak ($6.70 in chips)
Seat 2: ChicagoBull4 ($200.98 in chips)
ChicagoBull4: posts small blind $1
PbIbak: posts big blind $3
*** HOLE CARDS ***
ChicagoBull4: raises $3 to $6
PbIbak: raises $0.70 to $6.70 and is all-in
ChicagoBull4: calls $0.70
*** FLOP *** [5h 3h Ks]
*** TURN *** [5h 3h Ks] [Ts]
*** RIVER *** [5h 3h Ks Ts] [7h]
*** SHOW DOWN ***
PbIbak: shows [Jd 3c] (a pair of Threes)
ChicagoBull4: shows [Qh Th] (a flush, Queen high)
ChicagoBull4 collected $13.13 from pot
*** SUMMARY ***
Total pot $13.40 | Rake $0.27
Board [5h 3h Ks Ts 7h]
Seat 1: PbIbak (big blind) showed [Jd 3c] and lost with a pair of Threes
Seat 2: ChicagoBull4 (button) (small blind) showed [Qh Th] and won ($13.13) with a flush, Queen high


PokerStars Hand #144586184202:  Hold'em Limit ($3/$6 USD) - 2015/11/29 18:20:01 ET
Table 'Forsytia' 2-max Seat #1 is the button
Seat 1: PbIbak ($36.70 in chips)
Seat 2: ChicagoBull4 ($171.48 in chips)
PbIbak: posts small blind $1
ChicagoBull4: posts big blind $3
*** HOLE CARDS ***
PbIbak: raises $3 to $6
ChicagoBull4: calls $3
*** FLOP *** [Jh 3c 9s]
ChicagoBull4: checks
PbIbak: bets $3
ChicagoBull4: raises $3 to $6
PbIbak: calls $3
*** TURN *** [Jh 3c 9s] [5s]
ChicagoBull4: bets $6
PbIbak: raises $6 to $12
ChicagoBull4: calls $6
*** RIVER *** [Jh 3c 9s 5s] [Ac]
ChicagoBull4: checks
PbIbak: bets $6
ChicagoBull4: calls $6
*** SHOW DOWN ***
PbIbak: shows [Qs 6s] (high card Ace)
ChicagoBull4: shows [Jc 8s] (a pair of Jacks)
ChicagoBull4 collected $59.50 from pot
*** SUMMARY ***
Total pot $60 | Rake $0.50
Board [Jh 3c 9s 5s Ac]
Seat 1: PbIbak (button) (small blind) showed [Qs 6s] and lost with high card Ace
Seat 2: ChicagoBull4 (big blind) showed [Jc 8s] and won ($59.50) with a pair of Jacks


PokerStars Hand #144586180502:  Hold'em Limit ($3/$6 USD) - 2015/11/29 18:19:57 ET
Table 'Forsytia' 2-max Seat #2 is the button
Seat 1: PbIbak ($39.70 in chips)
Seat 2: ChicagoBull4 ($168.48 in chips)
ChicagoBull4: posts small blind $1
PbIbak: posts big blind $3
*** HOLE CARDS ***
ChicagoBull4: raises $3 to $6
PbIbak: folds
Uncalled bet ($3) returned to ChicagoBull4
ChicagoBull4 collected $6 from pot
ChicagoBull4: doesn't show hand
*** SUMMARY ***
Total pot $6 | Rake $0
Seat 1: PbIbak (big blind) folded before Flop
Seat 2: ChicagoBull4 (button) (small blind) collected ($6)


PokerStars Hand #144586168045:  Hold'em Limit ($3/$6 USD) - 2015/11/29 18:19:42 ET
Table 'Forsytia' 2-max Seat #1 is the button
Seat 1: PbIbak ($51.70 in chips)
Seat 2: ChicagoBull4 ($156.96 in chips)
PbIbak: posts small blind $1
ChicagoBull4: posts big blind $3
*** HOLE CARDS ***
PbIbak: raises $3 to $6
ChicagoBull4: calls $3
*** FLOP *** [Kc 6d 3c]
ChicagoBull4: checks
PbIbak: bets $3
ChicagoBull4: raises $3 to $6
PbIbak: calls $3
*** TURN *** [Kc 6d 3c] [2s]
ChicagoBull4: bets $6
PbIbak: folds
Uncalled bet ($6) returned to ChicagoBull4
ChicagoBull4 collected $23.52 from pot
ChicagoBull4: doesn't show hand
*** SUMMARY ***
Total pot $24 | Rake $0.48
Board [Kc 6d 3c 2s]
Seat 1: PbIbak (button) (small blind) folded on the Turn
Seat 2: ChicagoBull4 (big blind) collected ($23.52)


PokerStars Hand #144586248921:  Hold'em Limit ($3/$6 USD) - 2015/11/29 18:21:19 ET
Table 'Forsytia' 2-max Seat #2 is the button
Seat 1: PbIbak ($260.92 in chips)
Seat 2: ChicagoBull4 ($179.41 in chips)
ChicagoBull4: posts small blind $1
PbIbak: posts big blind $3
*** HOLE CARDS ***
ChicagoBull4: raises $3 to $6
PbIbak: calls $3
*** FLOP *** [8d 8h 9c]
PbIbak: checks
ChicagoBull4: bets $3
PbIbak: calls $3
*** TURN *** [8d 8h 9c] [Ks]
PbIbak: checks
ChicagoBull4: bets $6
PbIbak: folds
Uncalled bet ($6) returned to ChicagoBull4
ChicagoBull4 collected $17.64 from pot
ChicagoBull4: doesn't show hand
*** SUMMARY ***
Total pot $18 | Rake $0.36
Board [8d 8h 9c Ks]
Seat 1: PbIbak (big blind) folded on the Turn
Seat 2: ChicagoBull4 (button) (small blind) collected ($17.64)


PokerStars Hand #144586242231:  Hold'em Limit ($3/$6 USD) - 2015/11/29 18:21:11 ET
Table 'Forsytia' 2-max Seat #1 is the button
Seat 1: PbIbak ($255.16 in chips)
Seat 2: ChicagoBull4 ($185.41 in chips)
PbIbak: posts small blind $1
ChicagoBull4: posts big blind $3
*** HOLE CARDS ***
PbIbak: raises $3 to $6
ChicagoBull4: calls $3
*** FLOP *** [8s 9d 2c]
ChicagoBull4: checks
PbIbak: bets $3
ChicagoBull4: folds
Uncalled bet ($3) returned to PbIbak
PbIbak collected $11.76 from pot
PbIbak: doesn't show hand
*** SUMMARY ***
Total pot $12 | Rake $0.24
Board [8s 9d 2c]
Seat 1: PbIbak (button) (small blind) collected ($11.76)
Seat 2: ChicagoBull4 (big blind) folded on the Flop


PokerStars Hand #144586234725:  Hold'em Limit ($3/$6 USD) - 2015/11/29 18:21:02 ET
Table 'Forsytia' 2-max Seat #2 is the button
Seat 1: PbIbak ($246.52 in chips)
Seat 2: ChicagoBull4 ($194.41 in chips)
ChicagoBull4: posts small blind $1
PbIbak: posts big blind $3
*** HOLE CARDS ***
ChicagoBull4: raises $3 to $6
PbIbak: raises $3 to $9
ChicagoBull4: calls $3
*** FLOP *** [Ac Jc Ks]
PbIbak: bets $3
ChicagoBull4: folds
Uncalled bet ($3) returned to PbIbak
PbIbak collected $17.64 from pot
PbIbak: doesn't show hand
*** SUMMARY ***
Total pot $18 | Rake $0.36
Board [Ac Jc Ks]
Seat 1: PbIbak (big blind) collected ($17.64)
Seat 2: ChicagoBull4 (button) (small blind) folded on the Flop


PokerStars Hand #144586227053:  Hold'em Limit ($3/$6 USD) - 2015/11/29 18:20:53 ET
Table 'Forsytia' 2-max Seat #1 is the button
Seat 1: PbIbak ($240.76 in chips)
Seat 2: ChicagoBull4 ($200.41 in chips)
PbIbak: posts small blind $1
ChicagoBull4: posts big blind $3
*** HOLE CARDS ***
PbIbak: raises $3 to $6
ChicagoBull4: calls $3
*** FLOP *** [Ad Jc 3d]
ChicagoBull4: checks
PbIbak: bets $3
ChicagoBull4: folds
Uncalled bet ($3) returned to PbIbak
PbIbak collected $11.76 from pot
PbIbak: doesn't show hand
*** SUMMARY ***
Total pot $12 | Rake $0.24
Board [Ad Jc 3d]
Seat 1: PbIbak (button) (small blind) collected ($11.76)
Seat 2: ChicagoBull4 (big blind) folded on the Flop


PokerStars Hand #144586223626:  Hold'em Limit ($3/$6 USD) - 2015/11/29 18:20:49 ET
Table 'Forsytia' 2-max Seat #2 is the button
Seat 1: PbIbak ($239.76 in chips)
Seat 2: ChicagoBull4 ($201.41 in chips)
ChicagoBull4: posts small blind $1
PbIbak: posts big blind $3
*** HOLE CARDS ***
ChicagoBull4: folds
Uncalled bet ($2) returned to PbIbak
PbIbak collected $2 from pot
PbIbak: doesn't show hand
*** SUMMARY ***
Total pot $2 | Rake $0
Seat 1: PbIbak (big blind) collected ($2)
Seat 2: ChicagoBull4 (button) (small blind) folded before Flop


PokerStars Hand #144586311598:  Hold'em Limit ($3/$6 USD) - 2015/11/29 18:22:35 ET
Table 'Forsytia' 2-max Seat #1 is the button
Seat 1: PbIbak ($177.92 in chips)
Seat 2: ChicagoBull4 ($260.55 in chips)
PbIbak: posts small blind $1
ChicagoBull4: posts big blind $3
*** HOLE CARDS ***
PbIbak: raises $3 to $6
ChicagoBull4: calls $3
*** FLOP *** [2d Kc 6s]
ChicagoBull4: checks
PbIbak: bets $3
ChicagoBull4: calls $3
*** TURN *** [2d Kc 6s] [9s]
ChicagoBull4: checks
PbIbak: checks
*** RIVER *** [2d Kc 6s 9s] [Td]
ChicagoBull4: bets $6
PbIbak: calls $6
*** SHOW DOWN ***
ChicagoBull4: shows [5d Kd] (a pair of Kings)
PbIbak: mucks hand
ChicagoBull4 collected $29.50 from pot
*** SUMMARY ***
Total pot $30 | Rake $0.50
Board [2d Kc 6s 9s Td]
Seat 1: PbIbak (button) (small blind) mucked
Seat 2: ChicagoBull4 (big blind) showed [5d Kd] and won ($29.50) with a pair of Kings


PokerStars Hand #144586294995:  Hold'em Limit ($3/$6 USD) - 2015/11/29 18:22:15 ET
Table 'Forsytia' 2-max Seat #2 is the button
Seat 1: PbIbak ($195.92 in chips)
Seat 2: ChicagoBull4 ($243.05 in chips)
ChicagoBull4: posts small blind $1
PbIbak: posts big blind $3
*** HOLE CARDS ***
ChicagoBull4: raises $3 to $6
PbIbak: raises $3 to $9
ChicagoBull4: calls $3
*** FLOP *** [7s 8s Qh]
PbIbak: bets $3
ChicagoBull4: calls $3
*** TURN *** [7s 8s Qh] [5h]
PbIbak: checks
ChicagoBull4: bets $6
PbIbak: calls $6
*** RIVER *** [7s 8s Qh 5h] [Th]
PbIbak: checks
ChicagoBull4: bets $6
PbIbak: folds
Uncalled bet ($6) returned to ChicagoBull4
ChicagoBull4 collected $35.50 from pot
ChicagoBull4: doesn't show hand
*** SUMMARY ***
Total pot $36 | Rake $0.50
Board [7s 8s Qh 5h Th]
Seat 1: PbIbak (big blind) folded on the River
Seat 2: ChicagoBull4 (button) (small blind) collected ($35.50)


PokerStars Hand #144586280511:  Hold'em Limit ($3/$6 USD) - 2015/11/29 18:21:57 ET
Table 'Forsytia' 2-max Seat #1 is the button
Seat 1: PbIbak ($216.92 in chips)
Seat 2: ChicagoBull4 ($222.55 in chips)
PbIbak: posts small blind $1
ChicagoBull4: posts big blind $3
*** HOLE CARDS ***
PbIbak: raises $3 to $6
ChicagoBull4: calls $3
*** FLOP *** [Td 3c As]
ChicagoBull4: checks
PbIbak: bets $3
ChicagoBull4: calls $3
*** TURN *** [Td 3c As] [9h]
ChicagoBull4: checks
PbIbak: bets $6
ChicagoBull4: calls $6
*** RIVER *** [Td 3c As 9h] [Th]
ChicagoBull4: bets $6
PbIbak: calls $6
*** SHOW DOWN ***
ChicagoBull4: shows [Kd Ts] (three of a kind, Tens)
PbIbak: mucks hand
ChicagoBull4 collected $41.50 from pot
*** SUMMARY ***
Total pot $42 | Rake $0.50
Board [Td 3c As 9h Th]
Seat 1: PbIbak (button) (small blind) mucked
Seat 2: ChicagoBull4 (big blind) showed [Kd Ts] and won ($41.50) with three of a kind, Tens


PokerStars Hand #144586276861:  Hold'em Limit ($3/$6 USD) - 2015/11/29 18:21:53 ET
Table 'Forsytia' 2-max Seat #2 is the button
Seat 1: PbIbak ($215.92 in chips)
Seat 2: ChicagoBull4 ($223.55 in chips)
ChicagoBull4: posts small blind $1
PbIbak: posts big blind $3
*** HOLE CARDS ***
ChicagoBull4: folds
Uncalled bet ($2) returned to PbIbak
PbIbak collected $2 from pot
PbIbak: doesn't show hand
*** SUMMARY ***
Total pot $2 | Rake $0
Seat 1: PbIbak (big blind) collected ($2)
Seat 2: ChicagoBull4 (button) (small blind) folded before Flop


PokerStars Hand #144586259259:  Hold'em Limit ($3/$6 USD) - 2015/11/29 18:21:32 ET
Table 'Forsytia' 2-max Seat #1 is the button
Seat 1: PbIbak ($251.92 in chips)
Seat 2: ChicagoBull4 ($188.05 in chips)
PbIbak: posts small blind $1
ChicagoBull4: posts big blind $3
*** HOLE CARDS ***
PbIbak: raises $3 to $6
ChicagoBull4: calls $3
*** FLOP *** [4h 8s Jc]
ChicagoBull4: checks
PbIbak: bets $3
ChicagoBull4: raises $3 to $6
PbIbak: calls $3
*** TURN *** [4h 8s Jc] [3s]
ChicagoBull4: bets $6
PbIbak: raises $6 to $12
ChicagoBull4: raises $6 to $18
PbIbak: calls $6
*** RIVER *** [4h 8s Jc 3s] [Ac]
ChicagoBull4: bets $6
PbIbak: calls $6
*** SHOW DOWN ***
ChicagoBull4: shows [8d 3d] (two pair, Eights and Threes)
PbIbak: mucks hand
ChicagoBull4 collected $71.50 from pot
*** SUMMARY ***
Total pot $72 | Rake $0.50
Board [4h 8s Jc 3s Ac]
Seat 1: PbIbak (button) (small blind) mucked
Seat 2: ChicagoBull4 (big blind) showed [8d 3d] and won ($71.50) with two pair, Eights and Threes


PokerStars Hand #144586359289:  Hold'em Limit ($3/$6 USD) - 2015/11/29 18:23:33 ET
Table 'Forsytia' 2-max Seat #1 is the button
Seat 1: PbIbak ($174.18 in chips)
Seat 2: ChicagoBull4 ($262.69 in chips)
PbIbak: posts small blind $1
ChicagoBull4: posts big blind $3
*** HOLE CARDS ***
PbIbak: raises $3 to $6
ChicagoBull4: calls $3
*** FLOP *** [Jc 4d 3h]
ChicagoBull4: checks
PbIbak: checks
*** TURN *** [Jc 4d 3h] [6c]
ChicagoBull4: bets $6
PbIbak: calls $6
*** RIVER *** [Jc 4d 3h 6c] [8d]
ChicagoBull4: checks
PbIbak: checks
*** SHOW DOWN ***
ChicagoBull4: shows [Th 7c] (high card Jack)
PbIbak: shows [3s 5h] (a pair of Threes)
PbIbak collected $23.52 from pot
*** SUMMARY ***
Total pot $24 | Rake $0.48
Board [Jc 4d 3h 6c 8d]
Seat 1: PbIbak (button) (small blind) showed [3s 5h] and won ($23.52) with a pair of Threes
Seat 2: ChicagoBull4 (big blind) showed [Th 7c] and lost with high card Jack


PokerStars Hand #144586346912:  Hold'em Limit ($3/$6 USD) - 2015/11/29 18:23:18 ET
Table 'Forsytia' 2-max Seat #2 is the button
Seat 1: PbIbak ($159.68 in chips)
Seat 2: ChicagoBull4 ($277.69 in chips)
ChicagoBull4: posts small blind $1
PbIbak: posts big blind $3
*** HOLE CARDS ***
ChicagoBull4: raises $3 to $6
PbIbak: calls $3
*** FLOP *** [6s Qs Ah]
PbIbak: checks
ChicagoBull4: bets $3
PbIbak: calls $3
*** TURN *** [6s Qs Ah] [4d]
PbIbak: checks
ChicagoBull4: checks
*** RIVER *** [6s Qs Ah 4d] [2d]
PbIbak: bets $6
ChicagoBull4: calls $6
*** SHOW DOWN ***
PbIbak: shows [8c 6h] (a pair of Sixes)
ChicagoBull4: mucks hand
PbIbak collected $29.50 from pot
*** SUMMARY ***
Total pot $30 | Rake $0.50
Board [6s Qs Ah 4d 2d]
Seat 1: PbIbak (big blind) showed [8c 6h] and won ($29.50) with a pair of Sixes
Seat 2: ChicagoBull4 (button) (small blind) mucked


PokerStars Hand #144586343362:  Hold'em Limit ($3/$6 USD) - 2015/11/29 18:23:14 ET
Table 'Forsytia' 2-max Seat #1 is the button
Seat 1: PbIbak ($160.68 in chips)
Seat 2: ChicagoBull4 ($276.69 in chips)
PbIbak: posts small blind $1
ChicagoBull4: posts big blind $3
*** HOLE CARDS ***
PbIbak: folds
Uncalled bet ($2) returned to ChicagoBull4
ChicagoBull4 collected $2 from pot
ChicagoBull4: doesn't show hand
*** SUMMARY ***
Total pot $2 | Rake $0
Seat 1: PbIbak (button) (small blind) folded before Flop
Seat 2: ChicagoBull4 (big blind) collected ($2)


PokerStars Hand #144586339761:  Hold'em Limit ($3/$6 USD) - 2015/11/29 18:23:09 ET
Table 'Forsytia' 2-max Seat #2 is the button
Seat 1: PbIbak ($159.68 in chips)
Seat 2: ChicagoBull4 ($277.69 in chips)
ChicagoBull4: posts small blind $1
PbIbak: posts big blind $3
*** HOLE CARDS ***
ChicagoBull4: folds
Uncalled bet ($2) returned to PbIbak
PbIbak collected $2 from pot
PbIbak: doesn't show hand
*** SUMMARY ***
Total pot $2 | Rake $0
Seat 1: PbIbak (big blind) collected ($2)
Seat 2: ChicagoBull4 (button) (small blind) folded before Flop


PokerStars Hand #144586333480:  Hold'em Limit ($3/$6 USD) - 2015/11/29 18:23:02 ET
Table 'Forsytia' 2-max Seat #1 is the button
Seat 1: PbIbak ($153.92 in chips)
Seat 2: ChicagoBull4 ($283.69 in chips)
PbIbak: posts small blind $1
ChicagoBull4: posts big blind $3
*** HOLE CARDS ***
PbIbak: raises $3 to $6
ChicagoBull4: calls $3
*** FLOP *** [5s 7s Qc]
ChicagoBull4: checks
PbIbak: bets $3
ChicagoBull4: folds
Uncalled bet ($3) returned to PbIbak
PbIbak collected $11.76 from pot
PbIbak: doesn't show hand
*** SUMMARY ***
Total pot $12 | Rake $0.24
Board [5s 7s Qc]
Seat 1: PbIbak (button) (small blind) collected ($11.76)
Seat 2: ChicagoBull4 (big blind) folded on the Flop


PokerStars Hand #144586323441:  Hold'em Limit ($3/$6 USD) - 2015/11/29 18:22:50 ET
Table 'Forsytia' 2-max Seat #2 is the button
Seat 1: PbIbak ($162.92 in chips)
Seat 2: ChicagoBull4 ($275.05 in chips)
ChicagoBull4: posts small blind $1
PbIbak: posts big blind $3
*** HOLE CARDS ***
ChicagoBull4: raises $3 to $6
PbIbak: calls $3
*** FLOP *** [3c 4h Qd]
PbIbak: checks
ChicagoBull4: bets $3
PbIbak: calls $3
*** TURN *** [3c 4h Qd] [Js]
PbIbak: checks
ChicagoBull4: bets $6
PbIbak: folds
Uncalled bet ($6) returned to ChicagoBull4
ChicagoBull4 collected $17.64 from pot
ChicagoBull4: doesn't show hand
*** SUMMARY ***
Total pot $18 | Rake $0.36
Board [3c 4h Qd Js]
Seat 1: PbIbak (big blind) folded on the Turn
Seat 2: ChicagoBull4 (button) (small blind) collected ($17.64)


PokerStars Hand #144586371037:  Hold'em Limit ($3/$6 USD) - 2015/11/29 18:23:48 ET
Table 'Forsytia' 2-max Seat #2 is the button
Seat 1: PbIbak ($185.70 in chips)
Seat 2: ChicagoBull4 ($250.69 in chips)
ChicagoBull4: posts small blind $1
PbIbak: posts big blind $3
*** HOLE CARDS ***
ChicagoBull4: folds
Uncalled bet ($2) returned to PbIbak
PbIbak collected $2 from pot
PbIbak: doesn't show hand
*** SUMMARY ***
Total pot $2 | Rake $0
Seat 1: PbIbak (big blind) collected ($2)
Seat 2: ChicagoBull4 (button) (small blind) folded before Flop


PokerStars Hand #144586374307:  Hold'em Limit ($3/$6 USD) - 2015/11/29 18:23:52 ET
Table 'Forsytia' 2-max Seat #1 is the button
Seat 1: PbIbak ($186.70 in chips)
Seat 2: ChicagoBull4 ($249.69 in chips)
PbIbak: posts small blind $1
ChicagoBull4: posts big blind $3
*** HOLE CARDS ***
PbIbak: raises $3 to $6
ChicagoBull4: raises $3 to $9
PbIbak: calls $3
*** FLOP *** [5s Qc Ah]
ChicagoBull4: bets $3
PbIbak: calls $3
*** TURN *** [5s Qc Ah] [Ts]
ChicagoBull4: checks
PbIbak: bets $6
ChicagoBull4: folds
Uncalled bet ($6) returned to PbIbak
ChicagoBull4 leaves the table
PbIbak collected $23.52 from pot
PbIbak: doesn't show hand
*** SUMMARY ***
Total pot $24 | Rake $0.48
Board [5s Qc Ah Ts]
Seat 1: PbIbak (button) (small blind) collected ($23.52)
Seat 2: ChicagoBull4 (big blind) folded on the Turn


