PokerStars Hand #175672321561:  Hold'em Limit ($3/$6 USD) - 2017/09/15 10:01:18 ET
Table 'Forsytia' 6-max Seat #3 is the button
Seat 3: Vitalii.ZN ($71.81 in chips)
Seat 4: Agrotait ($66 in chips)
Vitalii.ZN: posts small blind $1
Agrotait: posts big blind $3
*** HOLE CARDS ***
vestimokrec joins the table at seat #5
Vitalii.ZN: folds
Uncalled bet ($2) returned to Agrotait
Agrotait collected $2 from pot
*** SUMMARY ***
Total pot $2 | Rake $0
Seat 3: Vitalii.ZN (button) (small blind) folded before Flop
Seat 4: Agrotait (big blind) collected ($2)


PokerStars Hand #175672415279:  Hold'em Limit ($3/$6 USD) - 2017/09/15 10:04:15 ET
Table 'Forsytia' 6-max Seat #3 is the button
Seat 3: Vitalii.ZN ($88.16 in chips)
Seat 5: vestimokrec ($75 in chips)
Vitalii.ZN: posts small blind $1
Agrotait: is sitting out
vestimokrec: posts big blind $3
*** HOLE CARDS ***
Vitalii.ZN: calls $2
Agrotait leaves the table
vestimokrec: raises $3 to $6
Vitalii.ZN: calls $3
*** FLOP *** [4c 3s 3h]
vestimokrec: bets $3
Vitalii.ZN: folds
Uncalled bet ($3) returned to vestimokrec
vestimokrec collected $11.76 from pot
vestimokrec: doesn't show hand
*** SUMMARY ***
Total pot $12 | Rake $0.24
Board [4c 3s 3h]
Seat 3: Vitalii.ZN (button) (small blind) folded on the Flop
Seat 5: vestimokrec (big blind) collected ($11.76)


PokerStars Hand #175672425491:  Hold'em Limit ($3/$6 USD) - 2017/09/15 10:04:35 ET
Table 'Forsytia' 6-max Seat #5 is the button
Seat 3: Vitalii.ZN ($82.16 in chips)
Seat 5: vestimokrec ($80.76 in chips)
vestimokrec: posts small blind $1
Vitalii.ZN: posts big blind $3
*** HOLE CARDS ***
vestimokrec: raises $3 to $6
Vitalii.ZN: calls $3
*** FLOP *** [Ad 5h 3h]
Vitalii.ZN: checks
vestimokrec: checks
*** TURN *** [Ad 5h 3h] [4h]
Vitalii.ZN: checks
vestimokrec: bets $6
Vitalii.ZN: calls $6
*** RIVER *** [Ad 5h 3h 4h] [8h]
Vitalii.ZN: checks
vestimokrec: checks
*** SHOW DOWN ***
Vitalii.ZN: shows [Qd Ah] (a flush, Ace high)
vestimokrec: mucks hand
Vitalii.ZN collected $23.52 from pot
*** SUMMARY ***
Total pot $24 | Rake $0.48
Board [Ad 5h 3h 4h 8h]
Seat 3: Vitalii.ZN (big blind) showed [Qd Ah] and won ($23.52) with a flush, Ace high
Seat 5: vestimokrec (button) (small blind) mucked


PokerStars Hand #175672469686:  Hold'em Limit ($3/$6 USD) - 2017/09/15 10:05:57 ET
Table 'Forsytia' 6-max Seat #5 is the button
Seat 3: Vitalii.ZN ($84.68 in chips)
Seat 5: vestimokrec ($77.40 in chips)
vestimokrec: posts small blind $1
Vitalii.ZN: posts big blind $3
*** HOLE CARDS ***
vestimokrec: raises $3 to $6
Vitalii.ZN: folds
Uncalled bet ($3) returned to vestimokrec
vestimokrec collected $6 from pot
vestimokrec: doesn't show hand
*** SUMMARY ***
Total pot $6 | Rake $0
Seat 3: Vitalii.ZN (big blind) folded before Flop
Seat 5: vestimokrec (button) (small blind) collected ($6)


PokerStars Hand #175672446610:  Hold'em Limit ($3/$6 USD) - 2017/09/15 10:05:14 ET
Table 'Forsytia' 6-max Seat #3 is the button
Seat 3: Vitalii.ZN ($93.68 in chips)
Seat 5: vestimokrec ($68.76 in chips)
Vitalii.ZN: posts small blind $1
vestimokrec: posts big blind $3
*** HOLE CARDS ***
Vitalii.ZN: calls $2
vestimokrec: checks
*** FLOP *** [3d 7c 8h]
vestimokrec: checks
Vitalii.ZN: checks
*** TURN *** [3d 7c 8h] [Kh]
vestimokrec: checks
Vitalii.ZN: checks
*** RIVER *** [3d 7c 8h Kh] [Qd]
vestimokrec: bets $6
Vitalii.ZN: calls $6
*** SHOW DOWN ***
vestimokrec: shows [4s Qh] (a pair of Queens)
Vitalii.ZN: mucks hand
vestimokrec collected $17.64 from pot
*** SUMMARY ***
Total pot $18 | Rake $0.36
Board [3d 7c 8h Kh Qd]
Seat 3: Vitalii.ZN (button) (small blind) mucked
Seat 5: vestimokrec (big blind) showed [4s Qh] and won ($17.64) with a pair of Queens


PokerStars Hand #175672477767:  Hold'em Limit ($3/$6 USD) - 2017/09/15 10:06:12 ET
Table 'Forsytia' 6-max Seat #5 is the button
Seat 3: Vitalii.ZN ($80.68 in chips)
Seat 5: vestimokrec ($81.40 in chips)
vestimokrec: posts small blind $1
Vitalii.ZN: posts big blind $3
*** HOLE CARDS ***
vestimokrec: raises $3 to $6
Vitalii.ZN: folds
Uncalled bet ($3) returned to vestimokrec
vestimokrec collected $6 from pot
vestimokrec: doesn't show hand
*** SUMMARY ***
Total pot $6 | Rake $0
Seat 3: Vitalii.ZN (big blind) folded before Flop
Seat 5: vestimokrec (button) (small blind) collected ($6)


PokerStars Hand #175672475115:  Hold'em Limit ($3/$6 USD) - 2017/09/15 10:06:07 ET
Table 'Forsytia' 6-max Seat #3 is the button
Seat 3: Vitalii.ZN ($81.68 in chips)
Seat 5: vestimokrec ($80.40 in chips)
Vitalii.ZN: posts small blind $1
vestimokrec: posts big blind $3
*** HOLE CARDS ***
Vitalii.ZN: folds
Uncalled bet ($2) returned to vestimokrec
vestimokrec collected $2 from pot
vestimokrec: doesn't show hand
*** SUMMARY ***
Total pot $2 | Rake $0
Seat 3: Vitalii.ZN (button) (small blind) folded before Flop
Seat 5: vestimokrec (big blind) collected ($2)


PokerStars Hand #175672481494:  Hold'em Limit ($3/$6 USD) - 2017/09/15 10:06:19 ET
Table 'Forsytia' 6-max Seat #3 is the button
Seat 3: Vitalii.ZN ($77.68 in chips)
Seat 5: vestimokrec ($84.40 in chips)
Vitalii.ZN: posts small blind $1
vestimokrec: posts big blind $3
*** HOLE CARDS ***
Vitalii.ZN: calls $2
vestimokrec: checks
*** FLOP *** [Tc Ks 6c]
vestimokrec: checks
Vitalii.ZN: bets $3
vestimokrec: raises $3 to $6
Vitalii.ZN: calls $3
*** TURN *** [Tc Ks 6c] [9h]
vestimokrec: bets $6
Vitalii.ZN: calls $6
*** RIVER *** [Tc Ks 6c 9h] [7d]
vestimokrec: checks
yirkape joins the table at seat #4
Vitalii.ZN: bets $6
vestimokrec: calls $6
*** SHOW DOWN ***
Vitalii.ZN: shows [Kh Ah] (a pair of Kings)
vestimokrec: mucks hand
Vitalii.ZN collected $41.50 from pot
*** SUMMARY ***
Total pot $42 | Rake $0.50
Board [Tc Ks 6c 9h 7d]
Seat 3: Vitalii.ZN (button) (small blind) showed [Kh Ah] and won ($41.50) with a pair of Kings
Seat 5: vestimokrec (big blind) mucked


PokerStars Hand #175672514872:  Hold'em Limit ($3/$6 USD) - 2017/09/15 10:07:22 ET
Table 'Forsytia' 6-max Seat #5 is the button
Seat 3: Vitalii.ZN ($98.18 in chips)
Seat 5: vestimokrec ($63.40 in chips)
vestimokrec: posts small blind $1
Vitalii.ZN: posts big blind $3
*** HOLE CARDS ***
vestimokrec: raises $3 to $6
Vitalii.ZN: calls $3
*** FLOP *** [Kd Ah 3c]
Vitalii.ZN: checks
vestimokrec: bets $3
Vitalii.ZN: calls $3
*** TURN *** [Kd Ah 3c] [7h]
Vitalii.ZN: checks
vestimokrec: checks
*** RIVER *** [Kd Ah 3c 7h] [6c]
Vitalii.ZN: checks
vestimokrec: bets $6
Vitalii.ZN: calls $6
*** SHOW DOWN ***
vestimokrec: shows [Tc 2d] (high card Ace)
Vitalii.ZN: shows [6d Qc] (a pair of Sixes)
Vitalii.ZN collected $29.50 from pot
*** SUMMARY ***
Total pot $30 | Rake $0.50
Board [Kd Ah 3c 7h 6c]
Seat 3: Vitalii.ZN (big blind) showed [6d Qc] and won ($29.50) with a pair of Sixes
Seat 5: vestimokrec (button) (small blind) showed [Tc 2d] and lost with high card Ace


PokerStars Hand #175674178316:  Hold'em Limit ($3/$6 USD) - 2017/09/15 10:56:51 ET
Table 'Forsytia' 6-max Seat #4 is the button
Seat 4: favete lin ($204.93 in chips)
Seat 6: bolbess ($258.05 in chips)
vestimokrec will be allowed to play after the button
deniz1205 will be allowed to play after the button
favete lin: posts small blind $1
bolbess: posts big blind $3
*** HOLE CARDS ***
favete lin: raises $3 to $6
bolbess: folds
Uncalled bet ($3) returned to favete lin
favete lin collected $6 from pot
favete lin: doesn't show hand
*** SUMMARY ***
Total pot $6 | Rake $0
Seat 4: favete lin (button) (small blind) collected ($6)
Seat 6: bolbess (big blind) folded before Flop


PokerStars Hand #175675425640:  Hold'em Limit ($3/$6 USD) - 2017/09/15 11:32:05 ET
Table 'Forsytia' 6-max Seat #5 is the button
Seat 4: favete lin ($135.20 in chips)
Seat 5: KAKA1 ($181.14 in chips)
KAKA1: posts small blind $1
vestimokrec: is sitting out
favete lin: posts big blind $3
*** HOLE CARDS ***
KAKA1: raises $3 to $6
favete lin: calls $3
*** FLOP *** [Ah Js 2c]
vestimokrec leaves the table
favete lin: checks
KAKA1: bets $3
favete lin: raises $3 to $6
KAKA1: calls $3
*** TURN *** [Ah Js 2c] [6h]
favete lin: bets $6
KAKA1: calls $6
*** RIVER *** [Ah Js 2c 6h] [9s]
favete lin: bets $6
KAKA1: calls $6
*** SHOW DOWN ***
favete lin: shows [As 7d] (a pair of Aces)
KAKA1: mucks hand
favete lin collected $47.50 from pot
*** SUMMARY ***
Total pot $48 | Rake $0.50
Board [Ah Js 2c 6h 9s]
Seat 4: favete lin (big blind) showed [As 7d] and won ($47.50) with a pair of Aces
Seat 5: KAKA1 (button) (small blind) mucked


PokerStars Hand #175675442815:  Hold'em Limit ($3/$6 USD) - 2017/09/15 11:32:34 ET
Table 'Forsytia' 6-max Seat #4 is the button
Seat 4: favete lin ($158.70 in chips)
Seat 5: KAKA1 ($157.14 in chips)
favete lin: posts small blind $1
KAKA1: posts big blind $3
*** HOLE CARDS ***
favete lin: raises $3 to $6
KAKA1: folds
Uncalled bet ($3) returned to favete lin
favete lin collected $6 from pot
favete lin: doesn't show hand
*** SUMMARY ***
Total pot $6 | Rake $0
Seat 4: favete lin (button) (small blind) collected ($6)
Seat 5: KAKA1 (big blind) folded before Flop


PokerStars Hand #175678808402:  Hold'em Limit ($3/$6 USD) - 2017/09/15 12:59:17 ET
Table 'Forsytia' 6-max Seat #6 is the button
Seat 3: krytalex ($118.16 in chips)
Seat 6: Artachok ($105.76 in chips)
Artachok: posts small blind $1
krytalex: posts big blind $3
*** HOLE CARDS ***
Artachok: folds
Uncalled bet ($2) returned to krytalex
krytalex collected $2 from pot
*** SUMMARY ***
Total pot $2 | Rake $0
Seat 3: krytalex (big blind) collected ($2)
Seat 6: Artachok (button) (small blind) folded before Flop


PokerStars Hand #175678802907:  Hold'em Limit ($3/$6 USD) - 2017/09/15 12:59:07 ET
Table 'Forsytia' 6-max Seat #3 is the button
Seat 3: krytalex ($115.16 in chips)
Seat 6: Artachok ($108.76 in chips)
krytalex: posts small blind $1
Artachok: posts big blind $3
*** HOLE CARDS ***
krytalex: raises $3 to $6
Artachok: folds
Uncalled bet ($3) returned to krytalex
krytalex collected $6 from pot
*** SUMMARY ***
Total pot $6 | Rake $0
Seat 3: krytalex (button) (small blind) collected ($6)
Seat 6: Artachok (big blind) folded before Flop


PokerStars Hand #175678791658:  Hold'em Limit ($3/$6 USD) - 2017/09/15 12:58:46 ET
Table 'Forsytia' 6-max Seat #6 is the button
Seat 3: krytalex ($106.52 in chips)
Seat 6: Artachok ($117.76 in chips)
Artachok: posts small blind $1
krytalex: posts big blind $3
*** HOLE CARDS ***
Artachok: raises $3 to $6
krytalex: raises $3 to $9
Artachok: calls $3
*** FLOP *** [4d Ad 3c]
krytalex: bets $3
Artachok: folds
Uncalled bet ($3) returned to krytalex
krytalex collected $17.64 from pot
*** SUMMARY ***
Total pot $18 | Rake $0.36
Board [4d Ad 3c]
Seat 3: krytalex (big blind) collected ($17.64)
Seat 6: Artachok (button) (small blind) folded on the Flop


PokerStars Hand #175678787988:  Hold'em Limit ($3/$6 USD) - 2017/09/15 12:58:40 ET
Table 'Forsytia' 6-max Seat #3 is the button
Seat 3: krytalex ($107.52 in chips)
Seat 6: Artachok ($116.76 in chips)
krytalex: posts small blind $1
Artachok: posts big blind $3
*** HOLE CARDS ***
krytalex: folds
Uncalled bet ($2) returned to Artachok
Artachok collected $2 from pot
Artachok: doesn't show hand
*** SUMMARY ***
Total pot $2 | Rake $0
Seat 3: krytalex (button) (small blind) folded before Flop
Seat 6: Artachok (big blind) collected ($2)


PokerStars Hand #175678780332:  Hold'em Limit ($3/$6 USD) - 2017/09/15 12:58:26 ET
Table 'Forsytia' 6-max Seat #6 is the button
Seat 3: krytalex ($110.52 in chips)
Seat 6: Artachok ($113.76 in chips)
Artachok: posts small blind $1
krytalex: posts big blind $3
*** HOLE CARDS ***
Artachok: raises $3 to $6
krytalex: folds
Uncalled bet ($3) returned to Artachok
Artachok collected $6 from pot
Artachok: doesn't show hand
*** SUMMARY ***
Total pot $6 | Rake $0
Seat 3: krytalex (big blind) folded before Flop
Seat 6: Artachok (button) (small blind) collected ($6)


PokerStars Hand #175678811478:  Hold'em Limit ($3/$6 USD) - 2017/09/15 12:59:23 ET
Table 'Forsytia' 6-max Seat #3 is the button
Seat 3: krytalex ($119.16 in chips)
Seat 6: Artachok ($104.76 in chips)
krytalex: posts small blind $1
Artachok: posts big blind $3
*** HOLE CARDS ***
krytalex: raises $3 to $6
Artachok: calls $3
*** FLOP *** [Kc 9s 2h]
Artachok: checks
krytalex: bets $3
Artachok: calls $3
*** TURN *** [Kc 9s 2h] [3h]
Artachok: checks
krytalex: bets $6
Artachok: raises $6 to $12
krytalex: folds
Uncalled bet ($6) returned to Artachok
Artachok collected $29.50 from pot
Artachok: doesn't show hand
markbarr joins the table at seat #2
*** SUMMARY ***
Total pot $30 | Rake $0.50
Board [Kc 9s 2h 3h]
Seat 3: krytalex (button) (small blind) folded on the Turn
Seat 6: Artachok (big blind) collected ($29.50)


PokerStars Hand #175688173799:  Hold'em Limit ($3/$6 USD) - 2017/09/15 16:26:52 ET
Table 'Forsytia' 6-max Seat #4 is the button
Seat 2: KAKA1 ($44.77 in chips)
Seat 4: B_loJkl ($193.03 in chips)
B_loJkl: posts small blind $1
vestimokrec: is sitting out
KAKA1: posts big blind $3
*** HOLE CARDS ***
B_loJkl: raises $3 to $6
KAKA1: calls $3
*** FLOP *** [4c Jh Kd]
KAKA1: checks
vestimokrec leaves the table
B_loJkl: bets $3
KAKA1: folds
Uncalled bet ($3) returned to B_loJkl
B_loJkl collected $11.76 from pot
B_loJkl: doesn't show hand
*** SUMMARY ***
Total pot $12 | Rake $0.24
Board [4c Jh Kd]
Seat 2: KAKA1 (big blind) folded on the Flop
Seat 4: B_loJkl (button) (small blind) collected ($11.76)


PokerStars Hand #175688201061:  Hold'em Limit ($3/$6 USD) - 2017/09/15 16:27:26 ET
Table 'Forsytia' 6-max Seat #4 is the button
Seat 2: KAKA1 ($41.77 in chips)
Seat 4: B_loJkl ($195.79 in chips)
B_loJkl: posts small blind $1
KAKA1: posts big blind $3
*** HOLE CARDS ***
B_loJkl: raises $3 to $6
KAKA1: calls $3
*** FLOP *** [8c 5d Kc]
KAKA1: checks
B_loJkl: bets $3
KAKA1: calls $3
*** TURN *** [8c 5d Kc] [3h]
KAKA1: checks
B_loJkl: bets $6
KAKA1: folds
Uncalled bet ($6) returned to B_loJkl
B_loJkl collected $17.64 from pot
B_loJkl: doesn't show hand
*** SUMMARY ***
Total pot $18 | Rake $0.36
Board [8c 5d Kc 3h]
Seat 2: KAKA1 (big blind) folded on the Turn
Seat 4: B_loJkl (button) (small blind) collected ($17.64)


PokerStars Hand #175688187165:  Hold'em Limit ($3/$6 USD) - 2017/09/15 16:27:09 ET
Table 'Forsytia' 6-max Seat #2 is the button
Seat 2: KAKA1 ($38.77 in chips)
Seat 4: B_loJkl ($198.79 in chips)
KAKA1: posts small blind $1
B_loJkl: posts big blind $3
*** HOLE CARDS ***
KAKA1: raises $3 to $6
B_loJkl: folds
Uncalled bet ($3) returned to KAKA1
KAKA1 collected $6 from pot
*** SUMMARY ***
Total pot $6 | Rake $0
Seat 2: KAKA1 (button) (small blind) collected ($6)
Seat 4: B_loJkl (big blind) folded before Flop


PokerStars Hand #175688220652:  Hold'em Limit ($3/$6 USD) - 2017/09/15 16:27:50 ET
Table 'Forsytia' 6-max Seat #2 is the button
Seat 2: KAKA1 ($32.77 in chips)
Seat 4: B_loJkl ($204.43 in chips)
KAKA1: posts small blind $1
B_loJkl: posts big blind $3
*** HOLE CARDS ***
KAKA1: raises $3 to $6
B_loJkl: calls $3
*** FLOP *** [Jh Ks 8h]
B_loJkl: checks
KAKA1: checks
*** TURN *** [Jh Ks 8h] [Tc]
B_loJkl: bets $6
KAKA1: folds
Uncalled bet ($6) returned to B_loJkl
B_loJkl collected $11.76 from pot
B_loJkl: doesn't show hand
*** SUMMARY ***
Total pot $12 | Rake $0.24
Board [Jh Ks 8h Tc]
Seat 2: KAKA1 (button) (small blind) folded on the Turn
Seat 4: B_loJkl (big blind) collected ($11.76)


PokerStars Hand #175688234782:  Hold'em Limit ($3/$6 USD) - 2017/09/15 16:28:08 ET
Table 'Forsytia' 6-max Seat #4 is the button
Seat 2: KAKA1 ($26.77 in chips)
Seat 4: B_loJkl ($210.19 in chips)
B_loJkl: posts small blind $1
KAKA1: posts big blind $3
*** HOLE CARDS ***
B_loJkl: raises $3 to $6
KAKA1: raises $3 to $9
B_loJkl: calls $3
*** FLOP *** [Ks 6s 4s]
KAKA1: bets $3
B_loJkl: folds
Uncalled bet ($3) returned to KAKA1
KAKA1 collected $17.64 from pot
*** SUMMARY ***
Total pot $18 | Rake $0.36
Board [Ks 6s 4s]
Seat 2: KAKA1 (big blind) collected ($17.64)
Seat 4: B_loJkl (button) (small blind) folded on the Flop


