PokerStars Hand #145616214382:  Hold'em Limit ($3/$6 USD) - 2015/12/19 22:30:29 ET
Table 'Fortuna' 2-max Seat #2 is the button
Seat 1: minigus575 ($75 in chips)
Seat 2: ChrisTuff ($163.66 in chips)
ChrisTuff: posts small blind $1
minigus575: posts big blind $3
*** HOLE CARDS ***
ChrisTuff: folds
Uncalled bet ($2) returned to minigus575
minigus575 collected $2 from pot
minigus575: doesn't show hand
*** SUMMARY ***
Total pot $2 | Rake $0
Seat 1: minigus575 (big blind) collected ($2)
Seat 2: ChrisTuff (button) (small blind) folded before Flop


PokerStars Hand #145616204709:  Hold'em Limit ($3/$6 USD) - 2015/12/19 22:30:04 ET
Table 'Fortuna' 2-max Seat #1 is the button
Seat 1: minigus575 ($84 in chips)
Seat 2: ChrisTuff ($155.02 in chips)
minigus575: posts small blind $1
ChrisTuff: posts big blind $3
*** HOLE CARDS ***
minigus575: raises $3 to $6
ChrisTuff: calls $3
*** FLOP *** [Jd Qs 7c]
ChrisTuff: checks
minigus575: bets $3
ChrisTuff: calls $3
*** TURN *** [Jd Qs 7c] [6s]
ChrisTuff: checks
minigus575: checks
*** RIVER *** [Jd Qs 7c 6s] [8s]
ChrisTuff: bets $6
minigus575: folds
Uncalled bet ($6) returned to ChrisTuff
ChrisTuff collected $17.64 from pot
ChrisTuff: doesn't show hand
*** SUMMARY ***
Total pot $18 | Rake $0.36
Board [Jd Qs 7c 6s 8s]
Seat 1: minigus575 (button) (small blind) folded on the River
Seat 2: ChrisTuff (big blind) collected ($17.64)


PokerStars Hand #145616198707:  Hold'em Limit ($3/$6 USD) - 2015/12/19 22:29:47 ET
Table 'Fortuna' 2-max Seat #2 is the button
Seat 1: minigus575 ($90 in chips)
Seat 2: ChrisTuff ($149.26 in chips)
ChrisTuff: posts small blind $1
minigus575: posts big blind $3
*** HOLE CARDS ***
ChrisTuff: raises $3 to $6
minigus575: calls $3
*** FLOP *** [8s 3s Qd]
minigus575: checks
ChrisTuff: bets $3
minigus575: folds
Uncalled bet ($3) returned to ChrisTuff
ChrisTuff collected $11.76 from pot
ChrisTuff: doesn't show hand
*** SUMMARY ***
Total pot $12 | Rake $0.24
Board [8s 3s Qd]
Seat 1: minigus575 (big blind) folded on the Flop
Seat 2: ChrisTuff (button) (small blind) collected ($11.76)


PokerStars Hand #145616188508:  Hold'em Limit ($3/$6 USD) - 2015/12/19 22:29:19 ET
Table 'Fortuna' 2-max Seat #1 is the button
Seat 1: minigus575 ($114 in chips)
Seat 2: ChrisTuff ($125.76 in chips)
minigus575: posts small blind $1
ChrisTuff: posts big blind $3
*** HOLE CARDS ***
minigus575: raises $3 to $6
ChrisTuff: calls $3
*** FLOP *** [5s Kd Jd]
ChrisTuff: checks
minigus575: bets $3
ChrisTuff: raises $3 to $6
minigus575: calls $3
*** TURN *** [5s Kd Jd] [3d]
ChrisTuff: bets $6
minigus575: calls $6
*** RIVER *** [5s Kd Jd 3d] [6s]
ChrisTuff: bets $6
minigus575: calls $6
*** SHOW DOWN ***
ChrisTuff: shows [9s Kc] (a pair of Kings)
minigus575: mucks hand
ChrisTuff collected $47.50 from pot
*** SUMMARY ***
Total pot $48 | Rake $0.50
Board [5s Kd Jd 3d 6s]
Seat 1: minigus575 (button) (small blind) mucked
Seat 2: ChrisTuff (big blind) showed [9s Kc] and won ($47.50) with a pair of Kings


PokerStars Hand #145616237897:  Hold'em Limit ($3/$6 USD) - 2015/12/19 22:31:32 ET
Table 'Fortuna' 2-max Seat #2 is the button
Seat 1: minigus575 ($19 in chips)
Seat 2: ChrisTuff ($218.42 in chips)
ChrisTuff: posts small blind $1
minigus575: posts big blind $3
*** HOLE CARDS ***
ChrisTuff: raises $3 to $6
minigus575: folds
Uncalled bet ($3) returned to ChrisTuff
ChrisTuff collected $6 from pot
ChrisTuff: doesn't show hand
*** SUMMARY ***
Total pot $6 | Rake $0
Seat 1: minigus575 (big blind) folded before Flop
Seat 2: ChrisTuff (button) (small blind) collected ($6)


PokerStars Hand #145616228194:  Hold'em Limit ($3/$6 USD) - 2015/12/19 22:31:06 ET
Table 'Fortuna' 2-max Seat #1 is the button
Seat 1: minigus575 ($55 in chips)
Seat 2: ChrisTuff ($182.92 in chips)
minigus575: posts small blind $1
ChrisTuff: posts big blind $3
*** HOLE CARDS ***
minigus575: raises $3 to $6
ChrisTuff: calls $3
*** FLOP *** [7h 3h 6h]
ChrisTuff: checks
minigus575: bets $3
ChrisTuff: raises $3 to $6
minigus575: calls $3
*** TURN *** [7h 3h 6h] [9c]
ChrisTuff: bets $6
minigus575: calls $6
*** RIVER *** [7h 3h 6h 9c] [Ks]
ChrisTuff: bets $6
minigus575: raises $6 to $12
ChrisTuff: raises $6 to $18
minigus575: calls $6
*** SHOW DOWN ***
ChrisTuff: shows [Kh 8h] (a flush, King high)
minigus575: mucks hand
ChrisTuff collected $71.50 from pot
*** SUMMARY ***
Total pot $72 | Rake $0.50
Board [7h 3h 6h 9c Ks]
Seat 1: minigus575 (button) (small blind) mucked
Seat 2: ChrisTuff (big blind) showed [Kh 8h] and won ($71.50) with a flush, King high


PokerStars Hand #145616224034:  Hold'em Limit ($3/$6 USD) - 2015/12/19 22:30:55 ET
Table 'Fortuna' 2-max Seat #2 is the button
Seat 1: minigus575 ($61 in chips)
Seat 2: ChrisTuff ($177.16 in chips)
ChrisTuff: posts small blind $1
minigus575: posts big blind $3
*** HOLE CARDS ***
ChrisTuff: raises $3 to $6
minigus575: calls $3
*** FLOP *** [As 2c 7d]
minigus575: checks
ChrisTuff: bets $3
minigus575: folds
Uncalled bet ($3) returned to ChrisTuff
ChrisTuff collected $11.76 from pot
ChrisTuff: doesn't show hand
*** SUMMARY ***
Total pot $12 | Rake $0.24
Board [As 2c 7d]
Seat 1: minigus575 (big blind) folded on the Flop
Seat 2: ChrisTuff (button) (small blind) collected ($11.76)


PokerStars Hand #145616216858:  Hold'em Limit ($3/$6 USD) - 2015/12/19 22:30:36 ET
Table 'Fortuna' 2-max Seat #1 is the button
Seat 1: minigus575 ($76 in chips)
Seat 2: ChrisTuff ($162.66 in chips)
minigus575: posts small blind $1
ChrisTuff: posts big blind $3
*** HOLE CARDS ***
minigus575: raises $3 to $6
ChrisTuff: calls $3
*** FLOP *** [8s Qd Th]
ChrisTuff: checks
minigus575: bets $3
ChrisTuff: calls $3
*** TURN *** [8s Qd Th] [Kh]
ChrisTuff: checks
minigus575: bets $6
ChrisTuff: calls $6
*** RIVER *** [8s Qd Th Kh] [4d]
ChrisTuff: checks
minigus575: checks
*** SHOW DOWN ***
ChrisTuff: shows [8h 9d] (a pair of Eights)
minigus575: mucks hand
ChrisTuff collected $29.50 from pot
*** SUMMARY ***
Total pot $30 | Rake $0.50
Board [8s Qd Th Kh 4d]
Seat 1: minigus575 (button) (small blind) mucked
Seat 2: ChrisTuff (big blind) showed [8h 9d] and won ($29.50) with a pair of Eights


PokerStars Hand #145616248684:  Hold'em Limit ($3/$6 USD) - 2015/12/19 22:32:00 ET
Table 'Fortuna' 2-max Seat #2 is the button
Seat 1: minigus575 ($21.76 in chips)
Seat 2: ChrisTuff ($215.42 in chips)
ChrisTuff: posts small blind $1
minigus575: posts big blind $3
*** HOLE CARDS ***
ChrisTuff: raises $3 to $6
minigus575: raises $3 to $9
ChrisTuff: raises $3 to $12
Betting is capped
minigus575: calls $3
*** FLOP *** [Qc Qd 6c]
minigus575: bets $3
ChrisTuff: calls $3
*** TURN *** [Qc Qd 6c] [8h]
minigus575: bets $6
ChrisTuff: raises $6 to $12
minigus575: calls $0.76 and is all-in
Uncalled bet ($5.24) returned to ChrisTuff
*** RIVER *** [Qc Qd 6c 8h] [6d]
*** SHOW DOWN ***
minigus575: shows [9d 9s] (two pair, Queens and Nines)
ChrisTuff: shows [Js Ac] (two pair, Queens and Sixes)
minigus575 collected $43.02 from pot
*** SUMMARY ***
Total pot $43.52 | Rake $0.50
Board [Qc Qd 6c 8h 6d]
Seat 1: minigus575 (big blind) showed [9d 9s] and won ($43.02) with two pair, Queens and Nines
Seat 2: ChrisTuff (button) (small blind) showed [Js Ac] and lost with two pair, Queens and Sixes


PokerStars Hand #145616240387:  Hold'em Limit ($3/$6 USD) - 2015/12/19 22:31:38 ET
Table 'Fortuna' 2-max Seat #1 is the button
Seat 1: minigus575 ($16 in chips)
Seat 2: ChrisTuff ($221.42 in chips)
minigus575: posts small blind $1
ChrisTuff: posts big blind $3
*** HOLE CARDS ***
minigus575: raises $3 to $6
ChrisTuff: calls $3
*** FLOP *** [7h 3s Jd]
ChrisTuff: checks
minigus575: bets $3
ChrisTuff: folds
Uncalled bet ($3) returned to minigus575
minigus575 collected $11.76 from pot
minigus575: doesn't show hand
*** SUMMARY ***
Total pot $12 | Rake $0.24
Board [7h 3s Jd]
Seat 1: minigus575 (button) (small blind) collected ($11.76)
Seat 2: ChrisTuff (big blind) folded on the Flop


PokerStars Hand #145616277280:  Hold'em Limit ($3/$6 USD) - 2015/12/19 22:33:17 ET
Table 'Fortuna' 2-max Seat #2 is the button
Seat 1: minigus575 ($35.66 in chips)
Seat 2: ChrisTuff ($200.16 in chips)
ChrisTuff: posts small blind $1
minigus575: posts big blind $3
*** HOLE CARDS ***
ChrisTuff: raises $3 to $6
minigus575: calls $3
*** FLOP *** [3c 9d 8s]
minigus575: checks
ChrisTuff: bets $3
minigus575: raises $3 to $6
ChrisTuff: calls $3
*** TURN *** [3c 9d 8s] [Ts]
minigus575: bets $6
ChrisTuff: calls $6
*** RIVER *** [3c 9d 8s Ts] [7s]
minigus575: checks
ChrisTuff: checks
*** SHOW DOWN ***
minigus575: shows [Kd 7d] (a pair of Sevens)
ChrisTuff: mucks hand
minigus575 collected $35.50 from pot
*** SUMMARY ***
Total pot $36 | Rake $0.50
Board [3c 9d 8s Ts 7s]
Seat 1: minigus575 (big blind) showed [Kd 7d] and won ($35.50) with a pair of Sevens
Seat 2: ChrisTuff (button) (small blind) mucked


PokerStars Hand #145616275582:  Hold'em Limit ($3/$6 USD) - 2015/12/19 22:33:12 ET
Table 'Fortuna' 2-max Seat #1 is the button
Seat 1: minigus575 ($36.66 in chips)
Seat 2: ChrisTuff ($199.16 in chips)
minigus575: posts small blind $1
ChrisTuff: posts big blind $3
*** HOLE CARDS ***
minigus575: folds
Uncalled bet ($2) returned to ChrisTuff
ChrisTuff collected $2 from pot
ChrisTuff: doesn't show hand
*** SUMMARY ***
Total pot $2 | Rake $0
Seat 1: minigus575 (button) (small blind) folded before Flop
Seat 2: ChrisTuff (big blind) collected ($2)


PokerStars Hand #145616266370:  Hold'em Limit ($3/$6 USD) - 2015/12/19 22:32:47 ET
Table 'Fortuna' 2-max Seat #2 is the button
Seat 1: minigus575 ($51.66 in chips)
Seat 2: ChrisTuff ($184.66 in chips)
ChrisTuff: posts small blind $1
minigus575: posts big blind $3
*** HOLE CARDS ***
ChrisTuff: raises $3 to $6
minigus575: calls $3
*** FLOP *** [5c Ac 6c]
minigus575: checks
ChrisTuff: bets $3
minigus575: calls $3
*** TURN *** [5c Ac 6c] [7c]
minigus575: checks
ChrisTuff: bets $6
minigus575: calls $6
*** RIVER *** [5c Ac 6c 7c] [5h]
minigus575: checks
ChrisTuff: bets $6
minigus575: folds
Uncalled bet ($6) returned to ChrisTuff
ChrisTuff collected $29.50 from pot
ChrisTuff: doesn't show hand
*** SUMMARY ***
Total pot $30 | Rake $0.50
Board [5c Ac 6c 7c 5h]
Seat 1: minigus575 (big blind) folded on the River
Seat 2: ChrisTuff (button) (small blind) collected ($29.50)


PokerStars Hand #145616257310:  Hold'em Limit ($3/$6 USD) - 2015/12/19 22:32:23 ET
Table 'Fortuna' 2-max Seat #1 is the button
Seat 1: minigus575 ($43.02 in chips)
Seat 2: ChrisTuff ($193.66 in chips)
minigus575: posts small blind $1
ChrisTuff: posts big blind $3
*** HOLE CARDS ***
minigus575: raises $3 to $6
ChrisTuff: calls $3
*** FLOP *** [Js 5h Jh]
ChrisTuff: checks
minigus575: bets $3
ChrisTuff: calls $3
*** TURN *** [Js 5h Jh] [Kh]
ChrisTuff: checks
minigus575: bets $6
ChrisTuff: folds
Uncalled bet ($6) returned to minigus575
minigus575 collected $17.64 from pot
minigus575: doesn't show hand
*** SUMMARY ***
Total pot $18 | Rake $0.36
Board [Js 5h Jh Kh]
Seat 1: minigus575 (button) (small blind) collected ($17.64)
Seat 2: ChrisTuff (big blind) folded on the Turn


PokerStars Hand #145616301449:  Hold'em Limit ($3/$6 USD) - 2015/12/19 22:34:22 ET
Table 'Fortuna' 2-max Seat #2 is the button
Seat 1: minigus575 ($67.30 in chips)
Seat 2: ChrisTuff ($166.80 in chips)
ChrisTuff: posts small blind $1
minigus575: posts big blind $3
*** HOLE CARDS ***
ChrisTuff: folds
Uncalled bet ($2) returned to minigus575
minigus575 collected $2 from pot
minigus575: doesn't show hand
*** SUMMARY ***
Total pot $2 | Rake $0
Seat 1: minigus575 (big blind) collected ($2)
Seat 2: ChrisTuff (button) (small blind) folded before Flop


PokerStars Hand #145616296338:  Hold'em Limit ($3/$6 USD) - 2015/12/19 22:34:08 ET
Table 'Fortuna' 2-max Seat #1 is the button
Seat 1: minigus575 ($52.80 in chips)
Seat 2: ChrisTuff ($181.80 in chips)
minigus575: posts small blind $1
ChrisTuff: posts big blind $3
*** HOLE CARDS ***
minigus575: raises $3 to $6
ChrisTuff: calls $3
*** FLOP *** [Ks 2h 9h]
ChrisTuff: checks
minigus575: bets $3
ChrisTuff: calls $3
*** TURN *** [Ks 2h 9h] [Ts]
ChrisTuff: checks
minigus575: checks
*** RIVER *** [Ks 2h 9h Ts] [Th]
ChrisTuff: bets $6
minigus575: calls $6
*** SHOW DOWN ***
ChrisTuff: shows [Js 7h] (a pair of Tens)
minigus575: shows [Qh As] (a pair of Tens - Ace kicker)
minigus575 collected $29.50 from pot
*** SUMMARY ***
Total pot $30 | Rake $0.50
Board [Ks 2h 9h Ts Th]
Seat 1: minigus575 (button) (small blind) showed [Qh As] and won ($29.50) with a pair of Tens
Seat 2: ChrisTuff (big blind) showed [Js 7h] and lost with a pair of Tens


PokerStars Hand #145616289858:  Hold'em Limit ($3/$6 USD) - 2015/12/19 22:33:50 ET
Table 'Fortuna' 2-max Seat #2 is the button
Seat 1: minigus575 ($44.16 in chips)
Seat 2: ChrisTuff ($190.80 in chips)
ChrisTuff: posts small blind $1
minigus575: posts big blind $3
*** HOLE CARDS ***
ChrisTuff: raises $3 to $6
minigus575: calls $3
*** FLOP *** [Qh Td Js]
minigus575: checks
ChrisTuff: bets $3
minigus575: calls $3
*** TURN *** [Qh Td Js] [4h]
minigus575: checks
ChrisTuff: checks
*** RIVER *** [Qh Td Js 4h] [2c]
minigus575: bets $6
ChrisTuff: folds
Uncalled bet ($6) returned to minigus575
minigus575 collected $17.64 from pot
minigus575: doesn't show hand
*** SUMMARY ***
Total pot $18 | Rake $0.36
Board [Qh Td Js 4h 2c]
Seat 1: minigus575 (big blind) collected ($17.64)
Seat 2: ChrisTuff (button) (small blind) folded on the River


PokerStars Hand #145616285253:  Hold'em Limit ($3/$6 USD) - 2015/12/19 22:33:38 ET
Table 'Fortuna' 2-max Seat #1 is the button
Seat 1: minigus575 ($53.16 in chips)
Seat 2: ChrisTuff ($182.16 in chips)
minigus575: posts small blind $1
ChrisTuff: posts big blind $3
*** HOLE CARDS ***
minigus575: raises $3 to $6
ChrisTuff: calls $3
*** FLOP *** [4c Kc 5c]
ChrisTuff: checks
minigus575: bets $3
ChrisTuff: calls $3
*** TURN *** [4c Kc 5c] [4d]
ChrisTuff: checks
minigus575: checks
*** RIVER *** [4c Kc 5c 4d] [9c]
ChrisTuff: checks
minigus575: checks
*** SHOW DOWN ***
ChrisTuff: shows [Jd 5s] (two pair, Fives and Fours)
minigus575: mucks hand
ChrisTuff collected $17.64 from pot
*** SUMMARY ***
Total pot $18 | Rake $0.36
Board [4c Kc 5c 4d 9c]
Seat 1: minigus575 (button) (small blind) mucked
Seat 2: ChrisTuff (big blind) showed [Jd 5s] and won ($17.64) with two pair, Fives and Fours


PokerStars Hand #145616329508:  Hold'em Limit ($3/$6 USD) - 2015/12/19 22:35:37 ET
Table 'Fortuna' 2-max Seat #1 is the button
Seat 1: minigus575 ($41.06 in chips)
Seat 2: ChrisTuff ($191.80 in chips)
minigus575: posts small blind $1
ChrisTuff: posts big blind $3
*** HOLE CARDS ***
minigus575: folds
Uncalled bet ($2) returned to ChrisTuff
ChrisTuff collected $2 from pot
ChrisTuff: doesn't show hand
*** SUMMARY ***
Total pot $2 | Rake $0
Seat 1: minigus575 (button) (small blind) folded before Flop
Seat 2: ChrisTuff (big blind) collected ($2)


PokerStars Hand #145616327431:  Hold'em Limit ($3/$6 USD) - 2015/12/19 22:35:32 ET
Table 'Fortuna' 2-max Seat #2 is the button
Seat 1: minigus575 ($40.06 in chips)
Seat 2: ChrisTuff ($192.80 in chips)
ChrisTuff: posts small blind $1
minigus575: posts big blind $3
*** HOLE CARDS ***
ChrisTuff: folds
Uncalled bet ($2) returned to minigus575
minigus575 collected $2 from pot
minigus575: doesn't show hand
*** SUMMARY ***
Total pot $2 | Rake $0
Seat 1: minigus575 (big blind) collected ($2)
Seat 2: ChrisTuff (button) (small blind) folded before Flop


PokerStars Hand #145616325103:  Hold'em Limit ($3/$6 USD) - 2015/12/19 22:35:25 ET
Table 'Fortuna' 2-max Seat #1 is the button
Seat 1: minigus575 ($37.06 in chips)
Seat 2: ChrisTuff ($195.80 in chips)
minigus575: posts small blind $1
ChrisTuff: posts big blind $3
*** HOLE CARDS ***
minigus575: raises $3 to $6
ChrisTuff: folds
Uncalled bet ($3) returned to minigus575
minigus575 collected $6 from pot
minigus575: doesn't show hand
*** SUMMARY ***
Total pot $6 | Rake $0
Seat 1: minigus575 (button) (small blind) collected ($6)
Seat 2: ChrisTuff (big blind) folded before Flop


PokerStars Hand #145616323484:  Hold'em Limit ($3/$6 USD) - 2015/12/19 22:35:21 ET
Table 'Fortuna' 2-max Seat #2 is the button
Seat 1: minigus575 ($36.06 in chips)
Seat 2: ChrisTuff ($196.80 in chips)
ChrisTuff: posts small blind $1
minigus575: posts big blind $3
*** HOLE CARDS ***
ChrisTuff: folds
Uncalled bet ($2) returned to minigus575
minigus575 collected $2 from pot
minigus575: doesn't show hand
*** SUMMARY ***
Total pot $2 | Rake $0
Seat 1: minigus575 (big blind) collected ($2)
Seat 2: ChrisTuff (button) (small blind) folded before Flop


PokerStars Hand #145616321485:  Hold'em Limit ($3/$6 USD) - 2015/12/19 22:35:15 ET
Table 'Fortuna' 2-max Seat #1 is the button
Seat 1: minigus575 ($33.06 in chips)
Seat 2: ChrisTuff ($199.80 in chips)
minigus575: posts small blind $1
ChrisTuff: posts big blind $3
*** HOLE CARDS ***
minigus575: raises $3 to $6
ChrisTuff: folds
Uncalled bet ($3) returned to minigus575
minigus575 collected $6 from pot
minigus575: doesn't show hand
*** SUMMARY ***
Total pot $6 | Rake $0
Seat 1: minigus575 (button) (small blind) collected ($6)
Seat 2: ChrisTuff (big blind) folded before Flop


PokerStars Hand #145616318956:  Hold'em Limit ($3/$6 USD) - 2015/12/19 22:35:09 ET
Table 'Fortuna' 2-max Seat #2 is the button
Seat 1: minigus575 ($32.06 in chips)
Seat 2: ChrisTuff ($200.80 in chips)
ChrisTuff: posts small blind $1
minigus575: posts big blind $3
*** HOLE CARDS ***
ChrisTuff: folds
Uncalled bet ($2) returned to minigus575
minigus575 collected $2 from pot
minigus575: doesn't show hand
*** SUMMARY ***
Total pot $2 | Rake $0
Seat 1: minigus575 (big blind) collected ($2)
Seat 2: ChrisTuff (button) (small blind) folded before Flop


PokerStars Hand #145616314790:  Hold'em Limit ($3/$6 USD) - 2015/12/19 22:34:58 ET
Table 'Fortuna' 2-max Seat #1 is the button
Seat 1: minigus575 ($26.30 in chips)
Seat 2: ChrisTuff ($206.80 in chips)
minigus575: posts small blind $1
ChrisTuff: posts big blind $3
*** HOLE CARDS ***
minigus575: raises $3 to $6
ChrisTuff: calls $3
*** FLOP *** [5h Js 7h]
ChrisTuff: checks
minigus575: bets $3
ChrisTuff: folds
Uncalled bet ($3) returned to minigus575
minigus575 collected $11.76 from pot
minigus575: doesn't show hand
*** SUMMARY ***
Total pot $12 | Rake $0.24
Board [5h Js 7h]
Seat 1: minigus575 (button) (small blind) collected ($11.76)
Seat 2: ChrisTuff (big blind) folded on the Flop


PokerStars Hand #145616309955:  Hold'em Limit ($3/$6 USD) - 2015/12/19 22:34:44 ET
Table 'Fortuna' 2-max Seat #2 is the button
Seat 1: minigus575 ($44.30 in chips)
Seat 2: ChrisTuff ($189.30 in chips)
ChrisTuff: posts small blind $1
minigus575: posts big blind $3
*** HOLE CARDS ***
ChrisTuff: raises $3 to $6
minigus575: raises $3 to $9
ChrisTuff: calls $3
*** FLOP *** [8c 5s Qd]
minigus575: bets $3
ChrisTuff: calls $3
*** TURN *** [8c 5s Qd] [Ks]
minigus575: bets $6
ChrisTuff: raises $6 to $12
minigus575: folds
Uncalled bet ($6) returned to ChrisTuff
ChrisTuff collected $35.50 from pot
ChrisTuff: doesn't show hand
*** SUMMARY ***
Total pot $36 | Rake $0.50
Board [8c 5s Qd Ks]
Seat 1: minigus575 (big blind) folded on the Turn
Seat 2: ChrisTuff (button) (small blind) collected ($35.50)


PokerStars Hand #145616303593:  Hold'em Limit ($3/$6 USD) - 2015/12/19 22:34:27 ET
Table 'Fortuna' 2-max Seat #1 is the button
Seat 1: minigus575 ($68.30 in chips)
Seat 2: ChrisTuff ($165.80 in chips)
minigus575: posts small blind $1
ChrisTuff: posts big blind $3
*** HOLE CARDS ***
minigus575: raises $3 to $6
ChrisTuff: calls $3
*** FLOP *** [Jh Tc 5s]
ChrisTuff: checks
minigus575: bets $3
ChrisTuff: raises $3 to $6
minigus575: calls $3
*** TURN *** [Jh Tc 5s] [8d]
ChrisTuff: bets $6
minigus575: calls $6
*** RIVER *** [Jh Tc 5s 8d] [5c]
ChrisTuff: bets $6
minigus575: calls $6
*** SHOW DOWN ***
ChrisTuff: shows [Th 6h] (two pair, Tens and Fives)
minigus575: mucks hand
ChrisTuff collected $47.50 from pot
*** SUMMARY ***
Total pot $48 | Rake $0.50
Board [Jh Tc 5s 8d 5c]
Seat 1: minigus575 (button) (small blind) mucked
Seat 2: ChrisTuff (big blind) showed [Th 6h] and won ($47.50) with two pair, Tens and Fives


PokerStars Hand #145616339912:  Hold'em Limit ($3/$6 USD) - 2015/12/19 22:36:05 ET
Table 'Fortuna' 2-max Seat #1 is the button
Seat 1: minigus575 ($36.06 in chips)
Seat 2: ChrisTuff ($196.56 in chips)
minigus575: posts small blind $1
ChrisTuff: posts big blind $3
*** HOLE CARDS ***
minigus575: raises $3 to $6
ChrisTuff: calls $3
*** FLOP *** [Tc 3s 3h]
ChrisTuff: checks
minigus575: bets $3
ChrisTuff: raises $3 to $6
minigus575: calls $3
*** TURN *** [Tc 3s 3h] [5s]
ChrisTuff: bets $6
minigus575: calls $6
*** RIVER *** [Tc 3s 3h 5s] [4c]
ChrisTuff: bets $6
minigus575: calls $6
*** SHOW DOWN ***
ChrisTuff: shows [Kc 3c] (three of a kind, Threes)
minigus575: mucks hand
ChrisTuff collected $47.50 from pot
*** SUMMARY ***
Total pot $48 | Rake $0.50
Board [Tc 3s 3h 5s 4c]
Seat 1: minigus575 (button) (small blind) mucked
Seat 2: ChrisTuff (big blind) showed [Kc 3c] and won ($47.50) with three of a kind, Threes


PokerStars Hand #145616338179:  Hold'em Limit ($3/$6 USD) - 2015/12/19 22:36:01 ET
Table 'Fortuna' 2-max Seat #2 is the button
Seat 1: minigus575 ($35.06 in chips)
Seat 2: ChrisTuff ($197.56 in chips)
ChrisTuff: posts small blind $1
minigus575: posts big blind $3
*** HOLE CARDS ***
ChrisTuff: folds
Uncalled bet ($2) returned to minigus575
minigus575 collected $2 from pot
minigus575: doesn't show hand
*** SUMMARY ***
Total pot $2 | Rake $0
Seat 1: minigus575 (big blind) collected ($2)
Seat 2: ChrisTuff (button) (small blind) folded before Flop


PokerStars Hand #145616333336:  Hold'em Limit ($3/$6 USD) - 2015/12/19 22:35:48 ET
Table 'Fortuna' 2-max Seat #1 is the button
Seat 1: minigus575 ($41.06 in chips)
Seat 2: ChrisTuff ($191.80 in chips)
minigus575: posts small blind $1
ChrisTuff: posts big blind $3
*** HOLE CARDS ***
minigus575: raises $3 to $6
ChrisTuff: calls $3
*** FLOP *** [9h 6c Th]
ChrisTuff: checks
minigus575: checks
*** TURN *** [9h 6c Th] [6h]
ChrisTuff: bets $6
minigus575: folds
Uncalled bet ($6) returned to ChrisTuff
ChrisTuff collected $11.76 from pot
ChrisTuff: doesn't show hand
*** SUMMARY ***
Total pot $12 | Rake $0.24
Board [9h 6c Th 6h]
Seat 1: minigus575 (button) (small blind) folded on the Turn
Seat 2: ChrisTuff (big blind) collected ($11.76)


PokerStars Hand #145616331077:  Hold'em Limit ($3/$6 USD) - 2015/12/19 22:35:42 ET
Table 'Fortuna' 2-max Seat #2 is the button
Seat 1: minigus575 ($40.06 in chips)
Seat 2: ChrisTuff ($192.80 in chips)
ChrisTuff: posts small blind $1
minigus575: posts big blind $3
*** HOLE CARDS ***
ChrisTuff: folds
Uncalled bet ($2) returned to minigus575
minigus575 collected $2 from pot
minigus575: doesn't show hand
*** SUMMARY ***
Total pot $2 | Rake $0
Seat 1: minigus575 (big blind) collected ($2)
Seat 2: ChrisTuff (button) (small blind) folded before Flop


PokerStars Hand #145616368893:  Hold'em Limit ($3/$6 USD) - 2015/12/19 22:37:24 ET
Table 'Fortuna' 2-max Seat #1 is the button
Seat 1: minigus575 ($9.88 in chips)
Seat 2: ChrisTuff ($221.52 in chips)
minigus575: posts small blind $1
ChrisTuff: posts big blind $3
*** HOLE CARDS ***
minigus575: raises $3 to $6
ChrisTuff: raises $3 to $9
minigus575: raises $0.88 to $9.88 and is all-in
Betting is capped
ChrisTuff: calls $0.88
*** FLOP *** [Jc 6s As]
*** TURN *** [Jc 6s As] [6c]
*** RIVER *** [Jc 6s As 6c] [Kc]
*** SHOW DOWN ***
ChrisTuff: shows [Jh 9h] (two pair, Jacks and Sixes)
minigus575: shows [Qh 9s] (a pair of Sixes)
ChrisTuff collected $19.36 from pot
*** SUMMARY ***
Total pot $19.76 | Rake $0.40
Board [Jc 6s As 6c Kc]
Seat 1: minigus575 (button) (small blind) showed [Qh 9s] and lost with a pair of Sixes
Seat 2: ChrisTuff (big blind) showed [Jh 9h] and won ($19.36) with two pair, Jacks and Sixes


PokerStars Hand #145616365445:  Hold'em Limit ($3/$6 USD) - 2015/12/19 22:37:15 ET
Table 'Fortuna' 2-max Seat #2 is the button
Seat 1: minigus575 ($15.88 in chips)
Seat 2: ChrisTuff ($215.76 in chips)
ChrisTuff: posts small blind $1
minigus575: posts big blind $3
*** HOLE CARDS ***
ChrisTuff: raises $3 to $6
minigus575: calls $3
*** FLOP *** [2s 7h Js]
minigus575: checks
ChrisTuff: bets $3
minigus575: folds
Uncalled bet ($3) returned to ChrisTuff
ChrisTuff collected $11.76 from pot
ChrisTuff: doesn't show hand
*** SUMMARY ***
Total pot $12 | Rake $0.24
Board [2s 7h Js]
Seat 1: minigus575 (big blind) folded on the Flop
Seat 2: ChrisTuff (button) (small blind) collected ($11.76)


PokerStars Hand #145616363007:  Hold'em Limit ($3/$6 USD) - 2015/12/19 22:37:08 ET
Table 'Fortuna' 2-max Seat #1 is the button
Seat 1: minigus575 ($12.88 in chips)
Seat 2: ChrisTuff ($218.76 in chips)
minigus575: posts small blind $1
ChrisTuff: posts big blind $3
*** HOLE CARDS ***
minigus575: raises $3 to $6
ChrisTuff: folds
Uncalled bet ($3) returned to minigus575
minigus575 collected $6 from pot
minigus575: doesn't show hand
*** SUMMARY ***
Total pot $6 | Rake $0
Seat 1: minigus575 (button) (small blind) collected ($6)
Seat 2: ChrisTuff (big blind) folded before Flop


PokerStars Hand #145616361470:  Hold'em Limit ($3/$6 USD) - 2015/12/19 22:37:04 ET
Table 'Fortuna' 2-max Seat #2 is the button
Seat 1: minigus575 ($11.88 in chips)
Seat 2: ChrisTuff ($219.76 in chips)
ChrisTuff: posts small blind $1
minigus575: posts big blind $3
*** HOLE CARDS ***
ChrisTuff: folds
Uncalled bet ($2) returned to minigus575
minigus575 collected $2 from pot
minigus575: doesn't show hand
*** SUMMARY ***
Total pot $2 | Rake $0
Seat 1: minigus575 (big blind) collected ($2)
Seat 2: ChrisTuff (button) (small blind) folded before Flop


PokerStars Hand #145616356431:  Hold'em Limit ($3/$6 USD) - 2015/12/19 22:36:50 ET
Table 'Fortuna' 2-max Seat #1 is the button
Seat 1: minigus575 ($6.06 in chips)
Seat 2: ChrisTuff ($225.82 in chips)
minigus575: posts small blind $1
ChrisTuff: posts big blind $3
*** HOLE CARDS ***
minigus575: raises $3 to $6
ChrisTuff: raises $3 to $9
minigus575: calls $0.06 and is all-in
Uncalled bet ($2.94) returned to ChrisTuff
*** FLOP *** [Kh Kd Ks]
*** TURN *** [Kh Kd Ks] [2h]
*** RIVER *** [Kh Kd Ks 2h] [5c]
*** SHOW DOWN ***
ChrisTuff: shows [9s As] (three of a kind, Kings)
minigus575: shows [Qs Kc] (four of a kind, Kings)
minigus575 collected $11.88 from pot
*** SUMMARY ***
Total pot $12.12 | Rake $0.24
Board [Kh Kd Ks 2h 5c]
Seat 1: minigus575 (button) (small blind) showed [Qs Kc] and won ($11.88) with four of a kind, Kings
Seat 2: ChrisTuff (big blind) showed [9s As] and lost with three of a kind, Kings


PokerStars Hand #145616349627:  Hold'em Limit ($3/$6 USD) - 2015/12/19 22:36:32 ET
Table 'Fortuna' 2-max Seat #2 is the button
Seat 1: minigus575 ($12.06 in chips)
Seat 2: ChrisTuff ($220.06 in chips)
ChrisTuff: posts small blind $1
minigus575: posts big blind $3
*** HOLE CARDS ***
ChrisTuff: raises $3 to $6
minigus575: calls $3
*** FLOP *** [4s Qc 3c]
minigus575: checks
ChrisTuff: bets $3
minigus575: folds
Uncalled bet ($3) returned to ChrisTuff
ChrisTuff collected $11.76 from pot
ChrisTuff: doesn't show hand
*** SUMMARY ***
Total pot $12 | Rake $0.24
Board [4s Qc 3c]
Seat 1: minigus575 (big blind) folded on the Flop
Seat 2: ChrisTuff (button) (small blind) collected ($11.76)


