PokerStars Hand #168975250044:  Hold'em Limit ($3/$6 USD) - 2017/04/13 8:55:27 ET
Table 'Fragaria' 10-max Seat #10 is the button
Seat 6: Burgal15 ($85.97 in chips)
Seat 10: MTails ($120 in chips)
yamaxerm joins the table at seat #7
MTails: posts small blind $1
Burgal15: posts big blind $3
*** HOLE CARDS ***
MTails: raises $3 to $6
Whatze Phuck joins the table at seat #8
Burgal15: calls $3
*** FLOP *** [Td 6s 7h]
Burgal15: checks
MTails: checks
*** TURN *** [Td 6s 7h] [2h]
Burgal15: bets $6
MTails: folds
Uncalled bet ($6) returned to Burgal15
Burgal15 collected $11.76 from pot
Burgal15: doesn't show hand
*** SUMMARY ***
Total pot $12 | Rake $0.24
Board [Td 6s 7h 2h]
Seat 6: Burgal15 (big blind) collected ($11.76)
Seat 10: MTails (button) (small blind) folded on the Turn


PokerStars Hand #168975690986:  Hold'em Limit ($3/$6 USD) - 2017/04/13 9:09:27 ET
Table 'Fragaria' 10-max Seat #2 is the button
Seat 2: Qvidde ($120 in chips)
Seat 6: Burgal15 ($325.85 in chips)
Qvidde: posts small blind $1
Burgal15: posts big blind $3
*** HOLE CARDS ***
Qvidde: raises $3 to $6
Burgal15: calls $3
*** FLOP *** [Qc Th 6d]
Burgal15: checks
Qvidde: bets $3
Burgal15: folds
Uncalled bet ($3) returned to Qvidde
Qvidde collected $11.76 from pot
Qvidde: doesn't show hand
*** SUMMARY ***
Total pot $12 | Rake $0.24
Board [Qc Th 6d]
Seat 2: Qvidde (button) (small blind) collected ($11.76)
Seat 6: Burgal15 (big blind) folded on the Flop


PokerStars Hand #168975676206:  Hold'em Limit ($3/$6 USD) - 2017/04/13 9:09:00 ET
Table 'Fragaria' 10-max Seat #6 is the button
Seat 2: Qvidde ($82.46 in chips)
Seat 6: Burgal15 ($302.35 in chips)
Burgal15: posts small blind $1
yamaxerm: is sitting out
Whatze Phuck: is sitting out
Qvidde: posts big blind $3
*** HOLE CARDS ***
Burgal15: raises $3 to $6
yamaxerm leaves the table
Qvidde: calls $3
*** FLOP *** [Ts 6c 9h]
Qvidde: checks
Burgal15: bets $3
Qvidde: raises $3 to $6
Burgal15: calls $3
*** TURN *** [Ts 6c 9h] [Qc]
Qvidde: bets $6
Burgal15: calls $6
*** RIVER *** [Ts 6c 9h Qc] [7s]
Qvidde: bets $6
Burgal15: raises $6 to $12
Qvidde: folds
Uncalled bet ($6) returned to Burgal15
Burgal15 collected $47.50 from pot
Burgal15: doesn't show hand
*** SUMMARY ***
Total pot $48 | Rake $0.50
Board [Ts 6c 9h Qc 7s]
Seat 2: Qvidde (big blind) folded on the River
Seat 6: Burgal15 (button) (small blind) collected ($47.50)


PokerStars Hand #168975699841:  Hold'em Limit ($3/$6 USD) - 2017/04/13 9:09:42 ET
Table 'Fragaria' 10-max Seat #2 is the button
Seat 2: Qvidde ($126.76 in chips)
Seat 6: Burgal15 ($318.85 in chips)
Qvidde: posts small blind $1
Burgal15: posts big blind $3
*** HOLE CARDS ***
Qvidde: raises $3 to $6
Burgal15: calls $3
*** FLOP *** [3s 5c 2s]
Burgal15: checks
Qvidde: bets $3
Burgal15: calls $3
*** TURN *** [3s 5c 2s] [Qd]
Burgal15: checks
Qvidde: bets $6
Burgal15: folds
Uncalled bet ($6) returned to Qvidde
Qvidde collected $17.64 from pot
Qvidde: doesn't show hand
*** SUMMARY ***
Total pot $18 | Rake $0.36
Board [3s 5c 2s Qd]
Seat 2: Qvidde (button) (small blind) collected ($17.64)
Seat 6: Burgal15 (big blind) folded on the Turn


PokerStars Hand #168975741780:  Hold'em Limit ($3/$6 USD) - 2017/04/13 9:10:56 ET
Table 'Fragaria' 10-max Seat #2 is the button
Seat 2: Qvidde ($122.40 in chips)
Seat 6: Burgal15 ($322.35 in chips)
Qvidde: posts small blind $1
Burgal15: posts big blind $3
*** HOLE CARDS ***
Qvidde: raises $3 to $6
Burgal15: calls $3
*** FLOP *** [6d 3s 4c]
Burgal15: checks
Qvidde: bets $3
Burgal15: calls $3
*** TURN *** [6d 3s 4c] [7d]
Burgal15: checks
Qvidde: checks
*** RIVER *** [6d 3s 4c 7d] [8h]
Burgal15: bets $6
Qvidde: calls $6
*** SHOW DOWN ***
Burgal15: shows [Jc 2d] (high card Jack)
Qvidde: shows [6s 9s] (a pair of Sixes)
Qvidde collected $29.50 from pot
*** SUMMARY ***
Total pot $30 | Rake $0.50
Board [6d 3s 4c 7d 8h]
Seat 2: Qvidde (button) (small blind) showed [6s 9s] and won ($29.50) with a pair of Sixes
Seat 6: Burgal15 (big blind) showed [Jc 2d] and lost with high card Jack


PokerStars Hand #168975759047:  Hold'em Limit ($3/$6 USD) - 2017/04/13 9:11:27 ET
Table 'Fragaria' 10-max Seat #6 is the button
Seat 2: Qvidde ($136.90 in chips)
Seat 6: Burgal15 ($307.35 in chips)
Burgal15: posts small blind $1
Qvidde: posts big blind $3
*** HOLE CARDS ***
Burgal15: raises $3 to $6
Qvidde: folds
Uncalled bet ($3) returned to Burgal15
Burgal15 collected $6 from pot
Burgal15: doesn't show hand
*** SUMMARY ***
Total pot $6 | Rake $0
Seat 2: Qvidde (big blind) folded before Flop
Seat 6: Burgal15 (button) (small blind) collected ($6)


PokerStars Hand #168975715946:  Hold'em Limit ($3/$6 USD) - 2017/04/13 9:10:11 ET
Table 'Fragaria' 10-max Seat #2 is the button
Seat 2: Qvidde ($136.40 in chips)
Seat 6: Burgal15 ($308.85 in chips)
Qvidde: posts small blind $1
Burgal15: posts big blind $3
*** HOLE CARDS ***
Qvidde: raises $3 to $6
Burgal15: calls $3
*** FLOP *** [2s Ac Kc]
Burgal15: checks
Qvidde: bets $3
Burgal15: calls $3
*** TURN *** [2s Ac Kc] [As]
Burgal15: checks
Qvidde: checks
*** RIVER *** [2s Ac Kc As] [6h]
Burgal15: bets $6
Qvidde: calls $6
*** SHOW DOWN ***
Burgal15: shows [Td Qd] (a pair of Aces)
Qvidde: mucks hand
Burgal15 collected $29.50 from pot
*** SUMMARY ***
Total pot $30 | Rake $0.50
Board [2s Ac Kc As 6h]
Seat 2: Qvidde (button) (small blind) mucked
Seat 6: Burgal15 (big blind) showed [Td Qd] and won ($29.50) with a pair of Aces


PokerStars Hand #168975779338:  Hold'em Limit ($3/$6 USD) - 2017/04/13 9:12:03 ET
Table 'Fragaria' 10-max Seat #6 is the button
Seat 2: Qvidde ($109.90 in chips)
Seat 6: Burgal15 ($333.85 in chips)
Burgal15: posts small blind $1
Qvidde: posts big blind $3
*** HOLE CARDS ***
Burgal15: raises $3 to $6
Qvidde: calls $3
*** FLOP *** [5s 9d 4d]
Qvidde: checks
Burgal15: bets $3
Qvidde: calls $3
*** TURN *** [5s 9d 4d] [Qd]
Qvidde: checks
Burgal15: bets $6
Qvidde: calls $6
*** RIVER *** [5s 9d 4d Qd] [8s]
Qvidde: checks
Burgal15: checks
*** SHOW DOWN ***
Qvidde: shows [6d Ks] (high card King)
Burgal15: shows [Ad 2h] (high card Ace)
Burgal15 collected $29.50 from pot
*** SUMMARY ***
Total pot $30 | Rake $0.50
Board [5s 9d 4d Qd 8s]
Seat 2: Qvidde (big blind) showed [6d Ks] and lost with high card King
Seat 6: Burgal15 (button) (small blind) showed [Ad 2h] and won ($29.50) with high card Ace


PokerStars Hand #168975762671:  Hold'em Limit ($3/$6 USD) - 2017/04/13 9:11:33 ET
Table 'Fragaria' 10-max Seat #2 is the button
Seat 2: Qvidde ($133.90 in chips)
Seat 6: Burgal15 ($310.35 in chips)
Qvidde: posts small blind $1
Burgal15: posts big blind $3
*** HOLE CARDS ***
Qvidde: raises $3 to $6
Burgal15: raises $3 to $9
Qvidde: calls $3
*** FLOP *** [Th 7h Jh]
Burgal15: bets $3
Qvidde: calls $3
*** TURN *** [Th 7h Jh] [2c]
Burgal15: checks
Qvidde: bets $6
Burgal15: calls $6
*** RIVER *** [Th 7h Jh 2c] [9s]
Burgal15: checks
Qvidde: bets $6
Burgal15: raises $6 to $12
Qvidde: folds
Uncalled bet ($6) returned to Burgal15
Burgal15 collected $47.50 from pot
Burgal15: doesn't show hand
*** SUMMARY ***
Total pot $48 | Rake $0.50
Board [Th 7h Jh 2c 9s]
Seat 2: Qvidde (button) (small blind) folded on the River
Seat 6: Burgal15 (big blind) collected ($47.50)


PokerStars Hand #168975804681:  Hold'em Limit ($3/$6 USD) - 2017/04/13 9:12:48 ET
Table 'Fragaria' 10-max Seat #6 is the button
Seat 2: Qvidde ($93.90 in chips)
Seat 6: Burgal15 ($349.35 in chips)
Burgal15: posts small blind $1
Qvidde: posts big blind $3
*** HOLE CARDS ***
Burgal15: folds
Uncalled bet ($2) returned to Qvidde
Qvidde collected $2 from pot
Qvidde: doesn't show hand
*** SUMMARY ***
Total pot $2 | Rake $0
Seat 2: Qvidde (big blind) collected ($2)
Seat 6: Burgal15 (button) (small blind) folded before Flop


PokerStars Hand #168975799371:  Hold'em Limit ($3/$6 USD) - 2017/04/13 9:12:39 ET
Table 'Fragaria' 10-max Seat #2 is the button
Seat 2: Qvidde ($94.90 in chips)
Seat 6: Burgal15 ($348.35 in chips)
Qvidde: posts small blind $1
Burgal15: posts big blind $3
*** HOLE CARDS ***
Qvidde: folds
Uncalled bet ($2) returned to Burgal15
Burgal15 collected $2 from pot
Burgal15: doesn't show hand
*** SUMMARY ***
Total pot $2 | Rake $0
Seat 2: Qvidde (button) (small blind) folded before Flop
Seat 6: Burgal15 (big blind) collected ($2)


PokerStars Hand #168975807750:  Hold'em Limit ($3/$6 USD) - 2017/04/13 9:12:53 ET
Table 'Fragaria' 10-max Seat #2 is the button
Seat 2: Qvidde ($94.90 in chips)
Seat 6: Burgal15 ($348.35 in chips)
Qvidde: posts small blind $1
Burgal15: posts big blind $3
*** HOLE CARDS ***
Qvidde: raises $3 to $6
Burgal15: calls $3
*** FLOP *** [Qd 4s 7s]
Burgal15: checks
Qvidde: bets $3
Burgal15: calls $3
*** TURN *** [Qd 4s 7s] [2s]
Burgal15: checks
Qvidde: bets $6
Burgal15: calls $6
*** RIVER *** [Qd 4s 7s 2s] [Th]
Burgal15: checks
Qvidde: bets $6
Burgal15: calls $6
*** SHOW DOWN ***
Qvidde: shows [5d Tc] (a pair of Tens)
Burgal15: mucks hand
Qvidde collected $41.50 from pot
*** SUMMARY ***
Total pot $42 | Rake $0.50
Board [Qd 4s 7s 2s Th]
Seat 2: Qvidde (button) (small blind) showed [5d Tc] and won ($41.50) with a pair of Tens
Seat 6: Burgal15 (big blind) mucked


PokerStars Hand #168975836135:  Hold'em Limit ($3/$6 USD) - 2017/04/13 9:13:44 ET
Table 'Fragaria' 10-max Seat #2 is the button
Seat 2: Qvidde ($129.90 in chips)
Seat 6: Burgal15 ($312.35 in chips)
Qvidde: posts small blind $1
Burgal15: posts big blind $3
*** HOLE CARDS ***
Qvidde: raises $3 to $6
Burgal15: calls $3
*** FLOP *** [2d Qc 7d]
Burgal15: checks
Qvidde: bets $3
Burgal15: raises $3 to $6
Qvidde: calls $3
*** TURN *** [2d Qc 7d] [Qd]
Burgal15: bets $6
Qvidde: calls $6
*** RIVER *** [2d Qc 7d Qd] [Ad]
Burgal15: bets $6
Qvidde: calls $6
*** SHOW DOWN ***
Burgal15: shows [4c 9c] (a pair of Queens)
Qvidde: shows [7c Th] (two pair, Queens and Sevens)
Qvidde collected $47.50 from pot
*** SUMMARY ***
Total pot $48 | Rake $0.50
Board [2d Qc 7d Qd Ad]
Seat 2: Qvidde (button) (small blind) showed [7c Th] and won ($47.50) with two pair, Queens and Sevens
Seat 6: Burgal15 (big blind) showed [4c 9c] and lost with a pair of Queens


PokerStars Hand #168975852356:  Hold'em Limit ($3/$6 USD) - 2017/04/13 9:14:12 ET
Table 'Fragaria' 10-max Seat #6 is the button
Seat 2: Qvidde ($153.40 in chips)
Seat 6: Burgal15 ($288.35 in chips)
Burgal15: posts small blind $1
Qvidde: posts big blind $3
*** HOLE CARDS ***
Burgal15: raises $3 to $6
Qvidde: raises $3 to $9
Burgal15: calls $3
*** FLOP *** [Ad 4h 4s]
Qvidde: bets $3
Burgal15: folds
Uncalled bet ($3) returned to Qvidde
Qvidde collected $17.64 from pot
Qvidde: doesn't show hand
*** SUMMARY ***
Total pot $18 | Rake $0.36
Board [Ad 4h 4s]
Seat 2: Qvidde (big blind) collected ($17.64)
Seat 6: Burgal15 (button) (small blind) folded on the Flop


PokerStars Hand #168975820334:  Hold'em Limit ($3/$6 USD) - 2017/04/13 9:13:16 ET
Table 'Fragaria' 10-max Seat #6 is the button
Seat 2: Qvidde ($115.40 in chips)
Seat 6: Burgal15 ($327.35 in chips)
Burgal15: posts small blind $1
Qvidde: posts big blind $3
*** HOLE CARDS ***
Burgal15: raises $3 to $6
Qvidde: calls $3
*** FLOP *** [9d Qs 4d]
Qvidde: checks
Burgal15: bets $3
Qvidde: calls $3
*** TURN *** [9d Qs 4d] [2d]
Qvidde: checks
Burgal15: checks
*** RIVER *** [9d Qs 4d 2d] [Kd]
Qvidde: checks
Burgal15: bets $6
Qvidde: calls $6
*** SHOW DOWN ***
Burgal15: shows [As 6s] (high card Ace)
Qvidde: shows [8c Kh] (a pair of Kings)
Qvidde collected $29.50 from pot
*** SUMMARY ***
Total pot $30 | Rake $0.50
Board [9d Qs 4d 2d Kd]
Seat 2: Qvidde (big blind) showed [8c Kh] and won ($29.50) with a pair of Kings
Seat 6: Burgal15 (button) (small blind) showed [As 6s] and lost with high card Ace


PokerStars Hand #168975889145:  Hold'em Limit ($3/$6 USD) - 2017/04/13 9:15:17 ET
Table 'Fragaria' 10-max Seat #2 is the button
Seat 2: Qvidde ($191.30 in chips)
Seat 6: Burgal15 ($249.35 in chips)
Qvidde: posts small blind $1
Burgal15: posts big blind $3
*** HOLE CARDS ***
Qvidde: folds
Uncalled bet ($2) returned to Burgal15
Burgal15 collected $2 from pot
Burgal15: doesn't show hand
*** SUMMARY ***
Total pot $2 | Rake $0
Seat 2: Qvidde (button) (small blind) folded before Flop
Seat 6: Burgal15 (big blind) collected ($2)


PokerStars Hand #168975873154:  Hold'em Limit ($3/$6 USD) - 2017/04/13 9:14:49 ET
Table 'Fragaria' 10-max Seat #6 is the button
Seat 2: Qvidde ($167.80 in chips)
Seat 6: Burgal15 ($273.35 in chips)
Burgal15: posts small blind $1
Qvidde: posts big blind $3
*** HOLE CARDS ***
Burgal15: raises $3 to $6
Qvidde: raises $3 to $9
Burgal15: calls $3
*** FLOP *** [8h 5d Ts]
Qvidde: bets $3
Burgal15: calls $3
*** TURN *** [8h 5d Ts] [6c]
Qvidde: bets $6
Burgal15: calls $6
*** RIVER *** [8h 5d Ts 6c] [2s]
Qvidde: bets $6
Burgal15: calls $6
*** SHOW DOWN ***
Qvidde: shows [Ad 8s] (a pair of Eights)
Burgal15: mucks hand
Qvidde collected $47.50 from pot
*** SUMMARY ***
Total pot $48 | Rake $0.50
Board [8h 5d Ts 6c 2s]
Seat 2: Qvidde (big blind) showed [Ad 8s] and won ($47.50) with a pair of Eights
Seat 6: Burgal15 (button) (small blind) mucked


PokerStars Hand #168975870152:  Hold'em Limit ($3/$6 USD) - 2017/04/13 9:14:44 ET
Table 'Fragaria' 10-max Seat #2 is the button
Seat 2: Qvidde ($168.80 in chips)
Seat 6: Burgal15 ($272.35 in chips)
Qvidde: posts small blind $1
Burgal15: posts big blind $3
*** HOLE CARDS ***
Qvidde: folds
Uncalled bet ($2) returned to Burgal15
Burgal15 collected $2 from pot
Burgal15: doesn't show hand
*** SUMMARY ***
Total pot $2 | Rake $0
Seat 2: Qvidde (button) (small blind) folded before Flop
Seat 6: Burgal15 (big blind) collected ($2)


PokerStars Hand #168975867481:  Hold'em Limit ($3/$6 USD) - 2017/04/13 9:14:39 ET
Table 'Fragaria' 10-max Seat #6 is the button
Seat 2: Qvidde ($167.80 in chips)
Seat 6: Burgal15 ($273.35 in chips)
Burgal15: posts small blind $1
Qvidde: posts big blind $3
*** HOLE CARDS ***
Burgal15: folds
Uncalled bet ($2) returned to Qvidde
Qvidde collected $2 from pot
Qvidde: doesn't show hand
*** SUMMARY ***
Total pot $2 | Rake $0
Seat 2: Qvidde (big blind) collected ($2)
Seat 6: Burgal15 (button) (small blind) folded before Flop


PokerStars Hand #168975859057:  Hold'em Limit ($3/$6 USD) - 2017/04/13 9:14:24 ET
Table 'Fragaria' 10-max Seat #2 is the button
Seat 2: Qvidde ($162.04 in chips)
Seat 6: Burgal15 ($279.35 in chips)
Qvidde: posts small blind $1
Burgal15: posts big blind $3
*** HOLE CARDS ***
Qvidde: raises $3 to $6
Burgal15: calls $3
*** FLOP *** [Qc 2h 5s]
Burgal15: checks
Qvidde: bets $3
Burgal15: folds
Uncalled bet ($3) returned to Qvidde
Qvidde collected $11.76 from pot
Qvidde: doesn't show hand
*** SUMMARY ***
Total pot $12 | Rake $0.24
Board [Qc 2h 5s]
Seat 2: Qvidde (button) (small blind) collected ($11.76)
Seat 6: Burgal15 (big blind) folded on the Flop


PokerStars Hand #168975905157:  Hold'em Limit ($3/$6 USD) - 2017/04/13 9:15:46 ET
Table 'Fragaria' 10-max Seat #2 is the button
Seat 2: Qvidde ($184.30 in chips)
Seat 6: Burgal15 ($256.11 in chips)
Qvidde: posts small blind $1
Burgal15: posts big blind $3
*** HOLE CARDS ***
Qvidde: raises $3 to $6
Burgal15: calls $3
*** FLOP *** [2h Qd Qh]
Burgal15: checks
Qvidde: bets $3
Burgal15: calls $3
*** TURN *** [2h Qd Qh] [Tc]
Burgal15: checks
Qvidde: bets $6
Rus29APX joins the table at seat #7
Burgal15: folds
Uncalled bet ($6) returned to Qvidde
Qvidde collected $17.64 from pot
Qvidde: doesn't show hand
*** SUMMARY ***
Total pot $18 | Rake $0.36
Board [2h Qd Qh Tc]
Seat 2: Qvidde (button) (small blind) collected ($17.64)
Seat 6: Burgal15 (big blind) folded on the Turn


PokerStars Hand #168975892039:  Hold'em Limit ($3/$6 USD) - 2017/04/13 9:15:23 ET
Table 'Fragaria' 10-max Seat #6 is the button
Seat 2: Qvidde ($190.30 in chips)
Seat 6: Burgal15 ($250.35 in chips)
Burgal15: posts small blind $1
Qvidde: posts big blind $3
*** HOLE CARDS ***
Burgal15: raises $3 to $6
Qvidde: calls $3
*** FLOP *** [8c As 4d]
Qvidde: checks
Burgal15: bets $3
Qvidde: folds
Uncalled bet ($3) returned to Burgal15
Burgal15 collected $11.76 from pot
Burgal15: doesn't show hand
*** SUMMARY ***
Total pot $12 | Rake $0.24
Board [8c As 4d]
Seat 2: Qvidde (big blind) folded on the Flop
Seat 6: Burgal15 (button) (small blind) collected ($11.76)


