PokerStars Hand #167946538088:  Hold'em Limit ($3/$6 USD) - 2017/03/22 10:11:24 ET
Table 'Fragaria' 6-max Seat #1 is the button
Seat 1: apx0surry9 ($83.03 in chips)
Seat 4: Agrotait ($72 in chips)
apx0surry9: posts small blind $1
Agrotait: posts big blind $3
*** HOLE CARDS ***
apx0surry9: raises $3 to $6
Agrotait: calls $3
*** FLOP *** [9c 6h Kd]
Agrotait: checks
apx0surry9: bets $3
Agrotait: calls $3
*** TURN *** [9c 6h Kd] [4c]
Agrotait: checks
apx0surry9: bets $6
Agrotait: calls $6
*** RIVER *** [9c 6h Kd 4c] [4h]
Agrotait: checks
apx0surry9: bets $6
Agrotait: calls $6
*** SHOW DOWN ***
apx0surry9: shows [Th Qs] (a pair of Fours)
Agrotait: shows [8s 6s] (two pair, Sixes and Fours)
Agrotait collected $41.50 from pot
*** SUMMARY ***
Total pot $42 | Rake $0.50
Board [9c 6h Kd 4c 4h]
Seat 1: apx0surry9 (button) (small blind) showed [Th Qs] and lost with a pair of Fours
Seat 4: Agrotait (big blind) showed [8s 6s] and won ($41.50) with two pair, Sixes and Fours


PokerStars Hand #167946558934:  Hold'em Limit ($3/$6 USD) - 2017/03/22 10:11:59 ET
Table 'Fragaria' 6-max Seat #4 is the button
Seat 1: apx0surry9 ($62.03 in chips)
Seat 4: Agrotait ($92.50 in chips)
Agrotait: posts small blind $1
apx0surry9: posts big blind $3
*** HOLE CARDS ***
Agrotait: raises $3 to $6
apx0surry9: calls $3
*** FLOP *** [Kh 5s 7s]
apx0surry9: checks
Agrotait: bets $3
apx0surry9: raises $3 to $6
Agrotait: calls $3
*** TURN *** [Kh 5s 7s] [Jc]
apx0surry9: bets $6
Agrotait: calls $6
*** RIVER *** [Kh 5s 7s Jc] [3h]
apx0surry9: bets $6
Agrotait: folds
Uncalled bet ($6) returned to apx0surry9
apx0surry9 collected $35.50 from pot
apx0surry9: doesn't show hand
*** SUMMARY ***
Total pot $36 | Rake $0.50
Board [Kh 5s 7s Jc 3h]
Seat 1: apx0surry9 (big blind) collected ($35.50)
Seat 4: Agrotait (button) (small blind) folded on the River


PokerStars Hand #167946599581:  Hold'em Limit ($3/$6 USD) - 2017/03/22 10:13:08 ET
Table 'Fragaria' 6-max Seat #4 is the button
Seat 1: apx0surry9 ($82.41 in chips)
Seat 4: Agrotait ($71.50 in chips)
Agrotait: posts small blind $1
apx0surry9: posts big blind $3
*** HOLE CARDS ***
Agrotait: raises $3 to $6
apx0surry9: folds
Uncalled bet ($3) returned to Agrotait
Agrotait collected $6 from pot
Agrotait: doesn't show hand
*** SUMMARY ***
Total pot $6 | Rake $0
Seat 1: apx0surry9 (big blind) folded before Flop
Seat 4: Agrotait (button) (small blind) collected ($6)


PokerStars Hand #167946590428:  Hold'em Limit ($3/$6 USD) - 2017/03/22 10:12:53 ET
Table 'Fragaria' 6-max Seat #1 is the button
Seat 1: apx0surry9 ($79.53 in chips)
Seat 4: Agrotait ($74.50 in chips)
apx0surry9: posts small blind $1
Agrotait: posts big blind $3
*** HOLE CARDS ***
apx0surry9: calls $2
Agrotait: checks
*** FLOP *** [2h Td Tc]
Agrotait: checks
apx0surry9: bets $3
Pelurile joins the table at seat #2
Agrotait: folds
Uncalled bet ($3) returned to apx0surry9
apx0surry9 collected $5.88 from pot
apx0surry9: doesn't show hand
*** SUMMARY ***
Total pot $6 | Rake $0.12
Board [2h Td Tc]
Seat 1: apx0surry9 (button) (small blind) collected ($5.88)
Seat 4: Agrotait (big blind) folded on the Flop


PokerStars Hand #167970219922:  Hold'em Limit ($3/$6 USD) - 2017/03/22 18:34:55 ET
Table 'Fragaria' 6-max Seat #4 is the button
Seat 4: Actionni13 ($150 in chips)
Seat 5: japachess ($90 in chips)
Actionni13: posts small blind $1
japachess: posts big blind $3
*** HOLE CARDS ***
Actionni13: raises $3 to $6
japachess: calls $3
*** FLOP *** [9s 3s 2c]
japachess: checks
Actionni13: checks
*** TURN *** [9s 3s 2c] [4h]
japachess: checks
Actionni13: checks
*** RIVER *** [9s 3s 2c 4h] [3d]
japachess: checks
Actionni13: checks
*** SHOW DOWN ***
japachess: shows [8s Jd] (a pair of Threes)
Actionni13: mucks hand
japachess collected $11.76 from pot
*** SUMMARY ***
Total pot $12 | Rake $0.24
Board [9s 3s 2c 4h 3d]
Seat 4: Actionni13 (button) (small blind) mucked
Seat 5: japachess (big blind) showed [8s Jd] and won ($11.76) with a pair of Threes


PokerStars Hand #167970302025:  Hold'em Limit ($3/$6 USD) - 2017/03/22 18:36:40 ET
Table 'Fragaria' 6-max Seat #5 is the button
Seat 4: Actionni13 ($153.64 in chips)
Seat 5: japachess ($97.28 in chips)
japachess: posts small blind $1
Actionni13: posts big blind $3
*** HOLE CARDS ***
japachess: folds
Uncalled bet ($2) returned to Actionni13
Actionni13 collected $2 from pot
Actionni13: doesn't show hand
*** SUMMARY ***
Total pot $2 | Rake $0
Seat 4: Actionni13 (big blind) collected ($2)
Seat 5: japachess (button) (small blind) folded before Flop


PokerStars Hand #167970291292:  Hold'em Limit ($3/$6 USD) - 2017/03/22 18:36:26 ET
Table 'Fragaria' 6-max Seat #4 is the button
Seat 4: Actionni13 ($159.64 in chips)
Seat 5: japachess ($91.52 in chips)
Actionni13: posts small blind $1
japachess: posts big blind $3
*** HOLE CARDS ***
Actionni13: raises $3 to $6
japachess: calls $3
*** FLOP *** [5s 2c Kh]
japachess: checks
Actionni13: checks
*** TURN *** [5s 2c Kh] [4h]
japachess: bets $6
Actionni13: folds
Uncalled bet ($6) returned to japachess
japachess collected $11.76 from pot
japachess: doesn't show hand
*** SUMMARY ***
Total pot $12 | Rake $0.24
Board [5s 2c Kh 4h]
Seat 4: Actionni13 (button) (small blind) folded on the Turn
Seat 5: japachess (big blind) collected ($11.76)


PokerStars Hand #167970287759:  Hold'em Limit ($3/$6 USD) - 2017/03/22 18:36:21 ET
Table 'Fragaria' 6-max Seat #5 is the button
Seat 4: Actionni13 ($158.64 in chips)
Seat 5: japachess ($92.52 in chips)
japachess: posts small blind $1
Actionni13: posts big blind $3
*** HOLE CARDS ***
japachess: folds
Uncalled bet ($2) returned to Actionni13
Actionni13 collected $2 from pot
Actionni13: doesn't show hand
*** SUMMARY ***
Total pot $2 | Rake $0
Seat 4: Actionni13 (big blind) collected ($2)
Seat 5: japachess (button) (small blind) folded before Flop


PokerStars Hand #167970318677:  Hold'em Limit ($3/$6 USD) - 2017/03/22 18:37:01 ET
Table 'Fragaria' 6-max Seat #5 is the button
Seat 4: Actionni13 ($150 in chips)
Seat 5: japachess ($110.78 in chips)
japachess: posts small blind $1
Actionni13: posts big blind $3
*** HOLE CARDS ***
japachess: raises $3 to $6
Actionni13: folds
Uncalled bet ($3) returned to japachess
japachess collected $6 from pot
japachess: doesn't show hand
*** SUMMARY ***
Total pot $6 | Rake $0
Seat 4: Actionni13 (big blind) folded before Flop
Seat 5: japachess (button) (small blind) collected ($6)


PokerStars Hand #167970305626:  Hold'em Limit ($3/$6 USD) - 2017/03/22 18:36:44 ET
Table 'Fragaria' 6-max Seat #4 is the button
Seat 4: Actionni13 ($154.64 in chips)
Seat 5: japachess ($96.28 in chips)
Actionni13: posts small blind $1
japachess: posts big blind $3
*** HOLE CARDS ***
Actionni13: raises $3 to $6
japachess: calls $3
*** FLOP *** [Ad Qh 3d]
japachess: checks
Actionni13: bets $3
japachess: calls $3
*** TURN *** [Ad Qh 3d] [Qc]
japachess: checks
Actionni13: bets $6
japachess: raises $6 to $12
Actionni13: folds
Uncalled bet ($6) returned to japachess
japachess collected $29.50 from pot
japachess: doesn't show hand
*** SUMMARY ***
Total pot $30 | Rake $0.50
Board [Ad Qh 3d Qc]
Seat 4: Actionni13 (button) (small blind) folded on the Turn
Seat 5: japachess (big blind) collected ($29.50)


PokerStars Hand #167970340767:  Hold'em Limit ($3/$6 USD) - 2017/03/22 18:37:29 ET
Table 'Fragaria' 6-max Seat #4 is the button
Seat 4: Actionni13 ($156.76 in chips)
Seat 5: japachess ($106.78 in chips)
Actionni13: posts small blind $1
japachess: posts big blind $3
*** HOLE CARDS ***
Actionni13: raises $3 to $6
japachess: folds
Uncalled bet ($3) returned to Actionni13
Actionni13 collected $6 from pot
Actionni13: doesn't show hand
*** SUMMARY ***
Total pot $6 | Rake $0
Seat 4: Actionni13 (button) (small blind) collected ($6)
Seat 5: japachess (big blind) folded before Flop


PokerStars Hand #167970337372:  Hold'em Limit ($3/$6 USD) - 2017/03/22 18:37:25 ET
Table 'Fragaria' 6-max Seat #5 is the button
Seat 4: Actionni13 ($155.76 in chips)
Seat 5: japachess ($107.78 in chips)
japachess: posts small blind $1
Actionni13: posts big blind $3
*** HOLE CARDS ***
japachess: folds
Uncalled bet ($2) returned to Actionni13
Actionni13 collected $2 from pot
Actionni13: doesn't show hand
*** SUMMARY ***
Total pot $2 | Rake $0
Seat 4: Actionni13 (big blind) collected ($2)
Seat 5: japachess (button) (small blind) folded before Flop


PokerStars Hand #167970350617:  Hold'em Limit ($3/$6 USD) - 2017/03/22 18:37:42 ET
Table 'Fragaria' 6-max Seat #4 is the button
Seat 4: Actionni13 ($156.76 in chips)
Seat 5: japachess ($106.78 in chips)
Actionni13: posts small blind $1
japachess: posts big blind $3
*** HOLE CARDS ***
Actionni13: raises $3 to $6
japachess: folds
Uncalled bet ($3) returned to Actionni13
Actionni13 collected $6 from pot
Actionni13: doesn't show hand
*** SUMMARY ***
Total pot $6 | Rake $0
Seat 4: Actionni13 (button) (small blind) collected ($6)
Seat 5: japachess (big blind) folded before Flop


PokerStars Hand #167970346097:  Hold'em Limit ($3/$6 USD) - 2017/03/22 18:37:36 ET
Table 'Fragaria' 6-max Seat #5 is the button
Seat 4: Actionni13 ($159.76 in chips)
Seat 5: japachess ($103.78 in chips)
japachess: posts small blind $1
Actionni13: posts big blind $3
*** HOLE CARDS ***
japachess: raises $3 to $6
Actionni13: folds
Uncalled bet ($3) returned to japachess
japachess collected $6 from pot
japachess: doesn't show hand
*** SUMMARY ***
Total pot $6 | Rake $0
Seat 4: Actionni13 (big blind) folded before Flop
Seat 5: japachess (button) (small blind) collected ($6)


PokerStars Hand #167970325515:  Hold'em Limit ($3/$6 USD) - 2017/03/22 18:37:10 ET
Table 'Fragaria' 6-max Seat #4 is the button
Seat 4: Actionni13 ($150 in chips)
Seat 5: japachess ($113.78 in chips)
Actionni13: posts small blind $1
japachess: posts big blind $3
*** HOLE CARDS ***
Actionni13: raises $3 to $6
japachess: calls $3
*** FLOP *** [7h 9d 5s]
japachess: checks
Actionni13: checks
*** TURN *** [7h 9d 5s] [4h]
japachess: checks
Actionni13: bets $6
japachess: folds
Uncalled bet ($6) returned to Actionni13
Actionni13 collected $11.76 from pot
Actionni13: doesn't show hand
*** SUMMARY ***
Total pot $12 | Rake $0.24
Board [7h 9d 5s 4h]
Seat 4: Actionni13 (button) (small blind) collected ($11.76)
Seat 5: japachess (big blind) folded on the Turn


PokerStars Hand #167970380650:  Hold'em Limit ($3/$6 USD) - 2017/03/22 18:38:20 ET
Table 'Fragaria' 6-max Seat #4 is the button
Seat 4: Actionni13 ($168.40 in chips)
Seat 5: japachess ($94.78 in chips)
Actionni13: posts small blind $1
japachess: posts big blind $3
*** HOLE CARDS ***
Actionni13: folds
Uncalled bet ($2) returned to japachess
japachess collected $2 from pot
japachess: doesn't show hand
*** SUMMARY ***
Total pot $2 | Rake $0
Seat 4: Actionni13 (button) (small blind) folded before Flop
Seat 5: japachess (big blind) collected ($2)


PokerStars Hand #167970376735:  Hold'em Limit ($3/$6 USD) - 2017/03/22 18:38:15 ET
Table 'Fragaria' 6-max Seat #5 is the button
Seat 4: Actionni13 ($167.40 in chips)
Seat 5: japachess ($95.78 in chips)
japachess: posts small blind $1
Actionni13: posts big blind $3
*** HOLE CARDS ***
japachess: folds
Uncalled bet ($2) returned to Actionni13
Actionni13 collected $2 from pot
Actionni13: doesn't show hand
*** SUMMARY ***
Total pot $2 | Rake $0
Seat 4: Actionni13 (big blind) collected ($2)
Seat 5: japachess (button) (small blind) folded before Flop


PokerStars Hand #167970372670:  Hold'em Limit ($3/$6 USD) - 2017/03/22 18:38:10 ET
Table 'Fragaria' 6-max Seat #4 is the button
Seat 4: Actionni13 ($168.40 in chips)
Seat 5: japachess ($94.78 in chips)
Actionni13: posts small blind $1
japachess: posts big blind $3
*** HOLE CARDS ***
Actionni13: folds
Uncalled bet ($2) returned to japachess
japachess collected $2 from pot
japachess: doesn't show hand
*** SUMMARY ***
Total pot $2 | Rake $0
Seat 4: Actionni13 (button) (small blind) folded before Flop
Seat 5: japachess (big blind) collected ($2)


PokerStars Hand #167970354575:  Hold'em Limit ($3/$6 USD) - 2017/03/22 18:37:47 ET
Table 'Fragaria' 6-max Seat #5 is the button
Seat 4: Actionni13 ($159.76 in chips)
Seat 5: japachess ($103.78 in chips)
japachess: posts small blind $1
Actionni13: posts big blind $3
*** HOLE CARDS ***
japachess: raises $3 to $6
Actionni13: calls $3
*** FLOP *** [4c 8h 2c]
Actionni13: checks
japachess: bets $3
Actionni13: calls $3
*** TURN *** [4c 8h 2c] [Js]
Actionni13: checks
japachess: checks
*** RIVER *** [4c 8h 2c Js] [Jh]
Actionni13: bets $6
japachess: folds
Uncalled bet ($6) returned to Actionni13
Actionni13 collected $17.64 from pot
Actionni13: doesn't show hand
*** SUMMARY ***
Total pot $18 | Rake $0.36
Board [4c 8h 2c Js Jh]
Seat 4: Actionni13 (big blind) collected ($17.64)
Seat 5: japachess (button) (small blind) folded on the River


PokerStars Hand #167970384860:  Hold'em Limit ($3/$6 USD) - 2017/03/22 18:38:25 ET
Table 'Fragaria' 6-max Seat #5 is the button
Seat 4: Actionni13 ($167.40 in chips)
Seat 5: japachess ($95.78 in chips)
japachess: posts small blind $1
Actionni13: posts big blind $3
*** HOLE CARDS ***
japachess: raises $3 to $6
Actionni13: raises $3 to $9
japachess: calls $3
*** FLOP *** [Ac 4h 9d]
Actionni13: bets $3
japachess: folds
Uncalled bet ($3) returned to Actionni13
Actionni13 collected $17.64 from pot
Actionni13: doesn't show hand
*** SUMMARY ***
Total pot $18 | Rake $0.36
Board [Ac 4h 9d]
Seat 4: Actionni13 (big blind) collected ($17.64)
Seat 5: japachess (button) (small blind) folded on the Flop


PokerStars Hand #167970419379:  Hold'em Limit ($3/$6 USD) - 2017/03/22 18:39:09 ET
Table 'Fragaria' 6-max Seat #5 is the button
Seat 4: Actionni13 ($182.55 in chips)
Seat 5: japachess ($79.53 in chips)
japachess: posts small blind $1
Actionni13: posts big blind $3
*** HOLE CARDS ***
japachess: folds
Uncalled bet ($2) returned to Actionni13
Actionni13 collected $2 from pot
Actionni13: doesn't show hand
*** SUMMARY ***
Total pot $2 | Rake $0
Seat 4: Actionni13 (big blind) collected ($2)
Seat 5: japachess (button) (small blind) folded before Flop


PokerStars Hand #167970408741:  Hold'em Limit ($3/$6 USD) - 2017/03/22 18:38:56 ET
Table 'Fragaria' 6-max Seat #5 is the button
Seat 4: Actionni13 ($175.79 in chips)
Seat 5: japachess ($86.53 in chips)
japachess: posts small blind $1
Actionni13: posts big blind $3
*** HOLE CARDS ***
japachess: folds
Uncalled bet ($2) returned to Actionni13
Actionni13 collected $2 from pot
Actionni13: doesn't show hand
*** SUMMARY ***
Total pot $2 | Rake $0
Seat 4: Actionni13 (big blind) collected ($2)
Seat 5: japachess (button) (small blind) folded before Flop


PokerStars Hand #167970392011:  Hold'em Limit ($3/$6 USD) - 2017/03/22 18:38:34 ET
Table 'Fragaria' 6-max Seat #4 is the button
Seat 4: Actionni13 ($176.04 in chips)
Seat 5: japachess ($86.78 in chips)
Actionni13: posts small blind $1
japachess: posts big blind $3
*** HOLE CARDS ***
Actionni13: raises $3 to $6
japachess: raises $3 to $9
Actionni13: calls $3
*** FLOP *** [8h 3s 4h]
japachess: bets $3
Actionni13: calls $3
*** TURN *** [8h 3s 4h] [6c]
japachess: bets $6
Actionni13: calls $6
*** RIVER *** [8h 3s 4h 6c] [4s]
japachess: bets $6
Actionni13: calls $6
*** SHOW DOWN ***
japachess: shows [6s Kd] (two pair, Sixes and Fours)
Actionni13: shows [Kc 6d] (two pair, Sixes and Fours)
japachess collected $23.75 from pot
Actionni13 collected $23.75 from pot
*** SUMMARY ***
Total pot $48 | Rake $0.50
Board [8h 3s 4h 6c 4s]
Seat 4: Actionni13 (button) (small blind) showed [Kc 6d] and won ($23.75) with two pair, Sixes and Fours
Seat 5: japachess (big blind) showed [6s Kd] and won ($23.75) with two pair, Sixes and Fours


PokerStars Hand #167970423153:  Hold'em Limit ($3/$6 USD) - 2017/03/22 18:39:14 ET
Table 'Fragaria' 6-max Seat #4 is the button
Seat 4: Actionni13 ($183.55 in chips)
Seat 5: japachess ($78.53 in chips)
Actionni13: posts small blind $1
japachess: posts big blind $3
*** HOLE CARDS ***
Actionni13: raises $3 to $6
japachess: raises $3 to $9
Actionni13: calls $3
*** FLOP *** [9h Ks 6s]
japachess: bets $3
Actionni13: calls $3
*** TURN *** [9h Ks 6s] [Tc]
japachess: bets $6
Actionni13: folds
Uncalled bet ($6) returned to japachess
japachess collected $23.52 from pot
japachess: doesn't show hand
*** SUMMARY ***
Total pot $24 | Rake $0.48
Board [9h Ks 6s Tc]
Seat 4: Actionni13 (button) (small blind) folded on the Turn
Seat 5: japachess (big blind) collected ($23.52)


PokerStars Hand #167970478800:  Hold'em Limit ($3/$6 USD) - 2017/03/22 18:40:25 ET
Table 'Fragaria' 6-max Seat #4 is the button
Seat 4: Actionni13 ($170.31 in chips)
Seat 5: japachess ($90.81 in chips)
Actionni13: posts small blind $1
japachess: posts big blind $3
*** HOLE CARDS ***
Actionni13: raises $3 to $6
japachess: calls $3
*** FLOP *** [Ts 2h 7s]
japachess: checks
Actionni13: bets $3
japachess: folds
Uncalled bet ($3) returned to Actionni13
Actionni13 collected $11.76 from pot
Actionni13: doesn't show hand
*** SUMMARY ***
Total pot $12 | Rake $0.24
Board [Ts 2h 7s]
Seat 4: Actionni13 (button) (small blind) collected ($11.76)
Seat 5: japachess (big blind) folded on the Flop


PokerStars Hand #167970461501:  Hold'em Limit ($3/$6 USD) - 2017/03/22 18:40:03 ET
Table 'Fragaria' 6-max Seat #4 is the button
Seat 4: Actionni13 ($177.31 in chips)
Seat 5: japachess ($84.05 in chips)
Actionni13: posts small blind $1
japachess: posts big blind $3
*** HOLE CARDS ***
Actionni13: folds
Uncalled bet ($2) returned to japachess
japachess collected $2 from pot
japachess: doesn't show hand
*** SUMMARY ***
Total pot $2 | Rake $0
Seat 4: Actionni13 (button) (small blind) folded before Flop
Seat 5: japachess (big blind) collected ($2)


PokerStars Hand #167970458026:  Hold'em Limit ($3/$6 USD) - 2017/03/22 18:39:59 ET
Table 'Fragaria' 6-max Seat #5 is the button
Seat 4: Actionni13 ($176.31 in chips)
Seat 5: japachess ($85.05 in chips)
japachess: posts small blind $1
Actionni13: posts big blind $3
*** HOLE CARDS ***
japachess: folds
Uncalled bet ($2) returned to Actionni13
Actionni13 collected $2 from pot
Actionni13: doesn't show hand
*** SUMMARY ***
Total pot $2 | Rake $0
Seat 4: Actionni13 (big blind) collected ($2)
Seat 5: japachess (button) (small blind) folded before Flop


PokerStars Hand #167970454762:  Hold'em Limit ($3/$6 USD) - 2017/03/22 18:39:54 ET
Table 'Fragaria' 6-max Seat #4 is the button
Seat 4: Actionni13 ($177.31 in chips)
Seat 5: japachess ($84.05 in chips)
Actionni13: posts small blind $1
japachess: posts big blind $3
*** HOLE CARDS ***
Actionni13: folds
Uncalled bet ($2) returned to japachess
japachess collected $2 from pot
japachess: doesn't show hand
*** SUMMARY ***
Total pot $2 | Rake $0
Seat 4: Actionni13 (button) (small blind) folded before Flop
Seat 5: japachess (big blind) collected ($2)


PokerStars Hand #167970441315:  Hold'em Limit ($3/$6 USD) - 2017/03/22 18:39:37 ET
Table 'Fragaria' 6-max Seat #5 is the button
Seat 4: Actionni13 ($171.55 in chips)
Seat 5: japachess ($90.05 in chips)
japachess: posts small blind $1
Actionni13: posts big blind $3
*** HOLE CARDS ***
japachess: raises $3 to $6
Actionni13: calls $3
*** FLOP *** [Qs 8d 9h]
Actionni13: checks
japachess: checks
*** TURN *** [Qs 8d 9h] [Jc]
Actionni13: bets $6
japachess: folds
Uncalled bet ($6) returned to Actionni13
Actionni13 collected $11.76 from pot
Actionni13: doesn't show hand
*** SUMMARY ***
Total pot $12 | Rake $0.24
Board [Qs 8d 9h Jc]
Seat 4: Actionni13 (big blind) collected ($11.76)
Seat 5: japachess (button) (small blind) folded on the Turn


PokerStars Hand #167970485500:  Hold'em Limit ($3/$6 USD) - 2017/03/22 18:40:34 ET
Table 'Fragaria' 6-max Seat #5 is the button
Seat 4: Actionni13 ($176.07 in chips)
Seat 5: japachess ($84.81 in chips)
japachess: posts small blind $1
Actionni13: posts big blind $3
*** HOLE CARDS ***
japachess: raises $3 to $6
Actionni13: folds
Uncalled bet ($3) returned to japachess
japachess collected $6 from pot
japachess: doesn't show hand
*** SUMMARY ***
Total pot $6 | Rake $0
Seat 4: Actionni13 (big blind) folded before Flop
Seat 5: japachess (button) (small blind) collected ($6)


PokerStars Hand #167970490268:  Hold'em Limit ($3/$6 USD) - 2017/03/22 18:40:40 ET
Table 'Fragaria' 6-max Seat #4 is the button
Seat 4: Actionni13 ($173.07 in chips)
Seat 5: japachess ($87.81 in chips)
Actionni13: posts small blind $1
japachess: posts big blind $3
*** HOLE CARDS ***
Actionni13: raises $3 to $6
japachess: raises $3 to $9
Actionni13: calls $3
*** FLOP *** [As 4s 3c]
japachess: bets $3
Actionni13: folds
Uncalled bet ($3) returned to japachess
japachess collected $17.64 from pot
japachess: doesn't show hand
*** SUMMARY ***
Total pot $18 | Rake $0.36
Board [As 4s 3c]
Seat 4: Actionni13 (button) (small blind) folded on the Flop
Seat 5: japachess (big blind) collected ($17.64)


PokerStars Hand #167970527952:  Hold'em Limit ($3/$6 USD) - 2017/03/22 18:41:29 ET
Table 'Fragaria' 6-max Seat #5 is the button
Seat 4: Actionni13 ($189.57 in chips)
Seat 5: japachess ($70.45 in chips)
japachess: posts small blind $1
Actionni13: posts big blind $3
*** HOLE CARDS ***
japachess: folds
Uncalled bet ($2) returned to Actionni13
Actionni13 collected $2 from pot
Actionni13: doesn't show hand
*** SUMMARY ***
Total pot $2 | Rake $0
Seat 4: Actionni13 (big blind) collected ($2)
Seat 5: japachess (button) (small blind) folded before Flop


PokerStars Hand #167970523656:  Hold'em Limit ($3/$6 USD) - 2017/03/22 18:41:23 ET
Table 'Fragaria' 6-max Seat #4 is the button
Seat 4: Actionni13 ($190.57 in chips)
Seat 5: japachess ($69.45 in chips)
Actionni13: posts small blind $1
japachess: posts big blind $3
*** HOLE CARDS ***
Actionni13: folds
Uncalled bet ($2) returned to japachess
japachess collected $2 from pot
japachess: doesn't show hand
*** SUMMARY ***
Total pot $2 | Rake $0
Seat 4: Actionni13 (button) (small blind) folded before Flop
Seat 5: japachess (big blind) collected ($2)


PokerStars Hand #167970519794:  Hold'em Limit ($3/$6 USD) - 2017/03/22 18:41:18 ET
Table 'Fragaria' 6-max Seat #5 is the button
Seat 4: Actionni13 ($189.57 in chips)
Seat 5: japachess ($70.45 in chips)
japachess: posts small blind $1
Actionni13: posts big blind $3
*** HOLE CARDS ***
japachess: folds
Uncalled bet ($2) returned to Actionni13
Actionni13 collected $2 from pot
Actionni13: doesn't show hand
*** SUMMARY ***
Total pot $2 | Rake $0
Seat 4: Actionni13 (big blind) collected ($2)
Seat 5: japachess (button) (small blind) folded before Flop


PokerStars Hand #167970516243:  Hold'em Limit ($3/$6 USD) - 2017/03/22 18:41:14 ET
Table 'Fragaria' 6-max Seat #4 is the button
Seat 4: Actionni13 ($190.57 in chips)
Seat 5: japachess ($69.45 in chips)
Actionni13: posts small blind $1
japachess: posts big blind $3
*** HOLE CARDS ***
Actionni13: folds
Uncalled bet ($2) returned to japachess
japachess collected $2 from pot
japachess: doesn't show hand
*** SUMMARY ***
Total pot $2 | Rake $0
Seat 4: Actionni13 (button) (small blind) folded before Flop
Seat 5: japachess (big blind) collected ($2)


PokerStars Hand #167970500960:  Hold'em Limit ($3/$6 USD) - 2017/03/22 18:40:54 ET
Table 'Fragaria' 6-max Seat #5 is the button
Seat 4: Actionni13 ($164.07 in chips)
Seat 5: japachess ($96.45 in chips)
japachess: posts small blind $1
Actionni13: posts big blind $3
*** HOLE CARDS ***
japachess: raises $3 to $6
Actionni13: calls $3
*** FLOP *** [As 7d 3c]
Actionni13: checks
japachess: bets $3
Actionni13: calls $3
*** TURN *** [As 7d 3c] [Ac]
Actionni13: checks
japachess: bets $6
Actionni13: raises $6 to $12
japachess: calls $6
*** RIVER *** [As 7d 3c Ac] [3s]
Actionni13: bets $6
japachess: calls $6
*** SHOW DOWN ***
Actionni13: shows [Ah 4d] (a full house, Aces full of Threes)
japachess: mucks hand
Actionni13 collected $53.50 from pot
*** SUMMARY ***
Total pot $54 | Rake $0.50
Board [As 7d 3c Ac 3s]
Seat 4: Actionni13 (big blind) showed [Ah 4d] and won ($53.50) with a full house, Aces full of Threes
Seat 5: japachess (button) (small blind) mucked


PokerStars Hand #167970531296:  Hold'em Limit ($3/$6 USD) - 2017/03/22 18:41:33 ET
Table 'Fragaria' 6-max Seat #4 is the button
Seat 4: Actionni13 ($190.57 in chips)
Seat 5: japachess ($69.45 in chips)
Actionni13: posts small blind $1
japachess: posts big blind $3
*** HOLE CARDS ***
Actionni13: raises $3 to $6
japachess: calls $3
*** FLOP *** [7s 9h 9c]
japachess: checks
Actionni13: checks
*** TURN *** [7s 9h 9c] [6h]
japachess: bets $6
Actionni13: folds
Uncalled bet ($6) returned to japachess
japachess collected $11.76 from pot
japachess: doesn't show hand
*** SUMMARY ***
Total pot $12 | Rake $0.24
Board [7s 9h 9c 6h]
Seat 4: Actionni13 (button) (small blind) folded on the Turn
Seat 5: japachess (big blind) collected ($11.76)


PokerStars Hand #167970540091:  Hold'em Limit ($3/$6 USD) - 2017/03/22 18:41:44 ET
Table 'Fragaria' 6-max Seat #5 is the button
Seat 4: Actionni13 ($184.57 in chips)
Seat 5: japachess ($75.21 in chips)
japachess: posts small blind $1
Actionni13: posts big blind $3
*** HOLE CARDS ***
japachess: raises $3 to $6
Actionni13: calls $3
*** FLOP *** [9s 9h 7d]
Actionni13: checks
japachess: bets $3
Actionni13: calls $3
*** TURN *** [9s 9h 7d] [2h]
Actionni13: checks
japachess: checks
*** RIVER *** [9s 9h 7d 2h] [3s]
Actionni13: checks
japachess: checks
*** SHOW DOWN ***
Actionni13: shows [Kc 6c] (a pair of Nines)
japachess: mucks hand
Actionni13 collected $17.64 from pot
*** SUMMARY ***
Total pot $18 | Rake $0.36
Board [9s 9h 7d 2h 3s]
Seat 4: Actionni13 (big blind) showed [Kc 6c] and won ($17.64) with a pair of Nines
Seat 5: japachess (button) (small blind) mucked


PokerStars Hand #167970574178:  Hold'em Limit ($3/$6 USD) - 2017/03/22 18:42:28 ET
Table 'Fragaria' 6-max Seat #5 is the button
Seat 4: Actionni13 ($188.21 in chips)
Seat 5: japachess ($70.85 in chips)
japachess: posts small blind $1
Actionni13: posts big blind $3
*** HOLE CARDS ***
japachess: raises $3 to $6
Actionni13: raises $3 to $9
japachess: calls $3
*** FLOP *** [4c 8h 8d]
Actionni13: bets $3
japachess: calls $3
*** TURN *** [4c 8h 8d] [3c]
Actionni13: bets $6
japachess: folds
Uncalled bet ($6) returned to Actionni13
Actionni13 collected $23.52 from pot
Actionni13: doesn't show hand
*** SUMMARY ***
Total pot $24 | Rake $0.48
Board [4c 8h 8d 3c]
Seat 4: Actionni13 (big blind) collected ($23.52)
Seat 5: japachess (button) (small blind) folded on the Turn


PokerStars Hand #167970564161:  Hold'em Limit ($3/$6 USD) - 2017/03/22 18:42:15 ET
Table 'Fragaria' 6-max Seat #4 is the button
Seat 4: Actionni13 ($197.21 in chips)
Seat 5: japachess ($62.21 in chips)
Actionni13: posts small blind $1
japachess: posts big blind $3
*** HOLE CARDS ***
Actionni13: raises $3 to $6
japachess: raises $3 to $9
Actionni13: calls $3
*** FLOP *** [Kd 2c Kh]
japachess: bets $3
Actionni13: folds
Uncalled bet ($3) returned to japachess
japachess collected $17.64 from pot
japachess: doesn't show hand
*** SUMMARY ***
Total pot $18 | Rake $0.36
Board [Kd 2c Kh]
Seat 4: Actionni13 (button) (small blind) folded on the Flop
Seat 5: japachess (big blind) collected ($17.64)


PokerStars Hand #167970560454:  Hold'em Limit ($3/$6 USD) - 2017/03/22 18:42:11 ET
Table 'Fragaria' 6-max Seat #5 is the button
Seat 4: Actionni13 ($196.21 in chips)
Seat 5: japachess ($63.21 in chips)
japachess: posts small blind $1
Actionni13: posts big blind $3
*** HOLE CARDS ***
japachess: folds
Uncalled bet ($2) returned to Actionni13
Actionni13 collected $2 from pot
Actionni13: doesn't show hand
*** SUMMARY ***
Total pot $2 | Rake $0
Seat 4: Actionni13 (big blind) collected ($2)
Seat 5: japachess (button) (small blind) folded before Flop


PokerStars Hand #167970556479:  Hold'em Limit ($3/$6 USD) - 2017/03/22 18:42:05 ET
Table 'Fragaria' 6-max Seat #4 is the button
Seat 4: Actionni13 ($193.21 in chips)
Seat 5: japachess ($66.21 in chips)
Actionni13: posts small blind $1
japachess: posts big blind $3
*** HOLE CARDS ***
Actionni13: raises $3 to $6
japachess: folds
Uncalled bet ($3) returned to Actionni13
Actionni13 collected $6 from pot
Actionni13: doesn't show hand
*** SUMMARY ***
Total pot $6 | Rake $0
Seat 4: Actionni13 (button) (small blind) collected ($6)
Seat 5: japachess (big blind) folded before Flop


PokerStars Hand #167970627721:  Hold'em Limit ($3/$6 USD) - 2017/03/22 18:43:38 ET
Table 'Fragaria' 6-max Seat #4 is the button
Seat 4: Actionni13 ($249.73 in chips)
Seat 5: japachess ($7.85 in chips)
Actionni13: posts small blind $1
japachess: posts big blind $3
*** HOLE CARDS ***
Actionni13: raises $3 to $6
japachess: raises $1.85 to $7.85 and is all-in
Actionni13: calls $1.85
*** FLOP *** [9h 4s 6s]
*** TURN *** [9h 4s 6s] [6c]
*** RIVER *** [9h 4s 6s 6c] [Qh]
*** SHOW DOWN ***
japachess: shows [Qd 6d] (a full house, Sixes full of Queens)
Actionni13: shows [Kc Td] (a pair of Sixes)
japachess collected $15.39 from pot
*** SUMMARY ***
Total pot $15.70 | Rake $0.31
Board [9h 4s 6s 6c Qh]
Seat 4: Actionni13 (button) (small blind) showed [Kc Td] and lost with a pair of Sixes
Seat 5: japachess (big blind) showed [Qd 6d] and won ($15.39) with a full house, Sixes full of Queens


PokerStars Hand #167970584237:  Hold'em Limit ($3/$6 USD) - 2017/03/22 18:42:41 ET
Table 'Fragaria' 6-max Seat #4 is the button
Seat 4: Actionni13 ($199.73 in chips)
Seat 5: japachess ($58.85 in chips)
Actionni13: posts small blind $1
japachess: posts big blind $3
*** HOLE CARDS ***
Actionni13: raises $3 to $6
japachess: raises $3 to $9
Actionni13: calls $3
*** FLOP *** [Ad 2c Tc]
japachess: bets $3
Actionni13: calls $3
*** TURN *** [Ad 2c Tc] [9h]
japachess: bets $6
Actionni13: calls $6
*** RIVER *** [Ad 2c Tc 9h] [Qs]
japachess: bets $6
Actionni13: calls $6
*** SHOW DOWN ***
japachess: shows [7d Td] (a pair of Tens)
Actionni13: shows [Ac 3c] (a pair of Aces)
Actionni13 collected $47.50 from pot
*** SUMMARY ***
Total pot $48 | Rake $0.50
Board [Ad 2c Tc 9h Qs]
Seat 4: Actionni13 (button) (small blind) showed [Ac 3c] and won ($47.50) with a pair of Aces
Seat 5: japachess (big blind) showed [7d Td] and lost with a pair of Tens


PokerStars Hand #167970622269:  Hold'em Limit ($3/$6 USD) - 2017/03/22 18:43:30 ET
Table 'Fragaria' 6-max Seat #5 is the button
Seat 4: Actionni13 ($243.73 in chips)
Seat 5: japachess ($13.85 in chips)
japachess: posts small blind $1
Actionni13: posts big blind $3
*** HOLE CARDS ***
japachess: raises $3 to $6
Actionni13: raises $3 to $9
japachess: folds
Uncalled bet ($3) returned to Actionni13
Actionni13 collected $12 from pot
Actionni13: doesn't show hand
*** SUMMARY ***
Total pot $12 | Rake $0
Seat 4: Actionni13 (big blind) collected ($12)
Seat 5: japachess (button) (small blind) folded before Flop


PokerStars Hand #167970605202:  Hold'em Limit ($3/$6 USD) - 2017/03/22 18:43:08 ET
Table 'Fragaria' 6-max Seat #4 is the button
Seat 4: Actionni13 ($220.23 in chips)
Seat 5: japachess ($37.85 in chips)
Actionni13: posts small blind $1
japachess: posts big blind $3
*** HOLE CARDS ***
Actionni13: raises $3 to $6
japachess: raises $3 to $9
Actionni13: calls $3
*** FLOP *** [Kd Tc 4c]
japachess: bets $3
Actionni13: calls $3
*** TURN *** [Kd Tc 4c] [5s]
japachess: checks
Actionni13: bets $6
japachess: calls $6
*** RIVER *** [Kd Tc 4c 5s] [3c]
japachess: checks
Actionni13: bets $6
japachess: calls $6
*** SHOW DOWN ***
Actionni13: shows [Kc 4d] (two pair, Kings and Fours)
japachess: mucks hand
Actionni13 collected $47.50 from pot
*** SUMMARY ***
Total pot $48 | Rake $0.50
Board [Kd Tc 4c 5s 3c]
Seat 4: Actionni13 (button) (small blind) showed [Kc 4d] and won ($47.50) with two pair, Kings and Fours
Seat 5: japachess (big blind) mucked


PokerStars Hand #167970598650:  Hold'em Limit ($3/$6 USD) - 2017/03/22 18:43:00 ET
Table 'Fragaria' 6-max Seat #5 is the button
Seat 4: Actionni13 ($223.23 in chips)
Seat 5: japachess ($34.85 in chips)
japachess: posts small blind $1
Actionni13: posts big blind $3
*** HOLE CARDS ***
japachess: raises $3 to $6
Actionni13: folds
Uncalled bet ($3) returned to japachess
japachess collected $6 from pot
japachess: doesn't show hand
*** SUMMARY ***
Total pot $6 | Rake $0
Seat 4: Actionni13 (big blind) folded before Flop
Seat 5: japachess (button) (small blind) collected ($6)


PokerStars Hand #167970650454:  Hold'em Limit ($3/$6 USD) - 2017/03/22 18:44:07 ET
Table 'Fragaria' 6-max Seat #4 is the button
Seat 4: Actionni13 ($250.52 in chips)
Seat 5: japachess ($6.39 in chips)
Actionni13: posts small blind $1
japachess: posts big blind $3
*** HOLE CARDS ***
Actionni13: raises $3 to $6
japachess: raises $0.39 to $6.39 and is all-in
Actionni13: calls $0.39
*** FLOP *** [Js 7h Jh]
*** TURN *** [Js 7h Jh] [Kd]
*** RIVER *** [Js 7h Jh Kd] [Th]
*** SHOW DOWN ***
japachess: shows [Ad 8h] (a pair of Jacks)
Actionni13: shows [Jc As] (three of a kind, Jacks)
Actionni13 collected $12.52 from pot
*** SUMMARY ***
Total pot $12.78 | Rake $0.26
Board [Js 7h Jh Kd Th]
Seat 4: Actionni13 (button) (small blind) showed [Jc As] and won ($12.52) with three of a kind, Jacks
Seat 5: japachess (big blind) showed [Ad 8h] and lost with a pair of Jacks


PokerStars Hand #167970637049:  Hold'em Limit ($3/$6 USD) - 2017/03/22 18:43:50 ET
Table 'Fragaria' 6-max Seat #5 is the button
Seat 4: Actionni13 ($241.88 in chips)
Seat 5: japachess ($15.39 in chips)
japachess: posts small blind $1
Actionni13: posts big blind $3
*** HOLE CARDS ***
japachess: raises $3 to $6
Actionni13: calls $3
*** FLOP *** [6d Ah 7s]
Actionni13: checks
japachess: bets $3
Actionni13: calls $3
*** TURN *** [6d Ah 7s] [Tc]
Actionni13: checks
japachess: checks
*** RIVER *** [6d Ah 7s Tc] [Ad]
Actionni13: checks
japachess: checks
*** SHOW DOWN ***
Actionni13: shows [Kd 4s] (a pair of Aces)
japachess: mucks hand
Actionni13 collected $17.64 from pot
*** SUMMARY ***
Total pot $18 | Rake $0.36
Board [6d Ah 7s Tc Ad]
Seat 4: Actionni13 (big blind) showed [Kd 4s] and won ($17.64) with a pair of Aces
Seat 5: japachess (button) (small blind) mucked


