PokerStars Hand #151801860940:  Hold'em Limit ($3/$6 USD) - 2016/04/12 5:51:57 ET
Table 'Franzia' 6-max Seat #1 is the button
Seat 1: NAZKAR62 ($100.55 in chips)
Seat 4: MTails ($120 in chips)
NAZKAR62: posts small blind $1
MTails: posts big blind $3
*** HOLE CARDS ***
NAZKAR62: raises $3 to $6
MTails: calls $3
*** FLOP *** [3d Kd Js]
MTails: checks
NAZKAR62: bets $3
MTails: calls $3
*** TURN *** [3d Kd Js] [2h]
BIZE Terence joins the table at seat #6
MTails: checks
GoliafUa joins the table at seat #2
NAZKAR62: bets $6
MTails: calls $6
*** RIVER *** [3d Kd Js 2h] [Qh]
MTails: checks
NAZKAR62: bets $6
MTails: calls $6
*** SHOW DOWN ***
NAZKAR62: shows [Qd Jc] (two pair, Queens and Jacks)
MTails: mucks hand
NAZKAR62 collected $41.50 from pot
*** SUMMARY ***
Total pot $42 | Rake $0.50
Board [3d Kd Js 2h Qh]
Seat 1: NAZKAR62 (button) (small blind) showed [Qd Jc] and won ($41.50) with two pair, Queens and Jacks
Seat 4: MTails (big blind) mucked


PokerStars Hand #151804670526:  Hold'em Limit ($3/$6 USD) - 2016/04/12 7:36:56 ET
Table 'Franzia' 6-max Seat #6 is the button
Seat 5: trol12 ($147.56 in chips)
Seat 6: B_loJkl ($161.36 in chips)
B_loJkl: posts small blind $1
trol12: posts big blind $3
*** HOLE CARDS ***
B_loJkl: raises $3 to $6
trol12: calls $3
*** FLOP *** [Qh Td Ad]
Zeeon leaves the table
trol12: checks
B_loJkl: bets $3
trol12: folds
Uncalled bet ($3) returned to B_loJkl
B_loJkl collected $11.76 from pot
B_loJkl: doesn't show hand
*** SUMMARY ***
Total pot $12 | Rake $0.24
Board [Qh Td Ad]
Seat 5: trol12 (big blind) folded on the Flop
Seat 6: B_loJkl (button) (small blind) collected ($11.76)


PokerStars Hand #151804678511:  Hold'em Limit ($3/$6 USD) - 2016/04/12 7:37:12 ET
Table 'Franzia' 6-max Seat #6 is the button
Seat 5: trol12 ($140.56 in chips)
Seat 6: B_loJkl ($168.12 in chips)
B_loJkl: posts small blind $1
trol12: posts big blind $3
*** HOLE CARDS ***
B_loJkl: raises $3 to $6
trol12: calls $3
*** FLOP *** [3s 7c 6h]
trol12: bets $3
B_loJkl: calls $3
*** TURN *** [3s 7c 6h] [9s]
trol12: bets $6
B_loJkl: raises $6 to $12
trol12: calls $6
*** RIVER *** [3s 7c 6h 9s] [7s]
trol12: bets $6
B_loJkl: calls $6
*** SHOW DOWN ***
trol12: shows [7h Qd] (three of a kind, Sevens)
B_loJkl: mucks hand
trol12 collected $53.50 from pot
*** SUMMARY ***
Total pot $54 | Rake $0.50
Board [3s 7c 6h 9s 7s]
Seat 5: trol12 (big blind) showed [7h Qd] and won ($53.50) with three of a kind, Sevens
Seat 6: B_loJkl (button) (small blind) mucked


PokerStars Hand #151804702614:  Hold'em Limit ($3/$6 USD) - 2016/04/12 7:38:01 ET
Table 'Franzia' 6-max Seat #5 is the button
Seat 5: trol12 ($167.06 in chips)
Seat 6: B_loJkl ($141.12 in chips)
trol12: posts small blind $1
B_loJkl: posts big blind $3
*** HOLE CARDS ***
trol12: raises $3 to $6
B_loJkl: calls $3
*** FLOP *** [Qs 2s 8s]
B_loJkl: checks
trol12: bets $3
B_loJkl: calls $3
*** TURN *** [Qs 2s 8s] [7c]
B_loJkl: checks
trol12: bets $6
B_loJkl: raises $6 to $12
trol12: calls $6
*** RIVER *** [Qs 2s 8s 7c] [Kh]
B_loJkl: bets $6
trol12: calls $6
*** SHOW DOWN ***
B_loJkl: shows [8d 7s] (two pair, Eights and Sevens)
trol12: mucks hand
B_loJkl collected $53.50 from pot
*** SUMMARY ***
Total pot $54 | Rake $0.50
Board [Qs 2s 8s 7c Kh]
Seat 5: trol12 (button) (small blind) mucked
Seat 6: B_loJkl (big blind) showed [8d 7s] and won ($53.50) with two pair, Eights and Sevens


PokerStars Hand #151804729929:  Hold'em Limit ($3/$6 USD) - 2016/04/12 7:38:56 ET
Table 'Franzia' 6-max Seat #6 is the button
Seat 5: trol12 ($140.06 in chips)
Seat 6: B_loJkl ($167.62 in chips)
B_loJkl: posts small blind $1
trol12: posts big blind $3
*** HOLE CARDS ***
B_loJkl: folds
Uncalled bet ($2) returned to trol12
trol12 collected $2 from pot
trol12: doesn't show hand
*** SUMMARY ***
Total pot $2 | Rake $0
Seat 5: trol12 (big blind) collected ($2)
Seat 6: B_loJkl (button) (small blind) folded before Flop


PokerStars Hand #151804740502:  Hold'em Limit ($3/$6 USD) - 2016/04/12 7:39:17 ET
Table 'Franzia' 6-max Seat #5 is the button
Seat 5: trol12 ($141.06 in chips)
Seat 6: B_loJkl ($166.62 in chips)
trol12: posts small blind $1
B_loJkl: posts big blind $3
*** HOLE CARDS ***
trol12: raises $3 to $6
B_loJkl: calls $3
*** FLOP *** [Qh Ac 2h]
B_loJkl: checks
trol12: bets $3
B_loJkl: calls $3
*** TURN *** [Qh Ac 2h] [9h]
B_loJkl: checks
trol12: checks
*** RIVER *** [Qh Ac 2h 9h] [8d]
B_loJkl: checks
trol12: checks
*** SHOW DOWN ***
B_loJkl: shows [Kc 4d] (high card Ace)
trol12: shows [Jc 8c] (a pair of Eights)
trol12 collected $17.64 from pot
*** SUMMARY ***
Total pot $18 | Rake $0.36
Board [Qh Ac 2h 9h 8d]
Seat 5: trol12 (button) (small blind) showed [Jc 8c] and won ($17.64) with a pair of Eights
Seat 6: B_loJkl (big blind) showed [Kc 4d] and lost with high card Ace


PokerStars Hand #151804760624:  Hold'em Limit ($3/$6 USD) - 2016/04/12 7:39:57 ET
Table 'Franzia' 6-max Seat #5 is the button
Seat 5: trol12 ($146.70 in chips)
Seat 6: B_loJkl ($160.62 in chips)
trol12: posts small blind $1
B_loJkl: posts big blind $3
*** HOLE CARDS ***
trol12: calls $2
B_loJkl: checks
*** FLOP *** [7h As 5c]
B_loJkl: checks
trol12: checks
*** TURN *** [7h As 5c] [4h]
B_loJkl: checks
trol12: bets $6
B_loJkl: calls $6
*** RIVER *** [7h As 5c 4h] [Jc]
B_loJkl: checks
trol12: checks
*** SHOW DOWN ***
B_loJkl: shows [2h 8d] (high card Ace)
trol12: shows [6d Qh] (high card Ace - Queen kicker)
trol12 collected $17.64 from pot
*** SUMMARY ***
Total pot $18 | Rake $0.36
Board [7h As 5c 4h Jc]
Seat 5: trol12 (button) (small blind) showed [6d Qh] and won ($17.64) with high card Ace
Seat 6: B_loJkl (big blind) showed [2h 8d] and lost with high card Ace


PokerStars Hand #151804753103:  Hold'em Limit ($3/$6 USD) - 2016/04/12 7:39:42 ET
Table 'Franzia' 6-max Seat #6 is the button
Seat 5: trol12 ($149.70 in chips)
Seat 6: B_loJkl ($157.62 in chips)
B_loJkl: posts small blind $1
trol12: posts big blind $3
*** HOLE CARDS ***
B_loJkl: raises $3 to $6
trol12: folds
Uncalled bet ($3) returned to B_loJkl
B_loJkl collected $6 from pot
B_loJkl: doesn't show hand
*** SUMMARY ***
Total pot $6 | Rake $0
Seat 5: trol12 (big blind) folded before Flop
Seat 6: B_loJkl (button) (small blind) collected ($6)


PokerStars Hand #151804777504:  Hold'em Limit ($3/$6 USD) - 2016/04/12 7:40:31 ET
Table 'Franzia' 6-max Seat #6 is the button
Seat 5: trol12 ($155.34 in chips)
Seat 6: B_loJkl ($151.62 in chips)
B_loJkl: posts small blind $1
trol12: posts big blind $3
*** HOLE CARDS ***
B_loJkl: raises $3 to $6
trol12: calls $3
*** FLOP *** [3h Ad 5c]
trol12: bets $3
B_loJkl: calls $3
*** TURN *** [3h Ad 5c] [As]
trol12: bets $6
B_loJkl: raises $6 to $12
trol12: calls $6
*** RIVER *** [3h Ad 5c As] [5d]
trol12: checks
B_loJkl: bets $6
trol12: folds
Uncalled bet ($6) returned to B_loJkl
B_loJkl collected $41.50 from pot
B_loJkl: doesn't show hand
*** SUMMARY ***
Total pot $42 | Rake $0.50
Board [3h Ad 5c As 5d]
Seat 5: trol12 (big blind) folded on the River
Seat 6: B_loJkl (button) (small blind) collected ($41.50)


PokerStars Hand #151804800295:  Hold'em Limit ($3/$6 USD) - 2016/04/12 7:41:17 ET
Table 'Franzia' 6-max Seat #5 is the button
Seat 5: trol12 ($127.34 in chips)
Seat 6: B_loJkl ($178.88 in chips)
trol12: posts small blind $1
B_loJkl: posts big blind $3
*** HOLE CARDS ***
trol12: raises $3 to $6
B_loJkl: calls $3
*** FLOP *** [6d 5c Jd]
B_loJkl: checks
trol12: bets $3
B_loJkl: folds
Uncalled bet ($3) returned to trol12
trol12 collected $11.76 from pot
trol12: doesn't show hand
*** SUMMARY ***
Total pot $12 | Rake $0.24
Board [6d 5c Jd]
Seat 5: trol12 (button) (small blind) collected ($11.76)
Seat 6: B_loJkl (big blind) folded on the Flop


PokerStars Hand #151804789668:  Hold'em Limit ($3/$6 USD) - 2016/04/12 7:40:55 ET
Table 'Franzia' 6-max Seat #5 is the button
Seat 5: trol12 ($134.34 in chips)
Seat 6: B_loJkl ($172.12 in chips)
trol12: posts small blind $1
B_loJkl: posts big blind $3
*** HOLE CARDS ***
trol12: folds
Uncalled bet ($2) returned to B_loJkl
B_loJkl collected $2 from pot
B_loJkl: doesn't show hand
*** SUMMARY ***
Total pot $2 | Rake $0
Seat 5: trol12 (button) (small blind) folded before Flop
Seat 6: B_loJkl (big blind) collected ($2)


PokerStars Hand #151804792593:  Hold'em Limit ($3/$6 USD) - 2016/04/12 7:41:01 ET
Table 'Franzia' 6-max Seat #6 is the button
Seat 5: trol12 ($133.34 in chips)
Seat 6: B_loJkl ($173.12 in chips)
B_loJkl: posts small blind $1
trol12: posts big blind $3
*** HOLE CARDS ***
B_loJkl: raises $3 to $6
trol12: calls $3
*** FLOP *** [2d 4d 6c]
trol12: checks
B_loJkl: bets $3
trol12: folds
Uncalled bet ($3) returned to B_loJkl
B_loJkl collected $11.76 from pot
B_loJkl: doesn't show hand
*** SUMMARY ***
Total pot $12 | Rake $0.24
Board [2d 4d 6c]
Seat 5: trol12 (big blind) folded on the Flop
Seat 6: B_loJkl (button) (small blind) collected ($11.76)


PokerStars Hand #151804808592:  Hold'em Limit ($3/$6 USD) - 2016/04/12 7:41:33 ET
Table 'Franzia' 6-max Seat #6 is the button
Seat 5: trol12 ($133.10 in chips)
Seat 6: B_loJkl ($172.88 in chips)
B_loJkl: posts small blind $1
trol12: posts big blind $3
*** HOLE CARDS ***
B_loJkl: raises $3 to $6
trol12: raises $3 to $9
B_loJkl: calls $3
*** FLOP *** [Js Ad 9s]
trol12: bets $3
B_loJkl: calls $3
*** TURN *** [Js Ad 9s] [9d]
trol12: bets $6
B_loJkl: calls $6
*** RIVER *** [Js Ad 9s 9d] [Qs]
trol12: bets $6
B_loJkl: calls $6
*** SHOW DOWN ***
trol12: shows [Tc Qh] (two pair, Queens and Nines)
B_loJkl: mucks hand
trol12 collected $47.50 from pot
*** SUMMARY ***
Total pot $48 | Rake $0.50
Board [Js Ad 9s 9d Qs]
Seat 5: trol12 (big blind) showed [Tc Qh] and won ($47.50) with two pair, Queens and Nines
Seat 6: B_loJkl (button) (small blind) mucked


PokerStars Hand #151804827725:  Hold'em Limit ($3/$6 USD) - 2016/04/12 7:42:11 ET
Table 'Franzia' 6-max Seat #5 is the button
Seat 5: trol12 ($156.60 in chips)
Seat 6: B_loJkl ($148.88 in chips)
trol12: posts small blind $1
B_loJkl: posts big blind $3
*** HOLE CARDS ***
trol12: raises $3 to $6
B_loJkl: calls $3
*** FLOP *** [2c 6c 7h]
B_loJkl: checks
trol12: bets $3
B_loJkl: calls $3
*** TURN *** [2c 6c 7h] [7c]
B_loJkl: checks
trol12: bets $6
B_loJkl: calls $6
*** RIVER *** [2c 6c 7h 7c] [9c]
B_loJkl: checks
trol12: bets $6
B_loJkl: calls $6
*** SHOW DOWN ***
trol12: shows [Qc 6h] (a flush, Queen high)
B_loJkl: mucks hand
trol12 collected $41.50 from pot
*** SUMMARY ***
Total pot $42 | Rake $0.50
Board [2c 6c 7h 7c 9c]
Seat 5: trol12 (button) (small blind) showed [Qc 6h] and won ($41.50) with a flush, Queen high
Seat 6: B_loJkl (big blind) mucked


PokerStars Hand #151804861590:  Hold'em Limit ($3/$6 USD) - 2016/04/12 7:43:18 ET
Table 'Franzia' 6-max Seat #6 is the button
Seat 5: trol12 ($167.10 in chips)
Seat 6: B_loJkl ($137.52 in chips)
B_loJkl: posts small blind $1
trol12: posts big blind $3
*** HOLE CARDS ***
B_loJkl: raises $3 to $6
trol12: folds
Uncalled bet ($3) returned to B_loJkl
B_loJkl collected $6 from pot
B_loJkl: doesn't show hand
*** SUMMARY ***
Total pot $6 | Rake $0
Seat 5: trol12 (big blind) folded before Flop
Seat 6: B_loJkl (button) (small blind) collected ($6)


PokerStars Hand #151804858969:  Hold'em Limit ($3/$6 USD) - 2016/04/12 7:43:13 ET
Table 'Franzia' 6-max Seat #5 is the button
Seat 5: trol12 ($168.10 in chips)
Seat 6: B_loJkl ($136.52 in chips)
trol12: posts small blind $1
B_loJkl: posts big blind $3
*** HOLE CARDS ***
trol12: folds
Uncalled bet ($2) returned to B_loJkl
B_loJkl collected $2 from pot
B_loJkl: doesn't show hand
*** SUMMARY ***
Total pot $2 | Rake $0
Seat 5: trol12 (button) (small blind) folded before Flop
Seat 6: B_loJkl (big blind) collected ($2)


PokerStars Hand #151804846661:  Hold'em Limit ($3/$6 USD) - 2016/04/12 7:42:49 ET
Table 'Franzia' 6-max Seat #6 is the button
Seat 5: trol12 ($177.10 in chips)
Seat 6: B_loJkl ($127.88 in chips)
B_loJkl: posts small blind $1
trol12: posts big blind $3
*** HOLE CARDS ***
B_loJkl: raises $3 to $6
trol12: calls $3
*** FLOP *** [Kd Ad 3c]
trol12: checks
B_loJkl: bets $3
trol12: calls $3
*** TURN *** [Kd Ad 3c] [Kh]
trol12: checks
B_loJkl: checks
*** RIVER *** [Kd Ad 3c Kh] [Kc]
trol12: checks
B_loJkl: bets $6
trol12: folds
Uncalled bet ($6) returned to B_loJkl
B_loJkl collected $17.64 from pot
B_loJkl: doesn't show hand
*** SUMMARY ***
Total pot $18 | Rake $0.36
Board [Kd Ad 3c Kh Kc]
Seat 5: trol12 (big blind) folded on the River
Seat 6: B_loJkl (button) (small blind) collected ($17.64)


PokerStars Hand #151804865163:  Hold'em Limit ($3/$6 USD) - 2016/04/12 7:43:25 ET
Table 'Franzia' 6-max Seat #5 is the button
Seat 5: trol12 ($164.10 in chips)
Seat 6: B_loJkl ($140.52 in chips)
trol12: posts small blind $1
B_loJkl: posts big blind $3
*** HOLE CARDS ***
trol12: raises $3 to $6
B_loJkl: calls $3
*** FLOP *** [Ac 6c 5s]
B_loJkl: checks
trol12: bets $3
B_loJkl: calls $3
*** TURN *** [Ac 6c 5s] [8c]
B_loJkl: checks
trol12: bets $6
B_loJkl: raises $6 to $12
trol12: calls $6
*** RIVER *** [Ac 6c 5s 8c] [Th]
B_loJkl: bets $6
trol12: calls $6
*** SHOW DOWN ***
B_loJkl: shows [7c 9d] (a straight, Six to Ten)
trol12: mucks hand
B_loJkl collected $53.50 from pot
*** SUMMARY ***
Total pot $54 | Rake $0.50
Board [Ac 6c 5s 8c Th]
Seat 5: trol12 (button) (small blind) mucked
Seat 6: B_loJkl (big blind) showed [7c 9d] and won ($53.50) with a straight, Six to Ten


PokerStars Hand #151804880890:  Hold'em Limit ($3/$6 USD) - 2016/04/12 7:43:57 ET
Table 'Franzia' 6-max Seat #6 is the button
Seat 5: trol12 ($137.10 in chips)
Seat 6: B_loJkl ($167.02 in chips)
B_loJkl: posts small blind $1
trol12: posts big blind $3
*** HOLE CARDS ***
B_loJkl: raises $3 to $6
trol12: calls $3
*** FLOP *** [7h 2d Qh]
trol12: checks
B_loJkl: bets $3
trol12: folds
Uncalled bet ($3) returned to B_loJkl
B_loJkl collected $11.76 from pot
B_loJkl: doesn't show hand
*** SUMMARY ***
Total pot $12 | Rake $0.24
Board [7h 2d Qh]
Seat 5: trol12 (big blind) folded on the Flop
Seat 6: B_loJkl (button) (small blind) collected ($11.76)


PokerStars Hand #151804913973:  Hold'em Limit ($3/$6 USD) - 2016/04/12 7:45:04 ET
Table 'Franzia' 6-max Seat #5 is the button
Seat 5: trol12 ($130.86 in chips)
Seat 6: B_loJkl ($172.54 in chips)
trol12: posts small blind $1
B_loJkl: posts big blind $3
*** HOLE CARDS ***
trol12: calls $2
B_loJkl: raises $3 to $6
trol12: calls $3
*** FLOP *** [Qc 5h 3h]
B_loJkl: bets $3
trol12: folds
Uncalled bet ($3) returned to B_loJkl
B_loJkl collected $11.76 from pot
B_loJkl: doesn't show hand
*** SUMMARY ***
Total pot $12 | Rake $0.24
Board [Qc 5h 3h]
Seat 5: trol12 (button) (small blind) folded on the Flop
Seat 6: B_loJkl (big blind) collected ($11.76)


PokerStars Hand #151804894650:  Hold'em Limit ($3/$6 USD) - 2016/04/12 7:44:25 ET
Table 'Franzia' 6-max Seat #5 is the button
Seat 5: trol12 ($131.10 in chips)
Seat 6: B_loJkl ($172.78 in chips)
trol12: posts small blind $1
B_loJkl: posts big blind $3
*** HOLE CARDS ***
trol12: raises $3 to $6
B_loJkl: calls $3
*** FLOP *** [7s 9d Ac]
B_loJkl: checks
trol12: bets $3
B_loJkl: folds
Uncalled bet ($3) returned to trol12
trol12 collected $11.76 from pot
trol12: doesn't show hand
*** SUMMARY ***
Total pot $12 | Rake $0.24
Board [7s 9d Ac]
Seat 5: trol12 (button) (small blind) collected ($11.76)
Seat 6: B_loJkl (big blind) folded on the Flop


PokerStars Hand #151804903842:  Hold'em Limit ($3/$6 USD) - 2016/04/12 7:44:43 ET
Table 'Franzia' 6-max Seat #6 is the button
Seat 5: trol12 ($136.86 in chips)
Seat 6: B_loJkl ($166.78 in chips)
B_loJkl: posts small blind $1
trol12: posts big blind $3
*** HOLE CARDS ***
B_loJkl: raises $3 to $6
trol12: calls $3
*** FLOP *** [2h 3d Td]
trol12: checks
B_loJkl: checks
*** TURN *** [2h 3d Td] [Jh]
trol12: checks
B_loJkl: checks
*** RIVER *** [2h 3d Td Jh] [Qs]
trol12: checks
B_loJkl: checks
*** SHOW DOWN ***
trol12: shows [8c 7c] (high card Queen)
B_loJkl: shows [7h Kd] (high card King)
B_loJkl collected $11.76 from pot
*** SUMMARY ***
Total pot $12 | Rake $0.24
Board [2h 3d Td Jh Qs]
Seat 5: trol12 (big blind) showed [8c 7c] and lost with high card Queen
Seat 6: B_loJkl (button) (small blind) showed [7h Kd] and won ($11.76) with high card King


PokerStars Hand #151804931613:  Hold'em Limit ($3/$6 USD) - 2016/04/12 7:45:40 ET
Table 'Franzia' 6-max Seat #5 is the button
Seat 5: trol12 ($145.36 in chips)
Seat 6: B_loJkl ($157.30 in chips)
trol12: posts small blind $1
B_loJkl: posts big blind $3
*** HOLE CARDS ***
trol12: folds
Uncalled bet ($2) returned to B_loJkl
B_loJkl collected $2 from pot
B_loJkl: doesn't show hand
*** SUMMARY ***
Total pot $2 | Rake $0
Seat 5: trol12 (button) (small blind) folded before Flop
Seat 6: B_loJkl (big blind) collected ($2)


PokerStars Hand #151804934585:  Hold'em Limit ($3/$6 USD) - 2016/04/12 7:45:46 ET
Table 'Franzia' 6-max Seat #6 is the button
Seat 5: trol12 ($144.36 in chips)
Seat 6: B_loJkl ($158.30 in chips)
B_loJkl: posts small blind $1
trol12: posts big blind $3
*** HOLE CARDS ***
B_loJkl: raises $3 to $6
trol12: raises $3 to $9
B_loJkl: calls $3
*** FLOP *** [Ts 3s Qs]
trol12: bets $3
B_loJkl: calls $3
*** TURN *** [Ts 3s Qs] [4d]
trol12: bets $6
B_loJkl: calls $6
*** RIVER *** [Ts 3s Qs 4d] [8d]
trol12: bets $6
B_loJkl: calls $6
*** SHOW DOWN ***
trol12: shows [Qc 8c] (two pair, Queens and Eights)
B_loJkl: mucks hand
trol12 collected $47.50 from pot
*** SUMMARY ***
Total pot $48 | Rake $0.50
Board [Ts 3s Qs 4d 8d]
Seat 5: trol12 (big blind) showed [Qc 8c] and won ($47.50) with two pair, Queens and Eights
Seat 6: B_loJkl (button) (small blind) mucked


PokerStars Hand #151804953901:  Hold'em Limit ($3/$6 USD) - 2016/04/12 7:46:24 ET
Table 'Franzia' 6-max Seat #5 is the button
Seat 5: trol12 ($167.86 in chips)
Seat 6: B_loJkl ($134.30 in chips)
trol12: posts small blind $1
B_loJkl: posts big blind $3
*** HOLE CARDS ***
trol12: raises $3 to $6
B_loJkl: calls $3
*** FLOP *** [Kh Jh 5c]
B_loJkl: checks
trol12: bets $3
B_loJkl: calls $3
*** TURN *** [Kh Jh 5c] [Ac]
B_loJkl: checks
trol12: bets $6
B_loJkl: calls $6
*** RIVER *** [Kh Jh 5c Ac] [7s]
B_loJkl: checks
trol12: bets $6
B_loJkl: raises $6 to $12
trol12: calls $6
*** SHOW DOWN ***
B_loJkl: shows [Js 7c] (two pair, Jacks and Sevens)
trol12: mucks hand
B_loJkl collected $53.50 from pot
*** SUMMARY ***
Total pot $54 | Rake $0.50
Board [Kh Jh 5c Ac 7s]
Seat 5: trol12 (button) (small blind) mucked
Seat 6: B_loJkl (big blind) showed [Js 7c] and won ($53.50) with two pair, Jacks and Sevens


PokerStars Hand #151804975295:  Hold'em Limit ($3/$6 USD) - 2016/04/12 7:47:07 ET
Table 'Franzia' 6-max Seat #6 is the button
Seat 5: trol12 ($140.86 in chips)
Seat 6: B_loJkl ($160.80 in chips)
B_loJkl: posts small blind $1
trol12: posts big blind $3
*** HOLE CARDS ***
B_loJkl: raises $3 to $6
trol12: calls $3
*** FLOP *** [6c 3c Qh]
trol12: checks
B_loJkl: bets $3
trol12: raises $3 to $6
B_loJkl: calls $3
*** TURN *** [6c 3c Qh] [5h]
trol12: bets $6
B_loJkl: calls $6
*** RIVER *** [6c 3c Qh 5h] [8s]
trol12: bets $6
B_loJkl: raises $6 to $12
trol12: calls $6
*** SHOW DOWN ***
B_loJkl: shows [9c 7c] (a straight, Five to Nine)
trol12: mucks hand
B_loJkl collected $59.50 from pot
*** SUMMARY ***
Total pot $60 | Rake $0.50
Board [6c 3c Qh 5h 8s]
Seat 5: trol12 (big blind) mucked
Seat 6: B_loJkl (button) (small blind) showed [9c 7c] and won ($59.50) with a straight, Five to Nine


PokerStars Hand #151805011628:  Hold'em Limit ($3/$6 USD) - 2016/04/12 7:48:20 ET
Table 'Franzia' 6-max Seat #6 is the button
Seat 5: trol12 ($128.36 in chips)
Seat 6: B_loJkl ($172.30 in chips)
B_loJkl: posts small blind $1
trol12: posts big blind $3
*** HOLE CARDS ***
B_loJkl: raises $3 to $6
trol12: raises $3 to $9
B_loJkl: calls $3
*** FLOP *** [9h Th Ad]
trol12: bets $3
B_loJkl: folds
Uncalled bet ($3) returned to trol12
trol12 collected $17.64 from pot
trol12: doesn't show hand
*** SUMMARY ***
Total pot $18 | Rake $0.36
Board [9h Th Ad]
Seat 5: trol12 (big blind) collected ($17.64)
Seat 6: B_loJkl (button) (small blind) folded on the Flop


PokerStars Hand #151804989938:  Hold'em Limit ($3/$6 USD) - 2016/04/12 7:47:37 ET
Table 'Franzia' 6-max Seat #5 is the button
Seat 5: trol12 ($110.86 in chips)
Seat 6: B_loJkl ($190.30 in chips)
trol12: posts small blind $1
B_loJkl: posts big blind $3
*** HOLE CARDS ***
trol12: raises $3 to $6
B_loJkl: calls $3
*** FLOP *** [Ks 3d Kh]
B_loJkl: checks
trol12: bets $3
B_loJkl: raises $3 to $6
trol12: calls $3
*** TURN *** [Ks 3d Kh] [5h]
B_loJkl: bets $6
trol12: calls $6
*** RIVER *** [Ks 3d Kh 5h] [5c]
B_loJkl: checks
trol12: checks
*** SHOW DOWN ***
B_loJkl: shows [6s 3s] (two pair, Kings and Fives)
trol12: shows [Ah 3c] (two pair, Kings and Fives - Ace kicker)
trol12 collected $35.50 from pot
*** SUMMARY ***
Total pot $36 | Rake $0.50
Board [Ks 3d Kh 5h 5c]
Seat 5: trol12 (button) (small blind) showed [Ah 3c] and won ($35.50) with two pair, Kings and Fives
Seat 6: B_loJkl (big blind) showed [6s 3s] and lost with two pair, Kings and Fives


PokerStars Hand #151805031752:  Hold'em Limit ($3/$6 USD) - 2016/04/12 7:49:00 ET
Table 'Franzia' 6-max Seat #6 is the button
Seat 5: trol12 ($154.50 in chips)
Seat 6: B_loJkl ($145.30 in chips)
B_loJkl: posts small blind $1
trol12: posts big blind $3
*** HOLE CARDS ***
B_loJkl: raises $3 to $6
trol12: folds
Uncalled bet ($3) returned to B_loJkl
B_loJkl collected $6 from pot
B_loJkl: doesn't show hand
*** SUMMARY ***
Total pot $6 | Rake $0
Seat 5: trol12 (big blind) folded before Flop
Seat 6: B_loJkl (button) (small blind) collected ($6)


PokerStars Hand #151805021629:  Hold'em Limit ($3/$6 USD) - 2016/04/12 7:48:40 ET
Table 'Franzia' 6-max Seat #5 is the button
Seat 5: trol12 ($137 in chips)
Seat 6: B_loJkl ($163.30 in chips)
trol12: posts small blind $1
B_loJkl: posts big blind $3
*** HOLE CARDS ***
trol12: raises $3 to $6
B_loJkl: calls $3
*** FLOP *** [4c 6s 9s]
B_loJkl: checks
trol12: checks
*** TURN *** [4c 6s 9s] [7d]
B_loJkl: bets $6
trol12: raises $6 to $12
B_loJkl: calls $6
*** RIVER *** [4c 6s 9s 7d] [Js]
B_loJkl: checks
trol12: checks
*** SHOW DOWN ***
B_loJkl: shows [Th 6c] (a pair of Sixes)
trol12: shows [7c Ah] (a pair of Sevens)
trol12 collected $35.50 from pot
*** SUMMARY ***
Total pot $36 | Rake $0.50
Board [4c 6s 9s 7d Js]
Seat 5: trol12 (button) (small blind) showed [7c Ah] and won ($35.50) with a pair of Sevens
Seat 6: B_loJkl (big blind) showed [Th 6c] and lost with a pair of Sixes


PokerStars Hand #151805040387:  Hold'em Limit ($3/$6 USD) - 2016/04/12 7:49:17 ET
Table 'Franzia' 6-max Seat #5 is the button
Seat 5: trol12 ($151.50 in chips)
Seat 6: B_loJkl ($148.30 in chips)
trol12: posts small blind $1
B_loJkl: posts big blind $3
*** HOLE CARDS ***
trol12: raises $3 to $6
B_loJkl: calls $3
*** FLOP *** [5d 9d 6d]
B_loJkl: checks
trol12: checks
*** TURN *** [5d 9d 6d] [5c]
B_loJkl: bets $6
trol12: folds
Uncalled bet ($6) returned to B_loJkl
B_loJkl collected $11.76 from pot
B_loJkl: doesn't show hand
*** SUMMARY ***
Total pot $12 | Rake $0.24
Board [5d 9d 6d 5c]
Seat 5: trol12 (button) (small blind) folded on the Turn
Seat 6: B_loJkl (big blind) collected ($11.76)


PokerStars Hand #151805070681:  Hold'em Limit ($3/$6 USD) - 2016/04/12 7:50:17 ET
Table 'Franzia' 6-max Seat #5 is the button
Seat 5: trol12 ($154.14 in chips)
Seat 6: B_loJkl ($145.06 in chips)
trol12: posts small blind $1
B_loJkl: posts big blind $3
*** HOLE CARDS ***
trol12: raises $3 to $6
B_loJkl: calls $3
*** FLOP *** [4c 8s 9d]
B_loJkl: checks
trol12: bets $3
B_loJkl: calls $3
*** TURN *** [4c 8s 9d] [Td]
B_loJkl: checks
trol12: bets $6
B_loJkl: raises $6 to $12
trol12: calls $6
*** RIVER *** [4c 8s 9d Td] [7c]
B_loJkl: bets $6
trol12: raises $6 to $12
B_loJkl: calls $6
*** SHOW DOWN ***
trol12: shows [Qc Ah] (high card Ace)
B_loJkl: shows [7h Jc] (a straight, Seven to Jack)
B_loJkl collected $65.50 from pot
*** SUMMARY ***
Total pot $66 | Rake $0.50
Board [4c 8s 9d Td 7c]
Seat 5: trol12 (button) (small blind) showed [Qc Ah] and lost with high card Ace
Seat 6: B_loJkl (big blind) showed [7h Jc] and won ($65.50) with a straight, Seven to Jack


PokerStars Hand #151805088147:  Hold'em Limit ($3/$6 USD) - 2016/04/12 7:50:52 ET
Table 'Franzia' 6-max Seat #6 is the button
Seat 5: trol12 ($121.14 in chips)
Seat 6: B_loJkl ($177.56 in chips)
B_loJkl: posts small blind $1
trol12: posts big blind $3
*** HOLE CARDS ***
B_loJkl: raises $3 to $6
trol12: calls $3
*** FLOP *** [Ah 2s Kd]
trol12: checks
B_loJkl: bets $3
trol12: folds
Uncalled bet ($3) returned to B_loJkl
B_loJkl collected $11.76 from pot
B_loJkl: doesn't show hand
*** SUMMARY ***
Total pot $12 | Rake $0.24
Board [Ah 2s Kd]
Seat 5: trol12 (big blind) folded on the Flop
Seat 6: B_loJkl (button) (small blind) collected ($11.76)


PokerStars Hand #151805103096:  Hold'em Limit ($3/$6 USD) - 2016/04/12 7:51:21 ET
Table 'Franzia' 6-max Seat #5 is the button
Seat 5: trol12 ($115.14 in chips)
Seat 6: B_loJkl ($183.32 in chips)
trol12: posts small blind $1
B_loJkl: posts big blind $3
*** HOLE CARDS ***
trol12: raises $3 to $6
B_loJkl: calls $3
*** FLOP *** [Ac 4d 3h]
B_loJkl: checks
trol12: bets $3
B_loJkl: calls $3
*** TURN *** [Ac 4d 3h] [6s]
B_loJkl: checks
trol12: bets $6
B_loJkl: calls $6
*** RIVER *** [Ac 4d 3h 6s] [2s]
B_loJkl: checks
trol12: bets $6
B_loJkl: calls $6
*** SHOW DOWN ***
trol12: shows [Ah 5d] (a straight, Deuce to Six)
B_loJkl: mucks hand
trol12 collected $41.50 from pot
*** SUMMARY ***
Total pot $42 | Rake $0.50
Board [Ac 4d 3h 6s 2s]
Seat 5: trol12 (button) (small blind) showed [Ah 5d] and won ($41.50) with a straight, Deuce to Six
Seat 6: B_loJkl (big blind) mucked


PokerStars Hand #151805115252:  Hold'em Limit ($3/$6 USD) - 2016/04/12 7:51:46 ET
Table 'Franzia' 6-max Seat #6 is the button
Seat 5: trol12 ($135.64 in chips)
Seat 6: B_loJkl ($162.32 in chips)
B_loJkl: posts small blind $1
trol12: posts big blind $3
*** HOLE CARDS ***
B_loJkl: raises $3 to $6
trol12: calls $3
*** FLOP *** [Th 2s 2h]
trol12: checks
B_loJkl: bets $3
trol12: raises $3 to $6
B_loJkl: calls $3
*** TURN *** [Th 2s 2h] [3s]
trol12: bets $6
B_loJkl: raises $6 to $12
trol12: raises $6 to $18
B_loJkl: calls $6
*** RIVER *** [Th 2s 2h 3s] [6c]
trol12: bets $6
B_loJkl: calls $6
*** SHOW DOWN ***
trol12: shows [8d Ts] (two pair, Tens and Deuces)
B_loJkl: shows [Jc Js] (two pair, Jacks and Deuces)
B_loJkl collected $71.50 from pot
*** SUMMARY ***
Total pot $72 | Rake $0.50
Board [Th 2s 2h 3s 6c]
Seat 5: trol12 (big blind) showed [8d Ts] and lost with two pair, Tens and Deuces
Seat 6: B_loJkl (button) (small blind) showed [Jc Js] and won ($71.50) with two pair, Jacks and Deuces


PokerStars Hand #151805131767:  Hold'em Limit ($3/$6 USD) - 2016/04/12 7:52:19 ET
Table 'Franzia' 6-max Seat #5 is the button
Seat 5: trol12 ($99.64 in chips)
Seat 6: B_loJkl ($197.82 in chips)
trol12: posts small blind $1
B_loJkl: posts big blind $3
*** HOLE CARDS ***
trol12: calls $2
B_loJkl: checks
*** FLOP *** [Ac 2s 8c]
B_loJkl: checks
trol12: checks
*** TURN *** [Ac 2s 8c] [Qc]
B_loJkl: checks
trol12: bets $6
B_loJkl: calls $6
*** RIVER *** [Ac 2s 8c Qc] [Jh]
B_loJkl: checks
trol12: bets $6
B_loJkl: calls $6
*** SHOW DOWN ***
trol12: shows [4s Qh] (a pair of Queens)
B_loJkl: shows [Qs 6c] (a pair of Queens)
B_loJkl collected $14.75 from pot
trol12 collected $14.75 from pot
*** SUMMARY ***
Total pot $30 | Rake $0.50
Board [Ac 2s 8c Qc Jh]
Seat 5: trol12 (button) (small blind) showed [4s Qh] and won ($14.75) with a pair of Queens
Seat 6: B_loJkl (big blind) showed [Qs 6c] and won ($14.75) with a pair of Queens


PokerStars Hand #151805147236:  Hold'em Limit ($3/$6 USD) - 2016/04/12 7:52:50 ET
Table 'Franzia' 6-max Seat #6 is the button
Seat 5: trol12 ($99.39 in chips)
Seat 6: B_loJkl ($197.57 in chips)
B_loJkl: posts small blind $1
trol12: posts big blind $3
*** HOLE CARDS ***
B_loJkl: raises $3 to $6
trol12: calls $3
*** FLOP *** [Jc 2c 3d]
trol12: checks
B_loJkl: bets $3
trol12: calls $3
*** TURN *** [Jc 2c 3d] [Ts]
trol12: checks
B_loJkl: checks
*** RIVER *** [Jc 2c 3d Ts] [Td]
trol12: bets $6
lin1rabbit joins the table at seat #1
B_loJkl: folds
Uncalled bet ($6) returned to trol12
trol12 collected $17.64 from pot
trol12: doesn't show hand
*** SUMMARY ***
Total pot $18 | Rake $0.36
Board [Jc 2c 3d Ts Td]
Seat 5: trol12 (big blind) collected ($17.64)
Seat 6: B_loJkl (button) (small blind) folded on the River


PokerStars Hand #151805179590:  Hold'em Limit ($3/$6 USD) - 2016/04/12 7:53:54 ET
Table 'Franzia' 6-max Seat #5 is the button
Seat 5: trol12 ($108.03 in chips)
Seat 6: B_loJkl ($188.57 in chips)
trol12: posts small blind $1
B_loJkl: posts big blind $3
*** HOLE CARDS ***
trol12: raises $3 to $6
B_loJkl: calls $3
*** FLOP *** [Ks 3h Qc]
B_loJkl: checks
trol12: checks
*** TURN *** [Ks 3h Qc] [8d]
B_loJkl: bets $6
trol12: folds
Uncalled bet ($6) returned to B_loJkl
B_loJkl collected $11.76 from pot
B_loJkl: doesn't show hand
*** SUMMARY ***
Total pot $12 | Rake $0.24
Board [Ks 3h Qc 8d]
Seat 5: trol12 (button) (small blind) folded on the Turn
Seat 6: B_loJkl (big blind) collected ($11.76)


