PokerStars Hand #149730677106:  Hold'em Limit ($3/$6 USD) - 2016/03/02 14:04:29 ET
Table 'Franzia II' 6-max Seat #4 is the button
Seat 3: Dohwsun31 ($55 in chips)
Seat 4: TbIP-TbIP 88 ($72 in chips)
TbIP-TbIP 88: posts small blind $1
Dohwsun31: posts big blind $3
*** HOLE CARDS ***
TbIP-TbIP 88: folds
Uncalled bet ($2) returned to Dohwsun31
Dohwsun31 collected $2 from pot
Dohwsun31: doesn't show hand
*** SUMMARY ***
Total pot $2 | Rake $0
Seat 3: Dohwsun31 (big blind) collected ($2)
Seat 4: TbIP-TbIP 88 (button) (small blind) folded before Flop


PokerStars Hand #149730736253:  Hold'em Limit ($3/$6 USD) - 2016/03/02 14:05:33 ET
Table 'Franzia II' 6-max Seat #3 is the button
Seat 3: Dohwsun31 ($40.88 in chips)
Seat 4: TbIP-TbIP 88 ($89.50 in chips)
Dohwsun31: posts small blind $1
TbIP-TbIP 88: posts big blind $3
*** HOLE CARDS ***
bodo1444 joins the table at seat #2
Dohwsun31: folds
Uncalled bet ($2) returned to TbIP-TbIP 88
TbIP-TbIP 88 collected $2 from pot
TbIP-TbIP 88: doesn't show hand
*** SUMMARY ***
Total pot $2 | Rake $0
Seat 3: Dohwsun31 (button) (small blind) folded before Flop
Seat 4: TbIP-TbIP 88 (big blind) collected ($2)


PokerStars Hand #149730712078:  Hold'em Limit ($3/$6 USD) - 2016/03/02 14:05:07 ET
Table 'Franzia II' 6-max Seat #4 is the button
Seat 3: Dohwsun31 ($58.88 in chips)
Seat 4: TbIP-TbIP 88 ($72 in chips)
TbIP-TbIP 88: posts small blind $1
Dohwsun31: posts big blind $3
*** HOLE CARDS ***
TbIP-TbIP 88: raises $3 to $6
Dohwsun31: raises $3 to $9
TbIP-TbIP 88: calls $3
*** FLOP *** [7c Qs Td]
Dohwsun31: bets $3
TbIP-TbIP 88: calls $3
*** TURN *** [7c Qs Td] [Js]
Dohwsun31: bets $6
TbIP-TbIP 88: raises $6 to $12
Dohwsun31: folds
Uncalled bet ($6) returned to TbIP-TbIP 88
TbIP-TbIP 88 collected $35.50 from pot
TbIP-TbIP 88: doesn't show hand
*** SUMMARY ***
Total pot $36 | Rake $0.50
Board [7c Qs Td Js]
Seat 3: Dohwsun31 (big blind) folded on the Turn
Seat 4: TbIP-TbIP 88 (button) (small blind) collected ($35.50)


PokerStars Hand #149730686027:  Hold'em Limit ($3/$6 USD) - 2016/03/02 14:04:39 ET
Table 'Franzia II' 6-max Seat #3 is the button
Seat 3: Dohwsun31 ($56 in chips)
Seat 4: TbIP-TbIP 88 ($72 in chips)
Dohwsun31: posts small blind $1
TbIP-TbIP 88: posts big blind $3
*** HOLE CARDS ***
Dohwsun31: calls $2
TbIP-TbIP 88: checks
*** FLOP *** [Qh 3h 9c]
TbIP-TbIP 88: checks
Dohwsun31: bets $3
TbIP-TbIP 88: folds
Uncalled bet ($3) returned to Dohwsun31
Dohwsun31 collected $5.88 from pot
*** SUMMARY ***
Total pot $6 | Rake $0.12
Board [Qh 3h 9c]
Seat 3: Dohwsun31 (button) (small blind) collected ($5.88)
Seat 4: TbIP-TbIP 88 (big blind) folded on the Flop


PokerStars Hand #149733144400:  Hold'em Limit ($3/$6 USD) - 2016/03/02 14:47:43 ET
Table 'Franzia II' 6-max Seat #3 is the button
Seat 2: bodo1444 ($167.47 in chips)
Seat 3: killerfurbel ($203.82 in chips)
killerfurbel: posts small blind $1
GRAILKO: is sitting out
Chessnok: is sitting out
bodo1444: posts big blind $3
*** HOLE CARDS ***
killerfurbel: raises $3 to $6
bodo1444: folds
Uncalled bet ($3) returned to killerfurbel
Chessnok leaves the table
killerfurbel collected $6 from pot
killerfurbel: doesn't show hand
*** SUMMARY ***
Total pot $6 | Rake $0
Seat 2: bodo1444 (big blind) folded before Flop
Seat 3: killerfurbel (button) (small blind) collected ($6)


PokerStars Hand #149733201100:  Hold'em Limit ($3/$6 USD) - 2016/03/02 14:48:41 ET
Table 'Franzia II' 6-max Seat #2 is the button
Seat 2: bodo1444 ($167.97 in chips)
Seat 3: killerfurbel ($202.32 in chips)
bodo1444: posts small blind $1
killerfurbel: posts big blind $3
*** HOLE CARDS ***
bodo1444: folds
Uncalled bet ($2) returned to killerfurbel
killerfurbel collected $2 from pot
killerfurbel: doesn't show hand
*** SUMMARY ***
Total pot $2 | Rake $0
Seat 2: bodo1444 (button) (small blind) folded before Flop
Seat 3: killerfurbel (big blind) collected ($2)


PokerStars Hand #149733195410:  Hold'em Limit ($3/$6 USD) - 2016/03/02 14:48:36 ET
Table 'Franzia II' 6-max Seat #3 is the button
Seat 2: bodo1444 ($170.97 in chips)
Seat 3: killerfurbel ($199.32 in chips)
killerfurbel: posts small blind $1
bodo1444: posts big blind $3
*** HOLE CARDS ***
killerfurbel: raises $3 to $6
bodo1444: folds
Uncalled bet ($3) returned to killerfurbel
killerfurbel collected $6 from pot
killerfurbel: doesn't show hand
*** SUMMARY ***
Total pot $6 | Rake $0
Seat 2: bodo1444 (big blind) folded before Flop
Seat 3: killerfurbel (button) (small blind) collected ($6)


PokerStars Hand #149733190493:  Hold'em Limit ($3/$6 USD) - 2016/03/02 14:48:30 ET
Table 'Franzia II' 6-max Seat #2 is the button
Seat 2: bodo1444 ($171.97 in chips)
Seat 3: killerfurbel ($198.32 in chips)
bodo1444: posts small blind $1
killerfurbel: posts big blind $3
*** HOLE CARDS ***
bodo1444: folds
Uncalled bet ($2) returned to killerfurbel
killerfurbel collected $2 from pot
killerfurbel: doesn't show hand
*** SUMMARY ***
Total pot $2 | Rake $0
Seat 2: bodo1444 (button) (small blind) folded before Flop
Seat 3: killerfurbel (big blind) collected ($2)


PokerStars Hand #149733186327:  Hold'em Limit ($3/$6 USD) - 2016/03/02 14:48:26 ET
Table 'Franzia II' 6-max Seat #3 is the button
Seat 2: bodo1444 ($170.97 in chips)
Seat 3: killerfurbel ($199.32 in chips)
killerfurbel: posts small blind $1
bodo1444: posts big blind $3
*** HOLE CARDS ***
killerfurbel: folds
Uncalled bet ($2) returned to bodo1444
bodo1444 collected $2 from pot
bodo1444: doesn't show hand
*** SUMMARY ***
Total pot $2 | Rake $0
Seat 2: bodo1444 (big blind) collected ($2)
Seat 3: killerfurbel (button) (small blind) folded before Flop


PokerStars Hand #149733172730:  Hold'em Limit ($3/$6 USD) - 2016/03/02 14:48:12 ET
Table 'Franzia II' 6-max Seat #2 is the button
Seat 2: bodo1444 ($191.97 in chips)
Seat 3: killerfurbel ($178.82 in chips)
bodo1444: posts small blind $1
killerfurbel: posts big blind $3
*** HOLE CARDS ***
bodo1444: raises $3 to $6
killerfurbel: calls $3
*** FLOP *** [Ac Td 9h]
killerfurbel: checks
bodo1444: bets $3
killerfurbel: calls $3
*** TURN *** [Ac Td 9h] [9c]
killerfurbel: checks
bodo1444: bets $6
killerfurbel: calls $6
*** RIVER *** [Ac Td 9h 9c] [7c]
killerfurbel: checks
bodo1444: bets $6
killerfurbel: raises $6 to $12
bodo1444: folds
Uncalled bet ($6) returned to killerfurbel
killerfurbel collected $41.50 from pot
killerfurbel: doesn't show hand
*** SUMMARY ***
Total pot $42 | Rake $0.50
Board [Ac Td 9h 9c 7c]
Seat 2: bodo1444 (button) (small blind) folded on the River
Seat 3: killerfurbel (big blind) collected ($41.50)


PokerStars Hand #149733168612:  Hold'em Limit ($3/$6 USD) - 2016/03/02 14:48:08 ET
Table 'Franzia II' 6-max Seat #3 is the button
Seat 2: bodo1444 ($190.97 in chips)
Seat 3: killerfurbel ($179.82 in chips)
killerfurbel: posts small blind $1
bodo1444: posts big blind $3
*** HOLE CARDS ***
killerfurbel: folds
Uncalled bet ($2) returned to bodo1444
bodo1444 collected $2 from pot
bodo1444: doesn't show hand
*** SUMMARY ***
Total pot $2 | Rake $0
Seat 2: bodo1444 (big blind) collected ($2)
Seat 3: killerfurbel (button) (small blind) folded before Flop


PokerStars Hand #149733149726:  Hold'em Limit ($3/$6 USD) - 2016/03/02 14:47:48 ET
Table 'Franzia II' 6-max Seat #2 is the button
Seat 2: bodo1444 ($164.47 in chips)
Seat 3: killerfurbel ($206.82 in chips)
bodo1444: posts small blind $1
killerfurbel: posts big blind $3
*** HOLE CARDS ***
bodo1444: raises $3 to $6
killerfurbel: calls $3
*** FLOP *** [5h 9h Tc]
killerfurbel: checks
bodo1444: bets $3
killerfurbel: calls $3
*** TURN *** [5h 9h Tc] [3d]
killerfurbel: checks
GRAILKO leaves the table
bodo1444: bets $6
killerfurbel: raises $6 to $12
bodo1444: calls $6
*** RIVER *** [5h 9h Tc 3d] [3c]
killerfurbel: bets $6
bodo1444: calls $6
*** SHOW DOWN ***
killerfurbel: shows [7s 6s] (a pair of Threes)
bodo1444: shows [Qh 9s] (two pair, Nines and Threes)
bodo1444 collected $53.50 from pot
*** SUMMARY ***
Total pot $54 | Rake $0.50
Board [5h 9h Tc 3d 3c]
Seat 2: bodo1444 (button) (small blind) showed [Qh 9s] and won ($53.50) with two pair, Nines and Threes
Seat 3: killerfurbel (big blind) showed [7s 6s] and lost with a pair of Threes


PokerStars Hand #149733259115:  Hold'em Limit ($3/$6 USD) - 2016/03/02 14:49:41 ET
Table 'Franzia II' 6-max Seat #2 is the button
Seat 2: bodo1444 ($204.87 in chips)
Seat 3: killerfurbel ($164.08 in chips)
bodo1444: posts small blind $1
killerfurbel: posts big blind $3
*** HOLE CARDS ***
bodo1444: raises $3 to $6
killerfurbel: calls $3
*** FLOP *** [Js 4h Th]
killerfurbel: checks
bodo1444: bets $3
killerfurbel: folds
Uncalled bet ($3) returned to bodo1444
bodo1444 collected $11.76 from pot
bodo1444: doesn't show hand
*** SUMMARY ***
Total pot $12 | Rake $0.24
Board [Js 4h Th]
Seat 2: bodo1444 (button) (small blind) collected ($11.76)
Seat 3: killerfurbel (big blind) folded on the Flop


PokerStars Hand #149733243735:  Hold'em Limit ($3/$6 USD) - 2016/03/02 14:49:25 ET
Table 'Franzia II' 6-max Seat #3 is the button
Seat 2: bodo1444 ($178.37 in chips)
Seat 3: killerfurbel ($191.08 in chips)
killerfurbel: posts small blind $1
bodo1444: posts big blind $3
*** HOLE CARDS ***
killerfurbel: raises $3 to $6
bodo1444: calls $3
*** FLOP *** [Ks 4h Kh]
bodo1444: checks
killerfurbel: bets $3
bodo1444: calls $3
*** TURN *** [Ks 4h Kh] [Qc]
bodo1444: checks
killerfurbel: bets $6
bodo1444: raises $6 to $12
killerfurbel: calls $6
*** RIVER *** [Ks 4h Kh Qc] [6d]
bodo1444: bets $6
killerfurbel: calls $6
*** SHOW DOWN ***
bodo1444: shows [6s Kc] (a full house, Kings full of Sixes)
killerfurbel: mucks hand
bodo1444 collected $53.50 from pot
*** SUMMARY ***
Total pot $54 | Rake $0.50
Board [Ks 4h Kh Qc 6d]
Seat 2: bodo1444 (big blind) showed [6s Kc] and won ($53.50) with a full house, Kings full of Sixes
Seat 3: killerfurbel (button) (small blind) mucked


PokerStars Hand #149733231250:  Hold'em Limit ($3/$6 USD) - 2016/03/02 14:49:12 ET
Table 'Franzia II' 6-max Seat #2 is the button
Seat 2: bodo1444 ($172.61 in chips)
Seat 3: killerfurbel ($197.08 in chips)
bodo1444: posts small blind $1
killerfurbel: posts big blind $3
*** HOLE CARDS ***
bodo1444: raises $3 to $6
killerfurbel: calls $3
*** FLOP *** [9s 2h Kh]
killerfurbel: checks
bodo1444: checks
*** TURN *** [9s 2h Kh] [9d]
killerfurbel: checks
bodo1444: checks
*** RIVER *** [9s 2h Kh 9d] [Tc]
killerfurbel: checks
bodo1444: checks
*** SHOW DOWN ***
killerfurbel: shows [3c Qh] (a pair of Nines)
bodo1444: shows [Ac 8d] (a pair of Nines - Ace kicker)
bodo1444 collected $11.76 from pot
*** SUMMARY ***
Total pot $12 | Rake $0.24
Board [9s 2h Kh 9d Tc]
Seat 2: bodo1444 (button) (small blind) showed [Ac 8d] and won ($11.76) with a pair of Nines
Seat 3: killerfurbel (big blind) showed [3c Qh] and lost with a pair of Nines


PokerStars Hand #149733205527:  Hold'em Limit ($3/$6 USD) - 2016/03/02 14:48:46 ET
Table 'Franzia II' 6-max Seat #3 is the button
Seat 2: bodo1444 ($166.97 in chips)
Seat 3: killerfurbel ($203.32 in chips)
killerfurbel: posts small blind $1
bodo1444: posts big blind $3
*** HOLE CARDS ***
killerfurbel: raises $3 to $6
bodo1444: raises $3 to $9
killerfurbel: calls $3
*** FLOP *** [Ts 4s Kh]
bodo1444: bets $3
killerfurbel: folds
Uncalled bet ($3) returned to bodo1444
bodo1444 collected $17.64 from pot
bodo1444: doesn't show hand
*** SUMMARY ***
Total pot $18 | Rake $0.36
Board [Ts 4s Kh]
Seat 2: bodo1444 (big blind) collected ($17.64)
Seat 3: killerfurbel (button) (small blind) folded on the Flop


PokerStars Hand #149733216347:  Hold'em Limit ($3/$6 USD) - 2016/03/02 14:48:57 ET
Table 'Franzia II' 6-max Seat #2 is the button
Seat 2: bodo1444 ($175.61 in chips)
Seat 3: killerfurbel ($194.32 in chips)
bodo1444: posts small blind $1
killerfurbel: posts big blind $3
*** HOLE CARDS ***
bodo1444: raises $3 to $6
killerfurbel: folds
Uncalled bet ($3) returned to bodo1444
bodo1444 collected $6 from pot
bodo1444: doesn't show hand
*** SUMMARY ***
Total pot $6 | Rake $0
Seat 2: bodo1444 (button) (small blind) collected ($6)
Seat 3: killerfurbel (big blind) folded before Flop


PokerStars Hand #149733222239:  Hold'em Limit ($3/$6 USD) - 2016/03/02 14:49:03 ET
Table 'Franzia II' 6-max Seat #3 is the button
Seat 2: bodo1444 ($178.61 in chips)
Seat 3: killerfurbel ($191.32 in chips)
killerfurbel: posts small blind $1
bodo1444: posts big blind $3
*** HOLE CARDS ***
killerfurbel: raises $3 to $6
bodo1444: calls $3
*** FLOP *** [Th 8d Ac]
bodo1444: checks
killerfurbel: bets $3
bodo1444: folds
Uncalled bet ($3) returned to killerfurbel
killerfurbel collected $11.76 from pot
killerfurbel: doesn't show hand
*** SUMMARY ***
Total pot $12 | Rake $0.24
Board [Th 8d Ac]
Seat 2: bodo1444 (big blind) folded on the Flop
Seat 3: killerfurbel (button) (small blind) collected ($11.76)


PokerStars Hand #149733267636:  Hold'em Limit ($3/$6 USD) - 2016/03/02 14:49:50 ET
Table 'Franzia II' 6-max Seat #3 is the button
Seat 2: bodo1444 ($210.63 in chips)
Seat 3: killerfurbel ($158.08 in chips)
killerfurbel: posts small blind $1
bodo1444: posts big blind $3
*** HOLE CARDS ***
killerfurbel: raises $3 to $6
bodo1444: calls $3
*** FLOP *** [Td 6d 4d]
bodo1444: checks
killerfurbel: bets $3
bodo1444: calls $3
*** TURN *** [Td 6d 4d] [7c]
bodo1444: checks
killerfurbel: bets $6
bodo1444: calls $6
*** RIVER *** [Td 6d 4d 7c] [4s]
bodo1444: checks
killerfurbel: bets $6
bodo1444: calls $6
*** SHOW DOWN ***
killerfurbel: shows [3d Th] (two pair, Tens and Fours)
bodo1444: mucks hand
killerfurbel collected $41.50 from pot
*** SUMMARY ***
Total pot $42 | Rake $0.50
Board [Td 6d 4d 7c 4s]
Seat 2: bodo1444 (big blind) mucked
Seat 3: killerfurbel (button) (small blind) showed [3d Th] and won ($41.50) with two pair, Tens and Fours


PokerStars Hand #149733283554:  Hold'em Limit ($3/$6 USD) - 2016/03/02 14:50:06 ET
Table 'Franzia II' 6-max Seat #2 is the button
Seat 2: bodo1444 ($189.63 in chips)
Seat 3: killerfurbel ($178.58 in chips)
bodo1444: posts small blind $1
killerfurbel: posts big blind $3
*** HOLE CARDS ***
bodo1444: folds
Uncalled bet ($2) returned to killerfurbel
killerfurbel collected $2 from pot
killerfurbel: doesn't show hand
*** SUMMARY ***
Total pot $2 | Rake $0
Seat 2: bodo1444 (button) (small blind) folded before Flop
Seat 3: killerfurbel (big blind) collected ($2)


PokerStars Hand #149733289195:  Hold'em Limit ($3/$6 USD) - 2016/03/02 14:50:12 ET
Table 'Franzia II' 6-max Seat #3 is the button
Seat 2: bodo1444 ($188.63 in chips)
Seat 3: killerfurbel ($179.58 in chips)
killerfurbel: posts small blind $1
bodo1444: posts big blind $3
*** HOLE CARDS ***
killerfurbel: raises $3 to $6
bodo1444: calls $3
*** FLOP *** [Js Jd 5d]
bodo1444: checks
killerfurbel: bets $3
bodo1444: folds
Uncalled bet ($3) returned to killerfurbel
killerfurbel collected $11.76 from pot
killerfurbel: doesn't show hand
*** SUMMARY ***
Total pot $12 | Rake $0.24
Board [Js Jd 5d]
Seat 2: bodo1444 (big blind) folded on the Flop
Seat 3: killerfurbel (button) (small blind) collected ($11.76)


PokerStars Hand #149733298478:  Hold'em Limit ($3/$6 USD) - 2016/03/02 14:50:22 ET
Table 'Franzia II' 6-max Seat #2 is the button
Seat 2: bodo1444 ($182.63 in chips)
Seat 3: killerfurbel ($185.34 in chips)
bodo1444: posts small blind $1
killerfurbel: posts big blind $3
*** HOLE CARDS ***
bodo1444: raises $3 to $6
killerfurbel: calls $3
*** FLOP *** [9c Ts 6h]
killerfurbel: checks
bodo1444: bets $3
killerfurbel: calls $3
*** TURN *** [9c Ts 6h] [8s]
killerfurbel: checks
bodo1444: bets $6
killerfurbel: raises $6 to $12
bodo1444: calls $6
*** RIVER *** [9c Ts 6h 8s] [Kh]
killerfurbel: bets $6
bodo1444: folds
Uncalled bet ($6) returned to killerfurbel
killerfurbel collected $41.50 from pot
killerfurbel: doesn't show hand
*** SUMMARY ***
Total pot $42 | Rake $0.50
Board [9c Ts 6h 8s Kh]
Seat 2: bodo1444 (button) (small blind) folded on the River
Seat 3: killerfurbel (big blind) collected ($41.50)


PokerStars Hand #149733312928:  Hold'em Limit ($3/$6 USD) - 2016/03/02 14:50:36 ET
Table 'Franzia II' 6-max Seat #3 is the button
Seat 2: bodo1444 ($161.63 in chips)
Seat 3: killerfurbel ($205.84 in chips)
killerfurbel: posts small blind $1
bodo1444: posts big blind $3
*** HOLE CARDS ***
killerfurbel: raises $3 to $6
bodo1444: calls $3
*** FLOP *** [6c 7c Ac]
bodo1444: bets $3
killerfurbel: calls $3
*** TURN *** [6c 7c Ac] [Qs]
bodo1444: bets $6
killerfurbel: calls $6
*** RIVER *** [6c 7c Ac Qs] [9s]
bodo1444: bets $6
killerfurbel: calls $6
*** SHOW DOWN ***
bodo1444: shows [9d Tc] (a pair of Nines)
killerfurbel: mucks hand
bodo1444 collected $41.50 from pot
*** SUMMARY ***
Total pot $42 | Rake $0.50
Board [6c 7c Ac Qs 9s]
Seat 2: bodo1444 (big blind) showed [9d Tc] and won ($41.50) with a pair of Nines
Seat 3: killerfurbel (button) (small blind) mucked


PokerStars Hand #149733331583:  Hold'em Limit ($3/$6 USD) - 2016/03/02 14:50:56 ET
Table 'Franzia II' 6-max Seat #3 is the button
Seat 2: bodo1444 ($181.13 in chips)
Seat 3: killerfurbel ($185.84 in chips)
killerfurbel: posts small blind $1
bodo1444: posts big blind $3
*** HOLE CARDS ***
killerfurbel: raises $3 to $6
bodo1444: folds
Uncalled bet ($3) returned to killerfurbel
killerfurbel collected $6 from pot
killerfurbel: doesn't show hand
*** SUMMARY ***
Total pot $6 | Rake $0
Seat 2: bodo1444 (big blind) folded before Flop
Seat 3: killerfurbel (button) (small blind) collected ($6)


PokerStars Hand #149733327254:  Hold'em Limit ($3/$6 USD) - 2016/03/02 14:50:51 ET
Table 'Franzia II' 6-max Seat #2 is the button
Seat 2: bodo1444 ($182.13 in chips)
Seat 3: killerfurbel ($184.84 in chips)
bodo1444: posts small blind $1
killerfurbel: posts big blind $3
*** HOLE CARDS ***
bodo1444: folds
Uncalled bet ($2) returned to killerfurbel
killerfurbel collected $2 from pot
killerfurbel: doesn't show hand
*** SUMMARY ***
Total pot $2 | Rake $0
Seat 2: bodo1444 (button) (small blind) folded before Flop
Seat 3: killerfurbel (big blind) collected ($2)


PokerStars Hand #149733337103:  Hold'em Limit ($3/$6 USD) - 2016/03/02 14:51:01 ET
Table 'Franzia II' 6-max Seat #2 is the button
Seat 2: bodo1444 ($178.13 in chips)
Seat 3: killerfurbel ($188.84 in chips)
bodo1444: posts small blind $1
killerfurbel: posts big blind $3
*** HOLE CARDS ***
bodo1444: raises $3 to $6
killerfurbel: folds
Uncalled bet ($3) returned to bodo1444
bodo1444 collected $6 from pot
bodo1444: doesn't show hand
*** SUMMARY ***
Total pot $6 | Rake $0
Seat 2: bodo1444 (button) (small blind) collected ($6)
Seat 3: killerfurbel (big blind) folded before Flop


PokerStars Hand #149733360493:  Hold'em Limit ($3/$6 USD) - 2016/03/02 14:51:25 ET
Table 'Franzia II' 6-max Seat #2 is the button
Seat 2: bodo1444 ($157.13 in chips)
Seat 3: killerfurbel ($209.34 in chips)
bodo1444: posts small blind $1
killerfurbel: posts big blind $3
*** HOLE CARDS ***
bodo1444: raises $3 to $6
killerfurbel: folds
Uncalled bet ($3) returned to bodo1444
bodo1444 collected $6 from pot
bodo1444: doesn't show hand
*** SUMMARY ***
Total pot $6 | Rake $0
Seat 2: bodo1444 (button) (small blind) collected ($6)
Seat 3: killerfurbel (big blind) folded before Flop


PokerStars Hand #149733342647:  Hold'em Limit ($3/$6 USD) - 2016/03/02 14:51:07 ET
Table 'Franzia II' 6-max Seat #3 is the button
Seat 2: bodo1444 ($181.13 in chips)
Seat 3: killerfurbel ($185.84 in chips)
killerfurbel: posts small blind $1
bodo1444: posts big blind $3
*** HOLE CARDS ***
killerfurbel: raises $3 to $6
bodo1444: raises $3 to $9
killerfurbel: calls $3
*** FLOP *** [Ks 5h Jd]
bodo1444: bets $3
killerfurbel: calls $3
*** TURN *** [Ks 5h Jd] [Qc]
bodo1444: bets $6
killerfurbel: calls $6
*** RIVER *** [Ks 5h Jd Qc] [4s]
bodo1444: bets $6
killerfurbel: calls $6
*** SHOW DOWN ***
bodo1444: shows [Ac 2c] (high card Ace)
killerfurbel: shows [Js 7d] (a pair of Jacks)
killerfurbel collected $47.50 from pot
*** SUMMARY ***
Total pot $48 | Rake $0.50
Board [Ks 5h Jd Qc 4s]
Seat 2: bodo1444 (big blind) showed [Ac 2c] and lost with high card Ace
Seat 3: killerfurbel (button) (small blind) showed [Js 7d] and won ($47.50) with a pair of Jacks


PokerStars Hand #149733366094:  Hold'em Limit ($3/$6 USD) - 2016/03/02 14:51:31 ET
Table 'Franzia II' 6-max Seat #3 is the button
Seat 2: bodo1444 ($160.13 in chips)
Seat 3: killerfurbel ($206.34 in chips)
killerfurbel: posts small blind $1
bodo1444: posts big blind $3
*** HOLE CARDS ***
killerfurbel: raises $3 to $6
bodo1444: calls $3
*** FLOP *** [7s Qh Ad]
bodo1444: bets $3
killerfurbel: calls $3
*** TURN *** [7s Qh Ad] [Qd]
bodo1444: bets $6
killerfurbel: calls $6
*** RIVER *** [7s Qh Ad Qd] [9s]
bodo1444: bets $6
killerfurbel: calls $6
*** SHOW DOWN ***
bodo1444: shows [6s Ac] (two pair, Aces and Queens)
killerfurbel: mucks hand
bodo1444 collected $41.50 from pot
*** SUMMARY ***
Total pot $42 | Rake $0.50
Board [7s Qh Ad Qd 9s]
Seat 2: bodo1444 (big blind) showed [6s Ac] and won ($41.50) with two pair, Aces and Queens
Seat 3: killerfurbel (button) (small blind) mucked


PokerStars Hand #149733383513:  Hold'em Limit ($3/$6 USD) - 2016/03/02 14:51:49 ET
Table 'Franzia II' 6-max Seat #2 is the button
Seat 2: bodo1444 ($180.63 in chips)
Seat 3: killerfurbel ($185.34 in chips)
bodo1444: posts small blind $1
killerfurbel: posts big blind $3
*** HOLE CARDS ***
bodo1444: raises $3 to $6
killerfurbel: raises $3 to $9
bodo1444: calls $3
*** FLOP *** [Jh Ad Qs]
killerfurbel: bets $3
bodo1444: calls $3
*** TURN *** [Jh Ad Qs] [5d]
killerfurbel: bets $6
bodo1444: folds
Uncalled bet ($6) returned to killerfurbel
killerfurbel collected $23.52 from pot
killerfurbel: doesn't show hand
*** SUMMARY ***
Total pot $24 | Rake $0.48
Board [Jh Ad Qs 5d]
Seat 2: bodo1444 (button) (small blind) folded on the Turn
Seat 3: killerfurbel (big blind) collected ($23.52)


PokerStars Hand #149733407290:  Hold'em Limit ($3/$6 USD) - 2016/03/02 14:52:13 ET
Table 'Franzia II' 6-max Seat #2 is the button
Seat 2: bodo1444 ($169.63 in chips)
Seat 3: killerfurbel ($195.86 in chips)
bodo1444: posts small blind $1
killerfurbel: posts big blind $3
*** HOLE CARDS ***
bodo1444: raises $3 to $6
killerfurbel: folds
Uncalled bet ($3) returned to bodo1444
bodo1444 collected $6 from pot
bodo1444: doesn't show hand
*** SUMMARY ***
Total pot $6 | Rake $0
Seat 2: bodo1444 (button) (small blind) collected ($6)
Seat 3: killerfurbel (big blind) folded before Flop


PokerStars Hand #149733402089:  Hold'em Limit ($3/$6 USD) - 2016/03/02 14:52:08 ET
Table 'Franzia II' 6-max Seat #3 is the button
Seat 2: bodo1444 ($168.63 in chips)
Seat 3: killerfurbel ($196.86 in chips)
killerfurbel: posts small blind $1
bodo1444: posts big blind $3
*** HOLE CARDS ***
killerfurbel: folds
Uncalled bet ($2) returned to bodo1444
bodo1444 collected $2 from pot
bodo1444: doesn't show hand
*** SUMMARY ***
Total pot $2 | Rake $0
Seat 2: bodo1444 (big blind) collected ($2)
Seat 3: killerfurbel (button) (small blind) folded before Flop


PokerStars Hand #149733413370:  Hold'em Limit ($3/$6 USD) - 2016/03/02 14:52:19 ET
Table 'Franzia II' 6-max Seat #3 is the button
Seat 2: bodo1444 ($172.63 in chips)
Seat 3: killerfurbel ($192.86 in chips)
killerfurbel: posts small blind $1
bodo1444: posts big blind $3
*** HOLE CARDS ***
killerfurbel: raises $3 to $6
bodo1444: folds
Uncalled bet ($3) returned to killerfurbel
killerfurbel collected $6 from pot
killerfurbel: doesn't show hand
*** SUMMARY ***
Total pot $6 | Rake $0
Seat 2: bodo1444 (big blind) folded before Flop
Seat 3: killerfurbel (button) (small blind) collected ($6)


PokerStars Hand #149733418192:  Hold'em Limit ($3/$6 USD) - 2016/03/02 14:52:24 ET
Table 'Franzia II' 6-max Seat #2 is the button
Seat 2: bodo1444 ($169.63 in chips)
Seat 3: killerfurbel ($195.86 in chips)
bodo1444: posts small blind $1
killerfurbel: posts big blind $3
*** HOLE CARDS ***
bodo1444: raises $3 to $6
killerfurbel: calls $3
*** FLOP *** [4d 8h 7c]
killerfurbel: checks
bodo1444: checks
*** TURN *** [4d 8h 7c] [Tc]
killerfurbel: bets $6
bodo1444: folds
Uncalled bet ($6) returned to killerfurbel
killerfurbel collected $11.76 from pot
killerfurbel: doesn't show hand
*** SUMMARY ***
Total pot $12 | Rake $0.24
Board [4d 8h 7c Tc]
Seat 2: bodo1444 (button) (small blind) folded on the Turn
Seat 3: killerfurbel (big blind) collected ($11.76)


PokerStars Hand #149733431129:  Hold'em Limit ($3/$6 USD) - 2016/03/02 14:52:38 ET
Table 'Franzia II' 6-max Seat #3 is the button
Seat 2: bodo1444 ($163.63 in chips)
Seat 3: killerfurbel ($201.62 in chips)
killerfurbel: posts small blind $1
bodo1444: posts big blind $3
*** HOLE CARDS ***
killerfurbel: raises $3 to $6
bodo1444: calls $3
*** FLOP *** [6h 6c 9d]
bodo1444: checks
killerfurbel: bets $3
bodo1444: calls $3
*** TURN *** [6h 6c 9d] [Kd]
bodo1444: bets $6
killerfurbel: raises $6 to $12
bodo1444: raises $6 to $18
killerfurbel: calls $6
*** RIVER *** [6h 6c 9d Kd] [8h]
bodo1444: bets $6
killerfurbel: calls $6
*** SHOW DOWN ***
bodo1444: shows [Kc 7c] (two pair, Kings and Sixes)
killerfurbel: shows [6s 5d] (three of a kind, Sixes)
killerfurbel collected $65.50 from pot
*** SUMMARY ***
Total pot $66 | Rake $0.50
Board [6h 6c 9d Kd 8h]
Seat 2: bodo1444 (big blind) showed [Kc 7c] and lost with two pair, Kings and Sixes
Seat 3: killerfurbel (button) (small blind) showed [6s 5d] and won ($65.50) with three of a kind, Sixes


PokerStars Hand #149733454469:  Hold'em Limit ($3/$6 USD) - 2016/03/02 14:53:02 ET
Table 'Franzia II' 6-max Seat #3 is the button
Seat 2: bodo1444 ($129.63 in chips)
Seat 3: killerfurbel ($235.12 in chips)
killerfurbel: posts small blind $1
bodo1444: posts big blind $3
*** HOLE CARDS ***
killerfurbel: raises $3 to $6
bodo1444: calls $3
*** FLOP *** [4s Tc Ad]
bodo1444: checks
killerfurbel: bets $3
bodo1444: folds
Uncalled bet ($3) returned to killerfurbel
killerfurbel collected $11.76 from pot
killerfurbel: doesn't show hand
*** SUMMARY ***
Total pot $12 | Rake $0.24
Board [4s Tc Ad]
Seat 2: bodo1444 (big blind) folded on the Flop
Seat 3: killerfurbel (button) (small blind) collected ($11.76)


PokerStars Hand #149733448505:  Hold'em Limit ($3/$6 USD) - 2016/03/02 14:52:56 ET
Table 'Franzia II' 6-max Seat #2 is the button
Seat 2: bodo1444 ($130.63 in chips)
Seat 3: killerfurbel ($234.12 in chips)
bodo1444: posts small blind $1
killerfurbel: posts big blind $3
*** HOLE CARDS ***
bodo1444: folds
Uncalled bet ($2) returned to killerfurbel
killerfurbel collected $2 from pot
killerfurbel: doesn't show hand
*** SUMMARY ***
Total pot $2 | Rake $0
Seat 2: bodo1444 (button) (small blind) folded before Flop
Seat 3: killerfurbel (big blind) collected ($2)


PokerStars Hand #149733463078:  Hold'em Limit ($3/$6 USD) - 2016/03/02 14:53:11 ET
Table 'Franzia II' 6-max Seat #2 is the button
Seat 2: bodo1444 ($123.63 in chips)
Seat 3: killerfurbel ($240.88 in chips)
bodo1444: posts small blind $1
killerfurbel: posts big blind $3
*** HOLE CARDS ***
bodo1444: raises $3 to $6
killerfurbel: calls $3
*** FLOP *** [4c 2c 9c]
killerfurbel: checks
bodo1444: bets $3
killerfurbel: raises $3 to $6
bodo1444: folds
Uncalled bet ($3) returned to killerfurbel
killerfurbel collected $17.64 from pot
killerfurbel: doesn't show hand
*** SUMMARY ***
Total pot $18 | Rake $0.36
Board [4c 2c 9c]
Seat 2: bodo1444 (button) (small blind) folded on the Flop
Seat 3: killerfurbel (big blind) collected ($17.64)


PokerStars Hand #149733477421:  Hold'em Limit ($3/$6 USD) - 2016/03/02 14:53:26 ET
Table 'Franzia II' 6-max Seat #2 is the button
Seat 2: bodo1444 ($111.63 in chips)
Seat 3: killerfurbel ($252.52 in chips)
bodo1444: posts small blind $1
killerfurbel: posts big blind $3
*** HOLE CARDS ***
bodo1444: folds
Uncalled bet ($2) returned to killerfurbel
killerfurbel collected $2 from pot
killerfurbel: doesn't show hand
*** SUMMARY ***
Total pot $2 | Rake $0
Seat 2: bodo1444 (button) (small blind) folded before Flop
Seat 3: killerfurbel (big blind) collected ($2)


PokerStars Hand #149733472647:  Hold'em Limit ($3/$6 USD) - 2016/03/02 14:53:21 ET
Table 'Franzia II' 6-max Seat #3 is the button
Seat 2: bodo1444 ($114.63 in chips)
Seat 3: killerfurbel ($249.52 in chips)
killerfurbel: posts small blind $1
bodo1444: posts big blind $3
*** HOLE CARDS ***
killerfurbel: raises $3 to $6
bodo1444: folds
Uncalled bet ($3) returned to killerfurbel
killerfurbel collected $6 from pot
killerfurbel: doesn't show hand
*** SUMMARY ***
Total pot $6 | Rake $0
Seat 2: bodo1444 (big blind) folded before Flop
Seat 3: killerfurbel (button) (small blind) collected ($6)


PokerStars Hand #149733486236:  Hold'em Limit ($3/$6 USD) - 2016/03/02 14:53:35 ET
Table 'Franzia II' 6-max Seat #2 is the button
Seat 2: bodo1444 ($111.63 in chips)
Seat 3: killerfurbel ($252.52 in chips)
bodo1444: posts small blind $1
killerfurbel: posts big blind $3
*** HOLE CARDS ***
bodo1444: folds
Uncalled bet ($2) returned to killerfurbel
killerfurbel collected $2 from pot
killerfurbel: doesn't show hand
*** SUMMARY ***
Total pot $2 | Rake $0
Seat 2: bodo1444 (button) (small blind) folded before Flop
Seat 3: killerfurbel (big blind) collected ($2)


PokerStars Hand #149733481813:  Hold'em Limit ($3/$6 USD) - 2016/03/02 14:53:31 ET
Table 'Franzia II' 6-max Seat #3 is the button
Seat 2: bodo1444 ($110.63 in chips)
Seat 3: killerfurbel ($253.52 in chips)
killerfurbel: posts small blind $1
bodo1444: posts big blind $3
*** HOLE CARDS ***
killerfurbel: folds
Uncalled bet ($2) returned to bodo1444
bodo1444 collected $2 from pot
bodo1444: doesn't show hand
*** SUMMARY ***
Total pot $2 | Rake $0
Seat 2: bodo1444 (big blind) collected ($2)
Seat 3: killerfurbel (button) (small blind) folded before Flop


PokerStars Hand #149733494586:  Hold'em Limit ($3/$6 USD) - 2016/03/02 14:53:44 ET
Table 'Franzia II' 6-max Seat #2 is the button
Seat 2: bodo1444 ($111.63 in chips)
Seat 3: killerfurbel ($252.52 in chips)
bodo1444: posts small blind $1
killerfurbel: posts big blind $3
*** HOLE CARDS ***
bodo1444: raises $3 to $6
killerfurbel: calls $3
*** FLOP *** [Kd 4h Qd]
killerfurbel: checks
bodo1444: bets $3
killerfurbel: folds
Uncalled bet ($3) returned to bodo1444
bodo1444 collected $11.76 from pot
bodo1444: doesn't show hand
*** SUMMARY ***
Total pot $12 | Rake $0.24
Board [Kd 4h Qd]
Seat 2: bodo1444 (button) (small blind) collected ($11.76)
Seat 3: killerfurbel (big blind) folded on the Flop


PokerStars Hand #149733490547:  Hold'em Limit ($3/$6 USD) - 2016/03/02 14:53:40 ET
Table 'Franzia II' 6-max Seat #3 is the button
Seat 2: bodo1444 ($110.63 in chips)
Seat 3: killerfurbel ($253.52 in chips)
killerfurbel: posts small blind $1
bodo1444: posts big blind $3
*** HOLE CARDS ***
killerfurbel: folds
Uncalled bet ($2) returned to bodo1444
bodo1444 collected $2 from pot
bodo1444: doesn't show hand
*** SUMMARY ***
Total pot $2 | Rake $0
Seat 2: bodo1444 (big blind) collected ($2)
Seat 3: killerfurbel (button) (small blind) folded before Flop


PokerStars Hand #149733552427:  Hold'em Limit ($3/$6 USD) - 2016/03/02 14:54:44 ET
Table 'Franzia II' 6-max Seat #3 is the button
Seat 2: bodo1444 ($147.29 in chips)
Seat 3: killerfurbel ($215.52 in chips)
killerfurbel: posts small blind $1
bodo1444: posts big blind $3
*** HOLE CARDS ***
killerfurbel: raises $3 to $6
bodo1444: folds
Uncalled bet ($3) returned to killerfurbel
killerfurbel collected $6 from pot
killerfurbel: doesn't show hand
*** SUMMARY ***
Total pot $6 | Rake $0
Seat 2: bodo1444 (big blind) folded before Flop
Seat 3: killerfurbel (button) (small blind) collected ($6)


PokerStars Hand #149733547948:  Hold'em Limit ($3/$6 USD) - 2016/03/02 14:54:39 ET
Table 'Franzia II' 6-max Seat #2 is the button
Seat 2: bodo1444 ($148.29 in chips)
Seat 3: killerfurbel ($214.52 in chips)
bodo1444: posts small blind $1
killerfurbel: posts big blind $3
*** HOLE CARDS ***
bodo1444: folds
Uncalled bet ($2) returned to killerfurbel
killerfurbel collected $2 from pot
killerfurbel: doesn't show hand
*** SUMMARY ***
Total pot $2 | Rake $0
Seat 2: bodo1444 (button) (small blind) folded before Flop
Seat 3: killerfurbel (big blind) collected ($2)


PokerStars Hand #149733502386:  Hold'em Limit ($3/$6 USD) - 2016/03/02 14:53:52 ET
Table 'Franzia II' 6-max Seat #3 is the button
Seat 2: bodo1444 ($117.39 in chips)
Seat 3: killerfurbel ($246.52 in chips)
killerfurbel: posts small blind $1
bodo1444: posts big blind $3
*** HOLE CARDS ***
killerfurbel: raises $3 to $6
bodo1444: calls $3
*** FLOP *** [Qh Qd 7h]
bodo1444: checks
killerfurbel: bets $3
bodo1444: calls $3
*** TURN *** [Qh Qd 7h] [Kh]
bodo1444: bets $6
killerfurbel: calls $6
*** RIVER *** [Qh Qd 7h Kh] [4d]
bodo1444: bets $6
killerfurbel: calls $6
*** SHOW DOWN ***
bodo1444: shows [8s Qc] (three of a kind, Queens)
killerfurbel: mucks hand
bodo1444 collected $41.50 from pot
*** SUMMARY ***
Total pot $42 | Rake $0.50
Board [Qh Qd 7h Kh 4d]
Seat 2: bodo1444 (big blind) showed [8s Qc] and won ($41.50) with three of a kind, Queens
Seat 3: killerfurbel (button) (small blind) mucked


PokerStars Hand #149733516699:  Hold'em Limit ($3/$6 USD) - 2016/03/02 14:54:07 ET
Table 'Franzia II' 6-max Seat #2 is the button
Seat 2: bodo1444 ($137.89 in chips)
Seat 3: killerfurbel ($225.52 in chips)
bodo1444: posts small blind $1
killerfurbel: posts big blind $3
*** HOLE CARDS ***
bodo1444: raises $3 to $6
killerfurbel: calls $3
*** FLOP *** [7s As Th]
killerfurbel: checks
bodo1444: checks
*** TURN *** [7s As Th] [Ah]
killerfurbel: checks
bodo1444: bets $6
killerfurbel: folds
Uncalled bet ($6) returned to bodo1444
bodo1444 collected $11.76 from pot
bodo1444: doesn't show hand
*** SUMMARY ***
Total pot $12 | Rake $0.24
Board [7s As Th Ah]
Seat 2: bodo1444 (button) (small blind) collected ($11.76)
Seat 3: killerfurbel (big blind) folded on the Turn


PokerStars Hand #149733533301:  Hold'em Limit ($3/$6 USD) - 2016/03/02 14:54:24 ET
Table 'Franzia II' 6-max Seat #2 is the button
Seat 2: bodo1444 ($140.65 in chips)
Seat 3: killerfurbel ($222.52 in chips)
bodo1444: posts small blind $1
killerfurbel: posts big blind $3
*** HOLE CARDS ***
bodo1444: folds
Uncalled bet ($2) returned to killerfurbel
killerfurbel collected $2 from pot
killerfurbel: doesn't show hand
*** SUMMARY ***
Total pot $2 | Rake $0
Seat 2: bodo1444 (button) (small blind) folded before Flop
Seat 3: killerfurbel (big blind) collected ($2)


PokerStars Hand #149733528293:  Hold'em Limit ($3/$6 USD) - 2016/03/02 14:54:19 ET
Table 'Franzia II' 6-max Seat #3 is the button
Seat 2: bodo1444 ($143.65 in chips)
Seat 3: killerfurbel ($219.52 in chips)
killerfurbel: posts small blind $1
bodo1444: posts big blind $3
*** HOLE CARDS ***
killerfurbel: raises $3 to $6
bodo1444: folds
Uncalled bet ($3) returned to killerfurbel
killerfurbel collected $6 from pot
killerfurbel: doesn't show hand
*** SUMMARY ***
Total pot $6 | Rake $0
Seat 2: bodo1444 (big blind) folded before Flop
Seat 3: killerfurbel (button) (small blind) collected ($6)


PokerStars Hand #149733537699:  Hold'em Limit ($3/$6 USD) - 2016/03/02 14:54:29 ET
Table 'Franzia II' 6-max Seat #3 is the button
Seat 2: bodo1444 ($139.65 in chips)
Seat 3: killerfurbel ($223.52 in chips)
killerfurbel: posts small blind $1
bodo1444: posts big blind $3
*** HOLE CARDS ***
killerfurbel: raises $3 to $6
bodo1444: raises $3 to $9
killerfurbel: calls $3
*** FLOP *** [8d As Th]
bodo1444: bets $3
killerfurbel: folds
Uncalled bet ($3) returned to bodo1444
bodo1444 collected $17.64 from pot
bodo1444: doesn't show hand
*** SUMMARY ***
Total pot $18 | Rake $0.36
Board [8d As Th]
Seat 2: bodo1444 (big blind) collected ($17.64)
Seat 3: killerfurbel (button) (small blind) folded on the Flop


PokerStars Hand #149733562441:  Hold'em Limit ($3/$6 USD) - 2016/03/02 14:54:54 ET
Table 'Franzia II' 6-max Seat #3 is the button
Seat 2: bodo1444 ($143.29 in chips)
Seat 3: killerfurbel ($219.52 in chips)
killerfurbel: posts small blind $1
bodo1444: posts big blind $3
*** HOLE CARDS ***
killerfurbel: raises $3 to $6
bodo1444: folds
Uncalled bet ($3) returned to killerfurbel
killerfurbel collected $6 from pot
killerfurbel: doesn't show hand
*** SUMMARY ***
Total pot $6 | Rake $0
Seat 2: bodo1444 (big blind) folded before Flop
Seat 3: killerfurbel (button) (small blind) collected ($6)


PokerStars Hand #149733558077:  Hold'em Limit ($3/$6 USD) - 2016/03/02 14:54:50 ET
Table 'Franzia II' 6-max Seat #2 is the button
Seat 2: bodo1444 ($144.29 in chips)
Seat 3: killerfurbel ($218.52 in chips)
bodo1444: posts small blind $1
killerfurbel: posts big blind $3
*** HOLE CARDS ***
bodo1444: folds
Uncalled bet ($2) returned to killerfurbel
killerfurbel collected $2 from pot
killerfurbel: doesn't show hand
*** SUMMARY ***
Total pot $2 | Rake $0
Seat 2: bodo1444 (button) (small blind) folded before Flop
Seat 3: killerfurbel (big blind) collected ($2)


PokerStars Hand #149733578835:  Hold'em Limit ($3/$6 USD) - 2016/03/02 14:55:13 ET
Table 'Franzia II' 6-max Seat #3 is the button
Seat 2: bodo1444 ($148.93 in chips)
Seat 3: killerfurbel ($213.52 in chips)
killerfurbel: posts small blind $1
bodo1444: posts big blind $3
*** HOLE CARDS ***
killerfurbel: raises $3 to $6
bodo1444: folds
Uncalled bet ($3) returned to killerfurbel
killerfurbel collected $6 from pot
killerfurbel: doesn't show hand
*** SUMMARY ***
Total pot $6 | Rake $0
Seat 2: bodo1444 (big blind) folded before Flop
Seat 3: killerfurbel (button) (small blind) collected ($6)


PokerStars Hand #149733567226:  Hold'em Limit ($3/$6 USD) - 2016/03/02 14:54:59 ET
Table 'Franzia II' 6-max Seat #2 is the button
Seat 2: bodo1444 ($140.29 in chips)
Seat 3: killerfurbel ($222.52 in chips)
bodo1444: posts small blind $1
killerfurbel: posts big blind $3
*** HOLE CARDS ***
bodo1444: raises $3 to $6
killerfurbel: calls $3
*** FLOP *** [8c 6d 2c]
killerfurbel: checks
bodo1444: bets $3
killerfurbel: calls $3
*** TURN *** [8c 6d 2c] [3h]
killerfurbel: checks
bodo1444: bets $6
killerfurbel: folds
Uncalled bet ($6) returned to bodo1444
bodo1444 collected $17.64 from pot
bodo1444: doesn't show hand
*** SUMMARY ***
Total pot $18 | Rake $0.36
Board [8c 6d 2c 3h]
Seat 2: bodo1444 (button) (small blind) collected ($17.64)
Seat 3: killerfurbel (big blind) folded on the Turn


PokerStars Hand #149733602736:  Hold'em Limit ($3/$6 USD) - 2016/03/02 14:55:45 ET
Table 'Franzia II' 6-max Seat #3 is the button
Seat 2: bodo1444 ($133.93 in chips)
Seat 3: killerfurbel ($228.04 in chips)
killerfurbel: posts small blind $1
bodo1444: posts big blind $3
*** HOLE CARDS ***
killerfurbel: raises $3 to $6
bodo1444: folds
Uncalled bet ($3) returned to killerfurbel
killerfurbel collected $6 from pot
killerfurbel: doesn't show hand
*** SUMMARY ***
Total pot $6 | Rake $0
Seat 2: bodo1444 (big blind) folded before Flop
Seat 3: killerfurbel (button) (small blind) collected ($6)


PokerStars Hand #149733584053:  Hold'em Limit ($3/$6 USD) - 2016/03/02 14:55:20 ET
Table 'Franzia II' 6-max Seat #2 is the button
Seat 2: bodo1444 ($145.93 in chips)
Seat 3: killerfurbel ($216.52 in chips)
bodo1444: posts small blind $1
killerfurbel: posts big blind $3
*** HOLE CARDS ***
bodo1444: calls $2
killerfurbel: raises $3 to $6
bodo1444: raises $3 to $9
killerfurbel: calls $3
*** FLOP *** [Qc Ts Qs]
killerfurbel: checks
bodo1444: bets $3
killerfurbel: calls $3
*** TURN *** [Qc Ts Qs] [Jh]
killerfurbel: checks
bodo1444: checks
*** RIVER *** [Qc Ts Qs Jh] [Jd]
killerfurbel: bets $6
bodo1444: folds
Uncalled bet ($6) returned to killerfurbel
killerfurbel collected $23.52 from pot
killerfurbel: doesn't show hand
*** SUMMARY ***
Total pot $24 | Rake $0.48
Board [Qc Ts Qs Jh Jd]
Seat 2: bodo1444 (button) (small blind) folded on the River
Seat 3: killerfurbel (big blind) collected ($23.52)


PokerStars Hand #149733620559:  Hold'em Limit ($3/$6 USD) - 2016/03/02 14:56:08 ET
Table 'Franzia II' 6-max Seat #2 is the button
Seat 2: bodo1444 ($136.57 in chips)
Seat 3: killerfurbel ($225.04 in chips)
bodo1444: posts small blind $1
killerfurbel: posts big blind $3
*** HOLE CARDS ***
bodo1444: folds
Uncalled bet ($2) returned to killerfurbel
killerfurbel collected $2 from pot
killerfurbel: doesn't show hand
*** SUMMARY ***
Total pot $2 | Rake $0
Seat 2: bodo1444 (button) (small blind) folded before Flop
Seat 3: killerfurbel (big blind) collected ($2)


PokerStars Hand #149733616757:  Hold'em Limit ($3/$6 USD) - 2016/03/02 14:56:03 ET
Table 'Franzia II' 6-max Seat #3 is the button
Seat 2: bodo1444 ($139.57 in chips)
Seat 3: killerfurbel ($222.04 in chips)
killerfurbel: posts small blind $1
bodo1444: posts big blind $3
*** HOLE CARDS ***
killerfurbel: raises $3 to $6
bodo1444: folds
Uncalled bet ($3) returned to killerfurbel
killerfurbel collected $6 from pot
killerfurbel: doesn't show hand
*** SUMMARY ***
Total pot $6 | Rake $0
Seat 2: bodo1444 (big blind) folded before Flop
Seat 3: killerfurbel (button) (small blind) collected ($6)


PokerStars Hand #149733606280:  Hold'em Limit ($3/$6 USD) - 2016/03/02 14:55:49 ET
Table 'Franzia II' 6-max Seat #2 is the button
Seat 2: bodo1444 ($130.93 in chips)
Seat 3: killerfurbel ($231.04 in chips)
bodo1444: posts small blind $1
killerfurbel: posts big blind $3
*** HOLE CARDS ***
bodo1444: raises $3 to $6
killerfurbel: calls $3
*** FLOP *** [Ah Th 9c]
killerfurbel: checks
bodo1444: bets $3
killerfurbel: calls $3
*** TURN *** [Ah Th 9c] [5c]
killerfurbel: checks
bodo1444: bets $6
killerfurbel: folds
Uncalled bet ($6) returned to bodo1444
bodo1444 collected $17.64 from pot
bodo1444: doesn't show hand
*** SUMMARY ***
Total pot $18 | Rake $0.36
Board [Ah Th 9c 5c]
Seat 2: bodo1444 (button) (small blind) collected ($17.64)
Seat 3: killerfurbel (big blind) folded on the Turn


PokerStars Hand #149733624056:  Hold'em Limit ($3/$6 USD) - 2016/03/02 14:56:13 ET
Table 'Franzia II' 6-max Seat #3 is the button
Seat 2: bodo1444 ($135.57 in chips)
Seat 3: killerfurbel ($226.04 in chips)
killerfurbel: posts small blind $1
bodo1444: posts big blind $3
*** HOLE CARDS ***
killerfurbel: raises $3 to $6
bodo1444: raises $3 to $9
killerfurbel: calls $3
*** FLOP *** [7h 3d 8s]
bodo1444: bets $3
killerfurbel: calls $3
*** TURN *** [7h 3d 8s] [2h]
bodo1444: bets $6
killerfurbel: folds
Uncalled bet ($6) returned to bodo1444
bodo1444 collected $23.52 from pot
bodo1444: doesn't show hand
*** SUMMARY ***
Total pot $24 | Rake $0.48
Board [7h 3d 8s 2h]
Seat 2: bodo1444 (big blind) collected ($23.52)
Seat 3: killerfurbel (button) (small blind) folded on the Turn


PokerStars Hand #149733636048:  Hold'em Limit ($3/$6 USD) - 2016/03/02 14:56:28 ET
Table 'Franzia II' 6-max Seat #2 is the button
Seat 2: bodo1444 ($147.09 in chips)
Seat 3: killerfurbel ($214.04 in chips)
bodo1444: posts small blind $1
killerfurbel: posts big blind $3
*** HOLE CARDS ***
bodo1444: raises $3 to $6
killerfurbel: calls $3
*** FLOP *** [2d Ac 4c]
killerfurbel: checks
bodo1444: checks
*** TURN *** [2d Ac 4c] [Td]
killerfurbel: checks
flounder18 joins the table at seat #4
bodo1444: checks
*** RIVER *** [2d Ac 4c Td] [9c]
killerfurbel: checks
bodo1444: checks
*** SHOW DOWN ***
killerfurbel: shows [9s 8d] (a pair of Nines)
bodo1444: mucks hand
GRAILKO joins the table at seat #5
flounder18 leaves the table
killerfurbel collected $11.76 from pot
*** SUMMARY ***
Total pot $12 | Rake $0.24
Board [2d Ac 4c Td 9c]
Seat 2: bodo1444 (button) (small blind) mucked
Seat 3: killerfurbel (big blind) showed [9s 8d] and won ($11.76) with a pair of Nines


PokerStars Hand #149740116311:  Hold'em Limit ($3/$6 USD) - 2016/03/02 16:49:17 ET
Table 'Franzia II' 6-max Seat #5 is the button
Seat 3: killerfurbel ($200.75 in chips)
Seat 5: Chessnok ($172.78 in chips)
Chessnok: posts small blind $1
Hi Im Alexey: is sitting out
killerfurbel: posts big blind $3
*** HOLE CARDS ***
Chessnok: raises $3 to $6
killerfurbel: folds
Uncalled bet ($3) returned to Chessnok
Chessnok collected $6 from pot
Chessnok: doesn't show hand
*** SUMMARY ***
Total pot $6 | Rake $0
Seat 3: killerfurbel (big blind) folded before Flop
Seat 5: Chessnok (button) (small blind) collected ($6)


