PokerStars Hand #167886366559:  Hold'em Limit ($3/$6 USD) - 2017/03/20 23:53:58 ET
Table 'Franzia' 10-max Seat #10 is the button
Seat 1: Scheubi88 ($120 in chips)
Seat 10: LifeisagameX ($84 in chips)
LifeisagameX: posts small blind $1
Scheubi88: posts big blind $3
*** HOLE CARDS ***
LifeisagameX: raises $3 to $6
Scheubi88: folds
Uncalled bet ($3) returned to LifeisagameX
LifeisagameX collected $6 from pot
LifeisagameX: doesn't show hand
*** SUMMARY ***
Total pot $6 | Rake $0
Seat 1: Scheubi88 (big blind) folded before Flop
Seat 10: LifeisagameX (button) (small blind) collected ($6)


PokerStars Hand #167886375169:  Hold'em Limit ($3/$6 USD) - 2017/03/20 23:54:27 ET
Table 'Franzia' 10-max Seat #10 is the button
Seat 1: Scheubi88 ($116 in chips)
Seat 10: LifeisagameX ($88 in chips)
LifeisagameX: posts small blind $1
Scheubi88: posts big blind $3
*** HOLE CARDS ***
LifeisagameX: raises $3 to $6
Scheubi88: folds
Uncalled bet ($3) returned to LifeisagameX
LifeisagameX collected $6 from pot
LifeisagameX: doesn't show hand
*** SUMMARY ***
Total pot $6 | Rake $0
Seat 1: Scheubi88 (big blind) folded before Flop
Seat 10: LifeisagameX (button) (small blind) collected ($6)


PokerStars Hand #167886379027:  Hold'em Limit ($3/$6 USD) - 2017/03/20 23:54:39 ET
Table 'Franzia' 10-max Seat #1 is the button
Seat 1: Scheubi88 ($113 in chips)
Seat 10: LifeisagameX ($91 in chips)
Scheubi88: posts small blind $1
LifeisagameX: posts big blind $3
*** HOLE CARDS ***
Scheubi88: raises $3 to $6
LifeisagameX: calls $3
*** FLOP *** [Jc Th 9c]
LifeisagameX: checks
Scheubi88: bets $3
LifeisagameX: calls $3
*** TURN *** [Jc Th 9c] [Ad]
LifeisagameX: checks
Scheubi88: bets $6
LifeisagameX: folds
Uncalled bet ($6) returned to Scheubi88
Scheubi88 collected $17.64 from pot
Scheubi88: doesn't show hand
*** SUMMARY ***
Total pot $18 | Rake $0.36
Board [Jc Th 9c Ad]
Seat 1: Scheubi88 (button) (small blind) collected ($17.64)
Seat 10: LifeisagameX (big blind) folded on the Turn


