PokerStars Hand #159685154976:  Hold'em Limit ($3/$6 USD) - 2016/10/09 9:16:45 ET
Table 'Franzia' 6-max Seat #3 is the button
Seat 1: Velbor107 ($319.26 in chips)
Seat 3: $liwamor ($100 in chips)
$liwamor: posts small blind $1
Velbor107: posts big blind $3
*** HOLE CARDS ***
$liwamor: folds
Uncalled bet ($2) returned to Velbor107
Velbor107 collected $2 from pot
*** SUMMARY ***
Total pot $2 | Rake $0
Seat 1: Velbor107 (big blind) collected ($2)
Seat 3: $liwamor (button) (small blind) folded before Flop


PokerStars Hand #159685140707:  Hold'em Limit ($3/$6 USD) - 2016/10/09 9:16:22 ET
Table 'Franzia' 6-max Seat #1 is the button
Seat 1: Velbor107 ($304.76 in chips)
Seat 3: $liwamor ($115 in chips)
Velbor107: posts small blind $1
$liwamor: posts big blind $3
*** HOLE CARDS ***
Velbor107: raises $3 to $6
$liwamor: calls $3
*** FLOP *** [Qs Th 8h]
$liwamor: checks
Velbor107: bets $3
$liwamor: calls $3
*** TURN *** [Qs Th 8h] [Ts]
$liwamor: checks
Velbor107: checks
*** RIVER *** [Qs Th 8h Ts] [5h]
$liwamor: bets $6
Velbor107: calls $6
*** SHOW DOWN ***
$liwamor: shows [9s Ks] (a pair of Tens)
Velbor107: shows [Ad Kd] (a pair of Tens - Ace kicker)
Velbor107 collected $29.50 from pot
*** SUMMARY ***
Total pot $30 | Rake $0.50
Board [Qs Th 8h Ts 5h]
Seat 1: Velbor107 (button) (small blind) showed [Ad Kd] and won ($29.50) with a pair of Tens
Seat 3: $liwamor (big blind) showed [9s Ks] and lost with a pair of Tens


PokerStars Hand #159685128198:  Hold'em Limit ($3/$6 USD) - 2016/10/09 9:16:02 ET
Table 'Franzia' 6-max Seat #3 is the button
Seat 1: Velbor107 ($299 in chips)
Seat 3: $liwamor ($121 in chips)
$liwamor: posts small blind $1
Velbor107: posts big blind $3
*** HOLE CARDS ***
$liwamor: raises $3 to $6
Velbor107: calls $3
*** FLOP *** [Qd 6s 8d]
Velbor107: checks
$liwamor: checks
*** TURN *** [Qd 6s 8d] [6d]
Velbor107: bets $6
$liwamor: folds
Uncalled bet ($6) returned to Velbor107
Velbor107 collected $11.76 from pot
*** SUMMARY ***
Total pot $12 | Rake $0.24
Board [Qd 6s 8d 6d]
Seat 1: Velbor107 (big blind) collected ($11.76)
Seat 3: $liwamor (button) (small blind) folded on the Turn


PokerStars Hand #159685114041:  Hold'em Limit ($3/$6 USD) - 2016/10/09 9:15:40 ET
Table 'Franzia' 6-max Seat #1 is the button
Seat 1: Velbor107 ($300 in chips)
Seat 3: $liwamor ($120 in chips)
Velbor107: posts small blind $1
$liwamor: posts big blind $3
*** HOLE CARDS ***
Velbor107: folds
Uncalled bet ($2) returned to $liwamor
$liwamor collected $2 from pot
*** SUMMARY ***
Total pot $2 | Rake $0
Seat 1: Velbor107 (button) (small blind) folded before Flop
Seat 3: $liwamor (big blind) collected ($2)


PokerStars Hand #159685197367:  Hold'em Limit ($3/$6 USD) - 2016/10/09 9:17:52 ET
Table 'Franzia' 6-max Seat #1 is the button
Seat 1: Velbor107 ($334.76 in chips)
Seat 3: $liwamor ($83.76 in chips)
Velbor107: posts small blind $1
$liwamor: posts big blind $3
*** HOLE CARDS ***
Velbor107: folds
Uncalled bet ($2) returned to $liwamor
$liwamor collected $2 from pot
*** SUMMARY ***
Total pot $2 | Rake $0
Seat 1: Velbor107 (button) (small blind) folded before Flop
Seat 3: $liwamor (big blind) collected ($2)


PokerStars Hand #159685180363:  Hold'em Limit ($3/$6 USD) - 2016/10/09 9:17:25 ET
Table 'Franzia' 6-max Seat #3 is the button
Seat 1: Velbor107 ($340.76 in chips)
Seat 3: $liwamor ($78 in chips)
$liwamor: posts small blind $1
Velbor107: posts big blind $3
*** HOLE CARDS ***
$liwamor: raises $3 to $6
Velbor107: calls $3
*** FLOP *** [As Kd 9c]
Velbor107: checks
$liwamor: bets $3
Velbor107: folds
Uncalled bet ($3) returned to $liwamor
$liwamor collected $11.76 from pot
$liwamor: doesn't show hand
*** SUMMARY ***
Total pot $12 | Rake $0.24
Board [As Kd 9c]
Seat 1: Velbor107 (big blind) folded on the Flop
Seat 3: $liwamor (button) (small blind) collected ($11.76)


PokerStars Hand #159685158248:  Hold'em Limit ($3/$6 USD) - 2016/10/09 9:16:50 ET
Table 'Franzia' 6-max Seat #1 is the button
Seat 1: Velbor107 ($320.26 in chips)
Seat 3: $liwamor ($99 in chips)
Velbor107: posts small blind $1
$liwamor: posts big blind $3
*** HOLE CARDS ***
Velbor107: raises $3 to $6
$liwamor: calls $3
*** FLOP *** [5d 8s Kc]
$liwamor: checks
Velbor107: bets $3
$liwamor: calls $3
*** TURN *** [5d 8s Kc] [8d]
$liwamor: checks
Velbor107: bets $6
$liwamor: calls $6
*** RIVER *** [5d 8s Kc 8d] [Jh]
$liwamor: checks
Velbor107: bets $6
$liwamor: calls $6
*** SHOW DOWN ***
Velbor107: shows [Kh Tc] (two pair, Kings and Eights)
$liwamor: mucks hand
Velbor107 collected $41.50 from pot
*** SUMMARY ***
Total pot $42 | Rake $0.50
Board [5d 8s Kc 8d Jh]
Seat 1: Velbor107 (button) (small blind) showed [Kh Tc] and won ($41.50) with two pair, Kings and Eights
Seat 3: $liwamor (big blind) mucked


PokerStars Hand #159685234887:  Hold'em Limit ($3/$6 USD) - 2016/10/09 9:18:51 ET
Table 'Franzia' 6-max Seat #1 is the button
Seat 1: Velbor107 ($342.40 in chips)
Seat 3: $liwamor ($75.76 in chips)
Velbor107: posts small blind $1
$liwamor: posts big blind $3
*** HOLE CARDS ***
Velbor107: folds
Uncalled bet ($2) returned to $liwamor
$liwamor collected $2 from pot
*** SUMMARY ***
Total pot $2 | Rake $0
Seat 1: Velbor107 (button) (small blind) folded before Flop
Seat 3: $liwamor (big blind) collected ($2)


PokerStars Hand #159685201611:  Hold'em Limit ($3/$6 USD) - 2016/10/09 9:17:59 ET
Table 'Franzia' 6-max Seat #3 is the button
Seat 1: Velbor107 ($333.76 in chips)
Seat 3: $liwamor ($84.76 in chips)
$liwamor: posts small blind $1
Velbor107: posts big blind $3
*** HOLE CARDS ***
$liwamor: raises $3 to $6
Velbor107: calls $3
*** FLOP *** [Kd 5d 3h]
Velbor107: checks
$liwamor: bets $3
Velbor107: calls $3
*** TURN *** [Kd 5d 3h] [3c]
Velbor107: checks
$liwamor: checks
*** RIVER *** [Kd 5d 3h 3c] [2c]
Velbor107: checks
$liwamor: checks
*** SHOW DOWN ***
Velbor107: shows [As 6c] (a pair of Threes)
$liwamor: mucks hand
Velbor107 collected $17.64 from pot
*** SUMMARY ***
Total pot $18 | Rake $0.36
Board [Kd 5d 3h 3c 2c]
Seat 1: Velbor107 (big blind) showed [As 6c] and won ($17.64) with a pair of Threes
Seat 3: $liwamor (button) (small blind) mucked


PokerStars Hand #159685243816:  Hold'em Limit ($3/$6 USD) - 2016/10/09 9:19:05 ET
Table 'Franzia' 6-max Seat #1 is the button
Seat 1: Velbor107 ($342.40 in chips)
Seat 3: $liwamor ($75.76 in chips)
Velbor107: posts small blind $1
$liwamor: posts big blind $3
*** HOLE CARDS ***
Velbor107: raises $3 to $6
$liwamor: calls $3
*** FLOP *** [4h 4d 7h]
$liwamor: checks
Velbor107: bets $3
$liwamor: calls $3
*** TURN *** [4h 4d 7h] [Tc]
$liwamor: checks
Velbor107: bets $6
$liwamor: calls $6
*** RIVER *** [4h 4d 7h Tc] [6s]
$liwamor: checks
Velbor107: bets $6
$liwamor: folds
Uncalled bet ($6) returned to Velbor107
Velbor107 collected $29.50 from pot
*** SUMMARY ***
Total pot $30 | Rake $0.50
Board [4h 4d 7h Tc 6s]
Seat 1: Velbor107 (button) (small blind) collected ($29.50)
Seat 3: $liwamor (big blind) folded on the River


PokerStars Hand #159685239075:  Hold'em Limit ($3/$6 USD) - 2016/10/09 9:18:57 ET
Table 'Franzia' 6-max Seat #3 is the button
Seat 1: Velbor107 ($341.40 in chips)
Seat 3: $liwamor ($76.76 in chips)
$liwamor: posts small blind $1
Velbor107: posts big blind $3
*** HOLE CARDS ***
$liwamor: folds
Uncalled bet ($2) returned to Velbor107
Velbor107 collected $2 from pot
*** SUMMARY ***
Total pot $2 | Rake $0
Seat 1: Velbor107 (big blind) collected ($2)
Seat 3: $liwamor (button) (small blind) folded before Flop


PokerStars Hand #159685295159:  Hold'em Limit ($3/$6 USD) - 2016/10/09 9:20:26 ET
Table 'Franzia' 6-max Seat #1 is the button
Seat 1: Velbor107 ($379.04 in chips)
Seat 3: $liwamor ($37.76 in chips)
Velbor107: posts small blind $1
$liwamor: posts big blind $3
*** HOLE CARDS ***
Velbor107: folds
Uncalled bet ($2) returned to $liwamor
$liwamor collected $2 from pot
$liwamor leaves the table
*** SUMMARY ***
Total pot $2 | Rake $0
Seat 1: Velbor107 (button) (small blind) folded before Flop
Seat 3: $liwamor (big blind) collected ($2)


PokerStars Hand #159685285215:  Hold'em Limit ($3/$6 USD) - 2016/10/09 9:20:10 ET
Table 'Franzia' 6-max Seat #3 is the button
Seat 1: Velbor107 ($370.40 in chips)
Seat 3: $liwamor ($46.76 in chips)
$liwamor: posts small blind $1
Velbor107: posts big blind $3
*** HOLE CARDS ***
$liwamor: raises $3 to $6
Velbor107: raises $3 to $9
$liwamor: calls $3
*** FLOP *** [9h 6s Jh]
Velbor107: bets $3
$liwamor: folds
Uncalled bet ($3) returned to Velbor107
Velbor107 collected $17.64 from pot
*** SUMMARY ***
Total pot $18 | Rake $0.36
Board [9h 6s Jh]
Seat 1: Velbor107 (big blind) collected ($17.64)
Seat 3: $liwamor (button) (small blind) folded on the Flop


PokerStars Hand #159685281591:  Hold'em Limit ($3/$6 USD) - 2016/10/09 9:20:05 ET
Table 'Franzia' 6-max Seat #1 is the button
Seat 1: Velbor107 ($371.40 in chips)
Seat 3: $liwamor ($45.76 in chips)
Velbor107: posts small blind $1
$liwamor: posts big blind $3
*** HOLE CARDS ***
Velbor107: folds
Uncalled bet ($2) returned to $liwamor
$liwamor collected $2 from pot
*** SUMMARY ***
Total pot $2 | Rake $0
Seat 1: Velbor107 (button) (small blind) folded before Flop
Seat 3: $liwamor (big blind) collected ($2)


PokerStars Hand #159685260834:  Hold'em Limit ($3/$6 USD) - 2016/10/09 9:19:32 ET
Table 'Franzia' 6-max Seat #3 is the button
Seat 1: Velbor107 ($356.90 in chips)
Seat 3: $liwamor ($60.76 in chips)
$liwamor: posts small blind $1
Velbor107: posts big blind $3
*** HOLE CARDS ***
$liwamor: raises $3 to $6
Velbor107: calls $3
*** FLOP *** [5h 2c Ks]
Velbor107: checks
$liwamor: bets $3
Velbor107: calls $3
*** TURN *** [5h 2c Ks] [3d]
Velbor107: checks
$liwamor: checks
*** RIVER *** [5h 2c Ks 3d] [Qs]
Velbor107: bets $6
$liwamor: calls $6
*** SHOW DOWN ***
Velbor107: shows [Th Kc] (a pair of Kings)
$liwamor: mucks hand
Velbor107 collected $29.50 from pot
*** SUMMARY ***
Total pot $30 | Rake $0.50
Board [5h 2c Ks 3d Qs]
Seat 1: Velbor107 (big blind) showed [Th Kc] and won ($29.50) with a pair of Kings
Seat 3: $liwamor (button) (small blind) mucked


PokerStars Hand #159685606901:  Hold'em Limit ($3/$6 USD) - 2016/10/09 9:28:34 ET
Table 'Franzia' 6-max Seat #2 is the button
Seat 1: Velbor107 ($378.04 in chips)
Seat 2: Shnah ($171.92 in chips)
Shnah: posts small blind $1
VolkovDmitri joins the table at seat #3
Velbor107: posts big blind $3
*** HOLE CARDS ***
Shnah: raises $3 to $6
Velbor107: folds
Uncalled bet ($3) returned to Shnah
Shnah collected $6 from pot
*** SUMMARY ***
Total pot $6 | Rake $0
Seat 1: Velbor107 (big blind) folded before Flop
Seat 2: Shnah (button) (small blind) collected ($6)


PokerStars Hand #159685621399:  Hold'em Limit ($3/$6 USD) - 2016/10/09 9:28:56 ET
Table 'Franzia' 6-max Seat #1 is the button
Seat 1: Velbor107 ($375.04 in chips)
Seat 2: Shnah ($174.92 in chips)
Velbor107: posts small blind $1
Shnah: posts big blind $3
*** HOLE CARDS ***
Velbor107: raises $3 to $6
Shnah: calls $3
*** FLOP *** [As Kd 9c]
Shnah: checks
Velbor107: bets $3
Shnah: folds
Uncalled bet ($3) returned to Velbor107
Velbor107 collected $11.76 from pot
*** SUMMARY ***
Total pot $12 | Rake $0.24
Board [As Kd 9c]
Seat 1: Velbor107 (button) (small blind) collected ($11.76)
Seat 2: Shnah (big blind) folded on the Flop


PokerStars Hand #159686035343:  Hold'em Limit ($3/$6 USD) - 2016/10/09 9:39:36 ET
Table 'Franzia' 6-max Seat #1 is the button
Seat 1: Velbor107 ($393.80 in chips)
Seat 2: Shnah ($188.01 in chips)
Velbor107: posts small blind $1
Shnah: posts big blind $3
*** HOLE CARDS ***
Velbor107: folds
Uncalled bet ($2) returned to Shnah
Shnah collected $2 from pot
*** SUMMARY ***
Total pot $2 | Rake $0
Seat 1: Velbor107 (button) (small blind) folded before Flop
Seat 2: Shnah (big blind) collected ($2)


PokerStars Hand #159686015254:  Hold'em Limit ($3/$6 USD) - 2016/10/09 9:39:05 ET
Table 'Franzia' 6-max Seat #2 is the button
Seat 1: Velbor107 ($385.16 in chips)
Seat 2: Shnah ($197.01 in chips)
Shnah: posts small blind $1
Velbor107: posts big blind $3
*** HOLE CARDS ***
Shnah: raises $3 to $6
Velbor107: calls $3
*** FLOP *** [Jd Td Qd]
Velbor107: checks
Shnah: bets $3
Velbor107: calls $3
*** TURN *** [Jd Td Qd] [3c]
Velbor107: checks
Shnah: checks
*** RIVER *** [Jd Td Qd 3c] [Ah]
Velbor107: checks
Shnah: checks
*** SHOW DOWN ***
Velbor107: shows [Qs 8s] (a pair of Queens)
Shnah: mucks hand
Velbor107 collected $17.64 from pot
*** SUMMARY ***
Total pot $18 | Rake $0.36
Board [Jd Td Qd 3c Ah]
Seat 1: Velbor107 (big blind) showed [Qs 8s] and won ($17.64) with a pair of Queens
Seat 2: Shnah (button) (small blind) mucked


PokerStars Hand #159686053786:  Hold'em Limit ($3/$6 USD) - 2016/10/09 9:40:05 ET
Table 'Franzia' 6-max Seat #1 is the button
Seat 1: Velbor107 ($386.80 in chips)
Seat 2: Shnah ($194.77 in chips)
Velbor107: posts small blind $1
Shnah: posts big blind $3
*** HOLE CARDS ***
Velbor107: raises $3 to $6
Shnah: calls $3
*** FLOP *** [Ad 2d 7s]
Shnah: checks
Velbor107: bets $3
Shnah: calls $3
*** TURN *** [Ad 2d 7s] [Kh]
Shnah: checks
Velbor107: bets $6
Shnah: folds
Uncalled bet ($6) returned to Velbor107
Velbor107 collected $17.64 from pot
*** SUMMARY ***
Total pot $18 | Rake $0.36
Board [Ad 2d 7s Kh]
Seat 1: Velbor107 (button) (small blind) collected ($17.64)
Seat 2: Shnah (big blind) folded on the Turn


PokerStars Hand #159686112256:  Hold'em Limit ($3/$6 USD) - 2016/10/09 9:41:35 ET
Table 'Franzia' 6-max Seat #1 is the button
Seat 1: Velbor107 ($386.08 in chips)
Seat 2: Shnah ($194.27 in chips)
Velbor107: posts small blind $1
Shnah: posts big blind $3
*** HOLE CARDS ***
Velbor107: raises $3 to $6
Shnah: raises $3 to $9
Velbor107: calls $3
*** FLOP *** [5h Ts 6c]
Shnah: bets $3
Velbor107: calls $3
*** TURN *** [5h Ts 6c] [Ah]
Shnah: bets $6
Velbor107: folds
Uncalled bet ($6) returned to Shnah
Shnah collected $23.52 from pot
*** SUMMARY ***
Total pot $24 | Rake $0.48
Board [5h Ts 6c Ah]
Seat 1: Velbor107 (button) (small blind) folded on the Turn
Seat 2: Shnah (big blind) collected ($23.52)


PokerStars Hand #159686094096:  Hold'em Limit ($3/$6 USD) - 2016/10/09 9:41:07 ET
Table 'Franzia' 6-max Seat #1 is the button
Seat 1: Velbor107 ($380.44 in chips)
Seat 2: Shnah ($200.27 in chips)
Velbor107: posts small blind $1
Shnah: posts big blind $3
*** HOLE CARDS ***
Velbor107: raises $3 to $6
Shnah: calls $3
*** FLOP *** [Kh 9h Qc]
Shnah: checks
Velbor107: bets $3
Shnah: calls $3
*** TURN *** [Kh 9h Qc] [3d]
Shnah: checks
Velbor107: bets $6
Shnah: folds
Uncalled bet ($6) returned to Velbor107
Velbor107 collected $17.64 from pot
*** SUMMARY ***
Total pot $18 | Rake $0.36
Board [Kh 9h Qc 3d]
Seat 1: Velbor107 (button) (small blind) collected ($17.64)
Seat 2: Shnah (big blind) folded on the Turn


PokerStars Hand #159686065319:  Hold'em Limit ($3/$6 USD) - 2016/10/09 9:40:23 ET
Table 'Franzia' 6-max Seat #2 is the button
Seat 1: Velbor107 ($395.44 in chips)
Seat 2: Shnah ($185.77 in chips)
Shnah: posts small blind $1
Velbor107: posts big blind $3
*** HOLE CARDS ***
Shnah: raises $3 to $6
Velbor107: calls $3
*** FLOP *** [4c 2c Js]
Velbor107: checks
Shnah: bets $3
Velbor107: calls $3
*** TURN *** [4c 2c Js] [8s]
Velbor107: checks
Shnah: bets $6
Velbor107: calls $6
*** RIVER *** [4c 2c Js 8s] [Qc]
Velbor107: checks
Shnah: checks
*** SHOW DOWN ***
Velbor107: shows [Ad 7c] (high card Ace)
Shnah: shows [As 9d] (high card Ace - Queen+Jack+Nine kicker)
Shnah collected $29.50 from pot
*** SUMMARY ***
Total pot $30 | Rake $0.50
Board [4c 2c Js 8s Qc]
Seat 1: Velbor107 (big blind) showed [Ad 7c] and lost with high card Ace
Seat 2: Shnah (button) (small blind) showed [As 9d] and won ($29.50) with high card Ace


PokerStars Hand #159686144523:  Hold'em Limit ($3/$6 USD) - 2016/10/09 9:42:24 ET
Table 'Franzia' 6-max Seat #1 is the button
Seat 1: Velbor107 ($373.83 in chips)
Seat 2: Shnah ($205.54 in chips)
Velbor107: posts small blind $1
Shnah: posts big blind $3
*** HOLE CARDS ***
Velbor107: raises $3 to $6
Shnah: folds
Uncalled bet ($3) returned to Velbor107
Velbor107 collected $6 from pot
*** SUMMARY ***
Total pot $6 | Rake $0
Seat 1: Velbor107 (button) (small blind) collected ($6)
Seat 2: Shnah (big blind) folded before Flop


PokerStars Hand #159686140781:  Hold'em Limit ($3/$6 USD) - 2016/10/09 9:42:18 ET
Table 'Franzia' 6-max Seat #2 is the button
Seat 1: Velbor107 ($372.83 in chips)
Seat 2: Shnah ($206.54 in chips)
Shnah: posts small blind $1
Velbor107: posts big blind $3
*** HOLE CARDS ***
Shnah: folds
Uncalled bet ($2) returned to Velbor107
Velbor107 collected $2 from pot
*** SUMMARY ***
Total pot $2 | Rake $0
Seat 1: Velbor107 (big blind) collected ($2)
Seat 2: Shnah (button) (small blind) folded before Flop


PokerStars Hand #159686137471:  Hold'em Limit ($3/$6 USD) - 2016/10/09 9:42:13 ET
Table 'Franzia' 6-max Seat #1 is the button
Seat 1: Velbor107 ($373.83 in chips)
Seat 2: Shnah ($205.54 in chips)
Velbor107: posts small blind $1
Shnah: posts big blind $3
*** HOLE CARDS ***
Velbor107: folds
Uncalled bet ($2) returned to Shnah
Shnah collected $2 from pot
*** SUMMARY ***
Total pot $2 | Rake $0
Seat 1: Velbor107 (button) (small blind) folded before Flop
Seat 2: Shnah (big blind) collected ($2)


PokerStars Hand #159686123356:  Hold'em Limit ($3/$6 USD) - 2016/10/09 9:41:52 ET
Table 'Franzia' 6-max Seat #2 is the button
Seat 1: Velbor107 ($374.08 in chips)
Seat 2: Shnah ($205.79 in chips)
Shnah: posts small blind $1
Velbor107: posts big blind $3
*** HOLE CARDS ***
Shnah: raises $3 to $6
Velbor107: calls $3
*** FLOP *** [9c 8h 8s]
Velbor107: checks
Shnah: bets $3
Velbor107: calls $3
*** TURN *** [9c 8h 8s] [Tc]
Velbor107: checks
Shnah: bets $6
Velbor107: calls $6
*** RIVER *** [9c 8h 8s Tc] [8d]
Velbor107: checks
Shnah: checks
*** SHOW DOWN ***
Velbor107: shows [3d Ah] (three of a kind, Eights)
Shnah: shows [As 3s] (three of a kind, Eights)
Velbor107 collected $14.75 from pot
Shnah collected $14.75 from pot
*** SUMMARY ***
Total pot $30 | Rake $0.50
Board [9c 8h 8s Tc 8d]
Seat 1: Velbor107 (big blind) showed [3d Ah] and won ($14.75) with three of a kind, Eights
Seat 2: Shnah (button) (small blind) showed [As 3s] and won ($14.75) with three of a kind, Eights


PokerStars Hand #159686182321:  Hold'em Limit ($3/$6 USD) - 2016/10/09 9:43:22 ET
Table 'Franzia' 6-max Seat #2 is the button
Seat 1: Velbor107 ($402.97 in chips)
Seat 2: Shnah ($175.54 in chips)
Shnah: posts small blind $1
Velbor107: posts big blind $3
*** HOLE CARDS ***
Shnah: raises $3 to $6
Velbor107: calls $3
*** FLOP *** [Th 5d Ks]
Velbor107: checks
Shnah: bets $3
Velbor107: folds
Uncalled bet ($3) returned to Shnah
Shnah collected $11.76 from pot
*** SUMMARY ***
Total pot $12 | Rake $0.24
Board [Th 5d Ks]
Seat 1: Velbor107 (big blind) folded on the Flop
Seat 2: Shnah (button) (small blind) collected ($11.76)


PokerStars Hand #159686169449:  Hold'em Limit ($3/$6 USD) - 2016/10/09 9:43:03 ET
Table 'Franzia' 6-max Seat #1 is the button
Seat 1: Velbor107 ($385.47 in chips)
Seat 2: Shnah ($193.54 in chips)
Velbor107: posts small blind $1
Shnah: posts big blind $3
*** HOLE CARDS ***
Velbor107: raises $3 to $6
Shnah: calls $3
*** FLOP *** [Kc 6d 7s]
Shnah: checks
Velbor107: bets $3
Shnah: raises $3 to $6
Velbor107: calls $3
*** TURN *** [Kc 6d 7s] [6h]
Shnah: bets $6
Velbor107: raises $6 to $12
Shnah: folds
Uncalled bet ($6) returned to Velbor107
Velbor107 collected $35.50 from pot
*** SUMMARY ***
Total pot $36 | Rake $0.50
Board [Kc 6d 7s 6h]
Seat 1: Velbor107 (button) (small blind) collected ($35.50)
Seat 2: Shnah (big blind) folded on the Turn


PokerStars Hand #159686150971:  Hold'em Limit ($3/$6 USD) - 2016/10/09 9:42:34 ET
Table 'Franzia' 6-max Seat #2 is the button
Seat 1: Velbor107 ($376.83 in chips)
Seat 2: Shnah ($202.54 in chips)
Shnah: posts small blind $1
Velbor107: posts big blind $3
*** HOLE CARDS ***
Shnah: raises $3 to $6
Velbor107: raises $3 to $9
Shnah: calls $3
*** FLOP *** [4h Kd Ts]
Velbor107: bets $3
Shnah: folds
Uncalled bet ($3) returned to Velbor107
Velbor107 collected $17.64 from pot
*** SUMMARY ***
Total pot $18 | Rake $0.36
Board [4h Kd Ts]
Seat 1: Velbor107 (big blind) collected ($17.64)
Seat 2: Shnah (button) (small blind) folded on the Flop


PokerStars Hand #159686223799:  Hold'em Limit ($3/$6 USD) - 2016/10/09 9:44:28 ET
Table 'Franzia' 6-max Seat #2 is the button
Seat 1: Velbor107 ($408.23 in chips)
Seat 2: Shnah ($168.80 in chips)
Shnah: posts small blind $1
Velbor107: posts big blind $3
*** HOLE CARDS ***
Shnah: raises $3 to $6
Velbor107: calls $3
*** FLOP *** [5h Ts 6s]
Velbor107: checks
Shnah: checks
*** TURN *** [5h Ts 6s] [8s]
Velbor107: bets $6
Shnah: raises $6 to $12
Velbor107: raises $6 to $18
Shnah: calls $6
*** RIVER *** [5h Ts 6s 8s] [9d]
Velbor107: bets $6
Shnah: raises $6 to $12
Velbor107: raises $6 to $18
Shnah: calls $6
*** SHOW DOWN ***
Velbor107: shows [As 2s] (a flush, Ace high)
Shnah: mucks hand
Velbor107 collected $83.50 from pot
*** SUMMARY ***
Total pot $84 | Rake $0.50
Board [5h Ts 6s 8s 9d]
Seat 1: Velbor107 (big blind) showed [As 2s] and won ($83.50) with a flush, Ace high
Seat 2: Shnah (button) (small blind) mucked


PokerStars Hand #159686217274:  Hold'em Limit ($3/$6 USD) - 2016/10/09 9:44:18 ET
Table 'Franzia' 6-max Seat #1 is the button
Seat 1: Velbor107 ($402.47 in chips)
Seat 2: Shnah ($174.80 in chips)
Velbor107: posts small blind $1
Shnah: posts big blind $3
*** HOLE CARDS ***
Velbor107: raises $3 to $6
Shnah: calls $3
*** FLOP *** [Ah Jd Ks]
Shnah: checks
Velbor107: bets $3
Shnah: folds
Uncalled bet ($3) returned to Velbor107
Velbor107 collected $11.76 from pot
*** SUMMARY ***
Total pot $12 | Rake $0.24
Board [Ah Jd Ks]
Seat 1: Velbor107 (button) (small blind) collected ($11.76)
Seat 2: Shnah (big blind) folded on the Flop


PokerStars Hand #159686189789:  Hold'em Limit ($3/$6 USD) - 2016/10/09 9:43:34 ET
Table 'Franzia' 6-max Seat #1 is the button
Seat 1: Velbor107 ($396.97 in chips)
Seat 2: Shnah ($181.30 in chips)
Velbor107: posts small blind $1
Shnah: posts big blind $3
*** HOLE CARDS ***
Velbor107: raises $3 to $6
Shnah: calls $3
*** FLOP *** [8s Ts Jh]
Shnah: checks
Velbor107: bets $3
Shnah: calls $3
*** TURN *** [8s Ts Jh] [Ah]
Shnah: checks
Velbor107: bets $6
Shnah: raises $6 to $12
Velbor107: calls $6
*** RIVER *** [8s Ts Jh Ah] [3d]
Shnah: checks
Velbor107: bets $6
Shnah: folds
Uncalled bet ($6) returned to Velbor107
Velbor107 collected $41.50 from pot
*** SUMMARY ***
Total pot $42 | Rake $0.50
Board [8s Ts Jh Ah 3d]
Seat 1: Velbor107 (button) (small blind) collected ($41.50)
Seat 2: Shnah (big blind) folded on the River


PokerStars Hand #159686253268:  Hold'em Limit ($3/$6 USD) - 2016/10/09 9:45:13 ET
Table 'Franzia' 6-max Seat #2 is the button
Seat 1: Velbor107 ($431.73 in chips)
Seat 2: Shnah ($144.30 in chips)
Shnah: posts small blind $1
Velbor107: posts big blind $3
*** HOLE CARDS ***
Shnah: raises $3 to $6
Velbor107: calls $3
*** FLOP *** [3h 4c 9s]
Velbor107: checks
Shnah: bets $3
Velbor107: calls $3
*** TURN *** [3h 4c 9s] [Ac]
Velbor107: checks
Shnah: bets $6
Velbor107: raises $6 to $12
Shnah: calls $6
*** RIVER *** [3h 4c 9s Ac] [5h]
Velbor107: bets $6
Shnah: raises $6 to $12
Velbor107: raises $6 to $18
Shnah: raises $6 to $24
Betting is capped
Velbor107: calls $6
*** SHOW DOWN ***
Shnah: shows [9h 2h] (a straight, Ace to Five)
Velbor107: shows [6h 7c] (a straight, Three to Seven)
Velbor107 collected $89.50 from pot
*** SUMMARY ***
Total pot $90 | Rake $0.50
Board [3h 4c 9s Ac 5h]
Seat 1: Velbor107 (big blind) showed [6h 7c] and won ($89.50) with a straight, Three to Seven
Seat 2: Shnah (button) (small blind) showed [9h 2h] and lost with a straight, Ace to Five


PokerStars Hand #159686239227:  Hold'em Limit ($3/$6 USD) - 2016/10/09 9:44:52 ET
Table 'Franzia' 6-max Seat #1 is the button
Seat 1: Velbor107 ($449.73 in chips)
Seat 2: Shnah ($126.80 in chips)
Velbor107: posts small blind $1
Shnah: posts big blind $3
*** HOLE CARDS ***
Velbor107: raises $3 to $6
Shnah: calls $3
*** FLOP *** [2s Ks 9h]
Shnah: checks
Velbor107: bets $3
Shnah: raises $3 to $6
Velbor107: calls $3
*** TURN *** [2s Ks 9h] [9s]
Shnah: bets $6
Velbor107: calls $6
*** RIVER *** [2s Ks 9h 9s] [4s]
Shnah: checks
Velbor107: checks
*** SHOW DOWN ***
Shnah: shows [Qh 9d] (three of a kind, Nines)
Velbor107: mucks hand
Shnah collected $35.50 from pot
*** SUMMARY ***
Total pot $36 | Rake $0.50
Board [2s Ks 9h 9s 4s]
Seat 1: Velbor107 (button) (small blind) mucked
Seat 2: Shnah (big blind) showed [Qh 9d] and won ($35.50) with three of a kind, Nines


PokerStars Hand #159688597391:  Hold'em Limit ($3/$6 USD) - 2016/10/09 10:41:22 ET
Table 'Franzia' 6-max Seat #1 is the button
Seat 1: Velbor107 ($300 in chips)
Seat 3: pöci9 ($155.89 in chips)
Velbor107: posts small blind $1
pöci9: posts big blind $3
*** HOLE CARDS ***
Velbor107: raises $3 to $6
pöci9: calls $3
*** FLOP *** [2d 3s 5d]
pöci9: checks
Velbor107: checks
*** TURN *** [2d 3s 5d] [As]
pöci9: checks
Velbor107: checks
*** RIVER *** [2d 3s 5d As] [Qh]
pöci9: checks
Velbor107: bets $6
pöci9: folds
Uncalled bet ($6) returned to Velbor107
Velbor107 collected $11.76 from pot
*** SUMMARY ***
Total pot $12 | Rake $0.24
Board [2d 3s 5d As Qh]
Seat 1: Velbor107 (button) (small blind) collected ($11.76)
Seat 3: pöci9 (big blind) folded on the River


PokerStars Hand #159688634986:  Hold'em Limit ($3/$6 USD) - 2016/10/09 10:42:14 ET
Table 'Franzia' 6-max Seat #1 is the button
Seat 1: Velbor107 ($306.76 in chips)
Seat 3: pöci9 ($148.89 in chips)
Velbor107: posts small blind $1
pöci9: posts big blind $3
*** HOLE CARDS ***
Velbor107: raises $3 to $6
pöci9: folds
Uncalled bet ($3) returned to Velbor107
Velbor107 collected $6 from pot
*** SUMMARY ***
Total pot $6 | Rake $0
Seat 1: Velbor107 (button) (small blind) collected ($6)
Seat 3: pöci9 (big blind) folded before Flop


PokerStars Hand #159688631948:  Hold'em Limit ($3/$6 USD) - 2016/10/09 10:42:10 ET
Table 'Franzia' 6-max Seat #3 is the button
Seat 1: Velbor107 ($305.76 in chips)
Seat 3: pöci9 ($149.89 in chips)
pöci9: posts small blind $1
Velbor107: posts big blind $3
*** HOLE CARDS ***
pöci9: folds
Uncalled bet ($2) returned to Velbor107
Velbor107 collected $2 from pot
*** SUMMARY ***
Total pot $2 | Rake $0
Seat 1: Velbor107 (big blind) collected ($2)
Seat 3: pöci9 (button) (small blind) folded before Flop


PokerStars Hand #159688639993:  Hold'em Limit ($3/$6 USD) - 2016/10/09 10:42:21 ET
Table 'Franzia' 6-max Seat #3 is the button
Seat 1: Velbor107 ($309.76 in chips)
Seat 3: pöci9 ($145.89 in chips)
pöci9: posts small blind $1
Velbor107: posts big blind $3
*** HOLE CARDS ***
pöci9: calls $2
Velbor107: checks
*** FLOP *** [Qd 7h 6d]
Velbor107: checks
pöci9: bets $3
Velbor107: folds
Uncalled bet ($3) returned to pöci9
pöci9 collected $5.88 from pot
pöci9: doesn't show hand
*** SUMMARY ***
Total pot $6 | Rake $0.12
Board [Qd 7h 6d]
Seat 1: Velbor107 (big blind) folded on the Flop
Seat 3: pöci9 (button) (small blind) collected ($5.88)


PokerStars Hand #159688677257:  Hold'em Limit ($3/$6 USD) - 2016/10/09 10:43:12 ET
Table 'Franzia' 6-max Seat #3 is the button
Seat 1: Velbor107 ($297.76 in chips)
Seat 3: pöci9 ($157.41 in chips)
pöci9: posts small blind $1
Velbor107: posts big blind $3
*** HOLE CARDS ***
pöci9: folds
Uncalled bet ($2) returned to Velbor107
Velbor107 collected $2 from pot
*** SUMMARY ***
Total pot $2 | Rake $0
Seat 1: Velbor107 (big blind) collected ($2)
Seat 3: pöci9 (button) (small blind) folded before Flop


PokerStars Hand #159688655703:  Hold'em Limit ($3/$6 USD) - 2016/10/09 10:42:42 ET
Table 'Franzia' 6-max Seat #1 is the button
Seat 1: Velbor107 ($306.76 in chips)
Seat 3: pöci9 ($148.77 in chips)
Velbor107: posts small blind $1
pöci9: posts big blind $3
*** HOLE CARDS ***
Velbor107: raises $3 to $6
pöci9: raises $3 to $9
Velbor107: calls $3
*** FLOP *** [Kh Qc 4c]
pöci9: checks
Velbor107: checks
*** TURN *** [Kh Qc 4c] [4s]
pöci9: bets $6
Velbor107: folds
Uncalled bet ($6) returned to pöci9
pöci9 collected $17.64 from pot
pöci9: doesn't show hand
*** SUMMARY ***
Total pot $18 | Rake $0.36
Board [Kh Qc 4c 4s]
Seat 1: Velbor107 (button) (small blind) folded on the Turn
Seat 3: pöci9 (big blind) collected ($17.64)


PokerStars Hand #159688695555:  Hold'em Limit ($3/$6 USD) - 2016/10/09 10:43:37 ET
Table 'Franzia' 6-max Seat #1 is the button
Seat 1: Velbor107 ($290.76 in chips)
Seat 3: pöci9 ($164.05 in chips)
Velbor107: posts small blind $1
pöci9: posts big blind $3
*** HOLE CARDS ***
Velbor107: raises $3 to $6
pöci9: calls $3
*** FLOP *** [Qs 6s Td]
pöci9: checks
Velbor107: bets $3
pöci9: calls $3
*** TURN *** [Qs 6s Td] [2d]
pöci9: checks
Velbor107: bets $6
pöci9: calls $6
*** RIVER *** [Qs 6s Td 2d] [Jh]
pöci9: bets $6
Velbor107: calls $6
*** SHOW DOWN ***
pöci9: shows [Js Th] (two pair, Jacks and Tens)
Velbor107: mucks hand
pöci9 collected $41.50 from pot
*** SUMMARY ***
Total pot $42 | Rake $0.50
Board [Qs 6s Td 2d Jh]
Seat 1: Velbor107 (button) (small blind) mucked
Seat 3: pöci9 (big blind) showed [Js Th] and won ($41.50) with two pair, Jacks and Tens


PokerStars Hand #159688692395:  Hold'em Limit ($3/$6 USD) - 2016/10/09 10:43:33 ET
Table 'Franzia' 6-max Seat #3 is the button
Seat 1: Velbor107 ($289.76 in chips)
Seat 3: pöci9 ($165.05 in chips)
pöci9: posts small blind $1
Velbor107: posts big blind $3
*** HOLE CARDS ***
pöci9: folds
Uncalled bet ($2) returned to Velbor107
Velbor107 collected $2 from pot
*** SUMMARY ***
Total pot $2 | Rake $0
Seat 1: Velbor107 (big blind) collected ($2)
Seat 3: pöci9 (button) (small blind) folded before Flop


PokerStars Hand #159688680985:  Hold'em Limit ($3/$6 USD) - 2016/10/09 10:43:17 ET
Table 'Franzia' 6-max Seat #1 is the button
Seat 1: Velbor107 ($298.76 in chips)
Seat 3: pöci9 ($156.41 in chips)
Velbor107: posts small blind $1
pöci9: posts big blind $3
*** HOLE CARDS ***
Velbor107: raises $3 to $6
pöci9: raises $3 to $9
Velbor107: calls $3
*** FLOP *** [9c 7d Js]
pöci9: bets $3
Velbor107: folds
Uncalled bet ($3) returned to pöci9
pöci9 collected $17.64 from pot
pöci9: doesn't show hand
*** SUMMARY ***
Total pot $18 | Rake $0.36
Board [9c 7d Js]
Seat 1: Velbor107 (button) (small blind) folded on the Flop
Seat 3: pöci9 (big blind) collected ($17.64)


PokerStars Hand #159688739511:  Hold'em Limit ($3/$6 USD) - 2016/10/09 10:44:38 ET
Table 'Franzia' 6-max Seat #3 is the button
Seat 1: Velbor107 ($277.76 in chips)
Seat 3: pöci9 ($176.55 in chips)
pöci9: posts small blind $1
Velbor107: posts big blind $3
*** HOLE CARDS ***
pöci9: folds
Uncalled bet ($2) returned to Velbor107
Velbor107 collected $2 from pot
*** SUMMARY ***
Total pot $2 | Rake $0
Seat 1: Velbor107 (big blind) collected ($2)
Seat 3: pöci9 (button) (small blind) folded before Flop


PokerStars Hand #159688735710:  Hold'em Limit ($3/$6 USD) - 2016/10/09 10:44:32 ET
Table 'Franzia' 6-max Seat #1 is the button
Seat 1: Velbor107 ($274.76 in chips)
Seat 3: pöci9 ($179.55 in chips)
Velbor107: posts small blind $1
pöci9: posts big blind $3
*** HOLE CARDS ***
Velbor107: raises $3 to $6
pöci9: folds
Uncalled bet ($3) returned to Velbor107
Velbor107 collected $6 from pot
*** SUMMARY ***
Total pot $6 | Rake $0
Seat 1: Velbor107 (button) (small blind) collected ($6)
Seat 3: pöci9 (big blind) folded before Flop


PokerStars Hand #159688732574:  Hold'em Limit ($3/$6 USD) - 2016/10/09 10:44:28 ET
Table 'Franzia' 6-max Seat #3 is the button
Seat 1: Velbor107 ($273.76 in chips)
Seat 3: pöci9 ($180.55 in chips)
pöci9: posts small blind $1
Velbor107: posts big blind $3
*** HOLE CARDS ***
pöci9: folds
Uncalled bet ($2) returned to Velbor107
Velbor107 collected $2 from pot
*** SUMMARY ***
Total pot $2 | Rake $0
Seat 1: Velbor107 (big blind) collected ($2)
Seat 3: pöci9 (button) (small blind) folded before Flop


PokerStars Hand #159688742709:  Hold'em Limit ($3/$6 USD) - 2016/10/09 10:44:42 ET
Table 'Franzia' 6-max Seat #1 is the button
Seat 1: Velbor107 ($278.76 in chips)
Seat 3: pöci9 ($175.55 in chips)
Velbor107: posts small blind $1
pöci9: posts big blind $3
*** HOLE CARDS ***
Velbor107: folds
Uncalled bet ($2) returned to pöci9
pöci9 collected $2 from pot
pöci9: doesn't show hand
*** SUMMARY ***
Total pot $2 | Rake $0
Seat 1: Velbor107 (button) (small blind) folded before Flop
Seat 3: pöci9 (big blind) collected ($2)


PokerStars Hand #159688728218:  Hold'em Limit ($3/$6 USD) - 2016/10/09 10:44:22 ET
Table 'Franzia' 6-max Seat #1 is the button
Seat 1: Velbor107 ($270.76 in chips)
Seat 3: pöci9 ($183.55 in chips)
Velbor107: posts small blind $1
pöci9: posts big blind $3
*** HOLE CARDS ***
Velbor107: raises $3 to $6
pöci9: folds
Uncalled bet ($3) returned to Velbor107
Velbor107 collected $6 from pot
*** SUMMARY ***
Total pot $6 | Rake $0
Seat 1: Velbor107 (button) (small blind) collected ($6)
Seat 3: pöci9 (big blind) folded before Flop


PokerStars Hand #159688724836:  Hold'em Limit ($3/$6 USD) - 2016/10/09 10:44:18 ET
Table 'Franzia' 6-max Seat #3 is the button
Seat 1: Velbor107 ($269.76 in chips)
Seat 3: pöci9 ($184.55 in chips)
pöci9: posts small blind $1
Velbor107: posts big blind $3
*** HOLE CARDS ***
pöci9: folds
Uncalled bet ($2) returned to Velbor107
Velbor107 collected $2 from pot
*** SUMMARY ***
Total pot $2 | Rake $0
Seat 1: Velbor107 (big blind) collected ($2)
Seat 3: pöci9 (button) (small blind) folded before Flop


PokerStars Hand #159688779142:  Hold'em Limit ($3/$6 USD) - 2016/10/09 10:45:32 ET
Table 'Franzia' 6-max Seat #1 is the button
Seat 1: Velbor107 ($253.76 in chips)
Seat 3: pöci9 ($200.05 in chips)
Velbor107: posts small blind $1
pöci9: posts big blind $3
*** HOLE CARDS ***
Velbor107: raises $3 to $6
pöci9: folds
Uncalled bet ($3) returned to Velbor107
Velbor107 collected $6 from pot
*** SUMMARY ***
Total pot $6 | Rake $0
Seat 1: Velbor107 (button) (small blind) collected ($6)
Seat 3: pöci9 (big blind) folded before Flop


PokerStars Hand #159688810135:  Hold'em Limit ($3/$6 USD) - 2016/10/09 10:46:14 ET
Table 'Franzia' 6-max Seat #3 is the button
Seat 1: Velbor107 ($279.90 in chips)
Seat 3: pöci9 ($173.05 in chips)
pöci9: posts small blind $1
Velbor107: posts big blind $3
*** HOLE CARDS ***
pöci9: folds
Uncalled bet ($2) returned to Velbor107
Velbor107 collected $2 from pot
*** SUMMARY ***
Total pot $2 | Rake $0
Seat 1: Velbor107 (big blind) collected ($2)
Seat 3: pöci9 (button) (small blind) folded before Flop


PokerStars Hand #159688797739:  Hold'em Limit ($3/$6 USD) - 2016/10/09 10:45:58 ET
Table 'Franzia' 6-max Seat #1 is the button
Seat 1: Velbor107 ($271.26 in chips)
Seat 3: pöci9 ($182.05 in chips)
Velbor107: posts small blind $1
pöci9: posts big blind $3
*** HOLE CARDS ***
Velbor107: raises $3 to $6
pöci9: calls $3
*** FLOP *** [9s 4d 8h]
pöci9: checks
Velbor107: bets $3
pöci9: calls $3
*** TURN *** [9s 4d 8h] [9d]
pöci9: checks
Velbor107: bets $6
pöci9: folds
Uncalled bet ($6) returned to Velbor107
Velbor107 collected $17.64 from pot
*** SUMMARY ***
Total pot $18 | Rake $0.36
Board [9s 4d 8h 9d]
Seat 1: Velbor107 (button) (small blind) collected ($17.64)
Seat 3: pöci9 (big blind) folded on the Turn


PokerStars Hand #159688785135:  Hold'em Limit ($3/$6 USD) - 2016/10/09 10:45:40 ET
Table 'Franzia' 6-max Seat #3 is the button
Seat 1: Velbor107 ($256.76 in chips)
Seat 3: pöci9 ($197.05 in chips)
pöci9: posts small blind $1
Velbor107: posts big blind $3
*** HOLE CARDS ***
pöci9: raises $3 to $6
Velbor107: calls $3
*** FLOP *** [5c 4s Ac]
Velbor107: checks
pöci9: bets $3
Velbor107: calls $3
*** TURN *** [5c 4s Ac] [Td]
Velbor107: checks
pöci9: checks
*** RIVER *** [5c 4s Ac Td] [4d]
Velbor107: bets $6
pöci9: calls $6
*** SHOW DOWN ***
Velbor107: shows [3h As] (two pair, Aces and Fours)
pöci9: mucks hand
Velbor107 collected $29.50 from pot
*** SUMMARY ***
Total pot $30 | Rake $0.50
Board [5c 4s Ac Td 4d]
Seat 1: Velbor107 (big blind) showed [3h As] and won ($29.50) with two pair, Aces and Fours
Seat 3: pöci9 (button) (small blind) mucked


PokerStars Hand #159688750589:  Hold'em Limit ($3/$6 USD) - 2016/10/09 10:44:53 ET
Table 'Franzia' 6-max Seat #3 is the button
Seat 1: Velbor107 ($277.76 in chips)
Seat 3: pöci9 ($176.55 in chips)
pöci9: posts small blind $1
Velbor107: posts big blind $3
*** HOLE CARDS ***
pöci9: raises $3 to $6
Velbor107: raises $3 to $9
pöci9: calls $3
*** FLOP *** [7h Ad Ah]
Velbor107: bets $3
pöci9: calls $3
*** TURN *** [7h Ad Ah] [7d]
Velbor107: checks
pöci9: bets $6
Velbor107: calls $6
*** RIVER *** [7h Ad Ah 7d] [9h]
Velbor107: checks
pöci9: bets $6
Velbor107: calls $6
*** SHOW DOWN ***
pöci9: shows [2c Ac] (a full house, Aces full of Sevens)
Velbor107: mucks hand
pöci9 collected $47.50 from pot
*** SUMMARY ***
Total pot $48 | Rake $0.50
Board [7h Ad Ah 7d 9h]
Seat 1: Velbor107 (big blind) mucked
Seat 3: pöci9 (button) (small blind) showed [2c Ac] and won ($47.50) with a full house, Aces full of Sevens


PokerStars Hand #159688823209:  Hold'em Limit ($3/$6 USD) - 2016/10/09 10:46:32 ET
Table 'Franzia' 6-max Seat #3 is the button
Seat 1: Velbor107 ($271.90 in chips)
Seat 3: pöci9 ($180.69 in chips)
pöci9: posts small blind $1
Velbor107: posts big blind $3
*** HOLE CARDS ***
pöci9: raises $3 to $6
Velbor107: calls $3
*** FLOP *** [3s 3c 9s]
Velbor107: checks
pöci9: bets $3
Velbor107: calls $3
*** TURN *** [3s 3c 9s] [2d]
Velbor107: checks
pöci9: bets $6
Velbor107: folds
Uncalled bet ($6) returned to pöci9
pöci9 collected $17.64 from pot
pöci9: doesn't show hand
*** SUMMARY ***
Total pot $18 | Rake $0.36
Board [3s 3c 9s 2d]
Seat 1: Velbor107 (big blind) folded on the Turn
Seat 3: pöci9 (button) (small blind) collected ($17.64)


PokerStars Hand #159688834418:  Hold'em Limit ($3/$6 USD) - 2016/10/09 10:46:48 ET
Table 'Franzia' 6-max Seat #1 is the button
Seat 1: Velbor107 ($262.90 in chips)
Seat 3: pöci9 ($189.33 in chips)
Velbor107: posts small blind $1
pöci9: posts big blind $3
*** HOLE CARDS ***
Velbor107: raises $3 to $6
pöci9: raises $3 to $9
Velbor107: raises $3 to $12
Betting is capped
pöci9: calls $3
*** FLOP *** [5c 7c Ks]
pöci9: checks
Velbor107: bets $3
pöci9: calls $3
*** TURN *** [5c 7c Ks] [5h]
pöci9: checks
Velbor107: bets $6
pöci9: calls $6
*** RIVER *** [5c 7c Ks 5h] [Ac]
pöci9: bets $6
Velbor107: folds
Uncalled bet ($6) returned to pöci9
pöci9 collected $41.50 from pot
pöci9: doesn't show hand
*** SUMMARY ***
Total pot $42 | Rake $0.50
Board [5c 7c Ks 5h Ac]
Seat 1: Velbor107 (button) (small blind) folded on the River
Seat 3: pöci9 (big blind) collected ($41.50)


PokerStars Hand #159688851459:  Hold'em Limit ($3/$6 USD) - 2016/10/09 10:47:11 ET
Table 'Franzia' 6-max Seat #3 is the button
Seat 1: Velbor107 ($241.90 in chips)
Seat 3: pöci9 ($209.83 in chips)
pöci9: posts small blind $1
Velbor107: posts big blind $3
*** HOLE CARDS ***
pöci9: folds
Uncalled bet ($2) returned to Velbor107
Velbor107 collected $2 from pot
*** SUMMARY ***
Total pot $2 | Rake $0
Seat 1: Velbor107 (big blind) collected ($2)
Seat 3: pöci9 (button) (small blind) folded before Flop


PokerStars Hand #159688813364:  Hold'em Limit ($3/$6 USD) - 2016/10/09 10:46:19 ET
Table 'Franzia' 6-max Seat #1 is the button
Seat 1: Velbor107 ($280.90 in chips)
Seat 3: pöci9 ($172.05 in chips)
Velbor107: posts small blind $1
pöci9: posts big blind $3
*** HOLE CARDS ***
Velbor107: raises $3 to $6
pöci9: raises $3 to $9
Velbor107: calls $3
*** FLOP *** [6h 3c 6d]
pöci9: checks
Velbor107: checks
*** TURN *** [6h 3c 6d] [Qd]
pöci9: bets $6
Velbor107: folds
Uncalled bet ($6) returned to pöci9
pöci9 collected $17.64 from pot
pöci9: doesn't show hand
*** SUMMARY ***
Total pot $18 | Rake $0.36
Board [6h 3c 6d Qd]
Seat 1: Velbor107 (button) (small blind) folded on the Turn
Seat 3: pöci9 (big blind) collected ($17.64)


PokerStars Hand #159688855104:  Hold'em Limit ($3/$6 USD) - 2016/10/09 10:47:16 ET
Table 'Franzia' 6-max Seat #1 is the button
Seat 1: Velbor107 ($242.90 in chips)
Seat 3: pöci9 ($208.83 in chips)
Velbor107: posts small blind $1
pöci9: posts big blind $3
*** HOLE CARDS ***
Velbor107: raises $3 to $6
pöci9: calls $3
*** FLOP *** [2d 3c 8s]
pöci9: bets $3
Velbor107: calls $3
*** TURN *** [2d 3c 8s] [2h]
pöci9: bets $6
Velbor107: calls $6
*** RIVER *** [2d 3c 8s 2h] [Qc]
pöci9: checks
Velbor107: bets $6
pöci9: calls $6
*** SHOW DOWN ***
Velbor107: shows [Qd Ad] (two pair, Queens and Deuces)
pöci9: mucks hand
Velbor107 collected $41.50 from pot
*** SUMMARY ***
Total pot $42 | Rake $0.50
Board [2d 3c 8s 2h Qc]
Seat 1: Velbor107 (button) (small blind) showed [Qd Ad] and won ($41.50) with two pair, Queens and Deuces
Seat 3: pöci9 (big blind) mucked


PokerStars Hand #159688870502:  Hold'em Limit ($3/$6 USD) - 2016/10/09 10:47:37 ET
Table 'Franzia' 6-max Seat #3 is the button
Seat 1: Velbor107 ($263.40 in chips)
Seat 3: pöci9 ($187.83 in chips)
pöci9: posts small blind $1
Velbor107: posts big blind $3
*** HOLE CARDS ***
pöci9: raises $3 to $6
Velbor107: raises $3 to $9
pöci9: raises $3 to $12
Betting is capped
Velbor107: calls $3
*** FLOP *** [2d 9s 7c]
Velbor107: checks
pöci9: checks
*** TURN *** [2d 9s 7c] [Kd]
Velbor107: checks
pöci9: bets $6
Velbor107: calls $6
*** RIVER *** [2d 9s 7c Kd] [Tc]
Velbor107: bets $6
pöci9: folds
Uncalled bet ($6) returned to Velbor107
Velbor107 collected $35.50 from pot
*** SUMMARY ***
Total pot $36 | Rake $0.50
Board [2d 9s 7c Kd Tc]
Seat 1: Velbor107 (big blind) collected ($35.50)
Seat 3: pöci9 (button) (small blind) folded on the River


PokerStars Hand #159688913278:  Hold'em Limit ($3/$6 USD) - 2016/10/09 10:48:35 ET
Table 'Franzia' 6-max Seat #3 is the button
Seat 1: Velbor107 ($301.40 in chips)
Seat 3: pöci9 ($148.83 in chips)
pöci9: posts small blind $1
Velbor107: posts big blind $3
*** HOLE CARDS ***
pöci9: folds
Uncalled bet ($2) returned to Velbor107
Velbor107 collected $2 from pot
*** SUMMARY ***
Total pot $2 | Rake $0
Seat 1: Velbor107 (big blind) collected ($2)
Seat 3: pöci9 (button) (small blind) folded before Flop


PokerStars Hand #159688887908:  Hold'em Limit ($3/$6 USD) - 2016/10/09 10:48:00 ET
Table 'Franzia' 6-max Seat #1 is the button
Seat 1: Velbor107 ($280.90 in chips)
Seat 3: pöci9 ($169.83 in chips)
Velbor107: posts small blind $1
pöci9: posts big blind $3
*** HOLE CARDS ***
Velbor107: raises $3 to $6
pöci9: calls $3
*** FLOP *** [Td 6c 8h]
pöci9: checks
Velbor107: bets $3
pöci9: calls $3
*** TURN *** [Td 6c 8h] [Ah]
pöci9: checks
Velbor107: bets $6
pöci9: raises $6 to $12
Velbor107: calls $6
*** RIVER *** [Td 6c 8h Ah] [3h]
pöci9: checks
Velbor107: checks
*** SHOW DOWN ***
pöci9: shows [8s 5c] (a pair of Eights)
Velbor107: shows [8c Jc] (a pair of Eights - Ace+Jack kicker)
Velbor107 collected $41.50 from pot
*** SUMMARY ***
Total pot $42 | Rake $0.50
Board [Td 6c 8h Ah 3h]
Seat 1: Velbor107 (button) (small blind) showed [8c Jc] and won ($41.50) with a pair of Eights
Seat 3: pöci9 (big blind) showed [8s 5c] and lost with a pair of Eights


PokerStars Hand #159688932671:  Hold'em Limit ($3/$6 USD) - 2016/10/09 10:49:01 ET
Table 'Franzia' 6-max Seat #1 is the button
Seat 1: Velbor107 ($298.40 in chips)
Seat 3: pöci9 ($151.83 in chips)
Velbor107: posts small blind $1
pöci9: posts big blind $3
*** HOLE CARDS ***
Velbor107: raises $3 to $6
pöci9: calls $3
*** FLOP *** [7d 7c Ah]
pöci9: checks
Velbor107: bets $3
pöci9: folds
Uncalled bet ($3) returned to Velbor107
Velbor107 collected $11.76 from pot
*** SUMMARY ***
Total pot $12 | Rake $0.24
Board [7d 7c Ah]
Seat 1: Velbor107 (button) (small blind) collected ($11.76)
Seat 3: pöci9 (big blind) folded on the Flop


PokerStars Hand #159688928980:  Hold'em Limit ($3/$6 USD) - 2016/10/09 10:48:56 ET
Table 'Franzia' 6-max Seat #3 is the button
Seat 1: Velbor107 ($297.40 in chips)
Seat 3: pöci9 ($152.83 in chips)
pöci9: posts small blind $1
Velbor107: posts big blind $3
*** HOLE CARDS ***
pöci9: folds
Uncalled bet ($2) returned to Velbor107
Velbor107 collected $2 from pot
*** SUMMARY ***
Total pot $2 | Rake $0
Seat 1: Velbor107 (big blind) collected ($2)
Seat 3: pöci9 (button) (small blind) folded before Flop


PokerStars Hand #159688925745:  Hold'em Limit ($3/$6 USD) - 2016/10/09 10:48:52 ET
Table 'Franzia' 6-max Seat #1 is the button
Seat 1: Velbor107 ($298.40 in chips)
Seat 3: pöci9 ($151.83 in chips)
Velbor107: posts small blind $1
pöci9: posts big blind $3
*** HOLE CARDS ***
Velbor107: folds
Uncalled bet ($2) returned to pöci9
pöci9 collected $2 from pot
pöci9: doesn't show hand
*** SUMMARY ***
Total pot $2 | Rake $0
Seat 1: Velbor107 (button) (small blind) folded before Flop
Seat 3: pöci9 (big blind) collected ($2)


PokerStars Hand #159688920639:  Hold'em Limit ($3/$6 USD) - 2016/10/09 10:48:45 ET
Table 'Franzia' 6-max Seat #3 is the button
Seat 1: Velbor107 ($301.40 in chips)
Seat 3: pöci9 ($148.83 in chips)
pöci9: posts small blind $1
Velbor107: posts big blind $3
*** HOLE CARDS ***
pöci9: raises $3 to $6
Velbor107: folds
Uncalled bet ($3) returned to pöci9
pöci9 collected $6 from pot
pöci9: doesn't show hand
*** SUMMARY ***
Total pot $6 | Rake $0
Seat 1: Velbor107 (big blind) folded before Flop
Seat 3: pöci9 (button) (small blind) collected ($6)


PokerStars Hand #159688917151:  Hold'em Limit ($3/$6 USD) - 2016/10/09 10:48:40 ET
Table 'Franzia' 6-max Seat #1 is the button
Seat 1: Velbor107 ($302.40 in chips)
Seat 3: pöci9 ($147.83 in chips)
Velbor107: posts small blind $1
pöci9: posts big blind $3
*** HOLE CARDS ***
Velbor107: folds
Uncalled bet ($2) returned to pöci9
pöci9 collected $2 from pot
pöci9: doesn't show hand
*** SUMMARY ***
Total pot $2 | Rake $0
Seat 1: Velbor107 (button) (small blind) folded before Flop
Seat 3: pöci9 (big blind) collected ($2)


PokerStars Hand #159688943375:  Hold'em Limit ($3/$6 USD) - 2016/10/09 10:49:16 ET
Table 'Franzia' 6-max Seat #3 is the button
Seat 1: Velbor107 ($304.16 in chips)
Seat 3: pöci9 ($145.83 in chips)
pöci9: posts small blind $1
Velbor107: posts big blind $3
*** HOLE CARDS ***
pöci9: raises $3 to $6
Velbor107: calls $3
*** FLOP *** [8d Tc 3c]
Velbor107: checks
pöci9: bets $3
Velbor107: raises $3 to $6
pöci9: raises $3 to $9
Velbor107: raises $3 to $12
Betting is capped
pöci9: calls $3
*** TURN *** [8d Tc 3c] [7h]
Velbor107: bets $6
pöci9: calls $6
*** RIVER *** [8d Tc 3c 7h] [3h]
Velbor107: bets $6
pöci9: raises $6 to $12
Velbor107: calls $6
*** SHOW DOWN ***
pöci9: shows [3s 6s] (three of a kind, Threes)
Velbor107: mucks hand
pöci9 collected $71.50 from pot
*** SUMMARY ***
Total pot $72 | Rake $0.50
Board [8d Tc 3c 7h 3h]
Seat 1: Velbor107 (big blind) mucked
Seat 3: pöci9 (button) (small blind) showed [3s 6s] and won ($71.50) with three of a kind, Threes


PokerStars Hand #159688985937:  Hold'em Limit ($3/$6 USD) - 2016/10/09 10:50:14 ET
Table 'Franzia' 6-max Seat #3 is the button
Seat 1: Velbor107 ($296.66 in chips)
Seat 3: pöci9 ($152.33 in chips)
pöci9: posts small blind $1
Velbor107: posts big blind $3
*** HOLE CARDS ***
pöci9: folds
Uncalled bet ($2) returned to Velbor107
Velbor107 collected $2 from pot
*** SUMMARY ***
Total pot $2 | Rake $0
Seat 1: Velbor107 (big blind) collected ($2)
Seat 3: pöci9 (button) (small blind) folded before Flop


PokerStars Hand #159688982630:  Hold'em Limit ($3/$6 USD) - 2016/10/09 10:50:09 ET
Table 'Franzia' 6-max Seat #1 is the button
Seat 1: Velbor107 ($297.66 in chips)
Seat 3: pöci9 ($151.33 in chips)
Velbor107: posts small blind $1
pöci9: posts big blind $3
*** HOLE CARDS ***
Velbor107: folds
Uncalled bet ($2) returned to pöci9
pöci9 collected $2 from pot
pöci9: doesn't show hand
*** SUMMARY ***
Total pot $2 | Rake $0
Seat 1: Velbor107 (button) (small blind) folded before Flop
Seat 3: pöci9 (big blind) collected ($2)


PokerStars Hand #159688979395:  Hold'em Limit ($3/$6 USD) - 2016/10/09 10:50:05 ET
Table 'Franzia' 6-max Seat #3 is the button
Seat 1: Velbor107 ($296.66 in chips)
Seat 3: pöci9 ($152.33 in chips)
pöci9: posts small blind $1
Velbor107: posts big blind $3
*** HOLE CARDS ***
pöci9: folds
Uncalled bet ($2) returned to Velbor107
Velbor107 collected $2 from pot
*** SUMMARY ***
Total pot $2 | Rake $0
Seat 1: Velbor107 (big blind) collected ($2)
Seat 3: pöci9 (button) (small blind) folded before Flop


PokerStars Hand #159688974633:  Hold'em Limit ($3/$6 USD) - 2016/10/09 10:49:58 ET
Table 'Franzia' 6-max Seat #1 is the button
Seat 1: Velbor107 ($293.66 in chips)
Seat 3: pöci9 ($155.33 in chips)
Velbor107: posts small blind $1
pöci9: posts big blind $3
*** HOLE CARDS ***
Velbor107: raises $3 to $6
pöci9: folds
Uncalled bet ($3) returned to Velbor107
Velbor107 collected $6 from pot
*** SUMMARY ***
Total pot $6 | Rake $0
Seat 1: Velbor107 (button) (small blind) collected ($6)
Seat 3: pöci9 (big blind) folded before Flop


PokerStars Hand #159688961009:  Hold'em Limit ($3/$6 USD) - 2016/10/09 10:49:40 ET
Table 'Franzia' 6-max Seat #3 is the button
Seat 1: Velbor107 ($267.16 in chips)
Seat 3: pöci9 ($182.33 in chips)
pöci9: posts small blind $1
Velbor107: posts big blind $3
*** HOLE CARDS ***
pöci9: raises $3 to $6
Velbor107: raises $3 to $9
pöci9: raises $3 to $12
Betting is capped
Velbor107: calls $3
*** FLOP *** [5d Qs Ts]
Velbor107: bets $3
pöci9: calls $3
*** TURN *** [5d Qs Ts] [4s]
Velbor107: bets $6
pöci9: calls $6
*** RIVER *** [5d Qs Ts 4s] [3c]
Velbor107: bets $6
pöci9: calls $6
*** SHOW DOWN ***
Velbor107: shows [Tc Jh] (a pair of Tens)
pöci9: mucks hand
Velbor107 collected $53.50 from pot
*** SUMMARY ***
Total pot $54 | Rake $0.50
Board [5d Qs Ts 4s 3c]
Seat 1: Velbor107 (big blind) showed [Tc Jh] and won ($53.50) with a pair of Tens
Seat 3: pöci9 (button) (small blind) mucked


PokerStars Hand #159689024938:  Hold'em Limit ($3/$6 USD) - 2016/10/09 10:51:07 ET
Table 'Franzia' 6-max Seat #3 is the button
Seat 1: Velbor107 ($273.42 in chips)
Seat 3: pöci9 ($174.83 in chips)
pöci9: posts small blind $1
Velbor107: posts big blind $3
*** HOLE CARDS ***
pöci9: raises $3 to $6
Velbor107: raises $3 to $9
pöci9: calls $3
*** FLOP *** [8h 6c 9c]
Velbor107: bets $3
pöci9: folds
Uncalled bet ($3) returned to Velbor107
cheeestar198 joins the table at seat #2
Velbor107 collected $17.64 from pot
*** SUMMARY ***
Total pot $18 | Rake $0.36
Board [8h 6c 9c]
Seat 1: Velbor107 (big blind) collected ($17.64)
Seat 3: pöci9 (button) (small blind) folded on the Flop


PokerStars Hand #159689019453:  Hold'em Limit ($3/$6 USD) - 2016/10/09 10:50:59 ET
Table 'Franzia' 6-max Seat #1 is the button
Seat 1: Velbor107 ($267.66 in chips)
Seat 3: pöci9 ($180.83 in chips)
Velbor107: posts small blind $1
pöci9: posts big blind $3
*** HOLE CARDS ***
Velbor107: raises $3 to $6
pöci9: calls $3
*** FLOP *** [6s Qd 2s]
pöci9: checks
Velbor107: bets $3
pöci9: folds
Uncalled bet ($3) returned to Velbor107
Velbor107 collected $11.76 from pot
*** SUMMARY ***
Total pot $12 | Rake $0.24
Board [6s Qd 2s]
Seat 1: Velbor107 (button) (small blind) collected ($11.76)
Seat 3: pöci9 (big blind) folded on the Flop


PokerStars Hand #159689001071:  Hold'em Limit ($3/$6 USD) - 2016/10/09 10:50:34 ET
Table 'Franzia' 6-max Seat #3 is the button
Seat 1: Velbor107 ($300.66 in chips)
Seat 3: pöci9 ($148.33 in chips)
pöci9: posts small blind $1
Velbor107: posts big blind $3
*** HOLE CARDS ***
pöci9: calls $2
Velbor107: raises $3 to $6
pöci9: calls $3
*** FLOP *** [5s Jd 6h]
Velbor107: bets $3
pöci9: calls $3
*** TURN *** [5s Jd 6h] [7s]
Velbor107: bets $6
pöci9: calls $6
*** RIVER *** [5s Jd 6h 7s] [2d]
Velbor107: checks
pöci9: bets $6
Velbor107: raises $6 to $12
pöci9: raises $6 to $18
Velbor107: calls $6
*** SHOW DOWN ***
pöci9: shows [4h 3c] (a straight, Three to Seven)
Velbor107: mucks hand
pöci9 collected $65.50 from pot
*** SUMMARY ***
Total pot $66 | Rake $0.50
Board [5s Jd 6h 7s 2d]
Seat 1: Velbor107 (big blind) mucked
Seat 3: pöci9 (button) (small blind) showed [4h 3c] and won ($65.50) with a straight, Three to Seven


PokerStars Hand #159688997197:  Hold'em Limit ($3/$6 USD) - 2016/10/09 10:50:29 ET
Table 'Franzia' 6-max Seat #1 is the button
Seat 1: Velbor107 ($301.66 in chips)
Seat 3: pöci9 ($147.33 in chips)
Velbor107: posts small blind $1
pöci9: posts big blind $3
*** HOLE CARDS ***
Velbor107: folds
Uncalled bet ($2) returned to pöci9
pöci9 collected $2 from pot
pöci9: doesn't show hand
*** SUMMARY ***
Total pot $2 | Rake $0
Seat 1: Velbor107 (button) (small blind) folded before Flop
Seat 3: pöci9 (big blind) collected ($2)


PokerStars Hand #159688993246:  Hold'em Limit ($3/$6 USD) - 2016/10/09 10:50:24 ET
Table 'Franzia' 6-max Seat #3 is the button
Seat 1: Velbor107 ($300.66 in chips)
Seat 3: pöci9 ($148.33 in chips)
pöci9: posts small blind $1
Velbor107: posts big blind $3
*** HOLE CARDS ***
pöci9: folds
Uncalled bet ($2) returned to Velbor107
Velbor107 collected $2 from pot
*** SUMMARY ***
Total pot $2 | Rake $0
Seat 1: Velbor107 (big blind) collected ($2)
Seat 3: pöci9 (button) (small blind) folded before Flop


PokerStars Hand #159688988956:  Hold'em Limit ($3/$6 USD) - 2016/10/09 10:50:18 ET
Table 'Franzia' 6-max Seat #1 is the button
Seat 1: Velbor107 ($297.66 in chips)
Seat 3: pöci9 ($151.33 in chips)
Velbor107: posts small blind $1
pöci9: posts big blind $3
*** HOLE CARDS ***
Velbor107: raises $3 to $6
pöci9: folds
Uncalled bet ($3) returned to Velbor107
Velbor107 collected $6 from pot
*** SUMMARY ***
Total pot $6 | Rake $0
Seat 1: Velbor107 (button) (small blind) collected ($6)
Seat 3: pöci9 (big blind) folded before Flop


PokerStars Hand #159695662807:  Hold'em Limit ($3/$6 USD) - 2016/10/09 12:57:32 ET
Table 'Franzia' 6-max Seat #1 is the button
Seat 1: Dennis410 ($144.94 in chips)
Seat 5: Luanto 14 ($328.06 in chips)
Dennis410: posts small blind $1
sim5sim5: is sitting out
boony444: is sitting out
Luanto 14: posts big blind $3
*** HOLE CARDS ***
boony444 leaves the table
Dennis410: folds
Uncalled bet ($2) returned to Luanto 14
Luanto 14 collected $2 from pot
Luanto 14: doesn't show hand
*** SUMMARY ***
Total pot $2 | Rake $0
Seat 1: Dennis410 (button) (small blind) folded before Flop
Seat 5: Luanto 14 (big blind) collected ($2)


PokerStars Hand #159695687623:  Hold'em Limit ($3/$6 USD) - 2016/10/09 12:58:07 ET
Table 'Franzia' 6-max Seat #1 is the button
Seat 1: Dennis410 ($155.46 in chips)
Seat 5: Luanto 14 ($317.06 in chips)
Dennis410: posts small blind $1
Luanto 14: posts big blind $3
*** HOLE CARDS ***
Dennis410: raises $3 to $6
Luanto 14: calls $3
*** FLOP *** [6s 7s 7d]
Luanto 14: checks
sim5sim5 leaves the table
Dennis410: bets $3
Luanto 14: raises $3 to $6
Dennis410: calls $3
*** TURN *** [6s 7s 7d] [9s]
Luanto 14: bets $6
Dennis410: calls $6
*** RIVER *** [6s 7s 7d 9s] [5h]
Luanto 14: bets $6
Dennis410: calls $6
*** SHOW DOWN ***
Luanto 14: shows [Qh 9d] (two pair, Nines and Sevens)
Dennis410: mucks hand
Luanto 14 collected $47.50 from pot
*** SUMMARY ***
Total pot $48 | Rake $0.50
Board [6s 7s 7d 9s 5h]
Seat 1: Dennis410 (button) (small blind) mucked
Seat 5: Luanto 14 (big blind) showed [Qh 9d] and won ($47.50) with two pair, Nines and Sevens


PokerStars Hand #159695667866:  Hold'em Limit ($3/$6 USD) - 2016/10/09 12:57:39 ET
Table 'Franzia' 6-max Seat #5 is the button
Seat 1: Dennis410 ($143.94 in chips)
Seat 5: Luanto 14 ($329.06 in chips)
Luanto 14: posts small blind $1
Dennis410: posts big blind $3
*** HOLE CARDS ***
Luanto 14: raises $3 to $6
Dennis410: calls $3
*** FLOP *** [4h 3h 3d]
Dennis410: checks
Luanto 14: bets $3
Dennis410: raises $3 to $6
Luanto 14: calls $3
*** TURN *** [4h 3h 3d] [Ah]
Dennis410: bets $6
Luanto 14: folds
Uncalled bet ($6) returned to Dennis410
Dennis410 collected $23.52 from pot
*** SUMMARY ***
Total pot $24 | Rake $0.48
Board [4h 3h 3d Ah]
Seat 1: Dennis410 (big blind) collected ($23.52)
Seat 5: Luanto 14 (button) (small blind) folded on the Turn


