PokerStars Hand #163387995593:  Hold'em Limit ($3/$6 USD) - 2016/12/23 7:38:45 ET
Table 'Franzia' 6-max Seat #4 is the button
Seat 1: C101shark ($83.76 in chips)
Seat 4: AzureCaper ($72 in chips)
AzureCaper: posts small blind $1
C101shark: posts big blind $3
*** HOLE CARDS ***
AzureCaper: raises $3 to $6
C101shark: raises $3 to $9
AzureCaper: calls $3
*** FLOP *** [9d Kd 2d]
C101shark: bets $3
AzureCaper: folds
Uncalled bet ($3) returned to C101shark
C101shark collected $17.64 from pot
C101shark: doesn't show hand
*** SUMMARY ***
Total pot $18 | Rake $0.36
Board [9d Kd 2d]
Seat 1: C101shark (big blind) collected ($17.64)
Seat 4: AzureCaper (button) (small blind) folded on the Flop


PokerStars Hand #163387985376:  Hold'em Limit ($3/$6 USD) - 2016/12/23 7:38:26 ET
Table 'Franzia' 6-max Seat #1 is the button
Seat 1: C101shark ($78 in chips)
Seat 4: AzureCaper ($72 in chips)
C101shark: posts small blind $1
AzureCaper: posts big blind $3
*** HOLE CARDS ***
C101shark: raises $3 to $6
AzureCaper: calls $3
*** FLOP *** [Jc 3s Jh]
AzureCaper: checks
C101shark: bets $3
AzureCaper: folds
Uncalled bet ($3) returned to C101shark
C101shark collected $11.76 from pot
C101shark: doesn't show hand
*** SUMMARY ***
Total pot $12 | Rake $0.24
Board [Jc 3s Jh]
Seat 1: C101shark (button) (small blind) collected ($11.76)
Seat 4: AzureCaper (big blind) folded on the Flop


PokerStars Hand #163388021053:  Hold'em Limit ($3/$6 USD) - 2016/12/23 7:39:30 ET
Table 'Franzia' 6-max Seat #4 is the button
Seat 1: C101shark ($98.16 in chips)
Seat 4: AzureCaper ($72 in chips)
AzureCaper: posts small blind $1
C101shark: posts big blind $3
*** HOLE CARDS ***
AzureCaper: raises $3 to $6
C101shark: calls $3
*** FLOP *** [2d 6d 9d]
C101shark: checks
AzureCaper: bets $3
C101shark: folds
Uncalled bet ($3) returned to AzureCaper
AzureCaper collected $11.76 from pot
AzureCaper: doesn't show hand
*** SUMMARY ***
Total pot $12 | Rake $0.24
Board [2d 6d 9d]
Seat 1: C101shark (big blind) folded on the Flop
Seat 4: AzureCaper (button) (small blind) collected ($11.76)


PokerStars Hand #163388008515:  Hold'em Limit ($3/$6 USD) - 2016/12/23 7:39:08 ET
Table 'Franzia' 6-max Seat #1 is the button
Seat 1: C101shark ($92.40 in chips)
Seat 4: AzureCaper ($72 in chips)
C101shark: posts small blind $1
AzureCaper: posts big blind $3
*** HOLE CARDS ***
C101shark: raises $3 to $6
AzureCaper: calls $3
*** FLOP *** [6d 5d 6c]
AzureCaper: checks
C101shark: checks
*** TURN *** [6d 5d 6c] [Kh]
AzureCaper: checks
C101shark: bets $6
AzureCaper: folds
Uncalled bet ($6) returned to C101shark
C101shark collected $11.76 from pot
C101shark: doesn't show hand
*** SUMMARY ***
Total pot $12 | Rake $0.24
Board [6d 5d 6c Kh]
Seat 1: C101shark (button) (small blind) collected ($11.76)
Seat 4: AzureCaper (big blind) folded on the Turn


PokerStars Hand #163388053583:  Hold'em Limit ($3/$6 USD) - 2016/12/23 7:40:28 ET
Table 'Franzia' 6-max Seat #4 is the button
Seat 1: C101shark ($68.16 in chips)
Seat 4: AzureCaper ($101.26 in chips)
AzureCaper: posts small blind $1
C101shark: posts big blind $3
*** HOLE CARDS ***
AzureCaper: folds
Uncalled bet ($2) returned to C101shark
C101shark collected $2 from pot
C101shark: doesn't show hand
*** SUMMARY ***
Total pot $2 | Rake $0
Seat 1: C101shark (big blind) collected ($2)
Seat 4: AzureCaper (button) (small blind) folded before Flop


PokerStars Hand #163388027558:  Hold'em Limit ($3/$6 USD) - 2016/12/23 7:39:42 ET
Table 'Franzia' 6-max Seat #1 is the button
Seat 1: C101shark ($92.16 in chips)
Seat 4: AzureCaper ($77.76 in chips)
C101shark: posts small blind $1
AzureCaper: posts big blind $3
*** HOLE CARDS ***
C101shark: raises $3 to $6
AzureCaper: raises $3 to $9
C101shark: calls $3
*** FLOP *** [5c 2h 8d]
AzureCaper: checks
C101shark: bets $3
AzureCaper: calls $3
*** TURN *** [5c 2h 8d] [3s]
AzureCaper: checks
C101shark: bets $6
AzureCaper: calls $6
*** RIVER *** [5c 2h 8d 3s] [4d]
AzureCaper: checks
C101shark: bets $6
AzureCaper: raises $6 to $12
C101shark: folds
Uncalled bet ($6) returned to AzureCaper
AzureCaper collected $47.50 from pot
AzureCaper: doesn't show hand
*** SUMMARY ***
Total pot $48 | Rake $0.50
Board [5c 2h 8d 3s 4d]
Seat 1: C101shark (button) (small blind) folded on the River
Seat 4: AzureCaper (big blind) collected ($47.50)


PokerStars Hand #163388068882:  Hold'em Limit ($3/$6 USD) - 2016/12/23 7:40:56 ET
Table 'Franzia' 6-max Seat #1 is the button
Seat 1: C101shark ($75.92 in chips)
Seat 4: AzureCaper ($93.26 in chips)
C101shark: posts small blind $1
AzureCaper: posts big blind $3
*** HOLE CARDS ***
C101shark: raises $3 to $6
AzureCaper: raises $3 to $9
C101shark: calls $3
*** FLOP *** [As Kd 6s]
AzureCaper: bets $3
C101shark: folds
Uncalled bet ($3) returned to AzureCaper
AzureCaper collected $17.64 from pot
*** SUMMARY ***
Total pot $18 | Rake $0.36
Board [As Kd 6s]
Seat 1: C101shark (button) (small blind) folded on the Flop
Seat 4: AzureCaper (big blind) collected ($17.64)


PokerStars Hand #163388065238:  Hold'em Limit ($3/$6 USD) - 2016/12/23 7:40:49 ET
Table 'Franzia' 6-max Seat #4 is the button
Seat 1: C101shark ($74.92 in chips)
Seat 4: AzureCaper ($94.26 in chips)
AzureCaper: posts small blind $1
C101shark: posts big blind $3
*** HOLE CARDS ***
AzureCaper: folds
Uncalled bet ($2) returned to C101shark
C101shark collected $2 from pot
C101shark: doesn't show hand
*** SUMMARY ***
Total pot $2 | Rake $0
Seat 1: C101shark (big blind) collected ($2)
Seat 4: AzureCaper (button) (small blind) folded before Flop


PokerStars Hand #163388056401:  Hold'em Limit ($3/$6 USD) - 2016/12/23 7:40:33 ET
Table 'Franzia' 6-max Seat #1 is the button
Seat 1: C101shark ($69.16 in chips)
Seat 4: AzureCaper ($100.26 in chips)
C101shark: posts small blind $1
AzureCaper: posts big blind $3
*** HOLE CARDS ***
C101shark: raises $3 to $6
AzureCaper: calls $3
*** FLOP *** [Td Ah Ts]
AzureCaper: checks
C101shark: bets $3
AzureCaper: folds
Uncalled bet ($3) returned to C101shark
C101shark collected $11.76 from pot
C101shark: doesn't show hand
*** SUMMARY ***
Total pot $12 | Rake $0.24
Board [Td Ah Ts]
Seat 1: C101shark (button) (small blind) collected ($11.76)
Seat 4: AzureCaper (big blind) folded on the Flop


PokerStars Hand #163388083003:  Hold'em Limit ($3/$6 USD) - 2016/12/23 7:41:21 ET
Table 'Franzia' 6-max Seat #1 is the button
Seat 1: C101shark ($75.56 in chips)
Seat 4: AzureCaper ($92.90 in chips)
C101shark: posts small blind $1
AzureCaper: posts big blind $3
*** HOLE CARDS ***
C101shark: raises $3 to $6
AzureCaper: calls $3
*** FLOP *** [As 5c 8d]
AzureCaper: checks
C101shark: bets $3
AzureCaper: folds
Uncalled bet ($3) returned to C101shark
C101shark collected $11.76 from pot
C101shark: doesn't show hand
*** SUMMARY ***
Total pot $12 | Rake $0.24
Board [As 5c 8d]
Seat 1: C101shark (button) (small blind) collected ($11.76)
Seat 4: AzureCaper (big blind) folded on the Flop


PokerStars Hand #163388090566:  Hold'em Limit ($3/$6 USD) - 2016/12/23 7:41:34 ET
Table 'Franzia' 6-max Seat #4 is the button
Seat 1: C101shark ($81.32 in chips)
Seat 4: AzureCaper ($86.90 in chips)
AzureCaper: posts small blind $1
C101shark: posts big blind $3
*** HOLE CARDS ***
AzureCaper: folds
Uncalled bet ($2) returned to C101shark
C101shark collected $2 from pot
C101shark: doesn't show hand
*** SUMMARY ***
Total pot $2 | Rake $0
Seat 1: C101shark (big blind) collected ($2)
Seat 4: AzureCaper (button) (small blind) folded before Flop


PokerStars Hand #163388074695:  Hold'em Limit ($3/$6 USD) - 2016/12/23 7:41:06 ET
Table 'Franzia' 6-max Seat #4 is the button
Seat 1: C101shark ($66.92 in chips)
Seat 4: AzureCaper ($101.90 in chips)
AzureCaper: posts small blind $1
C101shark: posts big blind $3
*** HOLE CARDS ***
AzureCaper: raises $3 to $6
C101shark: raises $3 to $9
AzureCaper: calls $3
*** FLOP *** [7d Jd 2d]
C101shark: bets $3
AzureCaper: folds
Uncalled bet ($3) returned to C101shark
C101shark collected $17.64 from pot
C101shark: doesn't show hand
*** SUMMARY ***
Total pot $18 | Rake $0.36
Board [7d Jd 2d]
Seat 1: C101shark (big blind) collected ($17.64)
Seat 4: AzureCaper (button) (small blind) folded on the Flop


PokerStars Hand #163388093485:  Hold'em Limit ($3/$6 USD) - 2016/12/23 7:41:40 ET
Table 'Franzia' 6-max Seat #1 is the button
Seat 1: C101shark ($82.32 in chips)
Seat 4: AzureCaper ($85.90 in chips)
C101shark: posts small blind $1
AzureCaper: posts big blind $3
*** HOLE CARDS ***
C101shark: raises $3 to $6
AzureCaper: raises $3 to $9
C101shark: calls $3
*** FLOP *** [4c 3s 2c]
AzureCaper: bets $3
C101shark: raises $3 to $6
AzureCaper: calls $3
*** TURN *** [4c 3s 2c] [3h]
AzureCaper: checks
C101shark: bets $6
AzureCaper: raises $6 to $12
C101shark: calls $6
*** RIVER *** [4c 3s 2c 3h] [Js]
AzureCaper: bets $6
C101shark: calls $6
*** SHOW DOWN ***
AzureCaper: shows [9h 9c] (two pair, Nines and Threes)
C101shark: mucks hand
AzureCaper collected $65.50 from pot
*** SUMMARY ***
Total pot $66 | Rake $0.50
Board [4c 3s 2c 3h Js]
Seat 1: C101shark (button) (small blind) mucked
Seat 4: AzureCaper (big blind) showed [9h 9c] and won ($65.50) with two pair, Nines and Threes


PokerStars Hand #163388108500:  Hold'em Limit ($3/$6 USD) - 2016/12/23 7:42:07 ET
Table 'Franzia' 6-max Seat #4 is the button
Seat 1: C101shark ($49.32 in chips)
Seat 4: AzureCaper ($118.40 in chips)
AzureCaper: posts small blind $1
C101shark: posts big blind $3
*** HOLE CARDS ***
AzureCaper: raises $3 to $6
C101shark: calls $3
*** FLOP *** [2s Ks 9h]
C101shark: checks
AzureCaper: bets $3
C101shark: raises $3 to $6
AzureCaper: calls $3
*** TURN *** [2s Ks 9h] [6h]
C101shark: bets $6
AzureCaper: calls $6
*** RIVER *** [2s Ks 9h 6h] [3d]
C101shark: bets $6
AzureCaper: calls $6
*** SHOW DOWN ***
C101shark: shows [Qs 2h] (a pair of Deuces)
AzureCaper: shows [7d 7c] (a pair of Sevens)
AzureCaper collected $47.50 from pot
*** SUMMARY ***
Total pot $48 | Rake $0.50
Board [2s Ks 9h 6h 3d]
Seat 1: C101shark (big blind) showed [Qs 2h] and lost with a pair of Deuces
Seat 4: AzureCaper (button) (small blind) showed [7d 7c] and won ($47.50) with a pair of Sevens


PokerStars Hand #163388120154:  Hold'em Limit ($3/$6 USD) - 2016/12/23 7:42:28 ET
Table 'Franzia' 6-max Seat #1 is the button
Seat 1: C101shark ($25.32 in chips)
Seat 4: AzureCaper ($141.90 in chips)
C101shark: posts small blind $1
AzureCaper: posts big blind $3
*** HOLE CARDS ***
C101shark: raises $3 to $6
AzureCaper: calls $3
*** FLOP *** [3d 2d 9c]
AzureCaper: checks
C101shark: bets $3
AzureCaper: raises $3 to $6
C101shark: calls $3
*** TURN *** [3d 2d 9c] [4h]
AzureCaper: bets $6
C101shark: calls $6
*** RIVER *** [3d 2d 9c 4h] [As]
AzureCaper: bets $6
C101shark: folds
Uncalled bet ($6) returned to AzureCaper
AzureCaper collected $35.50 from pot
AzureCaper: doesn't show hand
*** SUMMARY ***
Total pot $36 | Rake $0.50
Board [3d 2d 9c 4h As]
Seat 1: C101shark (button) (small blind) folded on the River
Seat 4: AzureCaper (big blind) collected ($35.50)


PokerStars Hand #163388138770:  Hold'em Limit ($3/$6 USD) - 2016/12/23 7:43:01 ET
Table 'Franzia' 6-max Seat #1 is the button
Seat 1: C101shark ($14.35 in chips)
Seat 4: AzureCaper ($152.08 in chips)
C101shark: posts small blind $1
AzureCaper: posts big blind $3
*** HOLE CARDS ***
C101shark: raises $3 to $6
AzureCaper: calls $3
*** FLOP *** [3d 2d Kd]
AzureCaper: checks
C101shark: bets $3
AzureCaper: raises $3 to $6
C101shark: folds
Uncalled bet ($3) returned to AzureCaper
AzureCaper collected $17.64 from pot
AzureCaper: doesn't show hand
*** SUMMARY ***
Total pot $18 | Rake $0.36
Board [3d 2d Kd]
Seat 1: C101shark (button) (small blind) folded on the Flop
Seat 4: AzureCaper (big blind) collected ($17.64)


PokerStars Hand #163388129943:  Hold'em Limit ($3/$6 USD) - 2016/12/23 7:42:45 ET
Table 'Franzia' 6-max Seat #4 is the button
Seat 1: C101shark ($7.32 in chips)
Seat 4: AzureCaper ($159.40 in chips)
AzureCaper: posts small blind $1
C101shark: posts big blind $3
*** HOLE CARDS ***
AzureCaper: raises $3 to $6
C101shark: raises $1.32 to $7.32 and is all-in
AzureCaper: calls $1.32
*** FLOP *** [9s 9c 2d]
*** TURN *** [9s 9c 2d] [6h]
*** RIVER *** [9s 9c 2d 6h] [5d]
*** SHOW DOWN ***
C101shark: shows [Kc 6c] (two pair, Nines and Sixes)
AzureCaper: shows [Jd Ts] (a pair of Nines)
C101shark collected $14.35 from pot
*** SUMMARY ***
Total pot $14.64 | Rake $0.29
Board [9s 9c 2d 6h 5d]
Seat 1: C101shark (big blind) showed [Kc 6c] and won ($14.35) with two pair, Nines and Sixes
Seat 4: AzureCaper (button) (small blind) showed [Jd Ts] and lost with a pair of Nines


PokerStars Hand #163388146399:  Hold'em Limit ($3/$6 USD) - 2016/12/23 7:43:15 ET
Table 'Franzia' 6-max Seat #4 is the button
Seat 1: C101shark ($5.35 in chips)
Seat 4: AzureCaper ($160.72 in chips)
AzureCaper: posts small blind $1
C101shark: posts big blind $3
*** HOLE CARDS ***
AzureCaper: folds
Uncalled bet ($2) returned to C101shark
C101shark collected $2 from pot
C101shark: doesn't show hand
*** SUMMARY ***
Total pot $2 | Rake $0
Seat 1: C101shark (big blind) collected ($2)
Seat 4: AzureCaper (button) (small blind) folded before Flop


PokerStars Hand #163388149471:  Hold'em Limit ($3/$6 USD) - 2016/12/23 7:43:21 ET
Table 'Franzia' 6-max Seat #1 is the button
Seat 1: C101shark ($6.35 in chips)
Seat 4: AzureCaper ($159.72 in chips)
C101shark: posts small blind $1
AzureCaper: posts big blind $3
*** HOLE CARDS ***
C101shark: raises $3 to $6
AzureCaper: calls $3
*** FLOP *** [6d 2s Jh]
AzureCaper: checks
C101shark: checks
*** TURN *** [6d 2s Jh] [7h]
AzureCaper: bets $6
C101shark: calls $0.35 and is all-in
Uncalled bet ($5.65) returned to AzureCaper
*** RIVER *** [6d 2s Jh 7h] [4h]
*** SHOW DOWN ***
AzureCaper: shows [9s 9d] (a pair of Nines)
C101shark: shows [Kd 4c] (a pair of Fours)
AzureCaper collected $12.45 from pot
*** SUMMARY ***
Total pot $12.70 | Rake $0.25
Board [6d 2s Jh 7h 4h]
Seat 1: C101shark (button) (small blind) showed [Kd 4c] and lost with a pair of Fours
Seat 4: AzureCaper (big blind) showed [9s 9d] and won ($12.45) with a pair of Nines


PokerStars Hand #163388170179:  Hold'em Limit ($3/$6 USD) - 2016/12/23 7:43:58 ET
Table 'Franzia' 6-max Seat #1 is the button
Seat 1: C101shark ($62.64 in chips)
Seat 4: AzureCaper ($156.82 in chips)
C101shark: posts small blind $1
AzureCaper: posts big blind $3
*** HOLE CARDS ***
C101shark: raises $3 to $6
AzureCaper: folds
Uncalled bet ($3) returned to C101shark
C101shark collected $6 from pot
C101shark: doesn't show hand
*** SUMMARY ***
Total pot $6 | Rake $0
Seat 1: C101shark (button) (small blind) collected ($6)
Seat 4: AzureCaper (big blind) folded before Flop


PokerStars Hand #163388160554:  Hold'em Limit ($3/$6 USD) - 2016/12/23 7:43:40 ET
Table 'Franzia' 6-max Seat #4 is the button
Seat 1: C101shark ($54 in chips)
Seat 4: AzureCaper ($165.82 in chips)
AzureCaper: posts small blind $1
C101shark: posts big blind $3
*** HOLE CARDS ***
AzureCaper: raises $3 to $6
C101shark: calls $3
*** FLOP *** [3s Tc 9h]
C101shark: checks
AzureCaper: bets $3
C101shark: raises $3 to $6
AzureCaper: folds
Uncalled bet ($3) returned to C101shark
C101shark collected $17.64 from pot
C101shark: doesn't show hand
*** SUMMARY ***
Total pot $18 | Rake $0.36
Board [3s Tc 9h]
Seat 1: C101shark (big blind) collected ($17.64)
Seat 4: AzureCaper (button) (small blind) folded on the Flop


PokerStars Hand #163388173722:  Hold'em Limit ($3/$6 USD) - 2016/12/23 7:44:04 ET
Table 'Franzia' 6-max Seat #4 is the button
Seat 1: C101shark ($65.64 in chips)
Seat 4: AzureCaper ($153.82 in chips)
AzureCaper: posts small blind $1
C101shark: posts big blind $3
*** HOLE CARDS ***
AzureCaper: folds
Uncalled bet ($2) returned to C101shark
C101shark collected $2 from pot
C101shark: doesn't show hand
*** SUMMARY ***
Total pot $2 | Rake $0
Seat 1: C101shark (big blind) collected ($2)
Seat 4: AzureCaper (button) (small blind) folded before Flop


PokerStars Hand #163388177128:  Hold'em Limit ($3/$6 USD) - 2016/12/23 7:44:10 ET
Table 'Franzia' 6-max Seat #1 is the button
Seat 1: C101shark ($66.64 in chips)
Seat 4: AzureCaper ($152.82 in chips)
C101shark: posts small blind $1
AzureCaper: posts big blind $3
*** HOLE CARDS ***
C101shark: raises $3 to $6
AzureCaper: folds
Uncalled bet ($3) returned to C101shark
C101shark collected $6 from pot
C101shark: doesn't show hand
*** SUMMARY ***
Total pot $6 | Rake $0
Seat 1: C101shark (button) (small blind) collected ($6)
Seat 4: AzureCaper (big blind) folded before Flop


PokerStars Hand #163388182303:  Hold'em Limit ($3/$6 USD) - 2016/12/23 7:44:20 ET
Table 'Franzia' 6-max Seat #4 is the button
Seat 1: C101shark ($69.64 in chips)
Seat 4: AzureCaper ($149.82 in chips)
AzureCaper: posts small blind $1
C101shark: posts big blind $3
*** HOLE CARDS ***
AzureCaper: raises $3 to $6
C101shark: calls $3
*** FLOP *** [8d Ah Th]
C101shark: checks
AzureCaper: bets $3
C101shark: folds
Uncalled bet ($3) returned to AzureCaper
AzureCaper collected $11.76 from pot
AzureCaper: doesn't show hand
*** SUMMARY ***
Total pot $12 | Rake $0.24
Board [8d Ah Th]
Seat 1: C101shark (big blind) folded on the Flop
Seat 4: AzureCaper (button) (small blind) collected ($11.76)


PokerStars Hand #163388201264:  Hold'em Limit ($3/$6 USD) - 2016/12/23 7:44:54 ET
Table 'Franzia' 6-max Seat #4 is the button
Seat 1: C101shark ($70.64 in chips)
Seat 4: AzureCaper ($148.58 in chips)
AzureCaper: posts small blind $1
C101shark: posts big blind $3
*** HOLE CARDS ***
AzureCaper: raises $3 to $6
C101shark: calls $3
*** FLOP *** [3c 5h 7s]
125678724 joins the table at seat #3
C101shark: checks
AzureCaper: bets $3
C101shark: calls $3
*** TURN *** [3c 5h 7s] [Ad]
C101shark: checks
AzureCaper: bets $6
C101shark: raises $6 to $12
AzureCaper: calls $6
*** RIVER *** [3c 5h 7s Ad] [4h]
C101shark: bets $6
AzureCaper: calls $6
*** SHOW DOWN ***
C101shark: shows [2s As] (a straight, Ace to Five)
AzureCaper: mucks hand
C101shark collected $53.50 from pot
*** SUMMARY ***
Total pot $54 | Rake $0.50
Board [3c 5h 7s Ad 4h]
Seat 1: C101shark (big blind) showed [2s As] and won ($53.50) with a straight, Ace to Five
Seat 4: AzureCaper (button) (small blind) mucked


PokerStars Hand #163388197210:  Hold'em Limit ($3/$6 USD) - 2016/12/23 7:44:47 ET
Table 'Franzia' 6-max Seat #1 is the button
Seat 1: C101shark ($67.64 in chips)
Seat 4: AzureCaper ($151.58 in chips)
C101shark: posts small blind $1
AzureCaper: posts big blind $3
*** HOLE CARDS ***
C101shark: raises $3 to $6
AzureCaper: folds
Uncalled bet ($3) returned to C101shark
C101shark collected $6 from pot
C101shark: doesn't show hand
*** SUMMARY ***
Total pot $6 | Rake $0
Seat 1: C101shark (button) (small blind) collected ($6)
Seat 4: AzureCaper (big blind) folded before Flop


PokerStars Hand #163388194327:  Hold'em Limit ($3/$6 USD) - 2016/12/23 7:44:41 ET
Table 'Franzia' 6-max Seat #4 is the button
Seat 1: C101shark ($66.64 in chips)
Seat 4: AzureCaper ($152.58 in chips)
AzureCaper: posts small blind $1
C101shark: posts big blind $3
*** HOLE CARDS ***
AzureCaper: folds
Uncalled bet ($2) returned to C101shark
C101shark collected $2 from pot
C101shark: doesn't show hand
*** SUMMARY ***
Total pot $2 | Rake $0
Seat 1: C101shark (big blind) collected ($2)
Seat 4: AzureCaper (button) (small blind) folded before Flop


PokerStars Hand #163388189827:  Hold'em Limit ($3/$6 USD) - 2016/12/23 7:44:33 ET
Table 'Franzia' 6-max Seat #1 is the button
Seat 1: C101shark ($63.64 in chips)
Seat 4: AzureCaper ($155.58 in chips)
C101shark: posts small blind $1
AzureCaper: posts big blind $3
*** HOLE CARDS ***
C101shark: raises $3 to $6
AzureCaper: folds
Uncalled bet ($3) returned to C101shark
C101shark collected $6 from pot
C101shark: doesn't show hand
*** SUMMARY ***
Total pot $6 | Rake $0
Seat 1: C101shark (button) (small blind) collected ($6)
Seat 4: AzureCaper (big blind) folded before Flop


PokerStars Hand #163392039556:  Hold'em Limit ($3/$6 USD) - 2016/12/23 9:31:06 ET
Table 'Franzia' 6-max Seat #2 is the button
Seat 2: VolkovDmitri ($245.12 in chips)
Seat 5: onlinelineno ($227.06 in chips)
VolkovDmitri: posts small blind $1
onlinelineno: posts big blind $3
*** HOLE CARDS ***
VolkovDmitri: raises $3 to $6
onlinelineno: calls $3
*** FLOP *** [6h 8h 7d]
onlinelineno: bets $3
VolkovDmitri: calls $3
*** TURN *** [6h 8h 7d] [3d]
onlinelineno: bets $6
VolkovDmitri: calls $6
*** RIVER *** [6h 8h 7d 3d] [3s]
onlinelineno: bets $6
VolkovDmitri: folds
Uncalled bet ($6) returned to onlinelineno
onlinelineno collected $29.50 from pot
onlinelineno: doesn't show hand
*** SUMMARY ***
Total pot $30 | Rake $0.50
Board [6h 8h 7d 3d 3s]
Seat 2: VolkovDmitri (button) (small blind) folded on the River
Seat 5: onlinelineno (big blind) collected ($29.50)


PokerStars Hand #163395392144:  Hold'em Limit ($3/$6 USD) - 2016/12/23 10:51:25 ET
Table 'Franzia' 6-max Seat #5 is the button
Seat 3: vestimokrec ($118.46 in chips)
Seat 5: onlinelineno ($120.42 in chips)
onlinelineno: posts small blind $1
TbIP-TbIP 88: is sitting out
vestimokrec: posts big blind $3
*** HOLE CARDS ***
onlinelineno: raises $3 to $6
Ale4o leaves the table
vestimokrec: calls $3
*** FLOP *** [9s Jh 4c]
vestimokrec: checks
onlinelineno: bets $3
vestimokrec: folds
Uncalled bet ($3) returned to onlinelineno
onlinelineno collected $11.76 from pot
*** SUMMARY ***
Total pot $12 | Rake $0.24
Board [9s Jh 4c]
Seat 3: vestimokrec (big blind) folded on the Flop
Seat 5: onlinelineno (button) (small blind) collected ($11.76)


PokerStars Hand #163395402552:  Hold'em Limit ($3/$6 USD) - 2016/12/23 10:51:39 ET
Table 'Franzia' 6-max Seat #3 is the button
Seat 3: vestimokrec ($112.46 in chips)
Seat 5: onlinelineno ($126.18 in chips)
vestimokrec: posts small blind $1
onlinelineno: posts big blind $3
*** HOLE CARDS ***
vestimokrec: raises $3 to $6
onlinelineno: calls $3
*** FLOP *** [5h Tc Kh]
onlinelineno: checks
vestimokrec: bets $3
onlinelineno: folds
Uncalled bet ($3) returned to vestimokrec
vestimokrec collected $11.76 from pot
vestimokrec: doesn't show hand
*** SUMMARY ***
Total pot $12 | Rake $0.24
Board [5h Tc Kh]
Seat 3: vestimokrec (button) (small blind) collected ($11.76)
Seat 5: onlinelineno (big blind) folded on the Flop


PokerStars Hand #163398682555:  Hold'em Limit ($3/$6 USD) - 2016/12/23 12:04:20 ET
Table 'Franzia' 6-max Seat #2 is the button
Seat 2: anthony77132 ($61.18 in chips)
Seat 3: vestimokrec ($142.50 in chips)
anthony77132: posts small blind $1
vestimokrec: posts big blind $3
*** HOLE CARDS ***
anthony77132: calls $2
vestimokrec: checks
*** FLOP *** [6c Tc 9s]
vestimokrec: checks
anthony77132: bets $3
vestimokrec: folds
Uncalled bet ($3) returned to anthony77132
anthony77132 collected $5.88 from pot
*** SUMMARY ***
Total pot $6 | Rake $0.12
Board [6c Tc 9s]
Seat 2: anthony77132 (button) (small blind) collected ($5.88)
Seat 3: vestimokrec (big blind) folded on the Flop


PokerStars Hand #163398633416:  Hold'em Limit ($3/$6 USD) - 2016/12/23 12:03:21 ET
Table 'Franzia' 6-max Seat #3 is the button
Seat 2: anthony77132 ($82.18 in chips)
Seat 3: vestimokrec ($122 in chips)
vestimokrec: posts small blind $1
ABATAPP: is sitting out
anthony77132: posts big blind $3
*** HOLE CARDS ***
vestimokrec: raises $3 to $6
anthony77132: calls $3
*** FLOP *** [Ah 2c Tc]
anthony77132: bets $3
vestimokrec: calls $3
*** TURN *** [Ah 2c Tc] [Qd]
anthony77132: bets $6
vestimokrec: calls $6
*** RIVER *** [Ah 2c Tc Qd] [2s]
anthony77132: bets $6
vestimokrec: calls $6
*** SHOW DOWN ***
anthony77132: shows [Kc 8c] (a pair of Deuces)
vestimokrec: shows [Td Jh] (two pair, Tens and Deuces)
vestimokrec collected $41.50 from pot
*** SUMMARY ***
Total pot $42 | Rake $0.50
Board [Ah 2c Tc Qd 2s]
Seat 2: anthony77132 (big blind) showed [Kc 8c] and lost with a pair of Deuces
Seat 3: vestimokrec (button) (small blind) showed [Td Jh] and won ($41.50) with two pair, Tens and Deuces


PokerStars Hand #163398718910:  Hold'em Limit ($3/$6 USD) - 2016/12/23 12:05:02 ET
Table 'Franzia' 6-max Seat #2 is the button
Seat 2: anthony77132 ($58.06 in chips)
Seat 3: vestimokrec ($145.26 in chips)
anthony77132: posts small blind $1
vestimokrec: posts big blind $3
*** HOLE CARDS ***
anthony77132: raises $3 to $6
TheRivRat22 joins the table at seat #1
vestimokrec: calls $3
*** FLOP *** [Th 2s Kd]
vestimokrec: checks
anthony77132: checks
*** TURN *** [Th 2s Kd] [Qd]
vestimokrec: bets $6
anthony77132: calls $6
*** RIVER *** [Th 2s Kd Qd] [Kc]
vestimokrec: bets $6
anthony77132: calls $6
*** SHOW DOWN ***
vestimokrec: shows [Kh 5c] (three of a kind, Kings)
anthony77132: mucks hand
vestimokrec collected $35.50 from pot
*** SUMMARY ***
Total pot $36 | Rake $0.50
Board [Th 2s Kd Qd Kc]
Seat 2: anthony77132 (button) (small blind) mucked
Seat 3: vestimokrec (big blind) showed [Kh 5c] and won ($35.50) with three of a kind, Kings


PokerStars Hand #163398700151:  Hold'em Limit ($3/$6 USD) - 2016/12/23 12:04:42 ET
Table 'Franzia' 6-max Seat #3 is the button
Seat 2: anthony77132 ($64.06 in chips)
Seat 3: vestimokrec ($139.50 in chips)
vestimokrec: posts small blind $1
anthony77132: posts big blind $3
*** HOLE CARDS ***
vestimokrec: raises $3 to $6
anthony77132: calls $3
*** FLOP *** [Qc 9s 8c]
anthony77132: checks
vestimokrec: bets $3
anthony77132: folds
Uncalled bet ($3) returned to vestimokrec
vestimokrec collected $11.76 from pot
vestimokrec: doesn't show hand
*** SUMMARY ***
Total pot $12 | Rake $0.24
Board [Qc 9s 8c]
Seat 2: anthony77132 (big blind) folded on the Flop
Seat 3: vestimokrec (button) (small blind) collected ($11.76)


PokerStars Hand #163398806372:  Hold'em Limit ($3/$6 USD) - 2016/12/23 12:06:51 ET
Table 'Franzia' 6-max Seat #3 is the button
Seat 1: TheRivRat22 ($130.92 in chips)
Seat 3: vestimokrec ($150.52 in chips)
vestimokrec: posts small blind $1
TheRivRat22: posts big blind $3
*** HOLE CARDS ***
ABATAPP leaves the table
vestimokrec: raises $3 to $6
ABATAPP joins the table at seat #2
TheRivRat22: calls $3
*** FLOP *** [5s Js 6d]
julyn774 joins the table at seat #5
TheRivRat22: bets $3
vestimokrec: calls $3
*** TURN *** [5s Js 6d] [3d]
TheRivRat22: bets $6
vestimokrec: calls $6
*** RIVER *** [5s Js 6d 3d] [Ks]
TheRivRat22: checks
kolaz03 joins the table at seat #6
vestimokrec: checks
*** SHOW DOWN ***
TheRivRat22: shows [6h 7s] (a pair of Sixes)
vestimokrec: mucks hand
TheRivRat22 collected $29.50 from pot
*** SUMMARY ***
Total pot $30 | Rake $0.50
Board [5s Js 6d 3d Ks]
Seat 1: TheRivRat22 (big blind) showed [6h 7s] and won ($29.50) with a pair of Sixes
Seat 3: vestimokrec (button) (small blind) mucked


PokerStars Hand #163398780619:  Hold'em Limit ($3/$6 USD) - 2016/12/23 12:06:19 ET
Table 'Franzia' 6-max Seat #1 is the button
Seat 1: TheRivRat22 ($136.92 in chips)
Seat 3: vestimokrec ($144.76 in chips)
TheRivRat22: posts small blind $1
vestimokrec: posts big blind $3
*** HOLE CARDS ***
TheRivRat22: raises $3 to $6
vestimokrec: calls $3
*** FLOP *** [Ks 3s 3h]
vestimokrec: checks
TheRivRat22: checks
*** TURN *** [Ks 3s 3h] [9c]
vestimokrec: bets $6
TheRivRat22: folds
Uncalled bet ($6) returned to vestimokrec
vestimokrec collected $11.76 from pot
vestimokrec: doesn't show hand
*** SUMMARY ***
Total pot $12 | Rake $0.24
Board [Ks 3s 3h 9c]
Seat 1: TheRivRat22 (button) (small blind) folded on the Turn
Seat 3: vestimokrec (big blind) collected ($11.76)


PokerStars Hand #163399471254:  Hold'em Limit ($3/$6 USD) - 2016/12/23 12:20:32 ET
Table 'Franzia' 6-max Seat #6 is the button
Seat 4: byrgyi ($150.57 in chips)
Seat 6: kolaz03 ($113.72 in chips)
onlinelineno will be allowed to play after the button
kolaz03: posts small blind $1
RockKillerTY: is sitting out
ABATAPP: is sitting out
vestimokrec: is sitting out
byrgyi: posts big blind $3
*** HOLE CARDS ***
kolaz03: raises $3 to $6
byrgyi: folds
Uncalled bet ($3) returned to kolaz03
kolaz03 collected $6 from pot
kolaz03: doesn't show hand
*** SUMMARY ***
Total pot $6 | Rake $0
Seat 4: byrgyi (big blind) folded before Flop
Seat 6: kolaz03 (button) (small blind) collected ($6)


PokerStars Hand #163401423644:  Hold'em Limit ($3/$6 USD) - 2016/12/23 13:00:46 ET
Table 'Franzia' 6-max Seat #6 is the button
Seat 4: byrgyi ($151.64 in chips)
Seat 6: kolaz03 ($78.43 in chips)
kolaz03: posts small blind $1
RockKillerTY: is sitting out
ABATAPP: is sitting out
vestimokrec: is sitting out
byrgyi: posts big blind $3
*** HOLE CARDS ***
x3Magic joins the table at seat #5
kolaz03: folds
Uncalled bet ($2) returned to byrgyi
byrgyi collected $2 from pot
byrgyi: doesn't show hand
*** SUMMARY ***
Total pot $2 | Rake $0
Seat 4: byrgyi (big blind) collected ($2)
Seat 6: kolaz03 (button) (small blind) folded before Flop


PokerStars Hand #163402276322:  Hold'em Limit ($3/$6 USD) - 2016/12/23 13:16:40 ET
Table 'Franzia' 6-max Seat #2 is the button
Seat 2: ABATAPP ($121.98 in chips)
Seat 4: byrgyi ($142.08 in chips)
ABATAPP: posts small blind $1
kolaz03 joins the table at seat #5
byrgyi: posts big blind $3
*** HOLE CARDS ***
ABATAPP: raises $3 to $6
byrgyi: calls $3
*** FLOP *** [9d 4s Jc]
byrgyi: checks
ABATAPP: bets $3
byrgyi: calls $3
*** TURN *** [9d 4s Jc] [5d]
byrgyi: checks
ABATAPP: bets $6
byrgyi: folds
Uncalled bet ($6) returned to ABATAPP
ABATAPP collected $17.64 from pot
ABATAPP: doesn't show hand
*** SUMMARY ***
Total pot $18 | Rake $0.36
Board [9d 4s Jc 5d]
Seat 2: ABATAPP (button) (small blind) collected ($17.64)
Seat 4: byrgyi (big blind) folded on the Turn


