PokerStars Hand #168411175348:  Hold'em Limit ($3/$6 USD) - 2017/04/01 6:46:04 ET
Table 'Franzia' 6-max Seat #3 is the button
Seat 3: Glg2307 ($120 in chips)
Seat 4: AzureCaper ($72 in chips)
Glg2307: posts small blind $1
AzureCaper: posts big blind $3
*** HOLE CARDS ***
Glg2307: calls $2
AzureCaper: raises $3 to $6
Glg2307: calls $3
*** FLOP *** [9d Ac 2c]
AzureCaper: bets $3
Glg2307: folds
Uncalled bet ($3) returned to AzureCaper
AzureCaper collected $11.76 from pot
AzureCaper: doesn't show hand
*** SUMMARY ***
Total pot $12 | Rake $0.24
Board [9d Ac 2c]
Seat 3: Glg2307 (button) (small blind) folded on the Flop
Seat 4: AzureCaper (big blind) collected ($11.76)


PokerStars Hand #168411187181:  Hold'em Limit ($3/$6 USD) - 2017/04/01 6:46:31 ET
Table 'Franzia' 6-max Seat #4 is the button
Seat 3: Glg2307 ($114 in chips)
Seat 4: AzureCaper ($77.76 in chips)
AzureCaper: posts small blind $1
Glg2307: posts big blind $3
*** HOLE CARDS ***
AzureCaper: folds
Uncalled bet ($2) returned to Glg2307
Glg2307 collected $2 from pot
Glg2307: doesn't show hand
*** SUMMARY ***
Total pot $2 | Rake $0
Seat 3: Glg2307 (big blind) collected ($2)
Seat 4: AzureCaper (button) (small blind) folded before Flop


PokerStars Hand #168411190714:  Hold'em Limit ($3/$6 USD) - 2017/04/01 6:46:38 ET
Table 'Franzia' 6-max Seat #3 is the button
Seat 3: Glg2307 ($115 in chips)
Seat 4: AzureCaper ($76.76 in chips)
Glg2307: posts small blind $1
AzureCaper: posts big blind $3
*** HOLE CARDS ***
Krazy90 joins the table at seat #5
Glg2307: calls $2
AzureCaper: checks
*** FLOP *** [8s 9h Kc]
AzureCaper: bets $3
Glg2307: folds
Uncalled bet ($3) returned to AzureCaper
AzureCaper collected $5.88 from pot
AzureCaper: doesn't show hand
*** SUMMARY ***
Total pot $6 | Rake $0.12
Board [8s 9h Kc]
Seat 3: Glg2307 (button) (small blind) folded on the Flop
Seat 4: AzureCaper (big blind) collected ($5.88)


PokerStars Hand #168411417732:  Hold'em Limit ($3/$6 USD) - 2017/04/01 6:54:54 ET
Table 'Franzia' 6-max Seat #5 is the button
Seat 2: SilaSoNi ($114.17 in chips)
Seat 5: Krazy90 ($125.19 in chips)
Krazy90: posts small blind $1
HAL9QQQ: is sitting out
SilaSoNi: posts big blind $3
*** HOLE CARDS ***
Krazy90: raises $3 to $6
SilaSoNi: folds
Uncalled bet ($3) returned to Krazy90
Krazy90 collected $6 from pot
Krazy90: doesn't show hand
*** SUMMARY ***
Total pot $6 | Rake $0
Seat 2: SilaSoNi (big blind) folded before Flop
Seat 5: Krazy90 (button) (small blind) collected ($6)


PokerStars Hand #168411420597:  Hold'em Limit ($3/$6 USD) - 2017/04/01 6:55:00 ET
Table 'Franzia' 6-max Seat #2 is the button
Seat 2: SilaSoNi ($111.17 in chips)
Seat 5: Krazy90 ($128.19 in chips)
SilaSoNi: posts small blind $1
Krazy90: posts big blind $3
*** HOLE CARDS ***
SilaSoNi: raises $3 to $6
Krazy90: folds
Uncalled bet ($3) returned to SilaSoNi
SilaSoNi collected $6 from pot
SilaSoNi: doesn't show hand
*** SUMMARY ***
Total pot $6 | Rake $0
Seat 2: SilaSoNi (button) (small blind) collected ($6)
Seat 5: Krazy90 (big blind) folded before Flop


PokerStars Hand #168411436308:  Hold'em Limit ($3/$6 USD) - 2017/04/01 6:55:36 ET
Table 'Franzia' 6-max Seat #5 is the button
Seat 2: SilaSoNi ($108.17 in chips)
Seat 5: Krazy90 ($130.83 in chips)
Krazy90: posts small blind $1
SilaSoNi: posts big blind $3
*** HOLE CARDS ***
Krazy90: folds
Uncalled bet ($2) returned to SilaSoNi
SilaSoNi collected $2 from pot
SilaSoNi: doesn't show hand
*** SUMMARY ***
Total pot $2 | Rake $0
Seat 2: SilaSoNi (big blind) collected ($2)
Seat 5: Krazy90 (button) (small blind) folded before Flop


PokerStars Hand #168411431141:  Hold'em Limit ($3/$6 USD) - 2017/04/01 6:55:24 ET
Table 'Franzia' 6-max Seat #2 is the button
Seat 2: SilaSoNi ($105.17 in chips)
Seat 5: Krazy90 ($133.83 in chips)
SilaSoNi: posts small blind $1
Krazy90: posts big blind $3
*** HOLE CARDS ***
SilaSoNi: raises $3 to $6
Krazy90: folds
Uncalled bet ($3) returned to SilaSoNi
SilaSoNi collected $6 from pot
SilaSoNi: doesn't show hand
*** SUMMARY ***
Total pot $6 | Rake $0
Seat 2: SilaSoNi (button) (small blind) collected ($6)
Seat 5: Krazy90 (big blind) folded before Flop


PokerStars Hand #168411438160:  Hold'em Limit ($3/$6 USD) - 2017/04/01 6:55:41 ET
Table 'Franzia' 6-max Seat #2 is the button
Seat 2: SilaSoNi ($109.17 in chips)
Seat 5: Krazy90 ($129.83 in chips)
SilaSoNi: posts small blind $1
Krazy90: posts big blind $3
*** HOLE CARDS ***
SilaSoNi: folds
Uncalled bet ($2) returned to Krazy90
Krazy90 collected $2 from pot
Krazy90: doesn't show hand
*** SUMMARY ***
Total pot $2 | Rake $0
Seat 2: SilaSoNi (button) (small blind) folded before Flop
Seat 5: Krazy90 (big blind) collected ($2)


PokerStars Hand #168411440403:  Hold'em Limit ($3/$6 USD) - 2017/04/01 6:55:46 ET
Table 'Franzia' 6-max Seat #5 is the button
Seat 2: SilaSoNi ($108.17 in chips)
Seat 5: Krazy90 ($130.83 in chips)
Krazy90: posts small blind $1
SilaSoNi: posts big blind $3
*** HOLE CARDS ***
Krazy90: raises $3 to $6
SilaSoNi: calls $3
*** FLOP *** [5c Ah 6s]
SilaSoNi: checks
Krazy90: bets $3
SilaSoNi: raises $3 to $6
Krazy90: folds
Uncalled bet ($3) returned to SilaSoNi
SilaSoNi collected $17.64 from pot
SilaSoNi: doesn't show hand
*** SUMMARY ***
Total pot $18 | Rake $0.36
Board [5c Ah 6s]
Seat 2: SilaSoNi (big blind) collected ($17.64)
Seat 5: Krazy90 (button) (small blind) folded on the Flop


PokerStars Hand #168411423496:  Hold'em Limit ($3/$6 USD) - 2017/04/01 6:55:06 ET
Table 'Franzia' 6-max Seat #5 is the button
Seat 2: SilaSoNi ($114.17 in chips)
Seat 5: Krazy90 ($125.19 in chips)
Krazy90: posts small blind $1
SilaSoNi: posts big blind $3
*** HOLE CARDS ***
Krazy90: raises $3 to $6
SilaSoNi: calls $3
*** FLOP *** [5c Jc 9c]
SilaSoNi: checks
Krazy90: bets $3
SilaSoNi: calls $3
*** TURN *** [5c Jc 9c] [5h]
SilaSoNi: checks
Krazy90: bets $6
SilaSoNi: folds
Uncalled bet ($6) returned to Krazy90
Krazy90 collected $17.64 from pot
Krazy90: doesn't show hand
*** SUMMARY ***
Total pot $18 | Rake $0.36
Board [5c Jc 9c 5h]
Seat 2: SilaSoNi (big blind) folded on the Turn
Seat 5: Krazy90 (button) (small blind) collected ($17.64)


PokerStars Hand #168411446384:  Hold'em Limit ($3/$6 USD) - 2017/04/01 6:56:01 ET
Table 'Franzia' 6-max Seat #2 is the button
Seat 2: SilaSoNi ($116.81 in chips)
Seat 5: Krazy90 ($121.83 in chips)
SilaSoNi: posts small blind $1
Krazy90: posts big blind $3
*** HOLE CARDS ***
SilaSoNi: raises $3 to $6
Krazy90: calls $3
*** FLOP *** [3s Kc 4h]
Krazy90: checks
SilaSoNi: bets $3
Krazy90: calls $3
*** TURN *** [3s Kc 4h] [Jh]
Krazy90: checks
SilaSoNi: bets $6
Krazy90: folds
Uncalled bet ($6) returned to SilaSoNi
SilaSoNi collected $17.64 from pot
SilaSoNi: doesn't show hand
*** SUMMARY ***
Total pot $18 | Rake $0.36
Board [3s Kc 4h Jh]
Seat 2: SilaSoNi (button) (small blind) collected ($17.64)
Seat 5: Krazy90 (big blind) folded on the Turn


PokerStars Hand #168411453343:  Hold'em Limit ($3/$6 USD) - 2017/04/01 6:56:18 ET
Table 'Franzia' 6-max Seat #5 is the button
Seat 2: SilaSoNi ($125.45 in chips)
Seat 5: Krazy90 ($120 in chips)
Krazy90: posts small blind $1
SilaSoNi: posts big blind $3
*** HOLE CARDS ***
Krazy90: raises $3 to $6
SilaSoNi: calls $3
*** FLOP *** [Jh 3s 3h]
SilaSoNi: checks
Krazy90: bets $3
SilaSoNi: calls $3
*** TURN *** [Jh 3s 3h] [Th]
SilaSoNi: checks
Krazy90: bets $6
SilaSoNi: raises $6 to $12
Krazy90: folds
Uncalled bet ($6) returned to SilaSoNi
SilaSoNi collected $29.50 from pot
SilaSoNi: doesn't show hand
*** SUMMARY ***
Total pot $30 | Rake $0.50
Board [Jh 3s 3h Th]
Seat 2: SilaSoNi (big blind) collected ($29.50)
Seat 5: Krazy90 (button) (small blind) folded on the Turn


PokerStars Hand #168411485141:  Hold'em Limit ($3/$6 USD) - 2017/04/01 6:57:35 ET
Table 'Franzia' 6-max Seat #2 is the button
Seat 2: SilaSoNi ($97.71 in chips)
Seat 5: Krazy90 ($167.50 in chips)
SilaSoNi: posts small blind $1
Krazy90: posts big blind $3
*** HOLE CARDS ***
SilaSoNi: folds
Uncalled bet ($2) returned to Krazy90
Krazy90 collected $2 from pot
Krazy90: doesn't show hand
*** SUMMARY ***
Total pot $2 | Rake $0
Seat 2: SilaSoNi (button) (small blind) folded before Flop
Seat 5: Krazy90 (big blind) collected ($2)


PokerStars Hand #168411469345:  Hold'em Limit ($3/$6 USD) - 2017/04/01 6:56:57 ET
Table 'Franzia' 6-max Seat #2 is the button
Seat 2: SilaSoNi ($139.95 in chips)
Seat 5: Krazy90 ($120 in chips)
SilaSoNi: posts small blind $1
Krazy90: posts big blind $3
*** HOLE CARDS ***
SilaSoNi: raises $3 to $6
Krazy90: calls $3
*** FLOP *** [Qc 2c Tc]
Krazy90: checks
SilaSoNi: bets $3
Krazy90: folds
Uncalled bet ($3) returned to SilaSoNi
SilaSoNi collected $11.76 from pot
SilaSoNi: doesn't show hand
*** SUMMARY ***
Total pot $12 | Rake $0.24
Board [Qc 2c Tc]
Seat 2: SilaSoNi (button) (small blind) collected ($11.76)
Seat 5: Krazy90 (big blind) folded on the Flop


PokerStars Hand #168411487132:  Hold'em Limit ($3/$6 USD) - 2017/04/01 6:57:40 ET
Table 'Franzia' 6-max Seat #5 is the button
Seat 2: SilaSoNi ($96.71 in chips)
Seat 5: Krazy90 ($168.50 in chips)
Krazy90: posts small blind $1
SilaSoNi: posts big blind $3
*** HOLE CARDS ***
Krazy90: raises $3 to $6
SilaSoNi: calls $3
*** FLOP *** [4h 2d Tc]
SilaSoNi: checks
Krazy90: checks
*** TURN *** [4h 2d Tc] [4c]
SilaSoNi: bets $6
Krazy90: folds
Uncalled bet ($6) returned to SilaSoNi
SilaSoNi collected $11.76 from pot
SilaSoNi: doesn't show hand
*** SUMMARY ***
Total pot $12 | Rake $0.24
Board [4h 2d Tc 4c]
Seat 2: SilaSoNi (big blind) collected ($11.76)
Seat 5: Krazy90 (button) (small blind) folded on the Turn


PokerStars Hand #168411474016:  Hold'em Limit ($3/$6 USD) - 2017/04/01 6:57:08 ET
Table 'Franzia' 6-max Seat #5 is the button
Seat 2: SilaSoNi ($145.71 in chips)
Seat 5: Krazy90 ($120 in chips)
Krazy90: posts small blind $1
SilaSoNi: posts big blind $3
*** HOLE CARDS ***
Krazy90: raises $3 to $6
SilaSoNi: calls $3
*** FLOP *** [6h 2c Kh]
SilaSoNi: checks
Krazy90: bets $3
SilaSoNi: raises $3 to $6
Krazy90: calls $3
*** TURN *** [6h 2c Kh] [8s]
SilaSoNi: bets $6
Krazy90: raises $6 to $12
SilaSoNi: raises $6 to $18
Krazy90: raises $6 to $24
Betting is capped
SilaSoNi: calls $6
*** RIVER *** [6h 2c Kh 8s] [Qd]
SilaSoNi: bets $6
Krazy90: raises $6 to $12
SilaSoNi: calls $6
*** SHOW DOWN ***
Krazy90: shows [2h 2s] (three of a kind, Deuces)
SilaSoNi: mucks hand
Krazy90 collected $95.50 from pot
*** SUMMARY ***
Total pot $96 | Rake $0.50
Board [6h 2c Kh 8s Qd]
Seat 2: SilaSoNi (big blind) mucked
Seat 5: Krazy90 (button) (small blind) showed [2h 2s] and won ($95.50) with three of a kind, Deuces


PokerStars Hand #168411497720:  Hold'em Limit ($3/$6 USD) - 2017/04/01 6:58:06 ET
Table 'Franzia' 6-max Seat #5 is the button
Seat 2: SilaSoNi ($101.47 in chips)
Seat 5: Krazy90 ($163.50 in chips)
Krazy90: posts small blind $1
SilaSoNi: posts big blind $3
*** HOLE CARDS ***
Krazy90: raises $3 to $6
SilaSoNi: calls $3
*** FLOP *** [3d Qd 3s]
SilaSoNi: checks
Krazy90: bets $3
SilaSoNi: calls $3
*** TURN *** [3d Qd 3s] [Ah]
SilaSoNi: checks
Krazy90: checks
*** RIVER *** [3d Qd 3s Ah] [Qc]
SilaSoNi: checks
Krazy90: checks
*** SHOW DOWN ***
SilaSoNi: shows [Qs Tc] (a full house, Queens full of Threes)
Krazy90: mucks hand
SilaSoNi collected $17.64 from pot
*** SUMMARY ***
Total pot $18 | Rake $0.36
Board [3d Qd 3s Ah Qc]
Seat 2: SilaSoNi (big blind) showed [Qs Tc] and won ($17.64) with a full house, Queens full of Threes
Seat 5: Krazy90 (button) (small blind) mucked


PokerStars Hand #168411515069:  Hold'em Limit ($3/$6 USD) - 2017/04/01 6:58:49 ET
Table 'Franzia' 6-max Seat #2 is the button
Seat 2: SilaSoNi ($110.11 in chips)
Seat 5: Krazy90 ($154.50 in chips)
SilaSoNi: posts small blind $1
Krazy90: posts big blind $3
*** HOLE CARDS ***
SilaSoNi: raises $3 to $6
Krazy90: calls $3
*** FLOP *** [Kc 2h 7c]
Krazy90: checks
SilaSoNi: bets $3
Krazy90: folds
Uncalled bet ($3) returned to SilaSoNi
SilaSoNi collected $11.76 from pot
SilaSoNi: doesn't show hand
*** SUMMARY ***
Total pot $12 | Rake $0.24
Board [Kc 2h 7c]
Seat 2: SilaSoNi (button) (small blind) collected ($11.76)
Seat 5: Krazy90 (big blind) folded on the Flop


PokerStars Hand #168411495564:  Hold'em Limit ($3/$6 USD) - 2017/04/01 6:58:00 ET
Table 'Franzia' 6-max Seat #2 is the button
Seat 2: SilaSoNi ($102.47 in chips)
Seat 5: Krazy90 ($162.50 in chips)
SilaSoNi: posts small blind $1
Krazy90: posts big blind $3
*** HOLE CARDS ***
SilaSoNi: folds
Uncalled bet ($2) returned to Krazy90
Krazy90 collected $2 from pot
Krazy90: doesn't show hand
*** SUMMARY ***
Total pot $2 | Rake $0
Seat 2: SilaSoNi (button) (small blind) folded before Flop
Seat 5: Krazy90 (big blind) collected ($2)


PokerStars Hand #168411521961:  Hold'em Limit ($3/$6 USD) - 2017/04/01 6:59:05 ET
Table 'Franzia' 6-max Seat #5 is the button
Seat 2: SilaSoNi ($115.87 in chips)
Seat 5: Krazy90 ($148.50 in chips)
Krazy90: posts small blind $1
SilaSoNi: posts big blind $3
*** HOLE CARDS ***
Krazy90: raises $3 to $6
SilaSoNi: calls $3
*** FLOP *** [Ts 6d 7c]
SilaSoNi: checks
Krazy90: bets $3
SilaSoNi: raises $3 to $6
Krazy90: calls $3
*** TURN *** [Ts 6d 7c] [Js]
SilaSoNi: bets $6
Krazy90: raises $6 to $12
SilaSoNi: calls $6
*** RIVER *** [Ts 6d 7c Js] [2h]
SilaSoNi: checks
Krazy90: bets $6
SilaSoNi: calls $6
*** SHOW DOWN ***
Krazy90: shows [8c Jd] (a pair of Jacks)
SilaSoNi: mucks hand
Krazy90 collected $59.50 from pot
*** SUMMARY ***
Total pot $60 | Rake $0.50
Board [Ts 6d 7c Js 2h]
Seat 2: SilaSoNi (big blind) mucked
Seat 5: Krazy90 (button) (small blind) showed [8c Jd] and won ($59.50) with a pair of Jacks


