PokerStars Hand #151188730712:  Hold'em Limit ($3/$6 USD) - 2016/03/30 17:55:58 ET
Table 'Fraternitas II' 6-max Seat #3 is the button
Seat 3: xcgxcg2005 ($124 in chips)
Seat 4: anetkaapro ($72 in chips)
xcgxcg2005: posts small blind $1
anetkaapro: posts big blind $3
*** HOLE CARDS ***
xcgxcg2005: raises $3 to $6
anetkaapro: calls $3
*** FLOP *** [3s 3h 4d]
anetkaapro: checks
xcgxcg2005: bets $3
anetkaapro: raises $3 to $6
xcgxcg2005: raises $3 to $9
anetkaapro: calls $3
*** TURN *** [3s 3h 4d] [Ks]
anetkaapro: checks
xcgxcg2005: bets $6
anetkaapro: calls $6
*** RIVER *** [3s 3h 4d Ks] [3c]
anetkaapro: checks
xcgxcg2005: bets $6
anetkaapro: calls $6
*** SHOW DOWN ***
xcgxcg2005: shows [Qs Kh] (a full house, Threes full of Kings)
anetkaapro: mucks hand
xcgxcg2005 collected $53.50 from pot
*** SUMMARY ***
Total pot $54 | Rake $0.50
Board [3s 3h 4d Ks 3c]
Seat 3: xcgxcg2005 (button) (small blind) showed [Qs Kh] and won ($53.50) with a full house, Threes full of Kings
Seat 4: anetkaapro (big blind) mucked


PokerStars Hand #151188784992:  Hold'em Limit ($3/$6 USD) - 2016/03/30 17:57:15 ET
Table 'Fraternitas II' 6-max Seat #4 is the button
Seat 3: xcgxcg2005 ($151.14 in chips)
Seat 4: anetkaapro ($73 in chips)
anetkaapro: posts small blind $1
xcgxcg2005: posts big blind $3
*** HOLE CARDS ***
anetkaapro: raises $3 to $6
xcgxcg2005: folds
Uncalled bet ($3) returned to anetkaapro
anetkaapro collected $6 from pot
anetkaapro: doesn't show hand
YoRic46 joins the table at seat #6
*** SUMMARY ***
Total pot $6 | Rake $0
Seat 3: xcgxcg2005 (big blind) folded before Flop
Seat 4: anetkaapro (button) (small blind) collected ($6)


PokerStars Hand #151188781379:  Hold'em Limit ($3/$6 USD) - 2016/03/30 17:57:10 ET
Table 'Fraternitas II' 6-max Seat #3 is the button
Seat 3: xcgxcg2005 ($152.14 in chips)
Seat 4: anetkaapro ($72 in chips)
xcgxcg2005: posts small blind $1
anetkaapro: posts big blind $3
*** HOLE CARDS ***
xcgxcg2005: folds
Uncalled bet ($2) returned to anetkaapro
anetkaapro collected $2 from pot
anetkaapro: doesn't show hand
*** SUMMARY ***
Total pot $2 | Rake $0
Seat 3: xcgxcg2005 (button) (small blind) folded before Flop
Seat 4: anetkaapro (big blind) collected ($2)


PokerStars Hand #151188762217:  Hold'em Limit ($3/$6 USD) - 2016/03/30 17:56:43 ET
Table 'Fraternitas II' 6-max Seat #4 is the button
Seat 3: xcgxcg2005 ($143.50 in chips)
Seat 4: anetkaapro ($78.76 in chips)
anetkaapro: posts small blind $1
xcgxcg2005: posts big blind $3
*** HOLE CARDS ***
anetkaapro: raises $3 to $6
xcgxcg2005: calls $3
*** FLOP *** [Ad Kc Qh]
xcgxcg2005: checks
anetkaapro: bets $3
xcgxcg2005: calls $3
*** TURN *** [Ad Kc Qh] [3c]
xcgxcg2005: checks
anetkaapro: checks
*** RIVER *** [Ad Kc Qh 3c] [9d]
xcgxcg2005: checks
anetkaapro: checks
*** SHOW DOWN ***
xcgxcg2005: shows [6c Qc] (a pair of Queens)
anetkaapro: mucks hand
xcgxcg2005 collected $17.64 from pot
*** SUMMARY ***
Total pot $18 | Rake $0.36
Board [Ad Kc Qh 3c 9d]
Seat 3: xcgxcg2005 (big blind) showed [6c Qc] and won ($17.64) with a pair of Queens
Seat 4: anetkaapro (button) (small blind) mucked


PokerStars Hand #151188758994:  Hold'em Limit ($3/$6 USD) - 2016/03/30 17:56:38 ET
Table 'Fraternitas II' 6-max Seat #3 is the button
Seat 3: xcgxcg2005 ($144.50 in chips)
Seat 4: anetkaapro ($77.76 in chips)
xcgxcg2005: posts small blind $1
anetkaapro: posts big blind $3
*** HOLE CARDS ***
xcgxcg2005: folds
Uncalled bet ($2) returned to anetkaapro
anetkaapro collected $2 from pot
anetkaapro: doesn't show hand
*** SUMMARY ***
Total pot $2 | Rake $0
Seat 3: xcgxcg2005 (button) (small blind) folded before Flop
Seat 4: anetkaapro (big blind) collected ($2)


PokerStars Hand #151188749695:  Hold'em Limit ($3/$6 USD) - 2016/03/30 17:56:25 ET
Table 'Fraternitas II' 6-max Seat #4 is the button
Seat 3: xcgxcg2005 ($150.50 in chips)
Seat 4: anetkaapro ($72 in chips)
anetkaapro: posts small blind $1
xcgxcg2005: posts big blind $3
*** HOLE CARDS ***
anetkaapro: raises $3 to $6
xcgxcg2005: calls $3
*** FLOP *** [Kd Jd 6d]
xcgxcg2005: checks
anetkaapro: bets $3
xcgxcg2005: folds
Uncalled bet ($3) returned to anetkaapro
anetkaapro collected $11.76 from pot
anetkaapro: doesn't show hand
*** SUMMARY ***
Total pot $12 | Rake $0.24
Board [Kd Jd 6d]
Seat 3: xcgxcg2005 (big blind) folded on the Flop
Seat 4: anetkaapro (button) (small blind) collected ($11.76)


PokerStars Hand #151188790311:  Hold'em Limit ($3/$6 USD) - 2016/03/30 17:57:22 ET
Table 'Fraternitas II' 6-max Seat #3 is the button
Seat 3: xcgxcg2005 ($148.14 in chips)
Seat 4: anetkaapro ($76 in chips)
xcgxcg2005: posts small blind $1
anetkaapro: posts big blind $3
*** HOLE CARDS ***
xcgxcg2005: raises $3 to $6
anetkaapro: calls $3
*** FLOP *** [8h Qs 4d]
anetkaapro: checks
xcgxcg2005: bets $3
anetkaapro: calls $3
*** TURN *** [8h Qs 4d] [2s]
anetkaapro: checks
xcgxcg2005: checks
*** RIVER *** [8h Qs 4d 2s] [Kc]
anetkaapro: checks
xcgxcg2005: bets $6
anetkaapro: folds
Uncalled bet ($6) returned to xcgxcg2005
xcgxcg2005 collected $17.64 from pot
xcgxcg2005: doesn't show hand
*** SUMMARY ***
Total pot $18 | Rake $0.36
Board [8h Qs 4d 2s Kc]
Seat 3: xcgxcg2005 (button) (small blind) collected ($17.64)
Seat 4: anetkaapro (big blind) folded on the River


PokerStars Hand #151188917034:  Hold'em Limit ($3/$6 USD) - 2016/03/30 18:00:21 ET
Table 'Fraternitas II' 6-max Seat #3 is the button
Seat 3: xcgxcg2005 ($177.52 in chips)
Seat 4: anetkaapro ($90.47 in chips)
xcgxcg2005: posts small blind $1
anetkaapro: posts big blind $3
*** HOLE CARDS ***
xcgxcg2005: folds
Uncalled bet ($2) returned to anetkaapro
anetkaapro collected $2 from pot
anetkaapro: doesn't show hand
*** SUMMARY ***
Total pot $2 | Rake $0
Seat 3: xcgxcg2005 (button) (small blind) folded before Flop
Seat 4: anetkaapro (big blind) collected ($2)


PokerStars Hand #151188913102:  Hold'em Limit ($3/$6 USD) - 2016/03/30 18:00:15 ET
Table 'Fraternitas II' 6-max Seat #4 is the button
Seat 3: xcgxcg2005 ($176.52 in chips)
Seat 4: anetkaapro ($91.47 in chips)
anetkaapro: posts small blind $1
vestimokrec: is sitting out
xcgxcg2005: posts big blind $3
*** HOLE CARDS ***
anetkaapro: folds
Uncalled bet ($2) returned to xcgxcg2005
xcgxcg2005 collected $2 from pot
xcgxcg2005: doesn't show hand
*** SUMMARY ***
Total pot $2 | Rake $0
Seat 3: xcgxcg2005 (big blind) collected ($2)
Seat 4: anetkaapro (button) (small blind) folded before Flop


PokerStars Hand #151188945329:  Hold'em Limit ($3/$6 USD) - 2016/03/30 18:00:59 ET
Table 'Fraternitas II' 6-max Seat #4 is the button
Seat 3: xcgxcg2005 ($183.28 in chips)
Seat 4: anetkaapro ($84.47 in chips)
anetkaapro: posts small blind $1
xcgxcg2005: posts big blind $3
*** HOLE CARDS ***
anetkaapro: folds
Uncalled bet ($2) returned to xcgxcg2005
xcgxcg2005 collected $2 from pot
xcgxcg2005: doesn't show hand
*** SUMMARY ***
Total pot $2 | Rake $0
Seat 3: xcgxcg2005 (big blind) collected ($2)
Seat 4: anetkaapro (button) (small blind) folded before Flop


PokerStars Hand #151188925885:  Hold'em Limit ($3/$6 USD) - 2016/03/30 18:00:33 ET
Table 'Fraternitas II' 6-max Seat #3 is the button
Seat 3: xcgxcg2005 ($177.52 in chips)
Seat 4: anetkaapro ($90.47 in chips)
xcgxcg2005: posts small blind $1
anetkaapro: posts big blind $3
*** HOLE CARDS ***
vestimokrec leaves the table
xcgxcg2005: raises $3 to $6
anetkaapro: calls $3
*** FLOP *** [Qd Qc 9s]
anetkaapro: checks
xcgxcg2005: bets $3
anetkaapro: folds
Uncalled bet ($3) returned to xcgxcg2005
xcgxcg2005 collected $11.76 from pot
xcgxcg2005: doesn't show hand
*** SUMMARY ***
Total pot $12 | Rake $0.24
Board [Qd Qc 9s]
Seat 3: xcgxcg2005 (button) (small blind) collected ($11.76)
Seat 4: anetkaapro (big blind) folded on the Flop


PokerStars Hand #151188920647:  Hold'em Limit ($3/$6 USD) - 2016/03/30 18:00:26 ET
Table 'Fraternitas II' 6-max Seat #4 is the button
Seat 3: xcgxcg2005 ($176.52 in chips)
Seat 4: anetkaapro ($91.47 in chips)
anetkaapro: posts small blind $1
xcgxcg2005: posts big blind $3
*** HOLE CARDS ***
anetkaapro: folds
Uncalled bet ($2) returned to xcgxcg2005
xcgxcg2005 collected $2 from pot
xcgxcg2005: doesn't show hand
*** SUMMARY ***
Total pot $2 | Rake $0
Seat 3: xcgxcg2005 (big blind) collected ($2)
Seat 4: anetkaapro (button) (small blind) folded before Flop


PokerStars Hand #151188952794:  Hold'em Limit ($3/$6 USD) - 2016/03/30 18:01:09 ET
Table 'Fraternitas II' 6-max Seat #3 is the button
Seat 3: xcgxcg2005 ($184.28 in chips)
Seat 4: anetkaapro ($83.47 in chips)
xcgxcg2005: posts small blind $1
anetkaapro: posts big blind $3
*** HOLE CARDS ***
xcgxcg2005: raises $3 to $6
anetkaapro: calls $3
*** FLOP *** [4c 7c 9h]
anetkaapro: checks
xcgxcg2005: bets $3
anetkaapro: calls $3
*** TURN *** [4c 7c 9h] [7d]
anetkaapro: checks
xcgxcg2005: bets $6
anetkaapro: calls $6
*** RIVER *** [4c 7c 9h 7d] [2h]
anetkaapro: checks
xcgxcg2005: checks
*** SHOW DOWN ***
anetkaapro: shows [Kd 6h] (a pair of Sevens)
xcgxcg2005: mucks hand
anetkaapro collected $29.50 from pot
*** SUMMARY ***
Total pot $30 | Rake $0.50
Board [4c 7c 9h 7d 2h]
Seat 3: xcgxcg2005 (button) (small blind) mucked
Seat 4: anetkaapro (big blind) showed [Kd 6h] and won ($29.50) with a pair of Sevens


