PokerStars Hand #157590871597:  Hold'em Limit ($3/$6 USD) - 2016/08/22 7:38:02 ET
Table 'Fraternitas' 6-max Seat #4 is the button
Seat 3: zzzloy0408 ($150.56 in chips)
Seat 4: VolkovDmitri ($120 in chips)
VolkovDmitri: posts small blind $1
zzzloy0408: posts big blind $3
*** HOLE CARDS ***
VolkovDmitri: raises $3 to $6
zzzloy0408: folds
Uncalled bet ($3) returned to VolkovDmitri
VolkovDmitri collected $6 from pot
VolkovDmitri: doesn't show hand
*** SUMMARY ***
Total pot $6 | Rake $0
Seat 3: zzzloy0408 (big blind) folded before Flop
Seat 4: VolkovDmitri (button) (small blind) collected ($6)


PokerStars Hand #157590864000:  Hold'em Limit ($3/$6 USD) - 2016/08/22 7:37:44 ET
Table 'Fraternitas' 6-max Seat #3 is the button
Seat 3: zzzloy0408 ($141.92 in chips)
Seat 4: VolkovDmitri ($123 in chips)
zzzloy0408: posts small blind $1
VolkovDmitri: posts big blind $3
*** HOLE CARDS ***
zzzloy0408: raises $3 to $6
VolkovDmitri: calls $3
*** FLOP *** [Qc 7s 9h]
VolkovDmitri: checks
zzzloy0408: bets $3
VolkovDmitri: calls $3
*** TURN *** [Qc 7s 9h] [8s]
VolkovDmitri: checks
zzzloy0408: bets $6
VolkovDmitri: folds
Uncalled bet ($6) returned to zzzloy0408
zzzloy0408 collected $17.64 from pot
zzzloy0408: doesn't show hand
*** SUMMARY ***
Total pot $18 | Rake $0.36
Board [Qc 7s 9h 8s]
Seat 3: zzzloy0408 (button) (small blind) collected ($17.64)
Seat 4: VolkovDmitri (big blind) folded on the Turn


PokerStars Hand #157590859743:  Hold'em Limit ($3/$6 USD) - 2016/08/22 7:37:34 ET
Table 'Fraternitas' 6-max Seat #4 is the button
Seat 3: zzzloy0408 ($144.92 in chips)
Seat 4: VolkovDmitri ($120 in chips)
VolkovDmitri: posts small blind $1
zzzloy0408: posts big blind $3
*** HOLE CARDS ***
VolkovDmitri: raises $3 to $6
zzzloy0408: folds
Uncalled bet ($3) returned to VolkovDmitri
VolkovDmitri collected $6 from pot
VolkovDmitri: doesn't show hand
*** SUMMARY ***
Total pot $6 | Rake $0
Seat 3: zzzloy0408 (big blind) folded before Flop
Seat 4: VolkovDmitri (button) (small blind) collected ($6)


PokerStars Hand #157590851326:  Hold'em Limit ($3/$6 USD) - 2016/08/22 7:37:14 ET
Table 'Fraternitas' 6-max Seat #3 is the button
Seat 3: zzzloy0408 ($130.42 in chips)
Seat 4: VolkovDmitri ($120 in chips)
zzzloy0408: posts small blind $1
VolkovDmitri: posts big blind $3
*** HOLE CARDS ***
zzzloy0408: raises $3 to $6
VolkovDmitri: calls $3
*** FLOP *** [8c Kh Th]
VolkovDmitri: checks
zzzloy0408: bets $3
VolkovDmitri: calls $3
*** TURN *** [8c Kh Th] [Jd]
VolkovDmitri: checks
zzzloy0408: bets $6
VolkovDmitri: calls $6
*** RIVER *** [8c Kh Th Jd] [7h]
VolkovDmitri: checks
zzzloy0408: checks
*** SHOW DOWN ***
VolkovDmitri: shows [8h 5s] (a pair of Eights)
zzzloy0408: shows [Qs Jh] (a pair of Jacks)
zzzloy0408 collected $29.50 from pot
*** SUMMARY ***
Total pot $30 | Rake $0.50
Board [8c Kh Th Jd 7h]
Seat 3: zzzloy0408 (button) (small blind) showed [Qs Jh] and won ($29.50) with a pair of Jacks
Seat 4: VolkovDmitri (big blind) showed [8h 5s] and lost with a pair of Eights


PokerStars Hand #157590887973:  Hold'em Limit ($3/$6 USD) - 2016/08/22 7:38:41 ET
Table 'Fraternitas' 6-max Seat #4 is the button
Seat 3: zzzloy0408 ($133.56 in chips)
Seat 4: VolkovDmitri ($136.76 in chips)
VolkovDmitri: posts small blind $1
zzzloy0408: posts big blind $3
*** HOLE CARDS ***
VolkovDmitri: raises $3 to $6
zzzloy0408: raises $3 to $9
VolkovDmitri: calls $3
*** FLOP *** [2c 6d 2d]
zzzloy0408: bets $3
VolkovDmitri: calls $3
*** TURN *** [2c 6d 2d] [Qs]
zzzloy0408: bets $6
VolkovDmitri: raises $6 to $12
zzzloy0408: calls $6
*** RIVER *** [2c 6d 2d Qs] [As]
zzzloy0408: checks
VolkovDmitri: bets $6
zzzloy0408: folds [3d 8d]
Uncalled bet ($6) returned to VolkovDmitri
VolkovDmitri collected $47.50 from pot
VolkovDmitri: doesn't show hand
*** SUMMARY ***
Total pot $48 | Rake $0.50
Board [2c 6d 2d Qs As]
Seat 3: zzzloy0408 (big blind) folded on the River
Seat 4: VolkovDmitri (button) (small blind) collected ($47.50)


PokerStars Hand #157590885896:  Hold'em Limit ($3/$6 USD) - 2016/08/22 7:38:36 ET
Table 'Fraternitas' 6-max Seat #3 is the button
Seat 3: zzzloy0408 ($134.56 in chips)
Seat 4: VolkovDmitri ($135.76 in chips)
zzzloy0408: posts small blind $1
VolkovDmitri: posts big blind $3
*** HOLE CARDS ***
zzzloy0408: folds
Uncalled bet ($2) returned to VolkovDmitri
VolkovDmitri collected $2 from pot
VolkovDmitri: doesn't show hand
*** SUMMARY ***
Total pot $2 | Rake $0
Seat 3: zzzloy0408 (button) (small blind) folded before Flop
Seat 4: VolkovDmitri (big blind) collected ($2)


PokerStars Hand #157590883830:  Hold'em Limit ($3/$6 USD) - 2016/08/22 7:38:31 ET
Table 'Fraternitas' 6-max Seat #4 is the button
Seat 3: zzzloy0408 ($137.56 in chips)
Seat 4: VolkovDmitri ($132.76 in chips)
VolkovDmitri: posts small blind $1
zzzloy0408: posts big blind $3
*** HOLE CARDS ***
VolkovDmitri: raises $3 to $6
zzzloy0408: folds
Uncalled bet ($3) returned to VolkovDmitri
VolkovDmitri collected $6 from pot
VolkovDmitri: doesn't show hand
*** SUMMARY ***
Total pot $6 | Rake $0
Seat 3: zzzloy0408 (big blind) folded before Flop
Seat 4: VolkovDmitri (button) (small blind) collected ($6)


PokerStars Hand #157590881715:  Hold'em Limit ($3/$6 USD) - 2016/08/22 7:38:26 ET
Table 'Fraternitas' 6-max Seat #3 is the button
Seat 3: zzzloy0408 ($138.56 in chips)
Seat 4: VolkovDmitri ($131.76 in chips)
zzzloy0408: posts small blind $1
VolkovDmitri: posts big blind $3
*** HOLE CARDS ***
zzzloy0408: folds
Uncalled bet ($2) returned to VolkovDmitri
VolkovDmitri collected $2 from pot
VolkovDmitri: doesn't show hand
*** SUMMARY ***
Total pot $2 | Rake $0
Seat 3: zzzloy0408 (button) (small blind) folded before Flop
Seat 4: VolkovDmitri (big blind) collected ($2)


PokerStars Hand #157590879602:  Hold'em Limit ($3/$6 USD) - 2016/08/22 7:38:21 ET
Table 'Fraternitas' 6-max Seat #4 is the button
Seat 3: zzzloy0408 ($141.56 in chips)
Seat 4: VolkovDmitri ($128.76 in chips)
VolkovDmitri: posts small blind $1
zzzloy0408: posts big blind $3
*** HOLE CARDS ***
VolkovDmitri: raises $3 to $6
zzzloy0408: folds
Uncalled bet ($3) returned to VolkovDmitri
VolkovDmitri collected $6 from pot
VolkovDmitri: doesn't show hand
*** SUMMARY ***
Total pot $6 | Rake $0
Seat 3: zzzloy0408 (big blind) folded before Flop
Seat 4: VolkovDmitri (button) (small blind) collected ($6)


PokerStars Hand #157590873891:  Hold'em Limit ($3/$6 USD) - 2016/08/22 7:38:07 ET
Table 'Fraternitas' 6-max Seat #3 is the button
Seat 3: zzzloy0408 ($147.56 in chips)
Seat 4: VolkovDmitri ($123 in chips)
zzzloy0408: posts small blind $1
VolkovDmitri: posts big blind $3
*** HOLE CARDS ***
zzzloy0408: raises $3 to $6
VolkovDmitri: calls $3
*** FLOP *** [Jh 6d 5c]
VolkovDmitri: checks
zzzloy0408: checks
*** TURN *** [Jh 6d 5c] [Qc]
VolkovDmitri: bets $6
zzzloy0408: folds
Uncalled bet ($6) returned to VolkovDmitri
VolkovDmitri collected $11.76 from pot
VolkovDmitri: doesn't show hand
*** SUMMARY ***
Total pot $12 | Rake $0.24
Board [Jh 6d 5c Qc]
Seat 3: zzzloy0408 (button) (small blind) folded on the Turn
Seat 4: VolkovDmitri (big blind) collected ($11.76)


