PokerStars Hand #174249719263:  Hold'em Limit ($3/$6 USD) - 2017/08/12 15:16:18 ET
Table 'Freia II' 6-max Seat #3 is the button
Seat 3: moveoverover ($256.40 in chips)
Seat 5: Eklund_1891 ($104.88 in chips)
moveoverover: posts small blind $1
Eklund_1891: posts big blind $3
*** HOLE CARDS ***
moveoverover: raises $3 to $6
Eklund_1891: raises $3 to $9
andyrr joins the table at seat #4
moveoverover: calls $3
*** FLOP *** [3h Qs 8s]
Eklund_1891: bets $3
moveoverover: calls $3
*** TURN *** [3h Qs 8s] [4h]
Eklund_1891: bets $6
moveoverover: calls $6
*** RIVER *** [3h Qs 8s 4h] [2h]
Eklund_1891: checks
belik555 joins the table at seat #6
moveoverover: checks
*** SHOW DOWN ***
Eklund_1891: shows [Kh 6d] (high card King)
moveoverover: shows [Td As] (high card Ace)
moveoverover collected $35.50 from pot
*** SUMMARY ***
Total pot $36 | Rake $0.50
Board [3h Qs 8s 4h 2h]
Seat 3: moveoverover (button) (small blind) showed [Td As] and won ($35.50) with high card Ace
Seat 5: Eklund_1891 (big blind) showed [Kh 6d] and lost with high card King


PokerStars Hand #174251194116:  Hold'em Limit ($3/$6 USD) - 2017/08/12 15:48:43 ET
Table 'Freia II' 6-max Seat #6 is the button
Seat 4: UNABELIEVE ($26.77 in chips)
Seat 6: belik555 ($97.61 in chips)
belik555: posts small blind $1
FeelinGuilty: is sitting out
UNABELIEVE: posts big blind $3
*** HOLE CARDS ***
FeelinGuilty leaves the table
belik555: raises $3 to $6
UNABELIEVE: calls $3
*** FLOP *** [Th Qd 3c]
UNABELIEVE: checks
belik555: bets $3
UNABELIEVE: folds
Uncalled bet ($3) returned to belik555
belik555 collected $11.76 from pot
belik555: doesn't show hand
*** SUMMARY ***
Total pot $12 | Rake $0.24
Board [Th Qd 3c]
Seat 4: UNABELIEVE (big blind) folded on the Flop
Seat 6: belik555 (button) (small blind) collected ($11.76)


PokerStars Hand #174251222515:  Hold'em Limit ($3/$6 USD) - 2017/08/12 15:49:21 ET
Table 'Freia II' 6-max Seat #4 is the button
Seat 3: Eklund_1891 ($107.05 in chips)
Seat 4: UNABELIEVE ($20.77 in chips)
UNABELIEVE: posts small blind $1
Eklund_1891: posts big blind $3
*** HOLE CARDS ***
UNABELIEVE: raises $3 to $6
Eklund_1891: raises $3 to $9
UNABELIEVE: calls $3
*** FLOP *** [2s Ts 9s]
Eklund_1891: bets $3
UNABELIEVE: calls $3
*** TURN *** [2s Ts 9s] [2c]
Eklund_1891: checks
UNABELIEVE: bets $6
Eklund_1891: calls $6
*** RIVER *** [2s Ts 9s 2c] [5c]
Eklund_1891: checks
UNABELIEVE: checks
*** SHOW DOWN ***
Eklund_1891: shows [Kh 7c] (a pair of Deuces)
UNABELIEVE: mucks hand
Eklund_1891 collected $35.50 from pot
*** SUMMARY ***
Total pot $36 | Rake $0.50
Board [2s Ts 9s 2c 5c]
Seat 3: Eklund_1891 (big blind) showed [Kh 7c] and won ($35.50) with a pair of Deuces
Seat 4: UNABELIEVE (button) (small blind) mucked


PokerStars Hand #174251242855:  Hold'em Limit ($3/$6 USD) - 2017/08/12 15:49:49 ET
Table 'Freia II' 6-max Seat #3 is the button
Seat 3: Eklund_1891 ($124.55 in chips)
Seat 6: belik555 ($103.37 in chips)
Eklund_1891: posts small blind $1
belik555: posts big blind $3
*** HOLE CARDS ***
Eklund_1891: raises $3 to $6
belik555: calls $3
*** FLOP *** [Kc 6c Qd]
belik555: checks
UNABELIEVE leaves the table
Eklund_1891: bets $3
belik555: folds
Uncalled bet ($3) returned to Eklund_1891
Eklund_1891 collected $11.76 from pot
*** SUMMARY ***
Total pot $12 | Rake $0.24
Board [Kc 6c Qd]
Seat 3: Eklund_1891 (button) (small blind) collected ($11.76)
Seat 6: belik555 (big blind) folded on the Flop


PokerStars Hand #174251292687:  Hold'em Limit ($3/$6 USD) - 2017/08/12 15:50:57 ET
Table 'Freia II' 6-max Seat #3 is the button
Seat 3: Eklund_1891 ($138.95 in chips)
Seat 6: belik555 ($90 in chips)
Eklund_1891: posts small blind $1
belik555: posts big blind $3
*** HOLE CARDS ***
Eklund_1891: folds
Uncalled bet ($2) returned to belik555
belik555 collected $2 from pot
belik555: doesn't show hand
*** SUMMARY ***
Total pot $2 | Rake $0
Seat 3: Eklund_1891 (button) (small blind) folded before Flop
Seat 6: belik555 (big blind) collected ($2)


PokerStars Hand #174251297153:  Hold'em Limit ($3/$6 USD) - 2017/08/12 15:51:03 ET
Table 'Freia II' 6-max Seat #6 is the button
Seat 3: Eklund_1891 ($137.95 in chips)
Seat 6: belik555 ($91 in chips)
belik555: posts small blind $1
Eklund_1891: posts big blind $3
*** HOLE CARDS ***
belik555: raises $3 to $6
Eklund_1891: raises $3 to $9
belik555: calls $3
*** FLOP *** [9h Ac Jh]
Eklund_1891: bets $3
belik555: calls $3
*** TURN *** [9h Ac Jh] [6c]
Eklund_1891: bets $6
belik555: calls $6
*** RIVER *** [9h Ac Jh 6c] [2h]
Eklund_1891: bets $6
belik555: calls $6
*** SHOW DOWN ***
Eklund_1891: shows [As Ad] (three of a kind, Aces)
belik555: mucks hand
Eklund_1891 collected $47.50 from pot
*** SUMMARY ***
Total pot $48 | Rake $0.50
Board [9h Ac Jh 6c 2h]
Seat 3: Eklund_1891 (big blind) showed [As Ad] and won ($47.50) with three of a kind, Aces
Seat 6: belik555 (button) (small blind) mucked


PokerStars Hand #174251267244:  Hold'em Limit ($3/$6 USD) - 2017/08/12 15:50:22 ET
Table 'Freia II' 6-max Seat #6 is the button
Seat 3: Eklund_1891 ($130.31 in chips)
Seat 6: belik555 ($97.37 in chips)
belik555: posts small blind $1
Eklund_1891: posts big blind $3
*** HOLE CARDS ***
belik555: raises $3 to $6
Eklund_1891: raises $3 to $9
belik555: calls $3
*** FLOP *** [8d Th 5c]
Eklund_1891: bets $3
belik555: folds
Uncalled bet ($3) returned to Eklund_1891
Eklund_1891 collected $17.64 from pot
*** SUMMARY ***
Total pot $18 | Rake $0.36
Board [8d Th 5c]
Seat 3: Eklund_1891 (big blind) collected ($17.64)
Seat 6: belik555 (button) (small blind) folded on the Flop


PokerStars Hand #174251321591:  Hold'em Limit ($3/$6 USD) - 2017/08/12 15:51:37 ET
Table 'Freia II' 6-max Seat #3 is the button
Seat 3: Eklund_1891 ($161.45 in chips)
Seat 6: belik555 ($90 in chips)
Eklund_1891: posts small blind $1
belik555: posts big blind $3
*** HOLE CARDS ***
Eklund_1891: raises $3 to $6
belik555: calls $3
*** FLOP *** [2s 5s 4h]
belik555: checks
Eklund_1891: bets $3
belik555: calls $3
*** TURN *** [2s 5s 4h] [3d]
belik555: checks
Eklund_1891: bets $6
belik555: folds
Uncalled bet ($6) returned to Eklund_1891
Eklund_1891 collected $17.64 from pot
*** SUMMARY ***
Total pot $18 | Rake $0.36
Board [2s 5s 4h 3d]
Seat 3: Eklund_1891 (button) (small blind) collected ($17.64)
Seat 6: belik555 (big blind) folded on the Turn


PokerStars Hand #174251342310:  Hold'em Limit ($3/$6 USD) - 2017/08/12 15:52:05 ET
Table 'Freia II' 6-max Seat #6 is the button
Seat 3: Eklund_1891 ($170.09 in chips)
Seat 6: belik555 ($90 in chips)
belik555: posts small blind $1
Eklund_1891: posts big blind $3
*** HOLE CARDS ***
belik555: raises $3 to $6
Eklund_1891: raises $3 to $9
belik555: calls $3
*** FLOP *** [Tc Kc 2c]
Eklund_1891: bets $3
belik555: folds
Uncalled bet ($3) returned to Eklund_1891
Eklund_1891 collected $17.64 from pot
*** SUMMARY ***
Total pot $18 | Rake $0.36
Board [Tc Kc 2c]
Seat 3: Eklund_1891 (big blind) collected ($17.64)
Seat 6: belik555 (button) (small blind) folded on the Flop


PokerStars Hand #174251361026:  Hold'em Limit ($3/$6 USD) - 2017/08/12 15:52:31 ET
Table 'Freia II' 6-max Seat #3 is the button
Seat 3: Eklund_1891 ($178.73 in chips)
Seat 6: belik555 ($90 in chips)
Eklund_1891: posts small blind $1
belik555: posts big blind $3
*** HOLE CARDS ***
Eklund_1891: raises $3 to $6
belik555: raises $3 to $9
Eklund_1891: raises $3 to $12
Betting is capped
belik555: calls $3
*** FLOP *** [8h 7h Js]
belik555: checks
Eklund_1891: bets $3
belik555: calls $3
*** TURN *** [8h 7h Js] [Th]
belik555: checks
Eklund_1891: bets $6
belik555: calls $6
*** RIVER *** [8h 7h Js Th] [5d]
belik555: checks
Eklund_1891: bets $6
belik555: folds
Uncalled bet ($6) returned to Eklund_1891
Eklund_1891 collected $41.50 from pot
*** SUMMARY ***
Total pot $42 | Rake $0.50
Board [8h 7h Js Th 5d]
Seat 3: Eklund_1891 (button) (small blind) collected ($41.50)
Seat 6: belik555 (big blind) folded on the River


PokerStars Hand #174251398133:  Hold'em Limit ($3/$6 USD) - 2017/08/12 15:53:23 ET
Table 'Freia II' 6-max Seat #6 is the button
Seat 3: Eklund_1891 ($199.23 in chips)
Seat 6: belik555 ($90 in chips)
belik555: posts small blind $1
Eklund_1891: posts big blind $3
*** HOLE CARDS ***
belik555: raises $3 to $6
Eklund_1891: raises $3 to $9
belik555: calls $3
*** FLOP *** [3d 2h Qc]
Eklund_1891: checks
belik555: checks
*** TURN *** [3d 2h Qc] [Jh]
Eklund_1891: bets $6
belik555: calls $6
*** RIVER *** [3d 2h Qc Jh] [8d]
Eklund_1891: checks
belik555: checks
*** SHOW DOWN ***
Eklund_1891: shows [9c 6c] (high card Queen)
belik555: shows [Tc 2c] (a pair of Deuces)
belik555 collected $29.50 from pot
*** SUMMARY ***
Total pot $30 | Rake $0.50
Board [3d 2h Qc Jh 8d]
Seat 3: Eklund_1891 (big blind) showed [9c 6c] and lost with high card Queen
Seat 6: belik555 (button) (small blind) showed [Tc 2c] and won ($29.50) with a pair of Deuces


PokerStars Hand #174251528565:  Hold'em Limit ($3/$6 USD) - 2017/08/12 15:56:54 ET
Table 'Freia II' 6-max Seat #3 is the button
Seat 3: Eklund_1891 ($119.23 in chips)
Seat 6: belik555 ($100.02 in chips)
Eklund_1891: posts small blind $1
belik555: posts big blind $3
*** HOLE CARDS ***
Eklund_1891: raises $3 to $6
belik555: calls $3
*** FLOP *** [Th Ks Ts]
belik555: checks
Eklund_1891: checks
*** TURN *** [Th Ks Ts] [3h]
belik555: checks
Eklund_1891: bets $6
belik555: folds
Uncalled bet ($6) returned to Eklund_1891
Eklund_1891 collected $11.76 from pot
*** SUMMARY ***
Total pot $12 | Rake $0.24
Board [Th Ks Ts 3h]
Seat 3: Eklund_1891 (button) (small blind) collected ($11.76)
Seat 6: belik555 (big blind) folded on the Turn


PokerStars Hand #174251431441:  Hold'em Limit ($3/$6 USD) - 2017/08/12 15:54:10 ET
Table 'Freia II' 6-max Seat #3 is the button
Seat 3: Eklund_1891 ($184.23 in chips)
Seat 6: belik555 ($104.50 in chips)
Eklund_1891: posts small blind $1
belik555: posts big blind $3
*** HOLE CARDS ***
Eklund_1891: raises $3 to $6
belik555: raises $3 to $9
Eklund_1891: raises $3 to $12
Betting is capped
belik555: calls $3
*** FLOP *** [Kc 7d 8d]
belik555: checks
Eklund_1891: checks
*** TURN *** [Kc 7d 8d] [Tc]
NAUTJE1337 joins the table at seat #5
belik555: bets $6
Eklund_1891: folds
Uncalled bet ($6) returned to belik555
belik555 collected $23.52 from pot
belik555: doesn't show hand
*** SUMMARY ***
Total pot $24 | Rake $0.48
Board [Kc 7d 8d Tc]
Seat 3: Eklund_1891 (button) (small blind) folded on the Turn
Seat 6: belik555 (big blind) collected ($23.52)


PokerStars Hand #174251466477:  Hold'em Limit ($3/$6 USD) - 2017/08/12 15:54:59 ET
Table 'Freia II' 6-max Seat #6 is the button
Seat 3: Eklund_1891 ($172.23 in chips)
Seat 6: belik555 ($116.02 in chips)
belik555: posts small blind $1
Eklund_1891: posts big blind $3
*** HOLE CARDS ***
belik555: folds
Uncalled bet ($2) returned to Eklund_1891
Eklund_1891 collected $2 from pot
*** SUMMARY ***
Total pot $2 | Rake $0
Seat 3: Eklund_1891 (big blind) collected ($2)
Seat 6: belik555 (button) (small blind) folded before Flop


PokerStars Hand #174251548117:  Hold'em Limit ($3/$6 USD) - 2017/08/12 15:57:32 ET
Table 'Freia II' 6-max Seat #3 is the button
Seat 3: Eklund_1891 ($121.99 in chips)
Seat 6: belik555 ($97.02 in chips)
Eklund_1891: posts small blind $1
belik555: posts big blind $3
*** HOLE CARDS ***
Eklund_1891: raises $3 to $6
belik555: folds
Uncalled bet ($3) returned to Eklund_1891
Eklund_1891 collected $6 from pot
*** SUMMARY ***
Total pot $6 | Rake $0
Seat 3: Eklund_1891 (button) (small blind) collected ($6)
Seat 6: belik555 (big blind) folded before Flop


PokerStars Hand #174251566124:  Hold'em Limit ($3/$6 USD) - 2017/08/12 15:58:06 ET
Table 'Freia II' 6-max Seat #6 is the button
Seat 3: Eklund_1891 ($117.99 in chips)
Seat 6: belik555 ($100.78 in chips)
belik555: posts small blind $1
Eklund_1891: posts big blind $3
*** HOLE CARDS ***
belik555: raises $3 to $6
Eklund_1891: raises $3 to $9
belik555: calls $3
*** FLOP *** [5h Ac 3d]
Eklund_1891: bets $3
belik555: folds
Uncalled bet ($3) returned to Eklund_1891
Eklund_1891 collected $17.64 from pot
*** SUMMARY ***
Total pot $18 | Rake $0.36
Board [5h Ac 3d]
Seat 3: Eklund_1891 (big blind) collected ($17.64)
Seat 6: belik555 (button) (small blind) folded on the Flop


PokerStars Hand #174251553951:  Hold'em Limit ($3/$6 USD) - 2017/08/12 15:57:43 ET
Table 'Freia II' 6-max Seat #6 is the button
Seat 3: Eklund_1891 ($124.99 in chips)
Seat 6: belik555 ($94.02 in chips)
belik555: posts small blind $1
Eklund_1891: posts big blind $3
*** HOLE CARDS ***
belik555: raises $3 to $6
Eklund_1891: calls $3
*** FLOP *** [Jc 5s 5c]
Eklund_1891: checks
belik555: bets $3
Eklund_1891: folds
Uncalled bet ($3) returned to belik555
belik555 collected $11.76 from pot
belik555: doesn't show hand
*** SUMMARY ***
Total pot $12 | Rake $0.24
Board [Jc 5s 5c]
Seat 3: Eklund_1891 (big blind) folded on the Flop
Seat 6: belik555 (button) (small blind) collected ($11.76)


PokerStars Hand #174251574850:  Hold'em Limit ($3/$6 USD) - 2017/08/12 15:58:22 ET
Table 'Freia II' 6-max Seat #3 is the button
Seat 3: Eklund_1891 ($126.63 in chips)
Seat 6: belik555 ($91.78 in chips)
Eklund_1891: posts small blind $1
belik555: posts big blind $3
*** HOLE CARDS ***
Eklund_1891: raises $3 to $6
belik555: calls $3
*** FLOP *** [5d 3h Jc]
belik555: checks
Eklund_1891: bets $3
belik555: calls $3
*** TURN *** [5d 3h Jc] [8s]
belik555: checks
Eklund_1891: bets $6
belik555: folds
Uncalled bet ($6) returned to Eklund_1891
Eklund_1891 collected $17.64 from pot
*** SUMMARY ***
Total pot $18 | Rake $0.36
Board [5d 3h Jc 8s]
Seat 3: Eklund_1891 (button) (small blind) collected ($17.64)
Seat 6: belik555 (big blind) folded on the Turn


PokerStars Hand #174251593139:  Hold'em Limit ($3/$6 USD) - 2017/08/12 15:58:56 ET
Table 'Freia II' 6-max Seat #6 is the button
Seat 3: Eklund_1891 ($135.27 in chips)
Seat 6: belik555 ($90 in chips)
belik555: posts small blind $1
Eklund_1891: posts big blind $3
*** HOLE CARDS ***
belik555: raises $3 to $6
Eklund_1891: raises $3 to $9
belik555: calls $3
*** FLOP *** [Jc 9d 5d]
Eklund_1891: checks
belik555: checks
*** TURN *** [Jc 9d 5d] [3h]
NAUTJE1337 joins the table at seat #5
Eklund_1891: bets $6
belik555: calls $6
*** RIVER *** [Jc 9d 5d 3h] [Jh]
Eklund_1891: bets $6
belik555: calls $6
*** SHOW DOWN ***
Eklund_1891: shows [8s Ad] (a pair of Jacks)
belik555: shows [8c 9s] (two pair, Jacks and Nines)
belik555 collected $41.50 from pot
*** SUMMARY ***
Total pot $42 | Rake $0.50
Board [Jc 9d 5d 3h Jh]
Seat 3: Eklund_1891 (big blind) showed [8s Ad] and lost with a pair of Jacks
Seat 6: belik555 (button) (small blind) showed [8c 9s] and won ($41.50) with two pair, Jacks and Nines


PokerStars Hand #174251762546:  Hold'em Limit ($3/$6 USD) - 2017/08/12 16:03:20 ET
Table 'Freia II' 6-max Seat #3 is the button
Seat 3: Eklund_1891 ($108.13 in chips)
Seat 6: belik555 ($90 in chips)
Eklund_1891: posts small blind $1
belik555: posts big blind $3
*** HOLE CARDS ***
Eklund_1891: folds
Uncalled bet ($2) returned to belik555
belik555 collected $2 from pot
belik555: doesn't show hand
*** SUMMARY ***
Total pot $2 | Rake $0
Seat 3: Eklund_1891 (button) (small blind) folded before Flop
Seat 6: belik555 (big blind) collected ($2)


PokerStars Hand #174251744136:  Hold'em Limit ($3/$6 USD) - 2017/08/12 16:02:54 ET
Table 'Freia II' 6-max Seat #6 is the button
Seat 3: Eklund_1891 ($99.49 in chips)
Seat 6: belik555 ($95.76 in chips)
belik555: posts small blind $1
Eklund_1891: posts big blind $3
*** HOLE CARDS ***
belik555: raises $3 to $6
Eklund_1891: raises $3 to $9
belik555: calls $3
*** FLOP *** [Kh As 3d]
Eklund_1891: bets $3
belik555: folds
Uncalled bet ($3) returned to Eklund_1891
Eklund_1891 collected $17.64 from pot
*** SUMMARY ***
Total pot $18 | Rake $0.36
Board [Kh As 3d]
Seat 3: Eklund_1891 (big blind) collected ($17.64)
Seat 6: belik555 (button) (small blind) folded on the Flop


PokerStars Hand #174251720689:  Hold'em Limit ($3/$6 USD) - 2017/08/12 16:02:22 ET
Table 'Freia II' 6-max Seat #3 is the button
Seat 3: Eklund_1891 ($105.49 in chips)
Seat 6: belik555 ($90 in chips)
Eklund_1891: posts small blind $1
NAUTJE1337: is sitting out
belik555: posts big blind $3
*** HOLE CARDS ***
Eklund_1891: raises $3 to $6
belik555: calls $3
*** FLOP *** [7c Td 3s]
belik555: checks
Eklund_1891: checks
*** TURN *** [7c Td 3s] [Tc]
belik555: checks
Eklund_1891: checks
*** RIVER *** [7c Td 3s Tc] [Qs]
belik555: checks
Eklund_1891: checks
*** SHOW DOWN ***
belik555: shows [Kc 2d] (a pair of Tens)
NAUTJE1337 leaves the table
Eklund_1891: mucks hand
belik555 collected $11.76 from pot
*** SUMMARY ***
Total pot $12 | Rake $0.24
Board [7c Td 3s Tc Qs]
Seat 3: Eklund_1891 (button) (small blind) mucked
Seat 6: belik555 (big blind) showed [Kc 2d] and won ($11.76) with a pair of Tens


PokerStars Hand #174251767251:  Hold'em Limit ($3/$6 USD) - 2017/08/12 16:03:27 ET
Table 'Freia II' 6-max Seat #6 is the button
Seat 3: Eklund_1891 ($107.13 in chips)
Seat 6: belik555 ($91 in chips)
belik555: posts small blind $1
Eklund_1891: posts big blind $3
*** HOLE CARDS ***
belik555: folds
Uncalled bet ($2) returned to Eklund_1891
Eklund_1891 collected $2 from pot
*** SUMMARY ***
Total pot $2 | Rake $0
Seat 3: Eklund_1891 (big blind) collected ($2)
Seat 6: belik555 (button) (small blind) folded before Flop


PokerStars Hand #174251771031:  Hold'em Limit ($3/$6 USD) - 2017/08/12 16:03:32 ET
Table 'Freia II' 6-max Seat #3 is the button
Seat 3: Eklund_1891 ($108.13 in chips)
Seat 6: belik555 ($90 in chips)
Eklund_1891: posts small blind $1
belik555: posts big blind $3
*** HOLE CARDS ***
Eklund_1891: raises $3 to $6
belik555: calls $3
*** FLOP *** [Ts 5s Kh]
belik555: checks
Eklund_1891: checks
*** TURN *** [Ts 5s Kh] [4s]
belik555: checks
NAUTJE1337 joins the table at seat #2
Eklund_1891: bets $6
belik555: folds
Uncalled bet ($6) returned to Eklund_1891
Eklund_1891 collected $11.76 from pot
*** SUMMARY ***
Total pot $12 | Rake $0.24
Board [Ts 5s Kh 4s]
Seat 3: Eklund_1891 (button) (small blind) collected ($11.76)
Seat 6: belik555 (big blind) folded on the Turn


PokerStars Hand #174251912247:  Hold'em Limit ($3/$6 USD) - 2017/08/12 16:06:43 ET
Table 'Freia II' 6-max Seat #3 is the button
Seat 3: Eklund_1891 ($105.71 in chips)
Seat 6: belik555 ($90 in chips)
Eklund_1891: posts small blind $1
belik555: posts big blind $3
*** HOLE CARDS ***
Eklund_1891: calls $2
belik555: checks
*** FLOP *** [5c 4c 3h]
belik555: checks
Eklund_1891: bets $3
belik555: calls $3
*** TURN *** [5c 4c 3h] [6s]
NAUTJE1337 leaves the table
belik555: checks
Eklund_1891: bets $6
belik555: folds
Uncalled bet ($6) returned to Eklund_1891
Eklund_1891 collected $11.76 from pot
*** SUMMARY ***
Total pot $12 | Rake $0.24
Board [5c 4c 3h 6s]
Seat 3: Eklund_1891 (button) (small blind) collected ($11.76)
Seat 6: belik555 (big blind) folded on the Turn


PokerStars Hand #174251937009:  Hold'em Limit ($3/$6 USD) - 2017/08/12 16:07:17 ET
Table 'Freia II' 6-max Seat #6 is the button
Seat 3: Eklund_1891 ($111.47 in chips)
Seat 6: belik555 ($90 in chips)
belik555: posts small blind $1
Eklund_1891: posts big blind $3
*** HOLE CARDS ***
belik555: raises $3 to $6
HeT_B0npocoB joins the table at seat #2
Eklund_1891: calls $3
*** FLOP *** [7h Th Td]
Eklund_1891: checks
belik555: bets $3
Eklund_1891: folds
Uncalled bet ($3) returned to belik555
belik555 collected $11.76 from pot
belik555: doesn't show hand
*** SUMMARY ***
Total pot $12 | Rake $0.24
Board [7h Th Td]
Seat 3: Eklund_1891 (big blind) folded on the Flop
Seat 6: belik555 (button) (small blind) collected ($11.76)


PokerStars Hand #174251951496:  Hold'em Limit ($3/$6 USD) - 2017/08/12 16:07:36 ET
Table 'Freia II' 6-max Seat #3 is the button
Seat 3: Eklund_1891 ($105.47 in chips)
Seat 6: belik555 ($95.76 in chips)
Eklund_1891: posts small blind $1
belik555: posts big blind $3
*** HOLE CARDS ***
Eklund_1891: raises $3 to $6
belik555: calls $3
*** FLOP *** [Ah Ks Kd]
belik555: checks
Eklund_1891: bets $3
belik555: folds
Uncalled bet ($3) returned to Eklund_1891
Eklund_1891 collected $11.76 from pot
*** SUMMARY ***
Total pot $12 | Rake $0.24
Board [Ah Ks Kd]
Seat 3: Eklund_1891 (button) (small blind) collected ($11.76)
Seat 6: belik555 (big blind) folded on the Flop


PokerStars Hand #174253061603:  Hold'em Limit ($3/$6 USD) - 2017/08/12 16:32:50 ET
Table 'Freia II' 6-max Seat #1 is the button
Seat 1: Winnitt ($136.99 in chips)
Seat 6: belik555 ($115.02 in chips)
Winnitt: posts small blind $1
Mr_IGING: is sitting out
belik555: posts big blind $3
*** HOLE CARDS ***
Winnitt: raises $3 to $6
belik555: raises $3 to $9
Winnitt: calls $3
*** FLOP *** [6h Qd 5d]
Mr_IGING leaves the table
belik555: bets $3
Winnitt: raises $3 to $6
belik555: calls $3
*** TURN *** [6h Qd 5d] [Kh]
belik555: bets $6
Winnitt: calls $6
*** RIVER *** [6h Qd 5d Kh] [9d]
belik555: bets $6
Winnitt: calls $6
*** SHOW DOWN ***
belik555: shows [Kc Ad] (a pair of Kings)
Winnitt: mucks hand
belik555 collected $53.50 from pot
*** SUMMARY ***
Total pot $54 | Rake $0.50
Board [6h Qd 5d Kh 9d]
Seat 1: Winnitt (button) (small blind) mucked
Seat 6: belik555 (big blind) showed [Kc Ad] and won ($53.50) with a pair of Kings


PokerStars Hand #174253081761:  Hold'em Limit ($3/$6 USD) - 2017/08/12 16:33:18 ET
Table 'Freia II' 6-max Seat #6 is the button
Seat 1: Winnitt ($109.99 in chips)
Seat 6: belik555 ($141.52 in chips)
belik555: posts small blind $1
Winnitt: posts big blind $3
*** HOLE CARDS ***
belik555: raises $3 to $6
Winnitt: calls $3
*** FLOP *** [7s 4d 3h]
Winnitt: checks
belik555: bets $3
Winnitt: raises $3 to $6
belik555: calls $3
*** TURN *** [7s 4d 3h] [Kc]
Winnitt: bets $6
belik555: calls $6
*** RIVER *** [7s 4d 3h Kc] [2s]
Winnitt: bets $6
belik555: folds
Uncalled bet ($6) returned to Winnitt
Winnitt collected $35.50 from pot
Winnitt: doesn't show hand
*** SUMMARY ***
Total pot $36 | Rake $0.50
Board [7s 4d 3h Kc 2s]
Seat 1: Winnitt (big blind) collected ($35.50)
Seat 6: belik555 (button) (small blind) folded on the River


PokerStars Hand #174253107542:  Hold'em Limit ($3/$6 USD) - 2017/08/12 16:33:54 ET
Table 'Freia II' 6-max Seat #1 is the button
Seat 1: Winnitt ($127.49 in chips)
Seat 6: belik555 ($123.52 in chips)
Winnitt: posts small blind $1
belik555: posts big blind $3
*** HOLE CARDS ***
Winnitt: calls $2
belik555: raises $3 to $6
Winnitt: calls $3
*** FLOP *** [9h 6s 3d]
belik555: bets $3
Winnitt: calls $3
*** TURN *** [9h 6s 3d] [7c]
belik555: checks
Winnitt: checks
*** RIVER *** [9h 6s 3d 7c] [Qh]
belik555: checks
Winnitt: bets $6
belik555: calls $6
*** SHOW DOWN ***
Winnitt: shows [5h 8s] (a straight, Five to Nine)
NAUTJE1337 joins the table at seat #5
belik555: mucks hand
Winnitt collected $29.50 from pot
*** SUMMARY ***
Total pot $30 | Rake $0.50
Board [9h 6s 3d 7c Qh]
Seat 1: Winnitt (button) (small blind) showed [5h 8s] and won ($29.50) with a straight, Five to Nine
Seat 6: belik555 (big blind) mucked


PokerStars Hand #174253125418:  Hold'em Limit ($3/$6 USD) - 2017/08/12 16:34:19 ET
Table 'Freia II' 6-max Seat #6 is the button
Seat 1: Winnitt ($141.99 in chips)
Seat 6: belik555 ($108.52 in chips)
belik555: posts small blind $1
Winnitt: posts big blind $3
*** HOLE CARDS ***
belik555: raises $3 to $6
Winnitt: folds
Uncalled bet ($3) returned to belik555
belik555 collected $6 from pot
belik555: doesn't show hand
*** SUMMARY ***
Total pot $6 | Rake $0
Seat 1: Winnitt (big blind) folded before Flop
Seat 6: belik555 (button) (small blind) collected ($6)


PokerStars Hand #174253409524:  Hold'em Limit ($3/$6 USD) - 2017/08/12 16:41:00 ET
Table 'Freia II' 6-max Seat #1 is the button
Seat 1: Winnitt ($184.95 in chips)
Seat 6: belik555 ($119.82 in chips)
Winnitt: posts small blind $1
belik555: posts big blind $3
*** HOLE CARDS ***
Winnitt: raises $3 to $6
belik555: raises $3 to $9
Winnitt: calls $3
*** FLOP *** [Kd 7d 9h]
belik555: bets $3
Winnitt: calls $3
*** TURN *** [Kd 7d 9h] [Kc]
belik555: bets $6
Winnitt: calls $6
*** RIVER *** [Kd 7d 9h Kc] [9s]
belik555: bets $6
Winnitt: calls $6
*** SHOW DOWN ***
belik555: shows [Qc Qd] (two pair, Kings and Queens)
Winnitt: mucks hand
belik555 collected $47.50 from pot
*** SUMMARY ***
Total pot $48 | Rake $0.50
Board [Kd 7d 9h Kc 9s]
Seat 1: Winnitt (button) (small blind) mucked
Seat 6: belik555 (big blind) showed [Qc Qd] and won ($47.50) with two pair, Kings and Queens


PokerStars Hand #174253392659:  Hold'em Limit ($3/$6 USD) - 2017/08/12 16:40:35 ET
Table 'Freia II' 6-max Seat #1 is the button
Seat 1: Winnitt ($171.45 in chips)
Seat 6: belik555 ($133.82 in chips)
Winnitt: posts small blind $1
mytuter: is sitting out
belik555: posts big blind $3
*** HOLE CARDS ***
Winnitt: folds
Uncalled bet ($2) returned to belik555
mytuter leaves the table
belik555 collected $2 from pot
belik555: doesn't show hand
*** SUMMARY ***
Total pot $2 | Rake $0
Seat 1: Winnitt (button) (small blind) folded before Flop
Seat 6: belik555 (big blind) collected ($2)


PokerStars Hand #174253430238:  Hold'em Limit ($3/$6 USD) - 2017/08/12 16:41:29 ET
Table 'Freia II' 6-max Seat #1 is the button
Seat 1: Winnitt ($161.95 in chips)
Seat 6: belik555 ($142.32 in chips)
Winnitt: posts small blind $1
belik555: posts big blind $3
*** HOLE CARDS ***
Winnitt: raises $3 to $6
belik555: raises $3 to $9
Winnitt: calls $3
*** FLOP *** [Ks 8c Tc]
belik555: bets $3
Winnitt: calls $3
*** TURN *** [Ks 8c Tc] [6d]
belik555: checks
Winnitt: checks
*** RIVER *** [Ks 8c Tc 6d] [Qc]
belik555: bets $6
Winnitt: calls $6
*** SHOW DOWN ***
belik555: shows [Qd 9d] (a pair of Queens)
Winnitt: mucks hand
belik555 collected $35.50 from pot
*** SUMMARY ***
Total pot $36 | Rake $0.50
Board [Ks 8c Tc 6d Qc]
Seat 1: Winnitt (button) (small blind) mucked
Seat 6: belik555 (big blind) showed [Qd 9d] and won ($35.50) with a pair of Queens


PokerStars Hand #174253426075:  Hold'em Limit ($3/$6 USD) - 2017/08/12 16:41:23 ET
Table 'Freia II' 6-max Seat #6 is the button
Seat 1: Winnitt ($160.95 in chips)
Seat 6: belik555 ($143.32 in chips)
belik555: posts small blind $1
Winnitt: posts big blind $3
*** HOLE CARDS ***
belik555: folds
Uncalled bet ($2) returned to Winnitt
Winnitt collected $2 from pot
Winnitt: doesn't show hand
*** SUMMARY ***
Total pot $2 | Rake $0
Seat 1: Winnitt (big blind) collected ($2)
Seat 6: belik555 (button) (small blind) folded before Flop


PokerStars Hand #174253457197:  Hold'em Limit ($3/$6 USD) - 2017/08/12 16:42:08 ET
Table 'Freia II' 6-max Seat #1 is the button
Seat 1: Winnitt ($149.71 in chips)
Seat 6: belik555 ($153.82 in chips)
Winnitt: posts small blind $1
belik555: posts big blind $3
*** HOLE CARDS ***
Winnitt: folds
Uncalled bet ($2) returned to belik555
belik555 collected $2 from pot
belik555: doesn't show hand
*** SUMMARY ***
Total pot $2 | Rake $0
Seat 1: Winnitt (button) (small blind) folded before Flop
Seat 6: belik555 (big blind) collected ($2)


PokerStars Hand #174253447573:  Hold'em Limit ($3/$6 USD) - 2017/08/12 16:41:54 ET
Table 'Freia II' 6-max Seat #6 is the button
Seat 1: Winnitt ($143.95 in chips)
Seat 6: belik555 ($159.82 in chips)
belik555: posts small blind $1
Winnitt: posts big blind $3
*** HOLE CARDS ***
belik555: raises $3 to $6
Winnitt: calls $3
*** FLOP *** [As Kd 5c]
Winnitt: bets $3
belik555: folds
Uncalled bet ($3) returned to Winnitt
Winnitt collected $11.76 from pot
Winnitt: doesn't show hand
*** SUMMARY ***
Total pot $12 | Rake $0.24
Board [As Kd 5c]
Seat 1: Winnitt (big blind) collected ($11.76)
Seat 6: belik555 (button) (small blind) folded on the Flop


PokerStars Hand #174253460778:  Hold'em Limit ($3/$6 USD) - 2017/08/12 16:42:13 ET
Table 'Freia II' 6-max Seat #6 is the button
Seat 1: Winnitt ($148.71 in chips)
Seat 6: belik555 ($154.82 in chips)
belik555: posts small blind $1
Winnitt: posts big blind $3
*** HOLE CARDS ***
belik555: raises $3 to $6
Winnitt: calls $3
*** FLOP *** [3h Jc 4s]
Winnitt: checks
belik555: bets $3
Winnitt: folds
Uncalled bet ($3) returned to belik555
belik555 collected $11.76 from pot
belik555: doesn't show hand
*** SUMMARY ***
Total pot $12 | Rake $0.24
Board [3h Jc 4s]
Seat 1: Winnitt (big blind) folded on the Flop
Seat 6: belik555 (button) (small blind) collected ($11.76)


PokerStars Hand #174253663377:  Hold'em Limit ($3/$6 USD) - 2017/08/12 16:47:02 ET
Table 'Freia II' 6-max Seat #1 is the button
Seat 1: Winnitt ($194.31 in chips)
Seat 6: belik555 ($149.21 in chips)
Winnitt: posts small blind $1
belik555: posts big blind $3
*** HOLE CARDS ***
Winnitt: raises $3 to $6
NAUTJE1337 leaves the table
belik555: folds
Uncalled bet ($3) returned to Winnitt
Winnitt collected $6 from pot
Winnitt: doesn't show hand
*** SUMMARY ***
Total pot $6 | Rake $0
Seat 1: Winnitt (button) (small blind) collected ($6)
Seat 6: belik555 (big blind) folded before Flop


PokerStars Hand #174253712662:  Hold'em Limit ($3/$6 USD) - 2017/08/12 16:47:53 ET
Table 'Freia II' 6-max Seat #6 is the button
Seat 1: Winnitt ($175.31 in chips)
Seat 6: belik555 ($167.71 in chips)
belik555: posts small blind $1
Winnitt: posts big blind $3
*** HOLE CARDS ***
belik555: raises $3 to $6
Winnitt: calls $3
*** FLOP *** [5c Qh 6c]
Winnitt: checks
belik555: bets $3
Winnitt: calls $3
*** TURN *** [5c Qh 6c] [2s]
Winnitt: checks
belik555: bets $6
Winnitt: calls $6
*** RIVER *** [5c Qh 6c 2s] [Ah]
Winnitt: checks
belik555: checks
*** SHOW DOWN ***
Winnitt: shows [Jd Qc] (a pair of Queens)
belik555: mucks hand
Winnitt collected $29.50 from pot
*** SUMMARY ***
Total pot $30 | Rake $0.50
Board [5c Qh 6c 2s Ah]
Seat 1: Winnitt (big blind) showed [Jd Qc] and won ($29.50) with a pair of Queens
Seat 6: belik555 (button) (small blind) mucked


PokerStars Hand #174253708749:  Hold'em Limit ($3/$6 USD) - 2017/08/12 16:47:47 ET
Table 'Freia II' 6-max Seat #1 is the button
Seat 1: Winnitt ($176.31 in chips)
Seat 6: belik555 ($166.71 in chips)
Winnitt: posts small blind $1
belik555: posts big blind $3
*** HOLE CARDS ***
Winnitt: folds
Uncalled bet ($2) returned to belik555
belik555 collected $2 from pot
belik555: doesn't show hand
*** SUMMARY ***
Total pot $2 | Rake $0
Seat 1: Winnitt (button) (small blind) folded before Flop
Seat 6: belik555 (big blind) collected ($2)


PokerStars Hand #174253676802:  Hold'em Limit ($3/$6 USD) - 2017/08/12 16:47:16 ET
Table 'Freia II' 6-max Seat #6 is the button
Seat 1: Winnitt ($197.31 in chips)
Seat 6: belik555 ($146.21 in chips)
belik555: posts small blind $1
Winnitt: posts big blind $3
*** HOLE CARDS ***
belik555: raises $3 to $6
Winnitt: calls $3
*** FLOP *** [8h 8d Td]
Winnitt: checks
belik555: bets $3
Winnitt: raises $3 to $6
belik555: raises $3 to $9
Winnitt: calls $3
*** TURN *** [8h 8d Td] [As]
Winnitt: checks
belik555: bets $6
Winnitt: calls $6
*** RIVER *** [8h 8d Td As] [8s]
Winnitt: checks
belik555: checks
*** SHOW DOWN ***
Winnitt: shows [6s 6d] (a full house, Eights full of Sixes)
belik555: shows [Ts 2s] (a full house, Eights full of Tens)
belik555 collected $41.50 from pot
*** SUMMARY ***
Total pot $42 | Rake $0.50
Board [8h 8d Td As 8s]
Seat 1: Winnitt (big blind) showed [6s 6d] and lost with a full house, Eights full of Sixes
Seat 6: belik555 (button) (small blind) showed [Ts 2s] and won ($41.50) with a full house, Eights full of Tens


PokerStars Hand #174253769351:  Hold'em Limit ($3/$6 USD) - 2017/08/12 16:49:03 ET
Table 'Freia II' 6-max Seat #1 is the button
Seat 1: Winnitt ($200.21 in chips)
Seat 6: belik555 ($141.71 in chips)
Winnitt: posts small blind $1
belik555: posts big blind $3
*** HOLE CARDS ***
Winnitt: raises $3 to $6
belik555: calls $3
*** FLOP *** [9s 6d Js]
belik555: checks
Winnitt: bets $3
belik555: folds
Uncalled bet ($3) returned to Winnitt
Winnitt collected $11.76 from pot
Winnitt: doesn't show hand
*** SUMMARY ***
Total pot $12 | Rake $0.24
Board [9s 6d Js]
Seat 1: Winnitt (button) (small blind) collected ($11.76)
Seat 6: belik555 (big blind) folded on the Flop


PokerStars Hand #174253764429:  Hold'em Limit ($3/$6 USD) - 2017/08/12 16:48:56 ET
Table 'Freia II' 6-max Seat #6 is the button
Seat 1: Winnitt ($203.21 in chips)
Seat 6: belik555 ($138.71 in chips)
belik555: posts small blind $1
Winnitt: posts big blind $3
*** HOLE CARDS ***
belik555: raises $3 to $6
Winnitt: folds
Uncalled bet ($3) returned to belik555
belik555 collected $6 from pot
belik555: doesn't show hand
*** SUMMARY ***
Total pot $6 | Rake $0
Seat 1: Winnitt (big blind) folded before Flop
Seat 6: belik555 (button) (small blind) collected ($6)


PokerStars Hand #174253725810:  Hold'em Limit ($3/$6 USD) - 2017/08/12 16:48:09 ET
Table 'Freia II' 6-max Seat #1 is the button
Seat 1: Winnitt ($189.81 in chips)
Seat 6: belik555 ($152.71 in chips)
Winnitt: posts small blind $1
belik555: posts big blind $3
*** HOLE CARDS ***
Winnitt: raises $3 to $6
belik555: calls $3
*** FLOP *** [9d 9h 4c]
belik555: checks
Winnitt: checks
*** TURN *** [9d 9h 4c] [Kh]
belik555: checks
Winnitt: checks
*** RIVER *** [9d 9h 4c Kh] [3d]
belik555: checks
Winnitt: bets $6
belik555: folds
Uncalled bet ($6) returned to Winnitt
Winnitt collected $11.76 from pot
Winnitt: doesn't show hand
*** SUMMARY ***
Total pot $12 | Rake $0.24
Board [9d 9h 4c Kh 3d]
Seat 1: Winnitt (button) (small blind) collected ($11.76)
Seat 6: belik555 (big blind) folded on the River


PokerStars Hand #174253759739:  Hold'em Limit ($3/$6 USD) - 2017/08/12 16:48:50 ET
Table 'Freia II' 6-max Seat #1 is the button
Seat 1: Winnitt ($204.21 in chips)
Seat 6: belik555 ($137.71 in chips)
Winnitt: posts small blind $1
belik555: posts big blind $3
*** HOLE CARDS ***
Winnitt: folds
Uncalled bet ($2) returned to belik555
belik555 collected $2 from pot
belik555: doesn't show hand
*** SUMMARY ***
Total pot $2 | Rake $0
Seat 1: Winnitt (button) (small blind) folded before Flop
Seat 6: belik555 (big blind) collected ($2)


PokerStars Hand #174253744532:  Hold'em Limit ($3/$6 USD) - 2017/08/12 16:48:30 ET
Table 'Freia II' 6-max Seat #6 is the button
Seat 1: Winnitt ($195.57 in chips)
Seat 6: belik555 ($146.71 in chips)
belik555: posts small blind $1
Winnitt: posts big blind $3
*** HOLE CARDS ***
belik555: raises $3 to $6
Winnitt: calls $3
*** FLOP *** [Jc Ts Qd]
Winnitt: checks
belik555: bets $3
Winnitt: calls $3
*** TURN *** [Jc Ts Qd] [Js]
Winnitt: checks
belik555: checks
*** RIVER *** [Jc Ts Qd Js] [2s]
Winnitt: bets $6
belik555: folds
Uncalled bet ($6) returned to Winnitt
Winnitt collected $17.64 from pot
Winnitt: doesn't show hand
*** SUMMARY ***
Total pot $18 | Rake $0.36
Board [Jc Ts Qd Js 2s]
Seat 1: Winnitt (big blind) collected ($17.64)
Seat 6: belik555 (button) (small blind) folded on the River


PokerStars Hand #174253778421:  Hold'em Limit ($3/$6 USD) - 2017/08/12 16:49:15 ET
Table 'Freia II' 6-max Seat #6 is the button
Seat 1: Winnitt ($205.97 in chips)
Seat 6: belik555 ($135.71 in chips)
belik555: posts small blind $1
Winnitt: posts big blind $3
*** HOLE CARDS ***
belik555: raises $3 to $6
Winnitt: calls $3
*** FLOP *** [Js 9c 7d]
Winnitt: checks
belik555: bets $3
Winnitt: calls $3
*** TURN *** [Js 9c 7d] [3c]
Winnitt: checks
belik555: bets $6
Winnitt: calls $6
*** RIVER *** [Js 9c 7d 3c] [Kd]
Winnitt: bets $6
belik555: folds
Uncalled bet ($6) returned to Winnitt
Winnitt collected $29.50 from pot
Winnitt: doesn't show hand
*** SUMMARY ***
Total pot $30 | Rake $0.50
Board [Js 9c 7d 3c Kd]
Seat 1: Winnitt (big blind) collected ($29.50)
Seat 6: belik555 (button) (small blind) folded on the River


PokerStars Hand #174253821481:  Hold'em Limit ($3/$6 USD) - 2017/08/12 16:50:12 ET
Table 'Freia II' 6-max Seat #6 is the button
Seat 1: Winnitt ($234.97 in chips)
Seat 6: belik555 ($105.71 in chips)
belik555: posts small blind $1
Winnitt: posts big blind $3
*** HOLE CARDS ***
belik555: raises $3 to $6
Winnitt: folds
Uncalled bet ($3) returned to belik555
belik555 collected $6 from pot
belik555: doesn't show hand
*** SUMMARY ***
Total pot $6 | Rake $0
Seat 1: Winnitt (big blind) folded before Flop
Seat 6: belik555 (button) (small blind) collected ($6)


PokerStars Hand #174253800403:  Hold'em Limit ($3/$6 USD) - 2017/08/12 16:49:44 ET
Table 'Freia II' 6-max Seat #1 is the button
Seat 1: Winnitt ($220.47 in chips)
Seat 6: belik555 ($120.71 in chips)
Winnitt: posts small blind $1
belik555: posts big blind $3
*** HOLE CARDS ***
Winnitt: raises $3 to $6
belik555: calls $3
*** FLOP *** [Ts 3d 5h]
belik555: bets $3
Winnitt: calls $3
*** TURN *** [Ts 3d 5h] [Js]
belik555: bets $6
Winnitt: raises $6 to $12
belik555: folds
Uncalled bet ($6) returned to Winnitt
Winnitt collected $29.50 from pot
Winnitt: doesn't show hand
*** SUMMARY ***
Total pot $30 | Rake $0.50
Board [Ts 3d 5h Js]
Seat 1: Winnitt (button) (small blind) collected ($29.50)
Seat 6: belik555 (big blind) folded on the Turn


PokerStars Hand #174253826845:  Hold'em Limit ($3/$6 USD) - 2017/08/12 16:50:19 ET
Table 'Freia II' 6-max Seat #1 is the button
Seat 1: Winnitt ($231.97 in chips)
Seat 6: belik555 ($108.71 in chips)
Winnitt: posts small blind $1
belik555: posts big blind $3
*** HOLE CARDS ***
Winnitt: raises $3 to $6
belik555: calls $3
*** FLOP *** [2d 4h 4d]
belik555: checks
Winnitt: checks
*** TURN *** [2d 4h 4d] [9d]
belik555: bets $6
Winnitt: calls $6
*** RIVER *** [2d 4h 4d 9d] [Js]
belik555: bets $6
Winnitt: calls $6
*** SHOW DOWN ***
belik555: shows [Kh 4s] (three of a kind, Fours)
Winnitt: mucks hand
belik555 collected $35.50 from pot
*** SUMMARY ***
Total pot $36 | Rake $0.50
Board [2d 4h 4d 9d Js]
Seat 1: Winnitt (button) (small blind) mucked
Seat 6: belik555 (big blind) showed [Kh 4s] and won ($35.50) with three of a kind, Fours


PokerStars Hand #174253854305:  Hold'em Limit ($3/$6 USD) - 2017/08/12 16:50:57 ET
Table 'Freia II' 6-max Seat #1 is the button
Seat 1: Winnitt ($210.97 in chips)
Seat 6: belik555 ($129.21 in chips)
Winnitt: posts small blind $1
belik555: posts big blind $3
*** HOLE CARDS ***
Winnitt: folds
Uncalled bet ($2) returned to belik555
belik555 collected $2 from pot
belik555: doesn't show hand
*** SUMMARY ***
Total pot $2 | Rake $0
Seat 1: Winnitt (button) (small blind) folded before Flop
Seat 6: belik555 (big blind) collected ($2)


PokerStars Hand #174253849959:  Hold'em Limit ($3/$6 USD) - 2017/08/12 16:50:51 ET
Table 'Freia II' 6-max Seat #6 is the button
Seat 1: Winnitt ($213.97 in chips)
Seat 6: belik555 ($126.21 in chips)
belik555: posts small blind $1
Winnitt: posts big blind $3
*** HOLE CARDS ***
belik555: raises $3 to $6
Winnitt: folds
Uncalled bet ($3) returned to belik555
belik555 collected $6 from pot
belik555: doesn't show hand
*** SUMMARY ***
Total pot $6 | Rake $0
Seat 1: Winnitt (big blind) folded before Flop
Seat 6: belik555 (button) (small blind) collected ($6)


PokerStars Hand #174253857770:  Hold'em Limit ($3/$6 USD) - 2017/08/12 16:51:02 ET
Table 'Freia II' 6-max Seat #6 is the button
Seat 1: Winnitt ($209.97 in chips)
Seat 6: belik555 ($130.21 in chips)
belik555: posts small blind $1
Winnitt: posts big blind $3
*** HOLE CARDS ***
belik555: folds
Uncalled bet ($2) returned to Winnitt
Winnitt collected $2 from pot
Winnitt: doesn't show hand
*** SUMMARY ***
Total pot $2 | Rake $0
Seat 1: Winnitt (big blind) collected ($2)
Seat 6: belik555 (button) (small blind) folded before Flop


PokerStars Hand #174253876340:  Hold'em Limit ($3/$6 USD) - 2017/08/12 16:51:28 ET
Table 'Freia II' 6-max Seat #6 is the button
Seat 1: Winnitt ($198.97 in chips)
Seat 6: belik555 ($140.73 in chips)
belik555: posts small blind $1
Winnitt: posts big blind $3
*** HOLE CARDS ***
belik555: raises $3 to $6
Winnitt: raises $3 to $9
belik555: calls $3
*** FLOP *** [Qc Ah 4h]
Winnitt: bets $3
belik555: folds
Uncalled bet ($3) returned to Winnitt
Winnitt collected $17.64 from pot
Winnitt: doesn't show hand
*** SUMMARY ***
Total pot $18 | Rake $0.36
Board [Qc Ah 4h]
Seat 1: Winnitt (big blind) collected ($17.64)
Seat 6: belik555 (button) (small blind) folded on the Flop


PokerStars Hand #174253886744:  Hold'em Limit ($3/$6 USD) - 2017/08/12 16:51:43 ET
Table 'Freia II' 6-max Seat #1 is the button
Seat 1: Winnitt ($207.61 in chips)
Seat 6: belik555 ($131.73 in chips)
Winnitt: posts small blind $1
belik555: posts big blind $3
*** HOLE CARDS ***
Winnitt: calls $2
belik555: checks
*** FLOP *** [2h 4d Jd]
belik555: checks
Winnitt: bets $3
belik555: folds
Uncalled bet ($3) returned to Winnitt
Winnitt collected $5.88 from pot
Winnitt: doesn't show hand
*** SUMMARY ***
Total pot $6 | Rake $0.12
Board [2h 4d Jd]
Seat 1: Winnitt (button) (small blind) collected ($5.88)
Seat 6: belik555 (big blind) folded on the Flop


PokerStars Hand #174253861876:  Hold'em Limit ($3/$6 USD) - 2017/08/12 16:51:08 ET
Table 'Freia II' 6-max Seat #1 is the button
Seat 1: Winnitt ($210.97 in chips)
Seat 6: belik555 ($129.21 in chips)
Winnitt: posts small blind $1
belik555: posts big blind $3
*** HOLE CARDS ***
Winnitt: raises $3 to $6
belik555: calls $3
*** FLOP *** [Js Th Jd]
belik555: checks
Winnitt: checks
*** TURN *** [Js Th Jd] [6h]
belik555: checks
Winnitt: checks
*** RIVER *** [Js Th Jd 6h] [Td]
belik555: bets $6
Winnitt: calls $6
*** SHOW DOWN ***
belik555: shows [Ac 7d] (two pair, Jacks and Tens)
Winnitt: mucks hand
belik555 collected $23.52 from pot
*** SUMMARY ***
Total pot $24 | Rake $0.48
Board [Js Th Jd 6h Td]
Seat 1: Winnitt (button) (small blind) mucked
Seat 6: belik555 (big blind) showed [Ac 7d] and won ($23.52) with two pair, Jacks and Tens


PokerStars Hand #174253902811:  Hold'em Limit ($3/$6 USD) - 2017/08/12 16:52:06 ET
Table 'Freia II' 6-max Seat #6 is the button
Seat 1: Winnitt ($210.49 in chips)
Seat 6: belik555 ($128.73 in chips)
belik555: posts small blind $1
Winnitt: posts big blind $3
*** HOLE CARDS ***
belik555: raises $3 to $6
Winnitt: calls $3
*** FLOP *** [Jc 3s 9c]
Winnitt: checks
belik555: bets $3
Winnitt: calls $3
*** TURN *** [Jc 3s 9c] [Ts]
Winnitt: checks
belik555: checks
*** RIVER *** [Jc 3s 9c Ts] [9h]
Winnitt: bets $6
belik555: folds
Uncalled bet ($6) returned to Winnitt
Winnitt collected $17.64 from pot
Winnitt: doesn't show hand
*** SUMMARY ***
Total pot $18 | Rake $0.36
Board [Jc 3s 9c Ts 9h]
Seat 1: Winnitt (big blind) collected ($17.64)
Seat 6: belik555 (button) (small blind) folded on the River


PokerStars Hand #174253933524:  Hold'em Limit ($3/$6 USD) - 2017/08/12 16:52:50 ET
Table 'Freia II' 6-max Seat #1 is the button
Seat 1: Winnitt ($232.63 in chips)
Seat 6: belik555 ($105.73 in chips)
Winnitt: posts small blind $1
belik555: posts big blind $3
*** HOLE CARDS ***
Winnitt: raises $3 to $6
belik555: calls $3
*** FLOP *** [7d Tc 7h]
belik555: checks
Winnitt: checks
*** TURN *** [7d Tc 7h] [Kd]
belik555: checks
Winnitt: checks
*** RIVER *** [7d Tc 7h Kd] [3s]
belik555: checks
Winnitt: checks
*** SHOW DOWN ***
belik555: shows [8d Jc] (a pair of Sevens)
Winnitt: shows [Ad Qh] (a pair of Sevens - Ace kicker)
Winnitt collected $11.76 from pot
*** SUMMARY ***
Total pot $12 | Rake $0.24
Board [7d Tc 7h Kd 3s]
Seat 1: Winnitt (button) (small blind) showed [Ad Qh] and won ($11.76) with a pair of Sevens
Seat 6: belik555 (big blind) showed [8d Jc] and lost with a pair of Sevens


PokerStars Hand #174253952593:  Hold'em Limit ($3/$6 USD) - 2017/08/12 16:53:17 ET
Table 'Freia II' 6-max Seat #1 is the button
Seat 1: Winnitt ($235.39 in chips)
Seat 6: belik555 ($102.73 in chips)
Winnitt: posts small blind $1
belik555: posts big blind $3
*** HOLE CARDS ***
Winnitt: folds
Uncalled bet ($2) returned to belik555
belik555 collected $2 from pot
belik555: doesn't show hand
*** SUMMARY ***
Total pot $2 | Rake $0
Seat 1: Winnitt (button) (small blind) folded before Flop
Seat 6: belik555 (big blind) collected ($2)


PokerStars Hand #174253947862:  Hold'em Limit ($3/$6 USD) - 2017/08/12 16:53:10 ET
Table 'Freia II' 6-max Seat #6 is the button
Seat 1: Winnitt ($238.39 in chips)
Seat 6: belik555 ($99.73 in chips)
belik555: posts small blind $1
Winnitt: posts big blind $3
*** HOLE CARDS ***
belik555: raises $3 to $6
Winnitt: folds
Uncalled bet ($3) returned to belik555
belik555 collected $6 from pot
belik555: doesn't show hand
*** SUMMARY ***
Total pot $6 | Rake $0
Seat 1: Winnitt (big blind) folded before Flop
Seat 6: belik555 (button) (small blind) collected ($6)


PokerStars Hand #174253917231:  Hold'em Limit ($3/$6 USD) - 2017/08/12 16:52:26 ET
Table 'Freia II' 6-max Seat #1 is the button
Seat 1: Winnitt ($219.13 in chips)
Seat 6: belik555 ($119.73 in chips)
Winnitt: posts small blind $1
belik555: posts big blind $3
*** HOLE CARDS ***
Winnitt: folds
Uncalled bet ($2) returned to belik555
belik555 collected $2 from pot
belik555: doesn't show hand
*** SUMMARY ***
Total pot $2 | Rake $0
Seat 1: Winnitt (button) (small blind) folded before Flop
Seat 6: belik555 (big blind) collected ($2)


PokerStars Hand #174253920571:  Hold'em Limit ($3/$6 USD) - 2017/08/12 16:52:31 ET
Table 'Freia II' 6-max Seat #6 is the button
Seat 1: Winnitt ($218.13 in chips)
Seat 6: belik555 ($120.73 in chips)
belik555: posts small blind $1
Winnitt: posts big blind $3
*** HOLE CARDS ***
belik555: raises $3 to $6
Winnitt: calls $3
*** FLOP *** [5s 3c 9c]
Winnitt: checks
belik555: bets $3
Winnitt: raises $3 to $6
belik555: raises $3 to $9
Winnitt: calls $3
*** TURN *** [5s 3c 9c] [Kh]
Winnitt: bets $6
belik555: folds
Uncalled bet ($6) returned to Winnitt
Winnitt collected $29.50 from pot
Winnitt: doesn't show hand
*** SUMMARY ***
Total pot $30 | Rake $0.50
Board [5s 3c 9c Kh]
Seat 1: Winnitt (big blind) collected ($29.50)
Seat 6: belik555 (button) (small blind) folded on the Turn


PokerStars Hand #174253966297:  Hold'em Limit ($3/$6 USD) - 2017/08/12 16:53:37 ET
Table 'Freia II' 6-max Seat #1 is the button
Seat 1: Winnitt ($228.39 in chips)
Seat 6: belik555 ($109.49 in chips)
Winnitt: posts small blind $1
belik555: posts big blind $3
*** HOLE CARDS ***
Winnitt: raises $3 to $6
belik555: raises $3 to $9
Winnitt: calls $3
*** FLOP *** [Kc 2h 6c]
belik555: bets $3
Winnitt: calls $3
*** TURN *** [Kc 2h 6c] [Qd]
belik555: checks
Winnitt: checks
*** RIVER *** [Kc 2h 6c Qd] [Jh]
belik555: checks
Winnitt: bets $6
belik555: folds
Uncalled bet ($6) returned to Winnitt
Winnitt collected $23.52 from pot
Winnitt: doesn't show hand
*** SUMMARY ***
Total pot $24 | Rake $0.48
Board [Kc 2h 6c Qd Jh]
Seat 1: Winnitt (button) (small blind) collected ($23.52)
Seat 6: belik555 (big blind) folded on the River


PokerStars Hand #174253956032:  Hold'em Limit ($3/$6 USD) - 2017/08/12 16:53:22 ET
Table 'Freia II' 6-max Seat #6 is the button
Seat 1: Winnitt ($234.39 in chips)
Seat 6: belik555 ($103.73 in chips)
belik555: posts small blind $1
Winnitt: posts big blind $3
*** HOLE CARDS ***
belik555: raises $3 to $6
Winnitt: calls $3
*** FLOP *** [2s 6s 2d]
Winnitt: checks
belik555: bets $3
Winnitt: folds
Uncalled bet ($3) returned to belik555
belik555 collected $11.76 from pot
belik555: doesn't show hand
*** SUMMARY ***
Total pot $12 | Rake $0.24
Board [2s 6s 2d]
Seat 1: Winnitt (big blind) folded on the Flop
Seat 6: belik555 (button) (small blind) collected ($11.76)


PokerStars Hand #174254015060:  Hold'em Limit ($3/$6 USD) - 2017/08/12 16:54:47 ET
Table 'Freia II' 6-max Seat #6 is the button
Seat 1: Winnitt ($239.67 in chips)
Seat 6: belik555 ($97.25 in chips)
belik555: posts small blind $1
Winnitt: posts big blind $3
*** HOLE CARDS ***
belik555: raises $3 to $6
Winnitt: folds
Uncalled bet ($3) returned to belik555
belik555 collected $6 from pot
belik555: doesn't show hand
*** SUMMARY ***
Total pot $6 | Rake $0
Seat 1: Winnitt (big blind) folded before Flop
Seat 6: belik555 (button) (small blind) collected ($6)


PokerStars Hand #174254021841:  Hold'em Limit ($3/$6 USD) - 2017/08/12 16:54:57 ET
Table 'Freia II' 6-max Seat #1 is the button
Seat 1: Winnitt ($236.67 in chips)
Seat 6: belik555 ($100.25 in chips)
Winnitt: posts small blind $1
belik555: posts big blind $3
*** HOLE CARDS ***
Winnitt: folds
Uncalled bet ($2) returned to belik555
belik555 collected $2 from pot
belik555: doesn't show hand
*** SUMMARY ***
Total pot $2 | Rake $0
Seat 1: Winnitt (button) (small blind) folded before Flop
Seat 6: belik555 (big blind) collected ($2)


PokerStars Hand #174253991939:  Hold'em Limit ($3/$6 USD) - 2017/08/12 16:54:14 ET
Table 'Freia II' 6-max Seat #6 is the button
Seat 1: Winnitt ($239.91 in chips)
Seat 6: belik555 ($97.49 in chips)
belik555: posts small blind $1
Winnitt: posts big blind $3
*** HOLE CARDS ***
belik555: raises $3 to $6
Winnitt: calls $3
*** FLOP *** [2d Qh 3d]
Winnitt: checks
belik555: checks
*** TURN *** [2d Qh 3d] [Kd]
Winnitt: checks
belik555: checks
*** RIVER *** [2d Qh 3d Kd] [9h]
Winnitt: checks
belik555: checks
*** SHOW DOWN ***
Winnitt: shows [Qc 6h] (a pair of Queens)
belik555: mucks hand
Winnitt collected $11.76 from pot
*** SUMMARY ***
Total pot $12 | Rake $0.24
Board [2d Qh 3d Kd 9h]
Seat 1: Winnitt (big blind) showed [Qc 6h] and won ($11.76) with a pair of Queens
Seat 6: belik555 (button) (small blind) mucked


PokerStars Hand #174254006204:  Hold'em Limit ($3/$6 USD) - 2017/08/12 16:54:34 ET
Table 'Freia II' 6-max Seat #1 is the button
Seat 1: Winnitt ($245.67 in chips)
Seat 6: belik555 ($91.49 in chips)
Winnitt: posts small blind $1
belik555: posts big blind $3
*** HOLE CARDS ***
Winnitt: raises $3 to $6
belik555: calls $3
*** FLOP *** [Js 9c 5c]
belik555: bets $3
Winnitt: folds
Uncalled bet ($3) returned to belik555
belik555 collected $11.76 from pot
belik555: doesn't show hand
*** SUMMARY ***
Total pot $12 | Rake $0.24
Board [Js 9c 5c]
Seat 1: Winnitt (button) (small blind) folded on the Flop
Seat 6: belik555 (big blind) collected ($11.76)


PokerStars Hand #174254025204:  Hold'em Limit ($3/$6 USD) - 2017/08/12 16:55:01 ET
Table 'Freia II' 6-max Seat #6 is the button
Seat 1: Winnitt ($235.67 in chips)
Seat 6: belik555 ($101.25 in chips)
belik555: posts small blind $1
Winnitt: posts big blind $3
*** HOLE CARDS ***
belik555: raises $3 to $6
Winnitt: folds
Uncalled bet ($3) returned to belik555
belik555 collected $6 from pot
belik555: doesn't show hand
*** SUMMARY ***
Total pot $6 | Rake $0
Seat 1: Winnitt (big blind) folded before Flop
Seat 6: belik555 (button) (small blind) collected ($6)


PokerStars Hand #174254032659:  Hold'em Limit ($3/$6 USD) - 2017/08/12 16:55:12 ET
Table 'Freia II' 6-max Seat #1 is the button
Seat 1: Winnitt ($232.67 in chips)
Seat 6: belik555 ($104.25 in chips)
Winnitt: posts small blind $1
belik555: posts big blind $3
*** HOLE CARDS ***
Winnitt: raises $3 to $6
belik555: calls $3
*** FLOP *** [2c 7s 6c]
belik555: bets $3
Winnitt: calls $3
*** TURN *** [2c 7s 6c] [9d]
belik555: bets $6
Winnitt: calls $6
*** RIVER *** [2c 7s 6c 9d] [8h]
belik555: bets $6
Winnitt: raises $6 to $12
belik555: folds
Uncalled bet ($6) returned to Winnitt
Winnitt collected $41.50 from pot
Winnitt: doesn't show hand
*** SUMMARY ***
Total pot $42 | Rake $0.50
Board [2c 7s 6c 9d 8h]
Seat 1: Winnitt (button) (small blind) collected ($41.50)
Seat 6: belik555 (big blind) folded on the River


PokerStars Hand #174254045816:  Hold'em Limit ($3/$6 USD) - 2017/08/12 16:55:36 ET
Table 'Freia II' 6-max Seat #6 is the button
Seat 1: Winnitt ($253.17 in chips)
Seat 6: belik555 ($90 in chips)
belik555: posts small blind $1
Winnitt: posts big blind $3
*** HOLE CARDS ***
belik555: raises $3 to $6
Winnitt: calls $3
*** FLOP *** [2s Ks 6c]
Winnitt: checks
belik555: bets $3
Winnitt: calls $3
*** TURN *** [2s Ks 6c] [Ad]
Winnitt: checks
belik555: bets $6
Winnitt: calls $6
*** RIVER *** [2s Ks 6c Ad] [3s]
Winnitt: checks
belik555: bets $6
Winnitt: calls $6
*** SHOW DOWN ***
belik555: shows [Kc 6s] (two pair, Kings and Sixes)
Winnitt: mucks hand
belik555 collected $41.50 from pot
*** SUMMARY ***
Total pot $42 | Rake $0.50
Board [2s Ks 6c Ad 3s]
Seat 1: Winnitt (big blind) mucked
Seat 6: belik555 (button) (small blind) showed [Kc 6s] and won ($41.50) with two pair, Kings and Sixes


PokerStars Hand #174254062433:  Hold'em Limit ($3/$6 USD) - 2017/08/12 16:56:07 ET
Table 'Freia II' 6-max Seat #1 is the button
Seat 1: Winnitt ($232.17 in chips)
Seat 6: belik555 ($110.50 in chips)
Winnitt: posts small blind $1
belik555: posts big blind $3
*** HOLE CARDS ***
Winnitt: folds
Uncalled bet ($2) returned to belik555
belik555 collected $2 from pot
belik555: doesn't show hand
*** SUMMARY ***
Total pot $2 | Rake $0
Seat 1: Winnitt (button) (small blind) folded before Flop
Seat 6: belik555 (big blind) collected ($2)


PokerStars Hand #174254075294:  Hold'em Limit ($3/$6 USD) - 2017/08/12 16:56:30 ET
Table 'Freia II' 6-max Seat #1 is the button
Seat 1: Winnitt ($239.81 in chips)
Seat 6: belik555 ($102.50 in chips)
Winnitt: posts small blind $1
belik555: posts big blind $3
*** HOLE CARDS ***
Winnitt: raises $3 to $6
belik555: raises $3 to $9
Winnitt: calls $3
*** FLOP *** [3c 2h 7d]
belik555: bets $3
Winnitt: calls $3
*** TURN *** [3c 2h 7d] [5h]
belik555: checks
Winnitt: bets $6
belik555: calls $6
*** RIVER *** [3c 2h 7d 5h] [Kc]
belik555: bets $6
Winnitt: calls $6
*** SHOW DOWN ***
belik555: shows [Ad Kd] (a pair of Kings)
Winnitt: mucks hand
belik555 collected $47.50 from pot
*** SUMMARY ***
Total pot $48 | Rake $0.50
Board [3c 2h 7d 5h Kc]
Seat 1: Winnitt (button) (small blind) mucked
Seat 6: belik555 (big blind) showed [Ad Kd] and won ($47.50) with a pair of Kings


PokerStars Hand #174254103875:  Hold'em Limit ($3/$6 USD) - 2017/08/12 16:57:21 ET
Table 'Freia II' 6-max Seat #1 is the button
Seat 1: Winnitt ($233.31 in chips)
Seat 6: belik555 ($108 in chips)
Winnitt: posts small blind $1
belik555: posts big blind $3
*** HOLE CARDS ***
Winnitt: folds
Uncalled bet ($2) returned to belik555
belik555 collected $2 from pot
belik555: doesn't show hand
*** SUMMARY ***
Total pot $2 | Rake $0
Seat 1: Winnitt (button) (small blind) folded before Flop
Seat 6: belik555 (big blind) collected ($2)


PokerStars Hand #174254093098:  Hold'em Limit ($3/$6 USD) - 2017/08/12 16:57:02 ET
Table 'Freia II' 6-max Seat #6 is the button
Seat 1: Winnitt ($215.81 in chips)
Seat 6: belik555 ($126 in chips)
belik555: posts small blind $1
Winnitt: posts big blind $3
*** HOLE CARDS ***
belik555: raises $3 to $6
Winnitt: calls $3
*** FLOP *** [8s 7s 5d]
Winnitt: checks
belik555: bets $3
Winnitt: raises $3 to $6
belik555: calls $3
*** TURN *** [8s 7s 5d] [5h]
Winnitt: bets $6
belik555: calls $6
*** RIVER *** [8s 7s 5d 5h] [9c]
Winnitt: bets $6
belik555: folds
Uncalled bet ($6) returned to Winnitt
Winnitt collected $35.50 from pot
Winnitt: doesn't show hand
*** SUMMARY ***
Total pot $36 | Rake $0.50
Board [8s 7s 5d 5h 9c]
Seat 1: Winnitt (big blind) collected ($35.50)
Seat 6: belik555 (button) (small blind) folded on the River


PokerStars Hand #174254064959:  Hold'em Limit ($3/$6 USD) - 2017/08/12 16:56:11 ET
Table 'Freia II' 6-max Seat #6 is the button
Seat 1: Winnitt ($231.17 in chips)
Seat 6: belik555 ($111.50 in chips)
belik555: posts small blind $1
Winnitt: posts big blind $3
*** HOLE CARDS ***
belik555: raises $3 to $6
Winnitt: calls $3
*** FLOP *** [9s As 3h]
Winnitt: checks
belik555: bets $3
Winnitt: calls $3
*** TURN *** [9s As 3h] [Ac]
Winnitt: bets $6
belik555: folds
Uncalled bet ($6) returned to Winnitt
Winnitt collected $17.64 from pot
Winnitt: doesn't show hand
*** SUMMARY ***
Total pot $18 | Rake $0.36
Board [9s As 3h Ac]
Seat 1: Winnitt (big blind) collected ($17.64)
Seat 6: belik555 (button) (small blind) folded on the Turn


PokerStars Hand #174254122783:  Hold'em Limit ($3/$6 USD) - 2017/08/12 16:57:55 ET
Table 'Freia II' 6-max Seat #6 is the button
Seat 1: Winnitt ($239.95 in chips)
Seat 6: belik555 ($101 in chips)
belik555: posts small blind $1
Winnitt: posts big blind $3
*** HOLE CARDS ***
belik555: raises $3 to $6
Winnitt: calls $3
*** FLOP *** [7s 3d Qc]
Winnitt: checks
belik555: bets $3
Winnitt: calls $3
*** TURN *** [7s 3d Qc] [9d]
Winnitt: checks
belik555: checks
*** RIVER *** [7s 3d Qc 9d] [2d]
Winnitt: bets $6
belik555: folds
Uncalled bet ($6) returned to Winnitt
Winnitt collected $17.64 from pot
Winnitt: doesn't show hand
*** SUMMARY ***
Total pot $18 | Rake $0.36
Board [7s 3d Qc 9d 2d]
Seat 1: Winnitt (big blind) collected ($17.64)
Seat 6: belik555 (button) (small blind) folded on the River


PokerStars Hand #174254120072:  Hold'em Limit ($3/$6 USD) - 2017/08/12 16:57:50 ET
Table 'Freia II' 6-max Seat #1 is the button
Seat 1: Winnitt ($240.95 in chips)
Seat 6: belik555 ($100 in chips)
Winnitt: posts small blind $1
belik555: posts big blind $3
*** HOLE CARDS ***
Winnitt: folds
Uncalled bet ($2) returned to belik555
belik555 collected $2 from pot
belik555: doesn't show hand
*** SUMMARY ***
Total pot $2 | Rake $0
Seat 1: Winnitt (button) (small blind) folded before Flop
Seat 6: belik555 (big blind) collected ($2)


PokerStars Hand #174254106621:  Hold'em Limit ($3/$6 USD) - 2017/08/12 16:57:26 ET
Table 'Freia II' 6-max Seat #6 is the button
Seat 1: Winnitt ($232.31 in chips)
Seat 6: belik555 ($109 in chips)
belik555: posts small blind $1
Winnitt: posts big blind $3
*** HOLE CARDS ***
belik555: raises $3 to $6
Winnitt: calls $3
*** FLOP *** [Jh As 6c]
Winnitt: checks
belik555: bets $3
Winnitt: raises $3 to $6
belik555: folds
Uncalled bet ($3) returned to Winnitt
Winnitt collected $17.64 from pot
Winnitt: doesn't show hand
*** SUMMARY ***
Total pot $18 | Rake $0.36
Board [Jh As 6c]
Seat 1: Winnitt (big blind) collected ($17.64)
Seat 6: belik555 (button) (small blind) folded on the Flop


PokerStars Hand #174254159849:  Hold'em Limit ($3/$6 USD) - 2017/08/12 16:59:00 ET
Table 'Freia II' 6-max Seat #1 is the button
Seat 1: Winnitt ($230.59 in chips)
Seat 6: belik555 ($110.50 in chips)
Winnitt: posts small blind $1
belik555: posts big blind $3
*** HOLE CARDS ***
Winnitt: folds
Uncalled bet ($2) returned to belik555
belik555 collected $2 from pot
belik555: doesn't show hand
*** SUMMARY ***
Total pot $2 | Rake $0
Seat 1: Winnitt (button) (small blind) folded before Flop
Seat 6: belik555 (big blind) collected ($2)


PokerStars Hand #174254141083:  Hold'em Limit ($3/$6 USD) - 2017/08/12 16:58:27 ET
Table 'Freia II' 6-max Seat #6 is the button
Seat 1: Winnitt ($251.59 in chips)
Seat 6: belik555 ($90 in chips)
belik555: posts small blind $1
Winnitt: posts big blind $3
*** HOLE CARDS ***
belik555: raises $3 to $6
Winnitt: calls $3
*** FLOP *** [2h 3d Jc]
Winnitt: checks
belik555: bets $3
Winnitt: calls $3
*** TURN *** [2h 3d Jc] [8c]
Winnitt: checks
belik555: bets $6
Winnitt: calls $6
*** RIVER *** [2h 3d Jc 8c] [6c]
Winnitt: checks
belik555: bets $6
Winnitt: calls $6
*** SHOW DOWN ***
belik555: shows [Qc Jd] (a pair of Jacks)
Winnitt: mucks hand
belik555 collected $41.50 from pot
*** SUMMARY ***
Total pot $42 | Rake $0.50
Board [2h 3d Jc 8c 6c]
Seat 1: Winnitt (big blind) mucked
Seat 6: belik555 (button) (small blind) showed [Qc Jd] and won ($41.50) with a pair of Jacks


PokerStars Hand #174254162667:  Hold'em Limit ($3/$6 USD) - 2017/08/12 16:59:05 ET
Table 'Freia II' 6-max Seat #6 is the button
Seat 1: Winnitt ($229.59 in chips)
Seat 6: belik555 ($111.50 in chips)
belik555: posts small blind $1
Winnitt: posts big blind $3
*** HOLE CARDS ***
belik555: raises $3 to $6
Winnitt: folds
Uncalled bet ($3) returned to belik555
belik555 collected $6 from pot
belik555: doesn't show hand
*** SUMMARY ***
Total pot $6 | Rake $0
Seat 1: Winnitt (big blind) folded before Flop
Seat 6: belik555 (button) (small blind) collected ($6)


PokerStars Hand #174254186985:  Hold'em Limit ($3/$6 USD) - 2017/08/12 16:59:48 ET
Table 'Freia II' 6-max Seat #1 is the button
Seat 1: Winnitt ($240.99 in chips)
Seat 6: belik555 ($99.50 in chips)
Winnitt: posts small blind $1
belik555: posts big blind $3
*** HOLE CARDS ***
Winnitt: folds
Uncalled bet ($2) returned to belik555
belik555 collected $2 from pot
belik555: doesn't show hand
*** SUMMARY ***
Total pot $2 | Rake $0
Seat 1: Winnitt (button) (small blind) folded before Flop
Seat 6: belik555 (big blind) collected ($2)


PokerStars Hand #174254176168:  Hold'em Limit ($3/$6 USD) - 2017/08/12 16:59:29 ET
Table 'Freia II' 6-max Seat #6 is the button
Seat 1: Winnitt ($232.35 in chips)
Seat 6: belik555 ($108.50 in chips)
belik555: posts small blind $1
Winnitt: posts big blind $3
*** HOLE CARDS ***
belik555: raises $3 to $6
Winnitt: calls $3
*** FLOP *** [Qd Jd Qh]
Winnitt: checks
belik555: bets $3
Winnitt: calls $3
*** TURN *** [Qd Jd Qh] [Ks]
Winnitt: checks
belik555: checks
*** RIVER *** [Qd Jd Qh Ks] [2s]
Winnitt: bets $6
belik555: folds
Uncalled bet ($6) returned to Winnitt
Winnitt collected $17.64 from pot
Winnitt: doesn't show hand
*** SUMMARY ***
Total pot $18 | Rake $0.36
Board [Qd Jd Qh Ks 2s]
Seat 1: Winnitt (big blind) collected ($17.64)
Seat 6: belik555 (button) (small blind) folded on the River


PokerStars Hand #174254189989:  Hold'em Limit ($3/$6 USD) - 2017/08/12 16:59:54 ET
Table 'Freia II' 6-max Seat #6 is the button
Seat 1: Winnitt ($239.99 in chips)
Seat 6: belik555 ($100.50 in chips)
belik555: posts small blind $1
Winnitt: posts big blind $3
*** HOLE CARDS ***
belik555: raises $3 to $6
Winnitt: calls $3
*** FLOP *** [Kd 5h 5d]
Winnitt: checks
belik555: bets $3
Winnitt: calls $3
*** TURN *** [Kd 5h 5d] [Ad]
Winnitt: checks
belik555: checks
*** RIVER *** [Kd 5h 5d Ad] [9d]
Winnitt: bets $6
belik555: calls $6
*** SHOW DOWN ***
Winnitt: shows [7d 8h] (a flush, Ace high)
belik555: mucks hand
Winnitt collected $29.50 from pot
*** SUMMARY ***
Total pot $30 | Rake $0.50
Board [Kd 5h 5d Ad 9d]
Seat 1: Winnitt (big blind) showed [7d 8h] and won ($29.50) with a flush, Ace high
Seat 6: belik555 (button) (small blind) mucked


PokerStars Hand #174254202070:  Hold'em Limit ($3/$6 USD) - 2017/08/12 17:00:15 ET
Table 'Freia II' 6-max Seat #1 is the button
Seat 1: Winnitt ($254.49 in chips)
Seat 6: belik555 ($90 in chips)
Winnitt: posts small blind $1
belik555: posts big blind $3
*** HOLE CARDS ***
Winnitt: raises $3 to $6
belik555: raises $3 to $9
Winnitt: calls $3
*** FLOP *** [7c 9c 7s]
belik555: bets $3
Winnitt: raises $3 to $6
belik555: raises $3 to $9
Winnitt: raises $3 to $12
Betting is capped
belik555: calls $3
*** TURN *** [7c 9c 7s] [3s]
belik555: bets $6
Winnitt: raises $6 to $12
belik555: folds
Uncalled bet ($6) returned to Winnitt
Winnitt collected $53.50 from pot
Winnitt: doesn't show hand
*** SUMMARY ***
Total pot $54 | Rake $0.50
Board [7c 9c 7s 3s]
Seat 1: Winnitt (button) (small blind) collected ($53.50)
Seat 6: belik555 (big blind) folded on the Turn


PokerStars Hand #174254220910:  Hold'em Limit ($3/$6 USD) - 2017/08/12 17:00:47 ET
Table 'Freia II' 6-max Seat #6 is the button
Seat 1: Winnitt ($276.99 in chips)
Seat 6: belik555 ($94 in chips)
belik555: posts small blind $1
Winnitt: posts big blind $3
*** HOLE CARDS ***
belik555: raises $3 to $6
Winnitt: calls $3
*** FLOP *** [7h Js 5h]
Winnitt: checks
belik555: bets $3
Winnitt: calls $3
*** TURN *** [7h Js 5h] [3h]
Winnitt: bets $6
belik555: calls $6
*** RIVER *** [7h Js 5h 3h] [6d]
Winnitt: bets $6
belik555: folds
Uncalled bet ($6) returned to Winnitt
Winnitt collected $29.50 from pot
Winnitt: doesn't show hand
*** SUMMARY ***
Total pot $30 | Rake $0.50
Board [7h Js 5h 3h 6d]
Seat 1: Winnitt (big blind) collected ($29.50)
Seat 6: belik555 (button) (small blind) folded on the River


PokerStars Hand #174254217915:  Hold'em Limit ($3/$6 USD) - 2017/08/12 17:00:42 ET
Table 'Freia II' 6-max Seat #1 is the button
Seat 1: Winnitt ($277.99 in chips)
Seat 6: belik555 ($93 in chips)
Winnitt: posts small blind $1
belik555: posts big blind $3
*** HOLE CARDS ***
Winnitt: folds
Uncalled bet ($2) returned to belik555
belik555 collected $2 from pot
belik555: doesn't show hand
vladal 888 joins the table at seat #3
*** SUMMARY ***
Total pot $2 | Rake $0
Seat 1: Winnitt (button) (small blind) folded before Flop
Seat 6: belik555 (big blind) collected ($2)


PokerStars Hand #174254247750:  Hold'em Limit ($3/$6 USD) - 2017/08/12 17:01:29 ET
Table 'Freia II' 6-max Seat #6 is the button
Seat 3: vladal 888 ($56 in chips)
Seat 6: belik555 ($91 in chips)
belik555: posts small blind $1
Winnitt: is sitting out
Winnitt leaves the table
vladal 888: posts big blind $3
*** HOLE CARDS ***
belik555: raises $3 to $6
vladal 888: calls $3
*** FLOP *** [Kc 3s 9d]
vladal 888: checks
belik555: bets $3
vladal 888: folds
Uncalled bet ($3) returned to belik555
belik555 collected $11.76 from pot
belik555: doesn't show hand
*** SUMMARY ***
Total pot $12 | Rake $0.24
Board [Kc 3s 9d]
Seat 3: vladal 888 (big blind) folded on the Flop
Seat 6: belik555 (button) (small blind) collected ($11.76)


PokerStars Hand #174254275370:  Hold'em Limit ($3/$6 USD) - 2017/08/12 17:02:11 ET
Table 'Freia II' 6-max Seat #3 is the button
Seat 3: vladal 888 ($55.52 in chips)
Seat 6: belik555 ($95.76 in chips)
vladal 888: posts small blind $1
belik555: posts big blind $3
*** HOLE CARDS ***
vladal 888: folds
Uncalled bet ($2) returned to belik555
belik555 collected $2 from pot
belik555: doesn't show hand
*** SUMMARY ***
Total pot $2 | Rake $0
Seat 3: vladal 888 (button) (small blind) folded before Flop
Seat 6: belik555 (big blind) collected ($2)


PokerStars Hand #174254266239:  Hold'em Limit ($3/$6 USD) - 2017/08/12 17:01:57 ET
Table 'Freia II' 6-max Seat #6 is the button
Seat 3: vladal 888 ($61.52 in chips)
Seat 6: belik555 ($90 in chips)
belik555: posts small blind $1
vladal 888: posts big blind $3
*** HOLE CARDS ***
belik555: raises $3 to $6
vladal 888: calls $3
*** FLOP *** [7d 3s Ad]
vladal 888: checks
belik555: bets $3
vladal 888: folds
Uncalled bet ($3) returned to belik555
belik555 collected $11.76 from pot
belik555: doesn't show hand
*** SUMMARY ***
Total pot $12 | Rake $0.24
Board [7d 3s Ad]
Seat 3: vladal 888 (big blind) folded on the Flop
Seat 6: belik555 (button) (small blind) collected ($11.76)


PokerStars Hand #174254255177:  Hold'em Limit ($3/$6 USD) - 2017/08/12 17:01:40 ET
Table 'Freia II' 6-max Seat #3 is the button
Seat 3: vladal 888 ($50 in chips)
Seat 6: belik555 ($96.76 in chips)
vladal 888: posts small blind $1
belik555: posts big blind $3
*** HOLE CARDS ***
vladal 888: raises $3 to $6
belik555: calls $3
*** FLOP *** [6d 8s 3c]
belik555: checks
vladal 888: checks
*** TURN *** [6d 8s 3c] [Kc]
belik555: bets $6
vladal 888: calls $6
*** RIVER *** [6d 8s 3c Kc] [Ks]
belik555: checks
vladal 888: checks
*** SHOW DOWN ***
belik555: shows [9c 7h] (a pair of Kings)
vladal 888: shows [5c Ad] (a pair of Kings - Ace kicker)
vladal 888 collected $23.52 from pot
*** SUMMARY ***
Total pot $24 | Rake $0.48
Board [6d 8s 3c Kc Ks]
Seat 3: vladal 888 (button) (small blind) showed [5c Ad] and won ($23.52) with a pair of Kings
Seat 6: belik555 (big blind) showed [9c 7h] and lost with a pair of Kings


PokerStars Hand #174254325178:  Hold'em Limit ($3/$6 USD) - 2017/08/12 17:03:26 ET
Table 'Freia II' 6-max Seat #3 is the button
Seat 3: vladal 888 ($86.30 in chips)
Seat 6: belik555 ($90 in chips)
vladal 888: posts small blind $1
belik555: posts big blind $3
*** HOLE CARDS ***
vladal 888: folds
Uncalled bet ($2) returned to belik555
belik555 collected $2 from pot
belik555: doesn't show hand
*** SUMMARY ***
Total pot $2 | Rake $0
Seat 3: vladal 888 (button) (small blind) folded before Flop
Seat 6: belik555 (big blind) collected ($2)


PokerStars Hand #174254318194:  Hold'em Limit ($3/$6 USD) - 2017/08/12 17:03:15 ET
Table 'Freia II' 6-max Seat #6 is the button
Seat 3: vladal 888 ($85.30 in chips)
Seat 6: belik555 ($90 in chips)
belik555: posts small blind $1
vladal 888: posts big blind $3
*** HOLE CARDS ***
belik555: folds
Uncalled bet ($2) returned to vladal 888
vladal 888 collected $2 from pot
*** SUMMARY ***
Total pot $2 | Rake $0
Seat 3: vladal 888 (big blind) collected ($2)
Seat 6: belik555 (button) (small blind) folded before Flop


PokerStars Hand #174254306528:  Hold'em Limit ($3/$6 USD) - 2017/08/12 17:02:58 ET
Table 'Freia II' 6-max Seat #3 is the button
Seat 3: vladal 888 ($76.66 in chips)
Seat 6: belik555 ($90 in chips)
vladal 888: posts small blind $1
belik555: posts big blind $3
*** HOLE CARDS ***
vladal 888: raises $3 to $6
belik555: calls $3
*** FLOP *** [3s 7h 6s]
belik555: checks
vladal 888: bets $3
belik555: calls $3
*** TURN *** [3s 7h 6s] [As]
belik555: checks
vladal 888: bets $6
belik555: folds
Uncalled bet ($6) returned to vladal 888
vladal 888 collected $17.64 from pot
*** SUMMARY ***
Total pot $18 | Rake $0.36
Board [3s 7h 6s As]
Seat 3: vladal 888 (button) (small blind) collected ($17.64)
Seat 6: belik555 (big blind) folded on the Turn


PokerStars Hand #174254296043:  Hold'em Limit ($3/$6 USD) - 2017/08/12 17:02:41 ET
Table 'Freia II' 6-max Seat #3 is the button
Seat 3: vladal 888 ($69.02 in chips)
Seat 6: belik555 ($90 in chips)
vladal 888: posts small blind $1
belik555: posts big blind $3
*** HOLE CARDS ***
vladal 888: folds
Uncalled bet ($2) returned to belik555
belik555 collected $2 from pot
belik555: doesn't show hand
*** SUMMARY ***
Total pot $2 | Rake $0
Seat 3: vladal 888 (button) (small blind) folded before Flop
Seat 6: belik555 (big blind) collected ($2)


PokerStars Hand #174254278745:  Hold'em Limit ($3/$6 USD) - 2017/08/12 17:02:16 ET
Table 'Freia II' 6-max Seat #6 is the button
Seat 3: vladal 888 ($54.52 in chips)
Seat 6: belik555 ($96.76 in chips)
belik555: posts small blind $1
vladal 888: posts big blind $3
*** HOLE CARDS ***
belik555: raises $3 to $6
vladal 888: calls $3
*** FLOP *** [3c Jc 5h]
vladal 888: checks
belik555: bets $3
vladal 888: calls $3
*** TURN *** [3c Jc 5h] [Qc]
vladal 888: checks
belik555: checks
*** RIVER *** [3c Jc 5h Qc] [Ad]
vladal 888: bets $6
belik555: calls $6
*** SHOW DOWN ***
vladal 888: shows [Ac 9h] (a pair of Aces)
belik555: mucks hand
vladal 888 collected $29.50 from pot
*** SUMMARY ***
Total pot $30 | Rake $0.50
Board [3c Jc 5h Qc Ad]
Seat 3: vladal 888 (big blind) showed [Ac 9h] and won ($29.50) with a pair of Aces
Seat 6: belik555 (button) (small blind) mucked


PokerStars Hand #174254299517:  Hold'em Limit ($3/$6 USD) - 2017/08/12 17:02:47 ET
Table 'Freia II' 6-max Seat #6 is the button
Seat 3: vladal 888 ($68.02 in chips)
Seat 6: belik555 ($91 in chips)
belik555: posts small blind $1
vladal 888: posts big blind $3
*** HOLE CARDS ***
belik555: raises $3 to $6
vladal 888: calls $3
*** FLOP *** [Jd Ts 4h]
vladal 888: checks
belik555: bets $3
vladal 888: raises $3 to $6
belik555: folds
Uncalled bet ($3) returned to vladal 888
vladal 888 collected $17.64 from pot
*** SUMMARY ***
Total pot $18 | Rake $0.36
Board [Jd Ts 4h]
Seat 3: vladal 888 (big blind) collected ($17.64)
Seat 6: belik555 (button) (small blind) folded on the Flop


PokerStars Hand #174254328939:  Hold'em Limit ($3/$6 USD) - 2017/08/12 17:03:31 ET
Table 'Freia II' 6-max Seat #6 is the button
Seat 3: vladal 888 ($85.30 in chips)
Seat 6: belik555 ($91 in chips)
belik555: posts small blind $1
vladal 888: posts big blind $3
*** HOLE CARDS ***
belik555: raises $3 to $6
vladal 888: folds
Uncalled bet ($3) returned to belik555
belik555 collected $6 from pot
belik555: doesn't show hand
*** SUMMARY ***
Total pot $6 | Rake $0
Seat 3: vladal 888 (big blind) folded before Flop
Seat 6: belik555 (button) (small blind) collected ($6)


PokerStars Hand #174254333261:  Hold'em Limit ($3/$6 USD) - 2017/08/12 17:03:38 ET
Table 'Freia II' 6-max Seat #3 is the button
Seat 3: vladal 888 ($82.30 in chips)
Seat 6: belik555 ($94 in chips)
vladal 888: posts small blind $1
belik555: posts big blind $3
*** HOLE CARDS ***
vladal 888: raises $3 to $6
RJF1943 joins the table at seat #2
belik555: raises $3 to $9
vladal 888: calls $3
*** FLOP *** [6c 9d Ts]
belik555: bets $3
vladal 888: calls $3
*** TURN *** [6c 9d Ts] [6s]
belik555: bets $6
vladal 888: calls $6
*** RIVER *** [6c 9d Ts 6s] [9s]
belik555: bets $6
vladal 888: folds
Uncalled bet ($6) returned to belik555
belik555 collected $35.50 from pot
belik555: doesn't show hand
*** SUMMARY ***
Total pot $36 | Rake $0.50
Board [6c 9d Ts 6s 9s]
Seat 3: vladal 888 (button) (small blind) folded on the River
Seat 6: belik555 (big blind) collected ($35.50)


