PokerStars Hand #157718655803:  Hold'em Limit ($3/$6 USD) - 2016/08/25 9:53:06 ET
Table 'Freia II' 6-max Seat #6 is the button
Seat 3: simper11 ($120 in chips)
Seat 6: libaikang ($183 in chips)
libaikang: posts small blind $1
simper11: posts big blind $3
*** HOLE CARDS ***
libaikang: calls $2
simper11: checks
*** FLOP *** [6s 4c 5h]
simper11: bets $3
libaikang: raises $3 to $6
simper11: raises $3 to $9
libaikang: raises $3 to $12
Betting is capped
simper11: calls $3
*** TURN *** [6s 4c 5h] [9h]
simper11: checks
libaikang: bets $6
simper11: raises $6 to $12
libaikang: calls $6
*** RIVER *** [6s 4c 5h 9h] [Ad]
simper11: bets $6
libaikang: calls $6
*** SHOW DOWN ***
simper11: shows [6c 9s] (two pair, Nines and Sixes)
libaikang: mucks hand
simper11 collected $65.50 from pot
*** SUMMARY ***
Total pot $66 | Rake $0.50
Board [6s 4c 5h 9h Ad]
Seat 3: simper11 (big blind) showed [6c 9s] and won ($65.50) with two pair, Nines and Sixes
Seat 6: libaikang (button) (small blind) mucked


PokerStars Hand #157718713494:  Hold'em Limit ($3/$6 USD) - 2016/08/25 9:54:54 ET
Table 'Freia II' 6-max Seat #3 is the button
Seat 3: simper11 ($164.64 in chips)
Seat 6: libaikang ($136.50 in chips)
simper11: posts small blind $1
libaikang: posts big blind $3
*** HOLE CARDS ***
Krazy90 joins the table at seat #1
simper11: folds
Uncalled bet ($2) returned to libaikang
libaikang collected $2 from pot
libaikang: doesn't show hand
*** SUMMARY ***
Total pot $2 | Rake $0
Seat 3: simper11 (button) (small blind) folded before Flop
Seat 6: libaikang (big blind) collected ($2)


PokerStars Hand #157718710681:  Hold'em Limit ($3/$6 USD) - 2016/08/25 9:54:49 ET
Table 'Freia II' 6-max Seat #6 is the button
Seat 3: simper11 ($163.64 in chips)
Seat 6: libaikang ($137.50 in chips)
libaikang: posts small blind $1
simper11: posts big blind $3
*** HOLE CARDS ***
libaikang: folds
Uncalled bet ($2) returned to simper11
simper11 collected $2 from pot
simper11: doesn't show hand
*** SUMMARY ***
Total pot $2 | Rake $0
Seat 3: simper11 (big blind) collected ($2)
Seat 6: libaikang (button) (small blind) folded before Flop


PokerStars Hand #157718698113:  Hold'em Limit ($3/$6 USD) - 2016/08/25 9:54:26 ET
Table 'Freia II' 6-max Seat #3 is the button
Seat 3: simper11 ($190.64 in chips)
Seat 6: libaikang ($111 in chips)
simper11: posts small blind $1
libaikang: posts big blind $3
*** HOLE CARDS ***
simper11: raises $3 to $6
libaikang: calls $3
*** FLOP *** [9h 3c Td]
libaikang: checks
simper11: bets $3
libaikang: calls $3
*** TURN *** [9h 3c Td] [6c]
libaikang: checks
simper11: bets $6
libaikang: calls $6
*** RIVER *** [9h 3c Td 6c] [4s]
libaikang: checks
simper11: bets $6
libaikang: raises $6 to $12
simper11: calls $6
*** SHOW DOWN ***
libaikang: shows [9d 9c] (three of a kind, Nines)
simper11: mucks hand
libaikang collected $53.50 from pot
*** SUMMARY ***
Total pot $54 | Rake $0.50
Board [9h 3c Td 6c 4s]
Seat 3: simper11 (button) (small blind) mucked
Seat 6: libaikang (big blind) showed [9d 9c] and won ($53.50) with three of a kind, Nines


PokerStars Hand #157718687196:  Hold'em Limit ($3/$6 USD) - 2016/08/25 9:54:05 ET
Table 'Freia II' 6-max Seat #6 is the button
Seat 3: simper11 ($182 in chips)
Seat 6: libaikang ($120 in chips)
libaikang: posts small blind $1
simper11: posts big blind $3
*** HOLE CARDS ***
libaikang: calls $2
simper11: checks
*** FLOP *** [Ks 7s 5h]
simper11: checks
libaikang: checks
*** TURN *** [Ks 7s 5h] [8d]
simper11: checks
libaikang: checks
*** RIVER *** [Ks 7s 5h 8d] [6h]
simper11: bets $6
libaikang: calls $6
*** SHOW DOWN ***
simper11: shows [Ac 4d] (a straight, Four to Eight)
libaikang: mucks hand
simper11 collected $17.64 from pot
*** SUMMARY ***
Total pot $18 | Rake $0.36
Board [Ks 7s 5h 8d 6h]
Seat 3: simper11 (big blind) showed [Ac 4d] and won ($17.64) with a straight, Four to Eight
Seat 6: libaikang (button) (small blind) mucked


PokerStars Hand #157718676256:  Hold'em Limit ($3/$6 USD) - 2016/08/25 9:53:44 ET
Table 'Freia II' 6-max Seat #3 is the button
Seat 3: simper11 ($152.50 in chips)
Seat 6: libaikang ($150 in chips)
simper11: posts small blind $1
libaikang: posts big blind $3
*** HOLE CARDS ***
simper11: raises $3 to $6
libaikang: calls $3
*** FLOP *** [5d 9h 7c]
libaikang: checks
simper11: bets $3
libaikang: raises $3 to $6
simper11: calls $3
*** TURN *** [5d 9h 7c] [4s]
libaikang: bets $6
simper11: calls $6
*** RIVER *** [5d 9h 7c 4s] [Tc]
libaikang: bets $6
simper11: raises $6 to $12
libaikang: calls $6
*** SHOW DOWN ***
simper11: shows [Td 7d] (two pair, Tens and Sevens)
libaikang: mucks hand
simper11 collected $59.50 from pot
*** SUMMARY ***
Total pot $60 | Rake $0.50
Board [5d 9h 7c 4s Tc]
Seat 3: simper11 (button) (small blind) showed [Td 7d] and won ($59.50) with two pair, Tens and Sevens
Seat 6: libaikang (big blind) mucked


PokerStars Hand #157718780374:  Hold'em Limit ($3/$6 USD) - 2016/08/25 9:57:19 ET
Table 'Freia II' 6-max Seat #4 is the button
Seat 1: Krazy90 ($145.38 in chips)
Seat 4: gazzzzzza ($31.40 in chips)
gazzzzzza: posts small blind $1
Krazy90: posts big blind $3
*** HOLE CARDS ***
gazzzzzza: folds
Uncalled bet ($2) returned to Krazy90
Krazy90 collected $2 from pot
Krazy90: doesn't show hand
*** SUMMARY ***
Total pot $2 | Rake $0
Seat 1: Krazy90 (big blind) collected ($2)
Seat 4: gazzzzzza (button) (small blind) folded before Flop


