PokerStars Hand #170018030445:  Hold'em Limit ($3/$6 USD) - 2017/05/06 0:50:59 ET
Table 'Freia' 6-max Seat #1 is the button
Seat 1: LifeisagameX ($88 in chips)
Seat 2: ElverGalinda ($67.98 in chips)
LifeisagameX: posts small blind $1
ElverGalinda: posts big blind $3
*** HOLE CARDS ***
LifeisagameX: folds
Uncalled bet ($2) returned to ElverGalinda
ElverGalinda collected $2 from pot
*** SUMMARY ***
Total pot $2 | Rake $0
Seat 1: LifeisagameX (button) (small blind) folded before Flop
Seat 2: ElverGalinda (big blind) collected ($2)


PokerStars Hand #170018028586:  Hold'em Limit ($3/$6 USD) - 2017/05/06 0:50:53 ET
Table 'Freia' 6-max Seat #2 is the button
Seat 1: LifeisagameX ($87 in chips)
Seat 2: ElverGalinda ($68.98 in chips)
ElverGalinda: posts small blind $1
LifeisagameX: posts big blind $3
*** HOLE CARDS ***
ElverGalinda: folds
Uncalled bet ($2) returned to LifeisagameX
LifeisagameX collected $2 from pot
LifeisagameX: doesn't show hand
*** SUMMARY ***
Total pot $2 | Rake $0
Seat 1: LifeisagameX (big blind) collected ($2)
Seat 2: ElverGalinda (button) (small blind) folded before Flop


PokerStars Hand #170018023473:  Hold'em Limit ($3/$6 USD) - 2017/05/06 0:50:35 ET
Table 'Freia' 6-max Seat #1 is the button
Seat 1: LifeisagameX ($84 in chips)
Seat 2: ElverGalinda ($71.98 in chips)
LifeisagameX: posts small blind $1
ElverGalinda: posts big blind $3
*** HOLE CARDS ***
LifeisagameX: raises $3 to $6
ElverGalinda: folds
Uncalled bet ($3) returned to LifeisagameX
LifeisagameX collected $6 from pot
LifeisagameX: doesn't show hand
*** SUMMARY ***
Total pot $6 | Rake $0
Seat 1: LifeisagameX (button) (small blind) collected ($6)
Seat 2: ElverGalinda (big blind) folded before Flop


PokerStars Hand #170018033338:  Hold'em Limit ($3/$6 USD) - 2017/05/06 0:51:09 ET
Table 'Freia' 6-max Seat #2 is the button
Seat 1: LifeisagameX ($87 in chips)
Seat 2: ElverGalinda ($68.98 in chips)
ElverGalinda: posts small blind $1
LifeisagameX: posts big blind $3
*** HOLE CARDS ***
ElverGalinda: raises $3 to $6
LifeisagameX: folds
Uncalled bet ($3) returned to ElverGalinda
ElverGalinda collected $6 from pot
*** SUMMARY ***
Total pot $6 | Rake $0
Seat 1: LifeisagameX (big blind) folded before Flop
Seat 2: ElverGalinda (button) (small blind) collected ($6)


PokerStars Hand #170018044678:  Hold'em Limit ($3/$6 USD) - 2017/05/06 0:51:49 ET
Table 'Freia' 6-max Seat #2 is the button
Seat 1: LifeisagameX ($101.50 in chips)
Seat 2: ElverGalinda ($53.98 in chips)
ElverGalinda: posts small blind $1
LifeisagameX: posts big blind $3
*** HOLE CARDS ***
ElverGalinda: folds
Uncalled bet ($2) returned to LifeisagameX
LifeisagameX collected $2 from pot
LifeisagameX: doesn't show hand
*** SUMMARY ***
Total pot $2 | Rake $0
Seat 1: LifeisagameX (big blind) collected ($2)
Seat 2: ElverGalinda (button) (small blind) folded before Flop


PokerStars Hand #170018036638:  Hold'em Limit ($3/$6 USD) - 2017/05/06 0:51:21 ET
Table 'Freia' 6-max Seat #1 is the button
Seat 1: LifeisagameX ($84 in chips)
Seat 2: ElverGalinda ($71.98 in chips)
LifeisagameX: posts small blind $1
ElverGalinda: posts big blind $3
*** HOLE CARDS ***
LifeisagameX: raises $3 to $6
ElverGalinda: calls $3
*** FLOP *** [Kc 7h 4d]
ElverGalinda: checks
LifeisagameX: checks
*** TURN *** [Kc 7h 4d] [As]
ElverGalinda: bets $6
LifeisagameX: calls $6
*** RIVER *** [Kc 7h 4d As] [7s]
ElverGalinda: bets $6
LifeisagameX: calls $6
*** SHOW DOWN ***
ElverGalinda: shows [8h Jd] (a pair of Sevens)
LifeisagameX: shows [5d 4s] (two pair, Sevens and Fours)
LifeisagameX collected $35.50 from pot
*** SUMMARY ***
Total pot $36 | Rake $0.50
Board [Kc 7h 4d As 7s]
Seat 1: LifeisagameX (button) (small blind) showed [5d 4s] and won ($35.50) with two pair, Sevens and Fours
Seat 2: ElverGalinda (big blind) showed [8h Jd] and lost with a pair of Sevens


PokerStars Hand #170018059189:  Hold'em Limit ($3/$6 USD) - 2017/05/06 0:52:40 ET
Table 'Freia' 6-max Seat #1 is the button
Seat 1: LifeisagameX ($95.50 in chips)
Seat 2: ElverGalinda ($59.74 in chips)
LifeisagameX: posts small blind $1
ElverGalinda: posts big blind $3
*** HOLE CARDS ***
LifeisagameX: raises $3 to $6
ElverGalinda: calls $3
*** FLOP *** [2s Th 6s]
ElverGalinda: checks
LifeisagameX: checks
*** TURN *** [2s Th 6s] [9d]
ElverGalinda: bets $6
LifeisagameX: calls $6
*** RIVER *** [2s Th 6s 9d] [Jc]
ElverGalinda: bets $6
LifeisagameX: folds
Uncalled bet ($6) returned to ElverGalinda
ElverGalinda collected $23.52 from pot
*** SUMMARY ***
Total pot $24 | Rake $0.48
Board [2s Th 6s 9d Jc]
Seat 1: LifeisagameX (button) (small blind) folded on the River
Seat 2: ElverGalinda (big blind) collected ($23.52)


PokerStars Hand #170018054322:  Hold'em Limit ($3/$6 USD) - 2017/05/06 0:52:23 ET
Table 'Freia' 6-max Seat #2 is the button
Seat 1: LifeisagameX ($101.50 in chips)
Seat 2: ElverGalinda ($53.98 in chips)
ElverGalinda: posts small blind $1
LifeisagameX: posts big blind $3
*** HOLE CARDS ***
ElverGalinda: raises $3 to $6
LifeisagameX: calls $3
*** FLOP *** [Ah 9h Ts]
LifeisagameX: checks
ElverGalinda: bets $3
LifeisagameX: folds
Uncalled bet ($3) returned to ElverGalinda
ElverGalinda collected $11.76 from pot
*** SUMMARY ***
Total pot $12 | Rake $0.24
Board [Ah 9h Ts]
Seat 1: LifeisagameX (big blind) folded on the Flop
Seat 2: ElverGalinda (button) (small blind) collected ($11.76)


PokerStars Hand #170018051379:  Hold'em Limit ($3/$6 USD) - 2017/05/06 0:52:13 ET
Table 'Freia' 6-max Seat #1 is the button
Seat 1: LifeisagameX ($102.50 in chips)
Seat 2: ElverGalinda ($52.98 in chips)
LifeisagameX: posts small blind $1
ElverGalinda: posts big blind $3
*** HOLE CARDS ***
LifeisagameX: folds
Uncalled bet ($2) returned to ElverGalinda
ElverGalinda collected $2 from pot
*** SUMMARY ***
Total pot $2 | Rake $0
Seat 1: LifeisagameX (button) (small blind) folded before Flop
Seat 2: ElverGalinda (big blind) collected ($2)


PokerStars Hand #170018078873:  Hold'em Limit ($3/$6 USD) - 2017/05/06 0:53:49 ET
Table 'Freia' 6-max Seat #2 is the button
Seat 1: LifeisagameX ($87 in chips)
Seat 2: ElverGalinda ($94.76 in chips)
ElverGalinda: posts small blind $1
LifeisagameX: posts big blind $3
*** HOLE CARDS ***
ElverGalinda: raises $3 to $6
LifeisagameX: folds
Uncalled bet ($3) returned to ElverGalinda
ElverGalinda collected $6 from pot
*** SUMMARY ***
Total pot $6 | Rake $0
Seat 1: LifeisagameX (big blind) folded before Flop
Seat 2: ElverGalinda (button) (small blind) collected ($6)


PokerStars Hand #170018076199:  Hold'em Limit ($3/$6 USD) - 2017/05/06 0:53:40 ET
Table 'Freia' 6-max Seat #1 is the button
Seat 1: LifeisagameX ($84 in chips)
Seat 2: ElverGalinda ($97.76 in chips)
LifeisagameX: posts small blind $1
ElverGalinda: posts big blind $3
*** HOLE CARDS ***
LifeisagameX: raises $3 to $6
ElverGalinda: folds
Uncalled bet ($3) returned to LifeisagameX
LifeisagameX collected $6 from pot
LifeisagameX: doesn't show hand
*** SUMMARY ***
Total pot $6 | Rake $0
Seat 1: LifeisagameX (button) (small blind) collected ($6)
Seat 2: ElverGalinda (big blind) folded before Flop


PokerStars Hand #170018066319:  Hold'em Limit ($3/$6 USD) - 2017/05/06 0:53:05 ET
Table 'Freia' 6-max Seat #2 is the button
Seat 1: LifeisagameX ($84 in chips)
Seat 2: ElverGalinda ($71.26 in chips)
ElverGalinda: posts small blind $1
LifeisagameX: posts big blind $3
*** HOLE CARDS ***
ElverGalinda: raises $3 to $6
LifeisagameX: raises $3 to $9
ElverGalinda: calls $3
*** FLOP *** [3d 6c 4c]
LifeisagameX: bets $3
ElverGalinda: raises $3 to $6
LifeisagameX: calls $3
*** TURN *** [3d 6c 4c] [5c]
LifeisagameX: checks
ElverGalinda: bets $6
LifeisagameX: calls $6
*** RIVER *** [3d 6c 4c 5c] [Kd]
LifeisagameX: checks
ElverGalinda: bets $6
LifeisagameX: calls $6
*** SHOW DOWN ***
ElverGalinda: shows [6s 7s] (a straight, Three to Seven)
LifeisagameX: mucks hand
ElverGalinda collected $53.50 from pot
*** SUMMARY ***
Total pot $54 | Rake $0.50
Board [3d 6c 4c 5c Kd]
Seat 1: LifeisagameX (big blind) mucked
Seat 2: ElverGalinda (button) (small blind) showed [6s 7s] and won ($53.50) with a straight, Three to Seven


PokerStars Hand #170018080738:  Hold'em Limit ($3/$6 USD) - 2017/05/06 0:53:56 ET
Table 'Freia' 6-max Seat #1 is the button
Seat 1: LifeisagameX ($84 in chips)
Seat 2: ElverGalinda ($97.76 in chips)
LifeisagameX: posts small blind $1
ElverGalinda: posts big blind $3
*** HOLE CARDS ***
LifeisagameX: raises $3 to $6
ElverGalinda: calls $3
*** FLOP *** [Jc Th Kc]
ElverGalinda: checks
LifeisagameX: checks
*** TURN *** [Jc Th Kc] [4c]
ElverGalinda: checks
LifeisagameX: checks
*** RIVER *** [Jc Th Kc 4c] [6h]
ElverGalinda: bets $6
LifeisagameX: calls $6
*** SHOW DOWN ***
ElverGalinda: shows [6d 8d] (a pair of Sixes)
LifeisagameX: shows [7d 7h] (a pair of Sevens)
LifeisagameX collected $23.52 from pot
*** SUMMARY ***
Total pot $24 | Rake $0.48
Board [Jc Th Kc 4c 6h]
Seat 1: LifeisagameX (button) (small blind) showed [7d 7h] and won ($23.52) with a pair of Sevens
Seat 2: ElverGalinda (big blind) showed [6d 8d] and lost with a pair of Sixes


PokerStars Hand #170018107629:  Hold'em Limit ($3/$6 USD) - 2017/05/06 0:55:31 ET
Table 'Freia' 6-max Seat #2 is the button
Seat 1: LifeisagameX ($121.78 in chips)
Seat 2: ElverGalinda ($58.76 in chips)
ElverGalinda: posts small blind $1
LifeisagameX: posts big blind $3
*** HOLE CARDS ***
ElverGalinda: raises $3 to $6
LifeisagameX: raises $3 to $9
ElverGalinda: calls $3
*** FLOP *** [Qd 3d Ah]
LifeisagameX: bets $3
ElverGalinda: folds
Uncalled bet ($3) returned to LifeisagameX
LifeisagameX collected $17.64 from pot
LifeisagameX: doesn't show hand
*** SUMMARY ***
Total pot $18 | Rake $0.36
Board [Qd 3d Ah]
Seat 1: LifeisagameX (big blind) collected ($17.64)
Seat 2: ElverGalinda (button) (small blind) folded on the Flop


PokerStars Hand #170018103086:  Hold'em Limit ($3/$6 USD) - 2017/05/06 0:55:14 ET
Table 'Freia' 6-max Seat #1 is the button
Seat 1: LifeisagameX ($116.02 in chips)
Seat 2: ElverGalinda ($64.76 in chips)
LifeisagameX: posts small blind $1
ElverGalinda: posts big blind $3
*** HOLE CARDS ***
LifeisagameX: raises $3 to $6
ElverGalinda: calls $3
*** FLOP *** [Kd Ac 3c]
ElverGalinda: checks
LifeisagameX: bets $3
ElverGalinda: folds
Uncalled bet ($3) returned to LifeisagameX
LifeisagameX collected $11.76 from pot
LifeisagameX: doesn't show hand
*** SUMMARY ***
Total pot $12 | Rake $0.24
Board [Kd Ac 3c]
Seat 1: LifeisagameX (button) (small blind) collected ($11.76)
Seat 2: ElverGalinda (big blind) folded on the Flop


PokerStars Hand #170018090540:  Hold'em Limit ($3/$6 USD) - 2017/05/06 0:54:29 ET
Table 'Freia' 6-max Seat #2 is the button
Seat 1: LifeisagameX ($95.52 in chips)
Seat 2: ElverGalinda ($85.76 in chips)
ElverGalinda: posts small blind $1
LifeisagameX: posts big blind $3
*** HOLE CARDS ***
ElverGalinda: raises $3 to $6
LifeisagameX: calls $3
*** FLOP *** [Ac 9h 4s]
LifeisagameX: checks
ElverGalinda: bets $3
LifeisagameX: calls $3
*** TURN *** [Ac 9h 4s] [7c]
LifeisagameX: checks
ElverGalinda: bets $6
LifeisagameX: calls $6
*** RIVER *** [Ac 9h 4s 7c] [Js]
LifeisagameX: checks
ElverGalinda: bets $6
LifeisagameX: calls $6
*** SHOW DOWN ***
ElverGalinda: shows [Jh 2h] (a pair of Jacks)
LifeisagameX: shows [Jc Ts] (a pair of Jacks - Ace+Ten kicker)
LifeisagameX collected $41.50 from pot
*** SUMMARY ***
Total pot $42 | Rake $0.50
Board [Ac 9h 4s 7c Js]
Seat 1: LifeisagameX (big blind) showed [Jc Ts] and won ($41.50) with a pair of Jacks
Seat 2: ElverGalinda (button) (small blind) showed [Jh 2h] and lost with a pair of Jacks


