PokerStars Hand #145465082974:  Hold'em Limit ($3/$6 USD) - 2015/12/16 22:22:36 ET
Table 'Fricke' 6-max Seat #3 is the button
Seat 3: 1joyful1 ($138.52 in chips)
Seat 5: ct-650 ($131 in chips)
1joyful1: posts small blind $1
ct-650: posts big blind $3
*** HOLE CARDS ***
1joyful1: folds
Uncalled bet ($2) returned to ct-650
ct-650 collected $2 from pot
*** SUMMARY ***
Total pot $2 | Rake $0
Seat 3: 1joyful1 (button) (small blind) folded before Flop
Seat 5: ct-650 (big blind) collected ($2)


PokerStars Hand #145465072287:  Hold'em Limit ($3/$6 USD) - 2015/12/16 22:22:05 ET
Table 'Fricke' 6-max Seat #3 is the button
Seat 3: 1joyful1 ($124 in chips)
Seat 5: ct-650 ($146 in chips)
1joyful1: posts small blind $1
ct-650: posts big blind $3
*** HOLE CARDS ***
1joyful1: raises $3 to $6
ct-650: folds
Uncalled bet ($3) returned to 1joyful1
1joyful1 collected $6 from pot
1joyful1: doesn't show hand
*** SUMMARY ***
Total pot $6 | Rake $0
Seat 3: 1joyful1 (button) (small blind) collected ($6)
Seat 5: ct-650 (big blind) folded before Flop


PokerStars Hand #145465075240:  Hold'em Limit ($3/$6 USD) - 2015/12/16 22:22:14 ET
Table 'Fricke' 6-max Seat #5 is the button
Seat 3: 1joyful1 ($127 in chips)
Seat 5: ct-650 ($143 in chips)
ct-650: posts small blind $1
1joyful1: posts big blind $3
*** HOLE CARDS ***
ct-650: raises $3 to $6
1joyful1: calls $3
*** FLOP *** [5s Qc 5d]
1joyful1: checks
ct-650: bets $3
1joyful1: raises $3 to $6
ct-650: calls $3
*** TURN *** [5s Qc 5d] [2d]
1joyful1: bets $6
ct-650: folds
Uncalled bet ($6) returned to 1joyful1
1joyful1 collected $23.52 from pot
1joyful1: doesn't show hand
*** SUMMARY ***
Total pot $24 | Rake $0.48
Board [5s Qc 5d 2d]
Seat 3: 1joyful1 (big blind) collected ($23.52)
Seat 5: ct-650 (button) (small blind) folded on the Turn


PokerStars Hand #145465084882:  Hold'em Limit ($3/$6 USD) - 2015/12/16 22:22:42 ET
Table 'Fricke' 6-max Seat #5 is the button
Seat 3: 1joyful1 ($137.52 in chips)
Seat 5: ct-650 ($132 in chips)
ct-650: posts small blind $1
1joyful1: posts big blind $3
*** HOLE CARDS ***
ct-650: raises $3 to $6
1joyful1: calls $3
*** FLOP *** [Qc Jh Ah]
1joyful1: checks
ct-650: bets $3
1joyful1: calls $3
*** TURN *** [Qc Jh Ah] [5s]
1joyful1: checks
ct-650: checks
*** RIVER *** [Qc Jh Ah 5s] [9s]
1joyful1: bets $6
ct-650: folds
Uncalled bet ($6) returned to 1joyful1
1joyful1 collected $17.64 from pot
1joyful1: doesn't show hand
*** SUMMARY ***
Total pot $18 | Rake $0.36
Board [Qc Jh Ah 5s 9s]
Seat 3: 1joyful1 (big blind) collected ($17.64)
Seat 5: ct-650 (button) (small blind) folded on the River


PokerStars Hand #145465095322:  Hold'em Limit ($3/$6 USD) - 2015/12/16 22:23:11 ET
Table 'Fricke' 6-max Seat #5 is the button
Seat 3: 1joyful1 ($149.16 in chips)
Seat 5: ct-650 ($120 in chips)
ct-650: posts small blind $1
1joyful1: posts big blind $3
*** HOLE CARDS ***
ct-650: folds
Uncalled bet ($2) returned to 1joyful1
1joyful1 collected $2 from pot
1joyful1: doesn't show hand
*** SUMMARY ***
Total pot $2 | Rake $0
Seat 3: 1joyful1 (big blind) collected ($2)
Seat 5: ct-650 (button) (small blind) folded before Flop


PokerStars Hand #145465092209:  Hold'em Limit ($3/$6 USD) - 2015/12/16 22:23:02 ET
Table 'Fricke' 6-max Seat #3 is the button
Seat 3: 1joyful1 ($146.16 in chips)
Seat 5: ct-650 ($123 in chips)
1joyful1: posts small blind $1
ct-650: posts big blind $3
*** HOLE CARDS ***
1joyful1: raises $3 to $6
ct-650: folds
Uncalled bet ($3) returned to 1joyful1
1joyful1 collected $6 from pot
1joyful1: doesn't show hand
*** SUMMARY ***
Total pot $6 | Rake $0
Seat 3: 1joyful1 (button) (small blind) collected ($6)
Seat 5: ct-650 (big blind) folded before Flop


PokerStars Hand #145465097188:  Hold'em Limit ($3/$6 USD) - 2015/12/16 22:23:17 ET
Table 'Fricke' 6-max Seat #3 is the button
Seat 3: 1joyful1 ($150.16 in chips)
Seat 5: ct-650 ($119 in chips)
1joyful1: posts small blind $1
ct-650: posts big blind $3
*** HOLE CARDS ***
1joyful1: calls $2
ct-650: checks
*** FLOP *** [2d 8d 5c]
ct-650: bets $3
1joyful1: calls $3
*** TURN *** [2d 8d 5c] [Ah]
ct-650: bets $6
1joyful1: calls $6
*** RIVER *** [2d 8d 5c Ah] [Tc]
ct-650: bets $6
1joyful1: calls $6
*** SHOW DOWN ***
ct-650: shows [8s 7c] (a pair of Eights)
1joyful1: mucks hand
ct-650 collected $35.50 from pot
*** SUMMARY ***
Total pot $36 | Rake $0.50
Board [2d 8d 5c Ah Tc]
Seat 3: 1joyful1 (button) (small blind) mucked
Seat 5: ct-650 (big blind) showed [8s 7c] and won ($35.50) with a pair of Eights


PokerStars Hand #145465108572:  Hold'em Limit ($3/$6 USD) - 2015/12/16 22:23:49 ET
Table 'Fricke' 6-max Seat #3 is the button
Seat 3: 1joyful1 ($133.16 in chips)
Seat 5: ct-650 ($135.50 in chips)
1joyful1: posts small blind $1
ct-650: posts big blind $3
*** HOLE CARDS ***
1joyful1: raises $3 to $6
ct-650: calls $3
*** FLOP *** [8c Ad 6c]
ct-650: checks
1joyful1: bets $3
ct-650: raises $3 to $6
1joyful1: calls $3
*** TURN *** [8c Ad 6c] [6d]
ct-650: bets $6
1joyful1: calls $6
*** RIVER *** [8c Ad 6c 6d] [9h]
ct-650: checks
1joyful1: bets $6
ct-650: calls $6
*** SHOW DOWN ***
1joyful1: shows [5s 7d] (a straight, Five to Nine)
ct-650: mucks hand
1joyful1 collected $47.50 from pot
*** SUMMARY ***
Total pot $48 | Rake $0.50
Board [8c Ad 6c 6d 9h]
Seat 3: 1joyful1 (button) (small blind) showed [5s 7d] and won ($47.50) with a straight, Five to Nine
Seat 5: ct-650 (big blind) mucked


PokerStars Hand #145465118538:  Hold'em Limit ($3/$6 USD) - 2015/12/16 22:24:18 ET
Table 'Fricke' 6-max Seat #5 is the button
Seat 3: 1joyful1 ($156.66 in chips)
Seat 5: ct-650 ($111.50 in chips)
ct-650: posts small blind $1
1joyful1: posts big blind $3
*** HOLE CARDS ***
ct-650: raises $3 to $6
1joyful1: calls $3
*** FLOP *** [3s 3d Qh]
1joyful1: checks
ct-650: bets $3
1joyful1: folds
Uncalled bet ($3) returned to ct-650
ct-650 collected $11.76 from pot
*** SUMMARY ***
Total pot $12 | Rake $0.24
Board [3s 3d Qh]
Seat 3: 1joyful1 (big blind) folded on the Flop
Seat 5: ct-650 (button) (small blind) collected ($11.76)


PokerStars Hand #145465105820:  Hold'em Limit ($3/$6 USD) - 2015/12/16 22:23:42 ET
Table 'Fricke' 6-max Seat #5 is the button
Seat 3: 1joyful1 ($132.16 in chips)
Seat 5: ct-650 ($136.50 in chips)
ct-650: posts small blind $1
1joyful1: posts big blind $3
*** HOLE CARDS ***
ct-650: folds
Uncalled bet ($2) returned to 1joyful1
1joyful1 collected $2 from pot
1joyful1: doesn't show hand
*** SUMMARY ***
Total pot $2 | Rake $0
Seat 3: 1joyful1 (big blind) collected ($2)
Seat 5: ct-650 (button) (small blind) folded before Flop


PokerStars Hand #145465122169:  Hold'em Limit ($3/$6 USD) - 2015/12/16 22:24:28 ET
Table 'Fricke' 6-max Seat #3 is the button
Seat 3: 1joyful1 ($150.66 in chips)
Seat 5: ct-650 ($117.26 in chips)
1joyful1: posts small blind $1
ct-650: posts big blind $3
*** HOLE CARDS ***
1joyful1: raises $3 to $6
ct-650: calls $3
*** FLOP *** [4c 9c Jh]
ct-650: checks
1joyful1: bets $3
ct-650: raises $3 to $6
1joyful1: calls $3
*** TURN *** [4c 9c Jh] [2h]
ct-650: bets $6
1joyful1: calls $6
*** RIVER *** [4c 9c Jh 2h] [5h]
ct-650: bets $6
1joyful1: folds
Uncalled bet ($6) returned to ct-650
ct-650 collected $35.50 from pot
*** SUMMARY ***
Total pot $36 | Rake $0.50
Board [4c 9c Jh 2h 5h]
Seat 3: 1joyful1 (button) (small blind) folded on the River
Seat 5: ct-650 (big blind) collected ($35.50)


PokerStars Hand #145465131202:  Hold'em Limit ($3/$6 USD) - 2015/12/16 22:24:55 ET
Table 'Fricke' 6-max Seat #5 is the button
Seat 3: 1joyful1 ($132.66 in chips)
Seat 5: ct-650 ($134.76 in chips)
ct-650: posts small blind $1
1joyful1: posts big blind $3
*** HOLE CARDS ***
ct-650: raises $3 to $6
1joyful1: raises $3 to $9
ct-650: calls $3
*** FLOP *** [Td 8s 5s]
1joyful1: bets $3
ct-650: calls $3
*** TURN *** [Td 8s 5s] [7c]
1joyful1: bets $6
ct-650: folds
Uncalled bet ($6) returned to 1joyful1
1joyful1 collected $23.52 from pot
1joyful1: doesn't show hand
*** SUMMARY ***
Total pot $24 | Rake $0.48
Board [Td 8s 5s 7c]
Seat 3: 1joyful1 (big blind) collected ($23.52)
Seat 5: ct-650 (button) (small blind) folded on the Turn


PokerStars Hand #145465137127:  Hold'em Limit ($3/$6 USD) - 2015/12/16 22:25:12 ET
Table 'Fricke' 6-max Seat #3 is the button
Seat 3: 1joyful1 ($144.18 in chips)
Seat 5: ct-650 ($122.76 in chips)
1joyful1: posts small blind $1
ct-650: posts big blind $3
*** HOLE CARDS ***
1joyful1: raises $3 to $6
ct-650: folds
Uncalled bet ($3) returned to 1joyful1
1joyful1 collected $6 from pot
1joyful1: doesn't show hand
*** SUMMARY ***
Total pot $6 | Rake $0
Seat 3: 1joyful1 (button) (small blind) collected ($6)
Seat 5: ct-650 (big blind) folded before Flop


PokerStars Hand #145465141601:  Hold'em Limit ($3/$6 USD) - 2015/12/16 22:25:24 ET
Table 'Fricke' 6-max Seat #5 is the button
Seat 3: 1joyful1 ($147.18 in chips)
Seat 5: ct-650 ($119.76 in chips)
ct-650: posts small blind $1
1joyful1: posts big blind $3
*** HOLE CARDS ***
ct-650: raises $3 to $6
1joyful1: folds
Uncalled bet ($3) returned to ct-650
ct-650 collected $6 from pot
*** SUMMARY ***
Total pot $6 | Rake $0
Seat 3: 1joyful1 (big blind) folded before Flop
Seat 5: ct-650 (button) (small blind) collected ($6)


PokerStars Hand #145465146031:  Hold'em Limit ($3/$6 USD) - 2015/12/16 22:25:37 ET
Table 'Fricke' 6-max Seat #3 is the button
Seat 3: 1joyful1 ($144.18 in chips)
Seat 5: ct-650 ($122.76 in chips)
1joyful1: posts small blind $1
ct-650: posts big blind $3
*** HOLE CARDS ***
1joyful1: folds
Uncalled bet ($2) returned to ct-650
ct-650 collected $2 from pot
*** SUMMARY ***
Total pot $2 | Rake $0
Seat 3: 1joyful1 (button) (small blind) folded before Flop
Seat 5: ct-650 (big blind) collected ($2)


PokerStars Hand #145465153957:  Hold'em Limit ($3/$6 USD) - 2015/12/16 22:26:00 ET
Table 'Fricke' 6-max Seat #3 is the button
Seat 3: 1joyful1 ($154.70 in chips)
Seat 5: ct-650 ($111.76 in chips)
1joyful1: posts small blind $1
ct-650: posts big blind $3
*** HOLE CARDS ***
1joyful1: calls $2
ct-650: checks
*** FLOP *** [Ts 2s 5c]
ct-650: bets $3
1joyful1: calls $3
*** TURN *** [Ts 2s 5c] [Jh]
ct-650: bets $6
1joyful1: calls $6
*** RIVER *** [Ts 2s 5c Jh] [5h]
ct-650: checks
1joyful1: bets $6
ct-650: calls $6
*** SHOW DOWN ***
1joyful1: shows [8c 9s] (a pair of Fives)
ct-650: shows [2c 4c] (two pair, Fives and Deuces)
ct-650 collected $35.50 from pot
*** SUMMARY ***
Total pot $36 | Rake $0.50
Board [Ts 2s 5c Jh 5h]
Seat 3: 1joyful1 (button) (small blind) showed [8c 9s] and lost with a pair of Fives
Seat 5: ct-650 (big blind) showed [2c 4c] and won ($35.50) with two pair, Fives and Deuces


PokerStars Hand #145465159861:  Hold'em Limit ($3/$6 USD) - 2015/12/16 22:26:17 ET
Table 'Fricke' 6-max Seat #5 is the button
Seat 3: 1joyful1 ($136.70 in chips)
Seat 5: ct-650 ($129.26 in chips)
ct-650: posts small blind $1
1joyful1: posts big blind $3
*** HOLE CARDS ***
ct-650: raises $3 to $6
1joyful1: calls $3
*** FLOP *** [As 6h Jh]
1joyful1: checks
ct-650: bets $3
1joyful1: folds
Uncalled bet ($3) returned to ct-650
ct-650 collected $11.76 from pot
*** SUMMARY ***
Total pot $12 | Rake $0.24
Board [As 6h Jh]
Seat 3: 1joyful1 (big blind) folded on the Flop
Seat 5: ct-650 (button) (small blind) collected ($11.76)


PokerStars Hand #145465165460:  Hold'em Limit ($3/$6 USD) - 2015/12/16 22:26:34 ET
Table 'Fricke' 6-max Seat #5 is the button
Seat 3: 1joyful1 ($133.70 in chips)
Seat 5: ct-650 ($132.02 in chips)
ct-650: posts small blind $1
1joyful1: posts big blind $3
*** HOLE CARDS ***
ct-650: folds
Uncalled bet ($2) returned to 1joyful1
1joyful1 collected $2 from pot
1joyful1: doesn't show hand
*** SUMMARY ***
Total pot $2 | Rake $0
Seat 3: 1joyful1 (big blind) collected ($2)
Seat 5: ct-650 (button) (small blind) folded before Flop


PokerStars Hand #145465163604:  Hold'em Limit ($3/$6 USD) - 2015/12/16 22:26:28 ET
Table 'Fricke' 6-max Seat #3 is the button
Seat 3: 1joyful1 ($130.70 in chips)
Seat 5: ct-650 ($135.02 in chips)
1joyful1: posts small blind $1
ct-650: posts big blind $3
*** HOLE CARDS ***
1joyful1: raises $3 to $6
ct-650: folds
Uncalled bet ($3) returned to 1joyful1
1joyful1 collected $6 from pot
1joyful1: doesn't show hand
*** SUMMARY ***
Total pot $6 | Rake $0
Seat 3: 1joyful1 (button) (small blind) collected ($6)
Seat 5: ct-650 (big blind) folded before Flop


PokerStars Hand #145465166947:  Hold'em Limit ($3/$6 USD) - 2015/12/16 22:26:38 ET
Table 'Fricke' 6-max Seat #3 is the button
Seat 3: 1joyful1 ($134.70 in chips)
Seat 5: ct-650 ($131.02 in chips)
1joyful1: posts small blind $1
ct-650: posts big blind $3
*** HOLE CARDS ***
1joyful1: raises $3 to $6
ct-650: folds
Uncalled bet ($3) returned to 1joyful1
1joyful1 collected $6 from pot
1joyful1: doesn't show hand
*** SUMMARY ***
Total pot $6 | Rake $0
Seat 3: 1joyful1 (button) (small blind) collected ($6)
Seat 5: ct-650 (big blind) folded before Flop


PokerStars Hand #145465148483:  Hold'em Limit ($3/$6 USD) - 2015/12/16 22:25:44 ET
Table 'Fricke' 6-max Seat #5 is the button
Seat 3: 1joyful1 ($143.18 in chips)
Seat 5: ct-650 ($123.76 in chips)
ct-650: posts small blind $1
1joyful1: posts big blind $3
*** HOLE CARDS ***
ct-650: raises $3 to $6
1joyful1: raises $3 to $9
ct-650: calls $3
*** FLOP *** [Qs Jh Ks]
1joyful1: bets $3
ct-650: calls $3
*** TURN *** [Qs Jh Ks] [9h]
1joyful1: bets $6
ct-650: folds
Uncalled bet ($6) returned to 1joyful1
1joyful1 collected $23.52 from pot
1joyful1: doesn't show hand
*** SUMMARY ***
Total pot $24 | Rake $0.48
Board [Qs Jh Ks 9h]
Seat 3: 1joyful1 (big blind) collected ($23.52)
Seat 5: ct-650 (button) (small blind) folded on the Turn


PokerStars Hand #145465169524:  Hold'em Limit ($3/$6 USD) - 2015/12/16 22:26:46 ET
Table 'Fricke' 6-max Seat #5 is the button
Seat 3: 1joyful1 ($137.70 in chips)
Seat 5: ct-650 ($128.02 in chips)
ct-650: posts small blind $1
1joyful1: posts big blind $3
*** HOLE CARDS ***
ct-650: folds
Uncalled bet ($2) returned to 1joyful1
1joyful1 collected $2 from pot
1joyful1: doesn't show hand
*** SUMMARY ***
Total pot $2 | Rake $0
Seat 3: 1joyful1 (big blind) collected ($2)
Seat 5: ct-650 (button) (small blind) folded before Flop


PokerStars Hand #145465171152:  Hold'em Limit ($3/$6 USD) - 2015/12/16 22:26:51 ET
Table 'Fricke' 6-max Seat #3 is the button
Seat 3: 1joyful1 ($138.70 in chips)
Seat 5: ct-650 ($127.02 in chips)
1joyful1: posts small blind $1
ct-650: posts big blind $3
*** HOLE CARDS ***
1joyful1: raises $3 to $6
UNABELIEVE joins the table at seat #4
ct-650: calls $3
*** FLOP *** [5s Jh 9h]
ct-650: checks
1joyful1: bets $3
ct-650: folds
Uncalled bet ($3) returned to 1joyful1
1joyful1 collected $11.76 from pot
1joyful1: doesn't show hand
*** SUMMARY ***
Total pot $12 | Rake $0.24
Board [5s Jh 9h]
Seat 3: 1joyful1 (button) (small blind) collected ($11.76)
Seat 5: ct-650 (big blind) folded on the Flop


PokerStars Hand #145465175137:  Hold'em Limit ($3/$6 USD) - 2015/12/16 22:27:02 ET
Table 'Fricke' 6-max Seat #5 is the button
Seat 3: 1joyful1 ($144.46 in chips)
Seat 5: ct-650 ($121.02 in chips)
ct-650: posts small blind $1
1joyful1: posts big blind $3
*** HOLE CARDS ***
MAGER911 joins the table at seat #6
ct-650: raises $3 to $6
1joyful1: folds
Uncalled bet ($3) returned to ct-650
ct-650 collected $6 from pot
*** SUMMARY ***
Total pot $6 | Rake $0
Seat 3: 1joyful1 (big blind) folded before Flop
Seat 5: ct-650 (button) (small blind) collected ($6)


PokerStars Hand #145465325957:  Hold'em Limit ($3/$6 USD) - 2015/12/16 22:34:25 ET
Table 'Fricke' 6-max Seat #3 is the button
Seat 3: 1joyful1 ($169.66 in chips)
Seat 5: ct-650 ($189.44 in chips)
1joyful1: posts small blind $1
ct-650: posts big blind $3
*** HOLE CARDS ***
1joyful1: raises $3 to $6
ct-650: calls $3
*** FLOP *** [7h 5s 4c]
ct-650: checks
1joyful1: bets $3
ct-650: calls $3
*** TURN *** [7h 5s 4c] [3c]
ct-650: bets $6
1joyful1: calls $6
*** RIVER *** [7h 5s 4c 3c] [Js]
ct-650: bets $6
1joyful1: calls $6
*** SHOW DOWN ***
ct-650: shows [As 2s] (a straight, Ace to Five)
1joyful1: mucks hand
ct-650 collected $41.50 from pot
*** SUMMARY ***
Total pot $42 | Rake $0.50
Board [7h 5s 4c 3c Js]
Seat 3: 1joyful1 (button) (small blind) mucked
Seat 5: ct-650 (big blind) showed [As 2s] and won ($41.50) with a straight, Ace to Five


PokerStars Hand #145465334257:  Hold'em Limit ($3/$6 USD) - 2015/12/16 22:34:50 ET
Table 'Fricke' 6-max Seat #5 is the button
Seat 3: 1joyful1 ($148.66 in chips)
Seat 5: ct-650 ($209.94 in chips)
ct-650: posts small blind $1
1joyful1: posts big blind $3
*** HOLE CARDS ***
ct-650: raises $3 to $6
1joyful1: folds
Uncalled bet ($3) returned to ct-650
ct-650 collected $6 from pot
*** SUMMARY ***
Total pot $6 | Rake $0
Seat 3: 1joyful1 (big blind) folded before Flop
Seat 5: ct-650 (button) (small blind) collected ($6)


PokerStars Hand #145465361408:  Hold'em Limit ($3/$6 USD) - 2015/12/16 22:36:10 ET
Table 'Fricke' 6-max Seat #3 is the button
Seat 3: 1joyful1 ($176.98 in chips)
Seat 5: ct-650 ($208.94 in chips)
1joyful1: posts small blind $1
ct-650: posts big blind $3
*** HOLE CARDS ***
1joyful1: raises $3 to $6
ct-650: calls $3
*** FLOP *** [Ad 8h 8d]
ct-650: checks
1joyful1: bets $3
ct-650: raises $3 to $6
1joyful1: folds
Uncalled bet ($3) returned to ct-650
ct-650 collected $17.64 from pot
*** SUMMARY ***
Total pot $18 | Rake $0.36
Board [Ad 8h 8d]
Seat 3: 1joyful1 (button) (small blind) folded on the Flop
Seat 5: ct-650 (big blind) collected ($17.64)


PokerStars Hand #145466395432:  Hold'em Limit ($3/$6 USD) - 2015/12/16 23:31:12 ET
Table 'Fricke' 6-max Seat #5 is the button
Seat 3: 1joyful1 ($63.17 in chips)
Seat 5: ct-650 ($219.89 in chips)
ct-650: posts small blind $1
1joyful1: posts big blind $3
*** HOLE CARDS ***
ct-650: raises $3 to $6
VolkovDmitri leaves the table
1joyful1: folds
Uncalled bet ($3) returned to ct-650
ct-650 collected $6 from pot
*** SUMMARY ***
Total pot $6 | Rake $0
Seat 3: 1joyful1 (big blind) folded before Flop
Seat 5: ct-650 (button) (small blind) collected ($6)


PokerStars Hand #145466384239:  Hold'em Limit ($3/$6 USD) - 2015/12/16 23:30:33 ET
Table 'Fricke' 6-max Seat #1 is the button
Seat 1: VolkovDmitri ($121 in chips)
Seat 5: ct-650 ($211.25 in chips)
VolkovDmitri: posts small blind $1
UNABELIEVE: is sitting out
ct-650: posts big blind $3
*** HOLE CARDS ***
UNABELIEVE leaves the table
stronghawk joins the table at seat #4
VolkovDmitri: raises $3 to $6
ct-650: calls $3
*** FLOP *** [Ah Qd 6d]
ct-650: checks
VolkovDmitri: bets $3
ct-650: calls $3
*** TURN *** [Ah Qd 6d] [Qs]
ct-650: checks
VolkovDmitri: checks
*** RIVER *** [Ah Qd 6d Qs] [Ks]
ct-650: bets $6
VolkovDmitri: folds
Uncalled bet ($6) returned to ct-650
ct-650 collected $17.64 from pot
*** SUMMARY ***
Total pot $18 | Rake $0.36
Board [Ah Qd 6d Qs Ks]
Seat 1: VolkovDmitri (button) (small blind) folded on the River
Seat 5: ct-650 (big blind) collected ($17.64)


PokerStars Hand #145467590182:  Hold'em Limit ($3/$6 USD) - 2015/12/17 0:45:53 ET
Table 'Fricke' 6-max Seat #5 is the button
Seat 4: alpha2777 ($105 in chips)
Seat 5: ct-650 ($271.82 in chips)
ct-650: posts small blind $1
alpha2777: posts big blind $3
*** HOLE CARDS ***
ct-650: raises $3 to $6
alpha2777: folds
Uncalled bet ($3) returned to ct-650
ct-650 collected $6 from pot
*** SUMMARY ***
Total pot $6 | Rake $0
Seat 4: alpha2777 (big blind) folded before Flop
Seat 5: ct-650 (button) (small blind) collected ($6)


PokerStars Hand #145467593105:  Hold'em Limit ($3/$6 USD) - 2015/12/17 0:46:04 ET
Table 'Fricke' 6-max Seat #4 is the button
Seat 4: alpha2777 ($102 in chips)
Seat 5: ct-650 ($274.82 in chips)
alpha2777: posts small blind $1
ct-650: posts big blind $3
*** HOLE CARDS ***
alpha2777: raises $3 to $6
ct-650: raises $3 to $9
alpha2777: calls $3
*** FLOP *** [4d Kc Kh]
ct-650: bets $3
alpha2777: calls $3
*** TURN *** [4d Kc Kh] [7d]
ct-650: bets $6
alpha2777: calls $6
*** RIVER *** [4d Kc Kh 7d] [Ks]
ct-650: bets $6
alpha2777: calls $6
*** SHOW DOWN ***
ct-650: shows [9h 9c] (a full house, Kings full of Nines)
alpha2777: mucks hand
ct-650 collected $47.50 from pot
*** SUMMARY ***
Total pot $48 | Rake $0.50
Board [4d Kc Kh 7d Ks]
Seat 4: alpha2777 (button) (small blind) mucked
Seat 5: ct-650 (big blind) showed [9h 9c] and won ($47.50) with a full house, Kings full of Nines


