PokerStars Hand #151648330288:  Hold'em Limit ($3/$6 USD) - 2016/04/09 2:22:35 ET
Table 'Fricke III' 10-max Seat #7 is the button
Seat 7: uk197 ($134.56 in chips)
Seat 8: Agrotait ($76 in chips)
uk197: posts small blind $1
Agrotait: posts big blind $3
*** HOLE CARDS ***
uk197: raises $3 to $6
Agrotait: calls $3
*** FLOP *** [7d 8h 9h]
Agrotait: checks
uk197: bets $3
Agrotait: calls $3
*** TURN *** [7d 8h 9h] [2s]
Agrotait: checks
uk197: bets $6
Agrotait: calls $6
*** RIVER *** [7d 8h 9h 2s] [Jd]
Agrotait: checks
uk197: bets $6
Agrotait: calls $6
*** SHOW DOWN ***
uk197: shows [6h Kd] (high card King)
Agrotait: shows [Js 7c] (two pair, Jacks and Sevens)
Agrotait collected $41.50 from pot
*** SUMMARY ***
Total pot $42 | Rake $0.50
Board [7d 8h 9h 2s Jd]
Seat 7: uk197 (button) (small blind) showed [6h Kd] and lost with high card King
Seat 8: Agrotait (big blind) showed [Js 7c] and won ($41.50) with two pair, Jacks and Sevens


PokerStars Hand #151648328023:  Hold'em Limit ($3/$6 USD) - 2016/04/09 2:22:27 ET
Table 'Fricke III' 10-max Seat #8 is the button
Seat 7: uk197 ($137.56 in chips)
Seat 8: Agrotait ($73 in chips)
Agrotait: posts small blind $1
DirtyDouble2: is sitting out
uk197: posts big blind $3
*** HOLE CARDS ***
Agrotait: raises $3 to $6
DirtyDouble2 leaves the table
uk197: folds
Uncalled bet ($3) returned to Agrotait
Agrotait collected $6 from pot
Agrotait: doesn't show hand
*** SUMMARY ***
Total pot $6 | Rake $0
Seat 7: uk197 (big blind) folded before Flop
Seat 8: Agrotait (button) (small blind) collected ($6)


PokerStars Hand #151648353258:  Hold'em Limit ($3/$6 USD) - 2016/04/09 2:23:52 ET
Table 'Fricke III' 10-max Seat #7 is the button
Seat 7: uk197 ($110.56 in chips)
Seat 8: Agrotait ($99.50 in chips)
uk197: posts small blind $1
Agrotait: posts big blind $3
*** HOLE CARDS ***
uk197: raises $3 to $6
Agrotait: raises $3 to $9
uk197: calls $3
*** FLOP *** [3d Tc 4d]
Agrotait: bets $3
uk197: calls $3
*** TURN *** [3d Tc 4d] [9s]
Agrotait: checks
uk197: bets $6
Agrotait: raises $6 to $12
uk197: calls $6
*** RIVER *** [3d Tc 4d 9s] [Jh]
Agrotait: bets $6
uk197: calls $6
*** SHOW DOWN ***
Agrotait: shows [Th Td] (three of a kind, Tens)
uk197: mucks hand
Agrotait collected $59.50 from pot
*** SUMMARY ***
Total pot $60 | Rake $0.50
Board [3d Tc 4d 9s Jh]
Seat 7: uk197 (button) (small blind) mucked
Seat 8: Agrotait (big blind) showed [Th Td] and won ($59.50) with three of a kind, Tens


PokerStars Hand #151648344685:  Hold'em Limit ($3/$6 USD) - 2016/04/09 2:23:23 ET
Table 'Fricke III' 10-max Seat #8 is the button
Seat 7: uk197 ($113.56 in chips)
Seat 8: Agrotait ($96.50 in chips)
Agrotait: posts small blind $1
uk197: posts big blind $3
*** HOLE CARDS ***
Agrotait: raises $3 to $6
uk197: folds
Uncalled bet ($3) returned to Agrotait
Agrotait collected $6 from pot
Agrotait: doesn't show hand
*** SUMMARY ***
Total pot $6 | Rake $0
Seat 7: uk197 (big blind) folded before Flop
Seat 8: Agrotait (button) (small blind) collected ($6)


PokerStars Hand #151648376069:  Hold'em Limit ($3/$6 USD) - 2016/04/09 2:25:08 ET
Table 'Fricke III' 10-max Seat #8 is the button
Seat 7: uk197 ($61.56 in chips)
Seat 8: Agrotait ($147.50 in chips)
Agrotait: posts small blind $1
uk197: posts big blind $3
*** HOLE CARDS ***
Agrotait: raises $3 to $6
uk197: folds
Uncalled bet ($3) returned to Agrotait
Agrotait collected $6 from pot
Agrotait: doesn't show hand
*** SUMMARY ***
Total pot $6 | Rake $0
Seat 7: uk197 (big blind) folded before Flop
Seat 8: Agrotait (button) (small blind) collected ($6)


PokerStars Hand #151648374645:  Hold'em Limit ($3/$6 USD) - 2016/04/09 2:25:03 ET
Table 'Fricke III' 10-max Seat #7 is the button
Seat 7: uk197 ($62.56 in chips)
Seat 8: Agrotait ($146.50 in chips)
uk197: posts small blind $1
Agrotait: posts big blind $3
*** HOLE CARDS ***
uk197: folds
Uncalled bet ($2) returned to Agrotait
Agrotait collected $2 from pot
Agrotait: doesn't show hand
*** SUMMARY ***
Total pot $2 | Rake $0
Seat 7: uk197 (button) (small blind) folded before Flop
Seat 8: Agrotait (big blind) collected ($2)


PokerStars Hand #151648362700:  Hold'em Limit ($3/$6 USD) - 2016/04/09 2:24:23 ET
Table 'Fricke III' 10-max Seat #8 is the button
Seat 7: uk197 ($80.56 in chips)
Seat 8: Agrotait ($129 in chips)
Agrotait: posts small blind $1
uk197: posts big blind $3
*** HOLE CARDS ***
Agrotait: raises $3 to $6
uk197: raises $3 to $9
Agrotait: calls $3
*** FLOP *** [Ts Js 7d]
uk197: bets $3
Agrotait: calls $3
*** TURN *** [Ts Js 7d] [4c]
uk197: bets $6
Agrotait: calls $6
*** RIVER *** [Ts Js 7d 4c] [5s]
uk197: checks
Agrotait: bets $6
uk197: folds
Uncalled bet ($6) returned to Agrotait
Agrotait collected $35.50 from pot
Agrotait: doesn't show hand
*** SUMMARY ***
Total pot $36 | Rake $0.50
Board [Ts Js 7d 4c 5s]
Seat 7: uk197 (big blind) folded on the River
Seat 8: Agrotait (button) (small blind) collected ($35.50)


PokerStars Hand #151648399525:  Hold'em Limit ($3/$6 USD) - 2016/04/09 2:26:26 ET
Table 'Fricke III' 10-max Seat #8 is the button
Seat 7: uk197 ($69.81 in chips)
Seat 8: Agrotait ($138.01 in chips)
Agrotait: posts small blind $1
uk197: posts big blind $3
*** HOLE CARDS ***
Agrotait: folds
Uncalled bet ($2) returned to uk197
uk197 collected $2 from pot
uk197: doesn't show hand
*** SUMMARY ***
Total pot $2 | Rake $0
Seat 7: uk197 (big blind) collected ($2)
Seat 8: Agrotait (button) (small blind) folded before Flop


PokerStars Hand #151648393721:  Hold'em Limit ($3/$6 USD) - 2016/04/09 2:26:06 ET
Table 'Fricke III' 10-max Seat #7 is the button
Seat 7: uk197 ($52.31 in chips)
Seat 8: Agrotait ($156.01 in chips)
uk197: posts small blind $1
Agrotait: posts big blind $3
*** HOLE CARDS ***
uk197: raises $3 to $6
Agrotait: calls $3
*** FLOP *** [6d Ac 4s]
Agrotait: checks
uk197: bets $3
Agrotait: raises $3 to $6
uk197: calls $3
*** TURN *** [6d Ac 4s] [Tc]
Agrotait: bets $6
uk197: calls $6
*** RIVER *** [6d Ac 4s Tc] [Jh]
Agrotait: checks
uk197: checks
*** SHOW DOWN ***
Agrotait: shows [5d 8h] (high card Ace)
uk197: shows [Js Kd] (a pair of Jacks)
uk197 collected $35.50 from pot
*** SUMMARY ***
Total pot $36 | Rake $0.50
Board [6d Ac 4s Tc Jh]
Seat 7: uk197 (button) (small blind) showed [Js Kd] and won ($35.50) with a pair of Jacks
Seat 8: Agrotait (big blind) showed [5d 8h] and lost with high card Ace


PokerStars Hand #151648387321:  Hold'em Limit ($3/$6 USD) - 2016/04/09 2:25:45 ET
Table 'Fricke III' 10-max Seat #8 is the button
Seat 7: uk197 ($52.56 in chips)
Seat 8: Agrotait ($156.26 in chips)
Agrotait: posts small blind $1
uk197: posts big blind $3
*** HOLE CARDS ***
Agrotait: raises $3 to $6
uk197: calls $3
*** FLOP *** [7d 5d 3d]
uk197: checks
Agrotait: bets $3
uk197: calls $3
*** TURN *** [7d 5d 3d] [5h]
uk197: checks
Agrotait: checks
*** RIVER *** [7d 5d 3d 5h] [7h]
uk197: bets $6
Agrotait: calls $6
*** SHOW DOWN ***
uk197: shows [Ad 2h] (two pair, Sevens and Fives)
Agrotait: shows [Ah 6d] (two pair, Sevens and Fives)
uk197 collected $14.75 from pot
Agrotait collected $14.75 from pot
*** SUMMARY ***
Total pot $30 | Rake $0.50
Board [7d 5d 3d 5h 7h]
Seat 7: uk197 (big blind) showed [Ad 2h] and won ($14.75) with two pair, Sevens and Fives
Seat 8: Agrotait (button) (small blind) showed [Ah 6d] and won ($14.75) with two pair, Sevens and Fives


PokerStars Hand #151648400984:  Hold'em Limit ($3/$6 USD) - 2016/04/09 2:26:30 ET
Table 'Fricke III' 10-max Seat #7 is the button
Seat 7: uk197 ($70.81 in chips)
Seat 8: Agrotait ($137.01 in chips)
uk197: posts small blind $1
Agrotait: posts big blind $3
*** HOLE CARDS ***
uk197: raises $3 to $6
Agrotait: calls $3
*** FLOP *** [Ac 3s Jc]
Agrotait: checks
uk197: bets $3
Agrotait: folds
Uncalled bet ($3) returned to uk197
uk197 collected $11.76 from pot
uk197: doesn't show hand
*** SUMMARY ***
Total pot $12 | Rake $0.24
Board [Ac 3s Jc]
Seat 7: uk197 (button) (small blind) collected ($11.76)
Seat 8: Agrotait (big blind) folded on the Flop


PokerStars Hand #151648414783:  Hold'em Limit ($3/$6 USD) - 2016/04/09 2:27:17 ET
Table 'Fricke III' 10-max Seat #8 is the button
Seat 7: uk197 ($76.57 in chips)
Seat 8: Agrotait ($131.01 in chips)
Agrotait: posts small blind $1
uk197: posts big blind $3
*** HOLE CARDS ***
Agrotait: raises $3 to $6
uk197: folds
Uncalled bet ($3) returned to Agrotait
Agrotait collected $6 from pot
Agrotait: doesn't show hand
*** SUMMARY ***
Total pot $6 | Rake $0
Seat 7: uk197 (big blind) folded before Flop
Seat 8: Agrotait (button) (small blind) collected ($6)


PokerStars Hand #151648416746:  Hold'em Limit ($3/$6 USD) - 2016/04/09 2:27:23 ET
Table 'Fricke III' 10-max Seat #7 is the button
Seat 7: uk197 ($73.57 in chips)
Seat 8: Agrotait ($134.01 in chips)
uk197: posts small blind $1
Agrotait: posts big blind $3
*** HOLE CARDS ***
uk197: raises $3 to $6
Agrotait: calls $3
*** FLOP *** [4h 9c Ah]
Agrotait: checks
uk197: bets $3
Agrotait: raises $3 to $6
uk197: calls $3
*** TURN *** [4h 9c Ah] [4c]
Agrotait: bets $6
uk197: calls $6
*** RIVER *** [4h 9c Ah 4c] [5s]
Agrotait: bets $6
uk197: calls $6
*** SHOW DOWN ***
Agrotait: shows [Kc 9d] (two pair, Nines and Fours)
uk197: shows [Tc Ts] (two pair, Tens and Fours)
uk197 collected $47.50 from pot
*** SUMMARY ***
Total pot $48 | Rake $0.50
Board [4h 9c Ah 4c 5s]
Seat 7: uk197 (button) (small blind) showed [Tc Ts] and won ($47.50) with two pair, Tens and Fours
Seat 8: Agrotait (big blind) showed [Kc 9d] and lost with two pair, Nines and Fours


PokerStars Hand #151648428681:  Hold'em Limit ($3/$6 USD) - 2016/04/09 2:28:03 ET
Table 'Fricke III' 10-max Seat #7 is the button
Seat 7: uk197 ($91.07 in chips)
Seat 8: Agrotait ($115.77 in chips)
uk197: posts small blind $1
Agrotait: posts big blind $3
*** HOLE CARDS ***
uk197: raises $3 to $6
Agrotait: folds
Uncalled bet ($3) returned to uk197
uk197 collected $6 from pot
uk197: doesn't show hand
*** SUMMARY ***
Total pot $6 | Rake $0
Seat 7: uk197 (button) (small blind) collected ($6)
Seat 8: Agrotait (big blind) folded before Flop


PokerStars Hand #151648425429:  Hold'em Limit ($3/$6 USD) - 2016/04/09 2:27:52 ET
Table 'Fricke III' 10-max Seat #8 is the button
Seat 7: uk197 ($97.07 in chips)
Seat 8: Agrotait ($110.01 in chips)
Agrotait: posts small blind $1
uk197: posts big blind $3
*** HOLE CARDS ***
Agrotait: raises $3 to $6
uk197: calls $3
*** FLOP *** [Qd Kh 5s]
uk197: checks
Agrotait: bets $3
uk197: folds
Uncalled bet ($3) returned to Agrotait
Agrotait collected $11.76 from pot
Agrotait: doesn't show hand
*** SUMMARY ***
Total pot $12 | Rake $0.24
Board [Qd Kh 5s]
Seat 7: uk197 (big blind) folded on the Flop
Seat 8: Agrotait (button) (small blind) collected ($11.76)


PokerStars Hand #151648430754:  Hold'em Limit ($3/$6 USD) - 2016/04/09 2:28:10 ET
Table 'Fricke III' 10-max Seat #8 is the button
Seat 7: uk197 ($94.07 in chips)
Seat 8: Agrotait ($112.77 in chips)
Agrotait: posts small blind $1
uk197: posts big blind $3
*** HOLE CARDS ***
Agrotait: folds
Uncalled bet ($2) returned to uk197
uk197 collected $2 from pot
uk197: doesn't show hand
*** SUMMARY ***
Total pot $2 | Rake $0
Seat 7: uk197 (big blind) collected ($2)
Seat 8: Agrotait (button) (small blind) folded before Flop


PokerStars Hand #151648432374:  Hold'em Limit ($3/$6 USD) - 2016/04/09 2:28:15 ET
Table 'Fricke III' 10-max Seat #7 is the button
Seat 7: uk197 ($95.07 in chips)
Seat 8: Agrotait ($111.77 in chips)
uk197: posts small blind $1
Agrotait: posts big blind $3
*** HOLE CARDS ***
uk197: raises $3 to $6
Agrotait: calls $3
*** FLOP *** [5d Ad Th]
Agrotait: checks
uk197: bets $3
Agrotait: folds
Uncalled bet ($3) returned to uk197
uk197 collected $11.76 from pot
uk197: doesn't show hand
*** SUMMARY ***
Total pot $12 | Rake $0.24
Board [5d Ad Th]
Seat 7: uk197 (button) (small blind) collected ($11.76)
Seat 8: Agrotait (big blind) folded on the Flop


PokerStars Hand #151648436087:  Hold'em Limit ($3/$6 USD) - 2016/04/09 2:28:28 ET
Table 'Fricke III' 10-max Seat #8 is the button
Seat 7: uk197 ($100.83 in chips)
Seat 8: Agrotait ($105.77 in chips)
Agrotait: posts small blind $1
uk197: posts big blind $3
*** HOLE CARDS ***
Agrotait: raises $3 to $6
uk197: folds
Uncalled bet ($3) returned to Agrotait
Agrotait collected $6 from pot
Agrotait: doesn't show hand
*** SUMMARY ***
Total pot $6 | Rake $0
Seat 7: uk197 (big blind) folded before Flop
Seat 8: Agrotait (button) (small blind) collected ($6)


PokerStars Hand #151648448969:  Hold'em Limit ($3/$6 USD) - 2016/04/09 2:29:11 ET
Table 'Fricke III' 10-max Seat #7 is the button
Seat 7: uk197 ($120.33 in chips)
Seat 8: Agrotait ($85.77 in chips)
uk197: posts small blind $1
Agrotait: posts big blind $3
*** HOLE CARDS ***
uk197: folds
Uncalled bet ($2) returned to Agrotait
Agrotait collected $2 from pot
Agrotait: doesn't show hand
*** SUMMARY ***
Total pot $2 | Rake $0
Seat 7: uk197 (button) (small blind) folded before Flop
Seat 8: Agrotait (big blind) collected ($2)


PokerStars Hand #151648452801:  Hold'em Limit ($3/$6 USD) - 2016/04/09 2:29:23 ET
Table 'Fricke III' 10-max Seat #7 is the button
Seat 7: uk197 ($120.33 in chips)
Seat 8: Agrotait ($85.77 in chips)
uk197: posts small blind $1
Agrotait: posts big blind $3
*** HOLE CARDS ***
uk197: folds
Uncalled bet ($2) returned to Agrotait
Agrotait collected $2 from pot
Agrotait: doesn't show hand
*** SUMMARY ***
Total pot $2 | Rake $0
Seat 7: uk197 (button) (small blind) folded before Flop
Seat 8: Agrotait (big blind) collected ($2)


PokerStars Hand #151648451279:  Hold'em Limit ($3/$6 USD) - 2016/04/09 2:29:18 ET
Table 'Fricke III' 10-max Seat #8 is the button
Seat 7: uk197 ($119.33 in chips)
Seat 8: Agrotait ($86.77 in chips)
Agrotait: posts small blind $1
uk197: posts big blind $3
*** HOLE CARDS ***
Agrotait: folds
Uncalled bet ($2) returned to uk197
uk197 collected $2 from pot
uk197: doesn't show hand
*** SUMMARY ***
Total pot $2 | Rake $0
Seat 7: uk197 (big blind) collected ($2)
Seat 8: Agrotait (button) (small blind) folded before Flop


PokerStars Hand #151648438886:  Hold'em Limit ($3/$6 USD) - 2016/04/09 2:28:37 ET
Table 'Fricke III' 10-max Seat #7 is the button
Seat 7: uk197 ($97.83 in chips)
Seat 8: Agrotait ($108.77 in chips)
uk197: posts small blind $1
Agrotait: posts big blind $3
*** HOLE CARDS ***
uk197: folds
Uncalled bet ($2) returned to Agrotait
Agrotait collected $2 from pot
Agrotait: doesn't show hand
*** SUMMARY ***
Total pot $2 | Rake $0
Seat 7: uk197 (button) (small blind) folded before Flop
Seat 8: Agrotait (big blind) collected ($2)


PokerStars Hand #151648440626:  Hold'em Limit ($3/$6 USD) - 2016/04/09 2:28:43 ET
Table 'Fricke III' 10-max Seat #8 is the button
Seat 7: uk197 ($96.83 in chips)
Seat 8: Agrotait ($109.77 in chips)
Agrotait: posts small blind $1
uk197: posts big blind $3
*** HOLE CARDS ***
Agrotait: raises $3 to $6
uk197: raises $3 to $9
Agrotait: calls $3
*** FLOP *** [4h 6c 9d]
uk197: bets $3
Agrotait: calls $3
*** TURN *** [4h 6c 9d] [3c]
uk197: bets $6
Agrotait: calls $6
*** RIVER *** [4h 6c 9d 3c] [6d]
uk197: bets $6
Agrotait: calls $6
*** SHOW DOWN ***
uk197: shows [Jh Js] (two pair, Jacks and Sixes)
Agrotait: mucks hand
uk197 collected $47.50 from pot
*** SUMMARY ***
Total pot $48 | Rake $0.50
Board [4h 6c 9d 3c 6d]
Seat 7: uk197 (big blind) showed [Jh Js] and won ($47.50) with two pair, Jacks and Sixes
Seat 8: Agrotait (button) (small blind) mucked


PokerStars Hand #151648454231:  Hold'em Limit ($3/$6 USD) - 2016/04/09 2:29:28 ET
Table 'Fricke III' 10-max Seat #8 is the button
Seat 7: uk197 ($119.33 in chips)
Seat 8: Agrotait ($86.77 in chips)
Agrotait: posts small blind $1
uk197: posts big blind $3
*** HOLE CARDS ***
Agrotait: raises $3 to $6
uk197: calls $3
*** FLOP *** [8c 3d Th]
uk197: checks
Agrotait: bets $3
uk197: calls $3
*** TURN *** [8c 3d Th] [5c]
uk197: checks
Agrotait: bets $6
uk197: raises $6 to $12
Agrotait: folds
Uncalled bet ($6) returned to uk197
uk197 collected $29.50 from pot
uk197: doesn't show hand
*** SUMMARY ***
Total pot $30 | Rake $0.50
Board [8c 3d Th 5c]
Seat 7: uk197 (big blind) collected ($29.50)
Seat 8: Agrotait (button) (small blind) folded on the Turn


PokerStars Hand #151648466858:  Hold'em Limit ($3/$6 USD) - 2016/04/09 2:30:10 ET
Table 'Fricke III' 10-max Seat #7 is the button
Seat 7: uk197 ($133.83 in chips)
Seat 8: Agrotait ($71.77 in chips)
uk197: posts small blind $1
Agrotait: posts big blind $3
*** HOLE CARDS ***
uk197: folds
Uncalled bet ($2) returned to Agrotait
Agrotait collected $2 from pot
Agrotait: doesn't show hand
*** SUMMARY ***
Total pot $2 | Rake $0
Seat 7: uk197 (button) (small blind) folded before Flop
Seat 8: Agrotait (big blind) collected ($2)


PokerStars Hand #151648482419:  Hold'em Limit ($3/$6 USD) - 2016/04/09 2:31:03 ET
Table 'Fricke III' 10-max Seat #8 is the button
Seat 7: uk197 ($120.33 in chips)
Seat 8: Agrotait ($98.50 in chips)
Agrotait: posts small blind $1
uk197: posts big blind $3
*** HOLE CARDS ***
Agrotait: raises $3 to $6
uk197: calls $3
*** FLOP *** [6h 2c Jc]
uk197: checks
Agrotait: bets $3
uk197: calls $3
*** TURN *** [6h 2c Jc] [5h]
uk197: checks
Agrotait: checks
*** RIVER *** [6h 2c Jc 5h] [5s]
uk197: bets $6
Agrotait: calls $6
*** SHOW DOWN ***
uk197: shows [7c Ad] (a pair of Fives)
Agrotait: mucks hand
uk197 collected $29.50 from pot
*** SUMMARY ***
Total pot $30 | Rake $0.50
Board [6h 2c Jc 5h 5s]
Seat 7: uk197 (big blind) showed [7c Ad] and won ($29.50) with a pair of Fives
Seat 8: Agrotait (button) (small blind) mucked


PokerStars Hand #151648468266:  Hold'em Limit ($3/$6 USD) - 2016/04/09 2:30:15 ET
Table 'Fricke III' 10-max Seat #8 is the button
Seat 7: uk197 ($132.83 in chips)
Seat 8: Agrotait ($72.77 in chips)
Agrotait: posts small blind $1
uk197: posts big blind $3
*** HOLE CARDS ***
Agrotait: raises $3 to $6
uk197: calls $3
*** FLOP *** [5s 3s 4h]
uk197: checks
Agrotait: bets $3
uk197: calls $3
*** TURN *** [5s 3s 4h] [Qd]
uk197: checks
Agrotait: bets $6
uk197: calls $6
*** RIVER *** [5s 3s 4h Qd] [5h]
uk197: checks
Agrotait: checks
*** SHOW DOWN ***
uk197: shows [3h Qh] (two pair, Queens and Fives)
Agrotait: mucks hand
uk197 collected $29.50 from pot
*** SUMMARY ***
Total pot $30 | Rake $0.50
Board [5s 3s 4h Qd 5h]
Seat 7: uk197 (big blind) showed [3h Qh] and won ($29.50) with two pair, Queens and Fives
Seat 8: Agrotait (button) (small blind) mucked


PokerStars Hand #151648474990:  Hold'em Limit ($3/$6 USD) - 2016/04/09 2:30:38 ET
Table 'Fricke III' 10-max Seat #7 is the button
Seat 7: uk197 ($147.33 in chips)
Seat 8: Agrotait ($72 in chips)
uk197: posts small blind $1
Agrotait: posts big blind $3
*** HOLE CARDS ***
uk197: raises $3 to $6
Agrotait: raises $3 to $9
uk197: calls $3
*** FLOP *** [8c 9c Jd]
Agrotait: bets $3
uk197: raises $3 to $6
Agrotait: calls $3
*** TURN *** [8c 9c Jd] [Th]
Agrotait: bets $6
uk197: calls $6
*** RIVER *** [8c 9c Jd Th] [3d]
Agrotait: bets $6
uk197: calls $6
*** SHOW DOWN ***
Agrotait: shows [7d Kd] (a straight, Seven to Jack)
uk197: mucks hand
Agrotait collected $53.50 from pot
*** SUMMARY ***
Total pot $54 | Rake $0.50
Board [8c 9c Jd Th 3d]
Seat 7: uk197 (button) (small blind) mucked
Seat 8: Agrotait (big blind) showed [7d Kd] and won ($53.50) with a straight, Seven to Jack


PokerStars Hand #151648501015:  Hold'em Limit ($3/$6 USD) - 2016/04/09 2:32:05 ET
Table 'Fricke III' 10-max Seat #8 is the button
Seat 7: uk197 ($139.35 in chips)
Seat 8: Agrotait ($78.50 in chips)
Agrotait: posts small blind $1
uk197: posts big blind $3
*** HOLE CARDS ***
Agrotait: raises $3 to $6
uk197: folds
Uncalled bet ($3) returned to Agrotait
Agrotait collected $6 from pot
Agrotait: doesn't show hand
*** SUMMARY ***
Total pot $6 | Rake $0
Seat 7: uk197 (big blind) folded before Flop
Seat 8: Agrotait (button) (small blind) collected ($6)


PokerStars Hand #151648497811:  Hold'em Limit ($3/$6 USD) - 2016/04/09 2:31:54 ET
Table 'Fricke III' 10-max Seat #7 is the button
Seat 7: uk197 ($133.59 in chips)
Seat 8: Agrotait ($84.50 in chips)
uk197: posts small blind $1
Agrotait: posts big blind $3
*** HOLE CARDS ***
uk197: raises $3 to $6
Agrotait: calls $3
*** FLOP *** [Tc Ac Kh]
Agrotait: checks
uk197: bets $3
Agrotait: folds
Uncalled bet ($3) returned to uk197
uk197 collected $11.76 from pot
uk197: doesn't show hand
*** SUMMARY ***
Total pot $12 | Rake $0.24
Board [Tc Ac Kh]
Seat 7: uk197 (button) (small blind) collected ($11.76)
Seat 8: Agrotait (big blind) folded on the Flop


PokerStars Hand #151648488290:  Hold'em Limit ($3/$6 USD) - 2016/04/09 2:31:22 ET
Table 'Fricke III' 10-max Seat #7 is the button
Seat 7: uk197 ($134.83 in chips)
Seat 8: Agrotait ($83.50 in chips)
uk197: posts small blind $1
Agrotait: posts big blind $3
*** HOLE CARDS ***
uk197: raises $3 to $6
Agrotait: calls $3
*** FLOP *** [8h Kh 3h]
Agrotait: checks
uk197: bets $3
Agrotait: folds
Uncalled bet ($3) returned to uk197
uk197 collected $11.76 from pot
uk197: doesn't show hand
*** SUMMARY ***
Total pot $12 | Rake $0.24
Board [8h Kh 3h]
Seat 7: uk197 (button) (small blind) collected ($11.76)
Seat 8: Agrotait (big blind) folded on the Flop


PokerStars Hand #151648494697:  Hold'em Limit ($3/$6 USD) - 2016/04/09 2:31:44 ET
Table 'Fricke III' 10-max Seat #7 is the button
Seat 7: uk197 ($137.59 in chips)
Seat 8: Agrotait ($80.50 in chips)
uk197: posts small blind $1
Agrotait: posts big blind $3
*** HOLE CARDS ***
uk197: folds
Uncalled bet ($2) returned to Agrotait
Agrotait collected $2 from pot
Agrotait: doesn't show hand
*** SUMMARY ***
Total pot $2 | Rake $0
Seat 7: uk197 (button) (small blind) folded before Flop
Seat 8: Agrotait (big blind) collected ($2)


PokerStars Hand #151648492522:  Hold'em Limit ($3/$6 USD) - 2016/04/09 2:31:36 ET
Table 'Fricke III' 10-max Seat #8 is the button
Seat 7: uk197 ($140.59 in chips)
Seat 8: Agrotait ($77.50 in chips)
Agrotait: posts small blind $1
uk197: posts big blind $3
*** HOLE CARDS ***
Agrotait: raises $3 to $6
uk197: folds
Uncalled bet ($3) returned to Agrotait
Agrotait collected $6 from pot
Agrotait: doesn't show hand
*** SUMMARY ***
Total pot $6 | Rake $0
Seat 7: uk197 (big blind) folded before Flop
Seat 8: Agrotait (button) (small blind) collected ($6)


PokerStars Hand #151648496219:  Hold'em Limit ($3/$6 USD) - 2016/04/09 2:31:49 ET
Table 'Fricke III' 10-max Seat #8 is the button
Seat 7: uk197 ($136.59 in chips)
Seat 8: Agrotait ($81.50 in chips)
Agrotait: posts small blind $1
uk197: posts big blind $3
*** HOLE CARDS ***
Agrotait: raises $3 to $6
uk197: folds
Uncalled bet ($3) returned to Agrotait
Agrotait collected $6 from pot
Agrotait: doesn't show hand
*** SUMMARY ***
Total pot $6 | Rake $0
Seat 7: uk197 (big blind) folded before Flop
Seat 8: Agrotait (button) (small blind) collected ($6)


PokerStars Hand #151648503186:  Hold'em Limit ($3/$6 USD) - 2016/04/09 2:32:12 ET
Table 'Fricke III' 10-max Seat #7 is the button
Seat 7: uk197 ($136.35 in chips)
Seat 8: Agrotait ($81.50 in chips)
uk197: posts small blind $1
Agrotait: posts big blind $3
*** HOLE CARDS ***
uk197: folds
Uncalled bet ($2) returned to Agrotait
Agrotait collected $2 from pot
Agrotait: doesn't show hand
*** SUMMARY ***
Total pot $2 | Rake $0
Seat 7: uk197 (button) (small blind) folded before Flop
Seat 8: Agrotait (big blind) collected ($2)


PokerStars Hand #151648504628:  Hold'em Limit ($3/$6 USD) - 2016/04/09 2:32:17 ET
Table 'Fricke III' 10-max Seat #8 is the button
Seat 7: uk197 ($135.35 in chips)
Seat 8: Agrotait ($82.50 in chips)
Agrotait: posts small blind $1
uk197: posts big blind $3
*** HOLE CARDS ***
Agrotait: raises $3 to $6
uk197: raises $3 to $9
Agrotait: calls $3
*** FLOP *** [Qd Kc 9s]
uk197: bets $3
Agrotait: raises $3 to $6
uk197: calls $3
*** TURN *** [Qd Kc 9s] [3c]
uk197: checks
Agrotait: bets $6
uk197: calls $6
*** RIVER *** [Qd Kc 9s 3c] [4c]
uk197: checks
Agrotait: bets $6
uk197: calls $6
*** SHOW DOWN ***
Agrotait: shows [9d 9h] (three of a kind, Nines)
uk197: mucks hand
Agrotait collected $53.50 from pot
*** SUMMARY ***
Total pot $54 | Rake $0.50
Board [Qd Kc 9s 3c 4c]
Seat 7: uk197 (big blind) mucked
Seat 8: Agrotait (button) (small blind) showed [9d 9h] and won ($53.50) with three of a kind, Nines


PokerStars Hand #151648510952:  Hold'em Limit ($3/$6 USD) - 2016/04/09 2:32:38 ET
Table 'Fricke III' 10-max Seat #7 is the button
Seat 7: uk197 ($108.35 in chips)
Seat 8: Agrotait ($109 in chips)
uk197: posts small blind $1
Agrotait: posts big blind $3
*** HOLE CARDS ***
uk197: raises $3 to $6
Agrotait: folds
Uncalled bet ($3) returned to uk197
uk197 collected $6 from pot
uk197: doesn't show hand
*** SUMMARY ***
Total pot $6 | Rake $0
Seat 7: uk197 (button) (small blind) collected ($6)
Seat 8: Agrotait (big blind) folded before Flop


PokerStars Hand #151648526633:  Hold'em Limit ($3/$6 USD) - 2016/04/09 2:33:05 ET
Table 'Fricke III' 10-max Seat #7 is the button
Seat 7: uk197 ($134.85 in chips)
Seat 8: Agrotait ($82 in chips)
uk197: posts small blind $1
Agrotait: posts big blind $3
*** HOLE CARDS ***
uk197: folds
Uncalled bet ($2) returned to Agrotait
Agrotait collected $2 from pot
Agrotait: doesn't show hand
*** SUMMARY ***
Total pot $2 | Rake $0
Seat 7: uk197 (button) (small blind) folded before Flop
Seat 8: Agrotait (big blind) collected ($2)


PokerStars Hand #151648520804:  Hold'em Limit ($3/$6 USD) - 2016/04/09 2:32:45 ET
Table 'Fricke III' 10-max Seat #8 is the button
Seat 7: uk197 ($111.35 in chips)
Seat 8: Agrotait ($106 in chips)
Agrotait: posts small blind $1
uk197: posts big blind $3
*** HOLE CARDS ***
Agrotait: raises $3 to $6
uk197: calls $3
*** FLOP *** [7s 2c 6d]
uk197: checks
Agrotait: checks
*** TURN *** [7s 2c 6d] [As]
uk197: bets $6
Agrotait: raises $6 to $12
uk197: calls $6
*** RIVER *** [7s 2c 6d As] [Th]
uk197: checks
Agrotait: bets $6
uk197: calls $6
*** SHOW DOWN ***
Agrotait: shows [9d 5h] (high card Ace)
uk197: shows [Td 8c] (a pair of Tens)
uk197 collected $47.50 from pot
*** SUMMARY ***
Total pot $48 | Rake $0.50
Board [7s 2c 6d As Th]
Seat 7: uk197 (big blind) showed [Td 8c] and won ($47.50) with a pair of Tens
Seat 8: Agrotait (button) (small blind) showed [9d 5h] and lost with high card Ace


PokerStars Hand #151648528271:  Hold'em Limit ($3/$6 USD) - 2016/04/09 2:33:10 ET
Table 'Fricke III' 10-max Seat #8 is the button
Seat 7: uk197 ($133.85 in chips)
Seat 8: Agrotait ($83 in chips)
Agrotait: posts small blind $1
uk197: posts big blind $3
*** HOLE CARDS ***
Agrotait: raises $3 to $6
uk197: calls $3
*** FLOP *** [Jh 2c Kh]
uk197: checks
Agrotait: bets $3
uk197: calls $3
*** TURN *** [Jh 2c Kh] [7d]
uk197: checks
Agrotait: bets $6
uk197: calls $6
*** RIVER *** [Jh 2c Kh 7d] [5d]
uk197: checks
Agrotait: checks
*** SHOW DOWN ***
uk197: shows [Qd 9c] (high card King)
Agrotait: shows [Qc 2s] (a pair of Deuces)
Agrotait collected $29.50 from pot
*** SUMMARY ***
Total pot $30 | Rake $0.50
Board [Jh 2c Kh 7d 5d]
Seat 7: uk197 (big blind) showed [Qd 9c] and lost with high card King
Seat 8: Agrotait (button) (small blind) showed [Qc 2s] and won ($29.50) with a pair of Deuces


PokerStars Hand #151648534349:  Hold'em Limit ($3/$6 USD) - 2016/04/09 2:33:30 ET
Table 'Fricke III' 10-max Seat #7 is the button
Seat 7: uk197 ($118.85 in chips)
Seat 8: Agrotait ($97.50 in chips)
uk197: posts small blind $1
Agrotait: posts big blind $3
*** HOLE CARDS ***
uk197: raises $3 to $6
Agrotait: folds
Uncalled bet ($3) returned to uk197
uk197 collected $6 from pot
uk197: doesn't show hand
*** SUMMARY ***
Total pot $6 | Rake $0
Seat 7: uk197 (button) (small blind) collected ($6)
Seat 8: Agrotait (big blind) folded before Flop


PokerStars Hand #151648537643:  Hold'em Limit ($3/$6 USD) - 2016/04/09 2:33:41 ET
Table 'Fricke III' 10-max Seat #8 is the button
Seat 7: uk197 ($121.85 in chips)
Seat 8: Agrotait ($94.50 in chips)
Agrotait: posts small blind $1
uk197: posts big blind $3
*** HOLE CARDS ***
Agrotait: raises $3 to $6
uk197: calls $3
*** FLOP *** [3s 5s 4d]
uk197: checks
Agrotait: checks
*** TURN *** [3s 5s 4d] [Js]
uk197: bets $6
Agrotait: raises $6 to $12
uk197: calls $6
*** RIVER *** [3s 5s 4d Js] [Kc]
uk197: checks
Agrotait: bets $6
uk197: calls $6
*** SHOW DOWN ***
Agrotait: shows [2s 4s] (a flush, Jack high)
uk197: mucks hand
Agrotait collected $47.50 from pot
*** SUMMARY ***
Total pot $48 | Rake $0.50
Board [3s 5s 4d Js Kc]
Seat 7: uk197 (big blind) mucked
Seat 8: Agrotait (button) (small blind) showed [2s 4s] and won ($47.50) with a flush, Jack high


PokerStars Hand #151648543961:  Hold'em Limit ($3/$6 USD) - 2016/04/09 2:34:03 ET
Table 'Fricke III' 10-max Seat #7 is the button
Seat 7: uk197 ($97.85 in chips)
Seat 8: Agrotait ($118 in chips)
uk197: posts small blind $1
Bonsey_1 joins the table at seat #1
Agrotait: posts big blind $3
*** HOLE CARDS ***
uk197: raises $3 to $6
Agrotait: calls $3
*** FLOP *** [Ks 5h 9s]
Agrotait: checks
uk197: bets $3
Agrotait: calls $3
*** TURN *** [Ks 5h 9s] [Ad]
Agrotait: checks
uk197: bets $6
Agrotait: folds
Uncalled bet ($6) returned to uk197
uk197 collected $17.64 from pot
uk197: doesn't show hand
*** SUMMARY ***
Total pot $18 | Rake $0.36
Board [Ks 5h 9s Ad]
Seat 7: uk197 (button) (small blind) collected ($17.64)
Seat 8: Agrotait (big blind) folded on the Turn


