PokerStars Hand #173240139460:  Hold'em Limit ($3/$6 USD) - 2017/07/19 12:26:08 ET
Table 'Fricke' 6-max Seat #5 is the button
Seat 3: melyh82 ($80.64 in chips)
Seat 5: Krazy90 ($120 in chips)
Krazy90: posts small blind $1
melyh82: posts big blind $3
*** HOLE CARDS ***
Krazy90: raises $3 to $6
melyh82: calls $3
*** FLOP *** [3d 6s 2d]
melyh82: checks
Krazy90: checks
*** TURN *** [3d 6s 2d] [4s]
melyh82: bets $6
Krazy90: calls $6
*** RIVER *** [3d 6s 2d 4s] [Td]
melyh82: bets $6
Krazy90: calls $6
*** SHOW DOWN ***
melyh82: shows [Tc 4d] (two pair, Tens and Fours)
Krazy90: mucks hand
melyh82 collected $35.50 from pot
*** SUMMARY ***
Total pot $36 | Rake $0.50
Board [3d 6s 2d 4s Td]
Seat 3: melyh82 (big blind) showed [Tc 4d] and won ($35.50) with two pair, Tens and Fours
Seat 5: Krazy90 (button) (small blind) mucked


PokerStars Hand #173240122347:  Hold'em Limit ($3/$6 USD) - 2017/07/19 12:25:42 ET
Table 'Fricke' 6-max Seat #3 is the button
Seat 3: melyh82 ($72 in chips)
Seat 5: Krazy90 ($120 in chips)
TbIP-TbIP 88: is sitting out
TbIP-TbIP 88 leaves the table
melyh82: posts small blind $1
Krazy90: posts big blind $3
*** HOLE CARDS ***
melyh82: raises $3 to $6
Krazy90: calls $3
*** FLOP *** [Ac 3c 5s]
Krazy90: checks
melyh82: bets $3
Krazy90: calls $3
*** TURN *** [Ac 3c 5s] [Jd]
Krazy90: checks
melyh82: bets $6
Krazy90: folds
Uncalled bet ($6) returned to melyh82
melyh82 collected $17.64 from pot
melyh82: doesn't show hand
*** SUMMARY ***
Total pot $18 | Rake $0.36
Board [Ac 3c 5s Jd]
Seat 3: melyh82 (button) (small blind) collected ($17.64)
Seat 5: Krazy90 (big blind) folded on the Turn


PokerStars Hand #173240180079:  Hold'em Limit ($3/$6 USD) - 2017/07/19 12:27:11 ET
Table 'Fricke' 6-max Seat #3 is the button
Seat 3: melyh82 ($84.90 in chips)
Seat 5: Krazy90 ($138.28 in chips)
melyh82: posts small blind $1
Krazy90: posts big blind $3
*** HOLE CARDS ***
melyh82: raises $3 to $6
Krazy90: folds
Uncalled bet ($3) returned to melyh82
melyh82 collected $6 from pot
melyh82: doesn't show hand
*** SUMMARY ***
Total pot $6 | Rake $0
Seat 3: melyh82 (button) (small blind) collected ($6)
Seat 5: Krazy90 (big blind) folded before Flop


PokerStars Hand #173240171496:  Hold'em Limit ($3/$6 USD) - 2017/07/19 12:26:58 ET
Table 'Fricke' 6-max Seat #5 is the button
Seat 3: melyh82 ($93.90 in chips)
Seat 5: Krazy90 ($129.64 in chips)
Krazy90: posts small blind $1
melyh82: posts big blind $3
*** HOLE CARDS ***
Krazy90: raises $3 to $6
melyh82: calls $3
*** FLOP *** [4s Qh 8h]
melyh82: checks
Krazy90: bets $3
melyh82: calls $3
*** TURN *** [4s Qh 8h] [Jh]
melyh82: checks
Krazy90: bets $6
melyh82: folds
Uncalled bet ($6) returned to Krazy90
Krazy90 collected $17.64 from pot
Krazy90: doesn't show hand
*** SUMMARY ***
Total pot $18 | Rake $0.36
Board [4s Qh 8h Jh]
Seat 3: melyh82 (big blind) folded on the Turn
Seat 5: Krazy90 (button) (small blind) collected ($17.64)


PokerStars Hand #173240168502:  Hold'em Limit ($3/$6 USD) - 2017/07/19 12:26:53 ET
Table 'Fricke' 6-max Seat #3 is the button
Seat 3: melyh82 ($94.90 in chips)
Seat 5: Krazy90 ($128.64 in chips)
melyh82: posts small blind $1
Krazy90: posts big blind $3
*** HOLE CARDS ***
melyh82: folds
Uncalled bet ($2) returned to Krazy90
Krazy90 collected $2 from pot
Krazy90: doesn't show hand
*** SUMMARY ***
Total pot $2 | Rake $0
Seat 3: melyh82 (button) (small blind) folded before Flop
Seat 5: Krazy90 (big blind) collected ($2)


PokerStars Hand #173240159980:  Hold'em Limit ($3/$6 USD) - 2017/07/19 12:26:40 ET
Table 'Fricke' 6-max Seat #5 is the button
Seat 3: melyh82 ($103.90 in chips)
Seat 5: Krazy90 ($120 in chips)
Krazy90: posts small blind $1
melyh82: posts big blind $3
*** HOLE CARDS ***
Krazy90: raises $3 to $6
melyh82: calls $3
*** FLOP *** [4h 5d Qc]
melyh82: bets $3
Krazy90: calls $3
*** TURN *** [4h 5d Qc] [Qs]
melyh82: checks
Krazy90: bets $6
melyh82: folds
Uncalled bet ($6) returned to Krazy90
Krazy90 collected $17.64 from pot
Krazy90: doesn't show hand
*** SUMMARY ***
Total pot $18 | Rake $0.36
Board [4h 5d Qc Qs]
Seat 3: melyh82 (big blind) folded on the Turn
Seat 5: Krazy90 (button) (small blind) collected ($17.64)


PokerStars Hand #173240152194:  Hold'em Limit ($3/$6 USD) - 2017/07/19 12:26:28 ET
Table 'Fricke' 6-max Seat #3 is the button
Seat 3: melyh82 ($98.14 in chips)
Seat 5: Krazy90 ($120 in chips)
melyh82: posts small blind $1
Krazy90: posts big blind $3
*** HOLE CARDS ***
melyh82: raises $3 to $6
Krazy90: calls $3
*** FLOP *** [6h 9h 9s]
Krazy90: checks
melyh82: bets $3
Krazy90: folds
Uncalled bet ($3) returned to melyh82
melyh82 collected $11.76 from pot
melyh82: doesn't show hand
*** SUMMARY ***
Total pot $12 | Rake $0.24
Board [6h 9h 9s]
Seat 3: melyh82 (button) (small blind) collected ($11.76)
Seat 5: Krazy90 (big blind) folded on the Flop


PokerStars Hand #173240206468:  Hold'em Limit ($3/$6 USD) - 2017/07/19 12:27:51 ET
Table 'Fricke' 6-max Seat #3 is the button
Seat 3: melyh82 ($75.66 in chips)
Seat 5: Krazy90 ($146.78 in chips)
melyh82: posts small blind $1
Krazy90: posts big blind $3
*** HOLE CARDS ***
melyh82: folds
Uncalled bet ($2) returned to Krazy90
SEQUOIA2012 joins the table at seat #1
Krazy90 collected $2 from pot
Krazy90: doesn't show hand
*** SUMMARY ***
Total pot $2 | Rake $0
Seat 3: melyh82 (button) (small blind) folded before Flop
Seat 5: Krazy90 (big blind) collected ($2)


PokerStars Hand #173240197899:  Hold'em Limit ($3/$6 USD) - 2017/07/19 12:27:38 ET
Table 'Fricke' 6-max Seat #5 is the button
Seat 3: melyh82 ($69.90 in chips)
Seat 5: Krazy90 ($152.78 in chips)
Krazy90: posts small blind $1
melyh82: posts big blind $3
*** HOLE CARDS ***
Krazy90: raises $3 to $6
melyh82: calls $3
*** FLOP *** [Ks 4h Qd]
melyh82: checks
Krazy90: checks
*** TURN *** [Ks 4h Qd] [9d]
melyh82: bets $6
Krazy90: folds
Uncalled bet ($6) returned to melyh82
melyh82 collected $11.76 from pot
melyh82: doesn't show hand
*** SUMMARY ***
Total pot $12 | Rake $0.24
Board [Ks 4h Qd 9d]
Seat 3: melyh82 (big blind) collected ($11.76)
Seat 5: Krazy90 (button) (small blind) folded on the Turn


PokerStars Hand #173240188053:  Hold'em Limit ($3/$6 USD) - 2017/07/19 12:27:23 ET
Table 'Fricke' 6-max Seat #3 is the button
Seat 3: melyh82 ($84.90 in chips)
Seat 5: Krazy90 ($138.28 in chips)
melyh82: posts small blind $1
Krazy90: posts big blind $3
*** HOLE CARDS ***
melyh82: raises $3 to $6
Krazy90: calls $3
*** FLOP *** [Ts Qh Js]
Krazy90: checks
melyh82: bets $3
Krazy90: calls $3
*** TURN *** [Ts Qh Js] [7h]
Krazy90: checks
melyh82: checks
*** RIVER *** [Ts Qh Js 7h] [Qc]
Krazy90: bets $6
melyh82: calls $6
*** SHOW DOWN ***
Krazy90: shows [9s Jh] (two pair, Queens and Jacks)
melyh82: mucks hand
Krazy90 collected $29.50 from pot
*** SUMMARY ***
Total pot $30 | Rake $0.50
Board [Ts Qh Js 7h Qc]
Seat 3: melyh82 (button) (small blind) mucked
Seat 5: Krazy90 (big blind) showed [9s Jh] and won ($29.50) with two pair, Queens and Jacks


PokerStars Hand #173240265550:  Hold'em Limit ($3/$6 USD) - 2017/07/19 12:29:23 ET
Table 'Fricke' 6-max Seat #5 is the button
Seat 3: melyh82 ($139.66 in chips)
Seat 5: Krazy90 ($138.78 in chips)
Krazy90: posts small blind $1
SEQUOIA2012: is sitting out
melyh82: posts big blind $3
*** HOLE CARDS ***
Krazy90: raises $3 to $6
melyh82: calls $3
*** FLOP *** [9c Ks 5c]
melyh82: checks
Krazy90: bets $3
melyh82: calls $3
*** TURN *** [9c Ks 5c] [8s]
melyh82: checks
Krazy90: checks
*** RIVER *** [9c Ks 5c 8s] [9d]
melyh82: checks
Krazy90: checks
*** SHOW DOWN ***
melyh82: shows [5d Qc] (two pair, Nines and Fives)
Krazy90: mucks hand
melyh82 collected $17.64 from pot
*** SUMMARY ***
Total pot $18 | Rake $0.36
Board [9c Ks 5c 8s 9d]
Seat 3: melyh82 (big blind) showed [5d Qc] and won ($17.64) with two pair, Nines and Fives
Seat 5: Krazy90 (button) (small blind) mucked


PokerStars Hand #173240280818:  Hold'em Limit ($3/$6 USD) - 2017/07/19 12:29:47 ET
Table 'Fricke' 6-max Seat #3 is the button
Seat 3: melyh82 ($148.30 in chips)
Seat 5: Krazy90 ($129.78 in chips)
melyh82: posts small blind $1
Krazy90: posts big blind $3
*** HOLE CARDS ***
melyh82: raises $3 to $6
Krazy90: folds
Uncalled bet ($3) returned to melyh82
melyh82 collected $6 from pot
melyh82: doesn't show hand
*** SUMMARY ***
Total pot $6 | Rake $0
Seat 3: melyh82 (button) (small blind) collected ($6)
Seat 5: Krazy90 (big blind) folded before Flop


PokerStars Hand #173240285612:  Hold'em Limit ($3/$6 USD) - 2017/07/19 12:29:54 ET
Table 'Fricke' 6-max Seat #5 is the button
Seat 3: melyh82 ($151.30 in chips)
Seat 5: Krazy90 ($126.78 in chips)
Krazy90: posts small blind $1
melyh82: posts big blind $3
*** HOLE CARDS ***
Krazy90: raises $3 to $6
melyh82: raises $3 to $9
Krazy90: calls $3
*** FLOP *** [3s Jh 4c]
melyh82: bets $3
Krazy90: calls $3
*** TURN *** [3s Jh 4c] [4d]
melyh82: bets $6
Krazy90: calls $6
*** RIVER *** [3s Jh 4c 4d] [Jd]
melyh82: bets $6
Krazy90: folds
Uncalled bet ($6) returned to melyh82
melyh82 collected $35.50 from pot
melyh82: doesn't show hand
*** SUMMARY ***
Total pot $36 | Rake $0.50
Board [3s Jh 4c 4d Jd]
Seat 3: melyh82 (big blind) collected ($35.50)
Seat 5: Krazy90 (button) (small blind) folded on the River


PokerStars Hand #173240302097:  Hold'em Limit ($3/$6 USD) - 2017/07/19 12:30:19 ET
Table 'Fricke' 6-max Seat #3 is the button
Seat 3: melyh82 ($168.80 in chips)
Seat 5: Krazy90 ($120 in chips)
melyh82: posts small blind $1
Krazy90: posts big blind $3
*** HOLE CARDS ***
melyh82: raises $3 to $6
Krazy90: calls $3
*** FLOP *** [8s Qc 3s]
Krazy90: checks
melyh82: bets $3
Krazy90: calls $3
*** TURN *** [8s Qc 3s] [9c]
Krazy90: checks
melyh82: checks
*** RIVER *** [8s Qc 3s 9c] [5s]
Krazy90: checks
Luanto 14 joins the table at seat #2
melyh82: bets $6
Krazy90: calls $6
*** SHOW DOWN ***
melyh82: shows [9s 7h] (a pair of Nines)
Krazy90: mucks hand
melyh82 collected $29.50 from pot
*** SUMMARY ***
Total pot $30 | Rake $0.50
Board [8s Qc 3s 9c 5s]
Seat 3: melyh82 (button) (small blind) showed [9s 7h] and won ($29.50) with a pair of Nines
Seat 5: Krazy90 (big blind) mucked


PokerStars Hand #173241665554:  Hold'em Limit ($3/$6 USD) - 2017/07/19 13:06:11 ET
Table 'Fricke' 6-max Seat #2 is the button
Seat 2: Luanto 14 ($130.63 in chips)
Seat 6: tigras ($115.45 in chips)
Luanto 14: posts small blind $1
tigras: posts big blind $3
*** HOLE CARDS ***
Luanto 14: folds
Uncalled bet ($2) returned to tigras
tigras collected $2 from pot
tigras: doesn't show hand
*** SUMMARY ***
Total pot $2 | Rake $0
Seat 2: Luanto 14 (button) (small blind) folded before Flop
Seat 6: tigras (big blind) collected ($2)


PokerStars Hand #173241715258:  Hold'em Limit ($3/$6 USD) - 2017/07/19 13:07:14 ET
Table 'Fricke' 6-max Seat #2 is the button
Seat 2: Luanto 14 ($114.27 in chips)
Seat 6: tigras ($130.83 in chips)
Luanto 14: posts small blind $1
tigras: posts big blind $3
*** HOLE CARDS ***
Luanto 14: raises $3 to $6
tigras: calls $3
*** FLOP *** [8d Qh 2h]
tigras: bets $3
Luanto 14: calls $3
*** TURN *** [8d Qh 2h] [Qc]
tigras: checks
Luanto 14: bets $6
tigras: calls $6
*** RIVER *** [8d Qh 2h Qc] [Kd]
tigras: checks
Luanto 14: bets $6
tigras: calls $6
*** SHOW DOWN ***
Luanto 14: shows [9h 9c] (two pair, Queens and Nines)
tigras: mucks hand
Luanto 14 collected $41.50 from pot
*** SUMMARY ***
Total pot $42 | Rake $0.50
Board [8d Qh 2h Qc Kd]
Seat 2: Luanto 14 (button) (small blind) showed [9h 9c] and won ($41.50) with two pair, Queens and Nines
Seat 6: tigras (big blind) mucked


PokerStars Hand #173241675386:  Hold'em Limit ($3/$6 USD) - 2017/07/19 13:06:24 ET
Table 'Fricke' 6-max Seat #6 is the button
Seat 2: Luanto 14 ($129.63 in chips)
Seat 6: tigras ($116.45 in chips)
tigras: posts small blind $1
Luanto 14: posts big blind $3
*** HOLE CARDS ***
tigras: calls $2
Luanto 14: raises $3 to $6
tigras: calls $3
*** FLOP *** [Kc 3s 6s]
Luanto 14: bets $3
tigras: calls $3
*** TURN *** [Kc 3s 6s] [Ks]
Luanto 14: bets $6
tigras: calls $6
*** RIVER *** [Kc 3s 6s Ks] [7h]
Luanto 14: checks
tigras: bets $6
Luanto 14: calls $6
*** SHOW DOWN ***
tigras: shows [7s Tc] (two pair, Kings and Sevens)
Luanto 14: mucks hand
tigras collected $41.50 from pot
*** SUMMARY ***
Total pot $42 | Rake $0.50
Board [Kc 3s 6s Ks 7h]
Seat 2: Luanto 14 (big blind) mucked
Seat 6: tigras (button) (small blind) showed [7s Tc] and won ($41.50) with two pair, Kings and Sevens


PokerStars Hand #173241691122:  Hold'em Limit ($3/$6 USD) - 2017/07/19 13:06:44 ET
Table 'Fricke' 6-max Seat #2 is the button
Seat 2: Luanto 14 ($108.63 in chips)
Seat 6: tigras ($136.95 in chips)
Luanto 14: posts small blind $1
tigras: posts big blind $3
*** HOLE CARDS ***
Luanto 14: raises $3 to $6
tigras: calls $3
*** FLOP *** [6h 8h 5c]
tigras: checks
Luanto 14: bets $3
tigras: calls $3
*** TURN *** [6h 8h 5c] [Qs]
tigras: checks
Luanto 14: bets $6
tigras: folds
Uncalled bet ($6) returned to Luanto 14
Luanto 14 collected $17.64 from pot
Luanto 14: doesn't show hand
*** SUMMARY ***
Total pot $18 | Rake $0.36
Board [6h 8h 5c Qs]
Seat 2: Luanto 14 (button) (small blind) collected ($17.64)
Seat 6: tigras (big blind) folded on the Turn


PokerStars Hand #173241703236:  Hold'em Limit ($3/$6 USD) - 2017/07/19 13:06:59 ET
Table 'Fricke' 6-max Seat #6 is the button
Seat 2: Luanto 14 ($117.27 in chips)
Seat 6: tigras ($127.95 in chips)
tigras: posts small blind $1
SEQUOIA2012 was removed from the table for failing to post
Luanto 14: posts big blind $3
*** HOLE CARDS ***
tigras: calls $2
Luanto 14: checks
*** FLOP *** [9c Kd 7s]
Krazy90 joins the table at seat #1
Luanto 14: checks
tigras: bets $3
Luanto 14: folds
Uncalled bet ($3) returned to tigras
tigras collected $5.88 from pot
tigras: doesn't show hand
*** SUMMARY ***
Total pot $6 | Rake $0.12
Board [9c Kd 7s]
Seat 2: Luanto 14 (big blind) folded on the Flop
Seat 6: tigras (button) (small blind) collected ($5.88)


PokerStars Hand #173257343130:  Hold'em Limit ($3/$6 USD) - 2017/07/19 18:49:16 ET
Table 'Fricke' 6-max Seat #2 is the button
Seat 2: hairy1961 ($31.46 in chips)
Seat 3: B_loJkl ($154 in chips)
hairy1961: posts small blind $1
B_loJkl: posts big blind $3
*** HOLE CARDS ***
hairy1961: folds
Uncalled bet ($2) returned to B_loJkl
B_loJkl collected $2 from pot
B_loJkl: doesn't show hand
*** SUMMARY ***
Total pot $2 | Rake $0
Seat 2: hairy1961 (button) (small blind) folded before Flop
Seat 3: B_loJkl (big blind) collected ($2)


PokerStars Hand #173257390930:  Hold'em Limit ($3/$6 USD) - 2017/07/19 18:50:23 ET
Table 'Fricke' 6-max Seat #3 is the button
Seat 3: B_loJkl ($147 in chips)
Seat 4: hairy1961 ($57.64 in chips)
B_loJkl: posts small blind $1
hairy1961: posts big blind $3
*** HOLE CARDS ***
B_loJkl: raises $3 to $6
hairy1961: raises $3 to $9
B_loJkl: calls $3
*** FLOP *** [5c Ac Tc]
hairy1961: bets $3
B_loJkl: calls $3
*** TURN *** [5c Ac Tc] [6h]
hairy1961: bets $6
B_loJkl: calls $6
*** RIVER *** [5c Ac Tc 6h] [Js]
hairy1961: bets $6
B_loJkl: calls $6
*** SHOW DOWN ***
hairy1961: shows [Ad Ks] (a pair of Aces)
B_loJkl: mucks hand
hairy1961 collected $47.50 from pot
*** SUMMARY ***
Total pot $48 | Rake $0.50
Board [5c Ac Tc 6h Js]
Seat 3: B_loJkl (button) (small blind) mucked
Seat 4: hairy1961 (big blind) showed [Ad Ks] and won ($47.50) with a pair of Aces


PokerStars Hand #173257386562:  Hold'em Limit ($3/$6 USD) - 2017/07/19 18:50:17 ET
Table 'Fricke' 6-max Seat #4 is the button
Seat 3: B_loJkl ($146 in chips)
Seat 4: hairy1961 ($58.64 in chips)
hairy1961: posts small blind $1
B_loJkl: posts big blind $3
*** HOLE CARDS ***
hairy1961: folds
Uncalled bet ($2) returned to B_loJkl
B_loJkl collected $2 from pot
B_loJkl: doesn't show hand
*** SUMMARY ***
Total pot $2 | Rake $0
Seat 3: B_loJkl (big blind) collected ($2)
Seat 4: hairy1961 (button) (small blind) folded before Flop


PokerStars Hand #173257363195:  Hold'em Limit ($3/$6 USD) - 2017/07/19 18:49:44 ET
Table 'Fricke' 6-max Seat #3 is the button
Seat 3: B_loJkl ($155 in chips)
Seat 4: hairy1961 ($50 in chips)
B_loJkl: posts small blind $1
hairy1961: posts big blind $3
*** HOLE CARDS ***
B_loJkl: raises $3 to $6
hairy1961: calls $3
*** FLOP *** [6s 2c 8c]
hairy1961: bets $3
B_loJkl: calls $3
*** TURN *** [6s 2c 8c] [7c]
hairy1961: checks
B_loJkl: checks
*** RIVER *** [6s 2c 8c 7c] [Kd]
hairy1961: bets $6
B_loJkl: folds
Uncalled bet ($6) returned to hairy1961
hairy1961 collected $17.64 from pot
*** SUMMARY ***
Total pot $18 | Rake $0.36
Board [6s 2c 8c 7c Kd]
Seat 3: B_loJkl (button) (small blind) folded on the River
Seat 4: hairy1961 (big blind) collected ($17.64)


PokerStars Hand #173257429816:  Hold'em Limit ($3/$6 USD) - 2017/07/19 18:51:17 ET
Table 'Fricke' 6-max Seat #3 is the button
Seat 3: B_loJkl ($111 in chips)
Seat 4: hairy1961 ($92.66 in chips)
B_loJkl: posts small blind $1
hairy1961: posts big blind $3
*** HOLE CARDS ***
B_loJkl: raises $3 to $6
hairy1961: folds
Uncalled bet ($3) returned to B_loJkl
B_loJkl collected $6 from pot
B_loJkl: doesn't show hand
*** SUMMARY ***
Total pot $6 | Rake $0
Seat 3: B_loJkl (button) (small blind) collected ($6)
Seat 4: hairy1961 (big blind) folded before Flop


PokerStars Hand #173257414593:  Hold'em Limit ($3/$6 USD) - 2017/07/19 18:50:56 ET
Table 'Fricke' 6-max Seat #4 is the button
Seat 3: B_loJkl ($123 in chips)
Seat 4: hairy1961 ($81.14 in chips)
hairy1961: posts small blind $1
B_loJkl: posts big blind $3
*** HOLE CARDS ***
hairy1961: raises $3 to $6
dmonr joins the table at seat #6
B_loJkl: calls $3
*** FLOP *** [2h 3h 2s]
B_loJkl: checks
hairy1961: checks
*** TURN *** [2h 3h 2s] [Kh]
B_loJkl: checks
hairy1961: checks
*** RIVER *** [2h 3h 2s Kh] [Th]
B_loJkl: checks
hairy1961: bets $6
B_loJkl: calls $6
*** SHOW DOWN ***
hairy1961: shows [Ad 7h] (a flush, King high)
B_loJkl: mucks hand
hairy1961 collected $23.52 from pot
*** SUMMARY ***
Total pot $24 | Rake $0.48
Board [2h 3h 2s Kh Th]
Seat 3: B_loJkl (big blind) mucked
Seat 4: hairy1961 (button) (small blind) showed [Ad 7h] and won ($23.52) with a flush, King high


PokerStars Hand #173257501334:  Hold'em Limit ($3/$6 USD) - 2017/07/19 18:52:58 ET
Table 'Fricke' 6-max Seat #4 is the button
Seat 3: B_loJkl ($151.20 in chips)
Seat 4: hairy1961 ($80.45 in chips)
hairy1961: posts small blind $1
B_loJkl: posts big blind $3
*** HOLE CARDS ***
hairy1961: folds
Uncalled bet ($2) returned to B_loJkl
B_loJkl collected $2 from pot
B_loJkl: doesn't show hand
*** SUMMARY ***
Total pot $2 | Rake $0
Seat 3: B_loJkl (big blind) collected ($2)
Seat 4: hairy1961 (button) (small blind) folded before Flop


PokerStars Hand #173257497055:  Hold'em Limit ($3/$6 USD) - 2017/07/19 18:52:52 ET
Table 'Fricke' 6-max Seat #3 is the button
Seat 3: B_loJkl ($148.20 in chips)
Seat 4: hairy1961 ($83.45 in chips)
B_loJkl: posts small blind $1
hairy1961: posts big blind $3
*** HOLE CARDS ***
B_loJkl: raises $3 to $6
hairy1961: folds
Uncalled bet ($3) returned to B_loJkl
B_loJkl collected $6 from pot
B_loJkl: doesn't show hand
*** SUMMARY ***
Total pot $6 | Rake $0
Seat 3: B_loJkl (button) (small blind) collected ($6)
Seat 4: hairy1961 (big blind) folded before Flop


PokerStars Hand #173257477875:  Hold'em Limit ($3/$6 USD) - 2017/07/19 18:52:24 ET
Table 'Fricke' 6-max Seat #4 is the button
Seat 3: B_loJkl ($139.56 in chips)
Seat 4: hairy1961 ($92.45 in chips)
hairy1961: posts small blind $1
B_loJkl: posts big blind $3
*** HOLE CARDS ***
hairy1961: raises $3 to $6
B_loJkl: calls $3
*** FLOP *** [5s Ks 2c]
dmonr leaves the table
B_loJkl: checks
hairy1961: bets $3
B_loJkl: calls $3
*** TURN *** [5s Ks 2c] [8s]
B_loJkl: checks
hairy1961: checks
*** RIVER *** [5s Ks 2c 8s] [Ah]
B_loJkl: checks
hairy1961: checks
*** SHOW DOWN ***
B_loJkl: shows [6c Qh] (high card Ace)
hairy1961: mucks hand
B_loJkl collected $17.64 from pot
*** SUMMARY ***
Total pot $18 | Rake $0.36
Board [5s Ks 2c 8s Ah]
Seat 3: B_loJkl (big blind) showed [6c Qh] and won ($17.64) with high card Ace
Seat 4: hairy1961 (button) (small blind) mucked


PokerStars Hand #173257533351:  Hold'em Limit ($3/$6 USD) - 2017/07/19 18:53:43 ET
Table 'Fricke' 6-max Seat #3 is the button
Seat 3: B_loJkl ($178.46 in chips)
Seat 4: hairy1961 ($52.45 in chips)
B_loJkl: posts small blind $1
hairy1961: posts big blind $3
*** HOLE CARDS ***
B_loJkl: raises $3 to $6
hairy1961: folds
Uncalled bet ($3) returned to B_loJkl
B_loJkl collected $6 from pot
B_loJkl: doesn't show hand
*** SUMMARY ***
Total pot $6 | Rake $0
Seat 3: B_loJkl (button) (small blind) collected ($6)
Seat 4: hairy1961 (big blind) folded before Flop


PokerStars Hand #173257522073:  Hold'em Limit ($3/$6 USD) - 2017/07/19 18:53:27 ET
Table 'Fricke' 6-max Seat #4 is the button
Seat 3: B_loJkl ($172.70 in chips)
Seat 4: hairy1961 ($58.45 in chips)
hairy1961: posts small blind $1
B_loJkl: posts big blind $3
*** HOLE CARDS ***
hairy1961: raises $3 to $6
B_loJkl: calls $3
*** FLOP *** [4c 9c 5d]
B_loJkl: checks
hairy1961: checks
*** TURN *** [4c 9c 5d] [8c]
B_loJkl: bets $6
hairy1961: folds
Uncalled bet ($6) returned to B_loJkl
B_loJkl collected $11.76 from pot
B_loJkl: doesn't show hand
*** SUMMARY ***
Total pot $12 | Rake $0.24
Board [4c 9c 5d 8c]
Seat 3: B_loJkl (big blind) collected ($11.76)
Seat 4: hairy1961 (button) (small blind) folded on the Turn


PokerStars Hand #173257505244:  Hold'em Limit ($3/$6 USD) - 2017/07/19 18:53:03 ET
Table 'Fricke' 6-max Seat #3 is the button
Seat 3: B_loJkl ($152.20 in chips)
Seat 4: hairy1961 ($79.45 in chips)
B_loJkl: posts small blind $1
hairy1961: posts big blind $3
*** HOLE CARDS ***
B_loJkl: raises $3 to $6
hairy1961: calls $3
*** FLOP *** [9h 3c 4s]
hairy1961: checks
B_loJkl: bets $3
hairy1961: calls $3
*** TURN *** [9h 3c 4s] [Ks]
hairy1961: bets $6
B_loJkl: calls $6
*** RIVER *** [9h 3c 4s Ks] [Ts]
hairy1961: bets $6
B_loJkl: calls $6
*** SHOW DOWN ***
hairy1961: shows [7d 6c] (high card King)
B_loJkl: shows [2c Kc] (a pair of Kings)
B_loJkl collected $41.50 from pot
*** SUMMARY ***
Total pot $42 | Rake $0.50
Board [9h 3c 4s Ks Ts]
Seat 3: B_loJkl (button) (small blind) showed [2c Kc] and won ($41.50) with a pair of Kings
Seat 4: hairy1961 (big blind) showed [7d 6c] and lost with high card King


PokerStars Hand #173257539194:  Hold'em Limit ($3/$6 USD) - 2017/07/19 18:53:51 ET
Table 'Fricke' 6-max Seat #4 is the button
Seat 3: B_loJkl ($181.46 in chips)
Seat 4: hairy1961 ($49.45 in chips)
hairy1961: posts small blind $1
B_loJkl: posts big blind $3
*** HOLE CARDS ***
hairy1961: raises $3 to $6
B_loJkl: calls $3
*** FLOP *** [Qs 5s 9h]
B_loJkl: checks
hairy1961: bets $3
B_loJkl: raises $3 to $6
hairy1961: raises $3 to $9
B_loJkl: calls $3
*** TURN *** [Qs 5s 9h] [5d]
B_loJkl: checks
hairy1961: checks
*** RIVER *** [Qs 5s 9h 5d] [As]
B_loJkl: checks
hairy1961: bets $6
B_loJkl: calls $6
*** SHOW DOWN ***
hairy1961: shows [Ac Ts] (two pair, Aces and Fives)
B_loJkl: mucks hand
hairy1961 collected $41.50 from pot
*** SUMMARY ***
Total pot $42 | Rake $0.50
Board [Qs 5s 9h 5d As]
Seat 3: B_loJkl (big blind) mucked
Seat 4: hairy1961 (button) (small blind) showed [Ac Ts] and won ($41.50) with two pair, Aces and Fives


PokerStars Hand #173257580951:  Hold'em Limit ($3/$6 USD) - 2017/07/19 18:54:49 ET
Table 'Fricke' 6-max Seat #3 is the button
Seat 3: B_loJkl ($174.98 in chips)
Seat 4: hairy1961 ($54.95 in chips)
B_loJkl: posts small blind $1
hairy1961: posts big blind $3
*** HOLE CARDS ***
B_loJkl: folds
Uncalled bet ($2) returned to hairy1961
hairy1961 collected $2 from pot
*** SUMMARY ***
Total pot $2 | Rake $0
Seat 3: B_loJkl (button) (small blind) folded before Flop
Seat 4: hairy1961 (big blind) collected ($2)


PokerStars Hand #173257565672:  Hold'em Limit ($3/$6 USD) - 2017/07/19 18:54:28 ET
Table 'Fricke' 6-max Seat #4 is the button
Seat 3: B_loJkl ($163.46 in chips)
Seat 4: hairy1961 ($66.95 in chips)
hairy1961: posts small blind $1
B_loJkl: posts big blind $3
*** HOLE CARDS ***
hairy1961: raises $3 to $6
B_loJkl: calls $3
*** FLOP *** [Td Tc Ks]
B_loJkl: checks
hairy1961: checks
*** TURN *** [Td Tc Ks] [7d]
B_loJkl: checks
hairy1961: checks
*** RIVER *** [Td Tc Ks 7d] [As]
B_loJkl: checks
hairy1961: bets $6
B_loJkl: calls $6
*** SHOW DOWN ***
hairy1961: shows [8h 6h] (a pair of Tens)
B_loJkl: shows [3d Kh] (two pair, Kings and Tens)
B_loJkl collected $23.52 from pot
*** SUMMARY ***
Total pot $24 | Rake $0.48
Board [Td Tc Ks 7d As]
Seat 3: B_loJkl (big blind) showed [3d Kh] and won ($23.52) with two pair, Kings and Tens
Seat 4: hairy1961 (button) (small blind) showed [8h 6h] and lost with a pair of Tens


PokerStars Hand #173257558199:  Hold'em Limit ($3/$6 USD) - 2017/07/19 18:54:17 ET
Table 'Fricke' 6-max Seat #3 is the button
Seat 3: B_loJkl ($160.46 in chips)
Seat 4: hairy1961 ($69.95 in chips)
B_loJkl: posts small blind $1
hairy1961: posts big blind $3
*** HOLE CARDS ***
B_loJkl: raises $3 to $6
hairy1961: folds
Uncalled bet ($3) returned to B_loJkl
B_loJkl collected $6 from pot
B_loJkl: doesn't show hand
*** SUMMARY ***
Total pot $6 | Rake $0
Seat 3: B_loJkl (button) (small blind) collected ($6)
Seat 4: hairy1961 (big blind) folded before Flop


PokerStars Hand #173257584772:  Hold'em Limit ($3/$6 USD) - 2017/07/19 18:54:55 ET
Table 'Fricke' 6-max Seat #4 is the button
Seat 3: B_loJkl ($173.98 in chips)
Seat 4: hairy1961 ($55.95 in chips)
hairy1961: posts small blind $1
B_loJkl: posts big blind $3
*** HOLE CARDS ***
hairy1961: raises $3 to $6
B_loJkl: calls $3
*** FLOP *** [9c 9h 8s]
B_loJkl: checks
hairy1961: checks
*** TURN *** [9c 9h 8s] [3h]
B_loJkl: bets $6
hairy1961: calls $6
*** RIVER *** [9c 9h 8s 3h] [8c]
B_loJkl: bets $6
hairy1961: calls $6
*** SHOW DOWN ***
B_loJkl: shows [Kc 8h] (a full house, Eights full of Nines)
hairy1961: mucks hand
B_loJkl collected $35.50 from pot
*** SUMMARY ***
Total pot $36 | Rake $0.50
Board [9c 9h 8s 3h 8c]
Seat 3: B_loJkl (big blind) showed [Kc 8h] and won ($35.50) with a full house, Eights full of Nines
Seat 4: hairy1961 (button) (small blind) mucked


PokerStars Hand #173257608508:  Hold'em Limit ($3/$6 USD) - 2017/07/19 18:55:35 ET
Table 'Fricke' 6-max Seat #4 is the button
Seat 3: B_loJkl ($214.98 in chips)
Seat 4: hairy1961 ($13.95 in chips)
hairy1961: posts small blind $1
B_loJkl: posts big blind $3
*** HOLE CARDS ***
hairy1961: raises $3 to $6
B_loJkl: calls $3
*** FLOP *** [9d As 2c]
B_loJkl: checks
hairy1961: checks
*** TURN *** [9d As 2c] [6h]
B_loJkl: checks
hairy1961: bets $6
B_loJkl: folds
Uncalled bet ($6) returned to hairy1961
hairy1961 collected $11.76 from pot
*** SUMMARY ***
Total pot $12 | Rake $0.24
Board [9d As 2c 6h]
Seat 3: B_loJkl (big blind) folded on the Turn
Seat 4: hairy1961 (button) (small blind) collected ($11.76)


PokerStars Hand #173257616664:  Hold'em Limit ($3/$6 USD) - 2017/07/19 18:55:52 ET
Table 'Fricke' 6-max Seat #3 is the button
Seat 3: B_loJkl ($208.98 in chips)
Seat 4: hairy1961 ($19.71 in chips)
B_loJkl: posts small blind $1
hairy1961: posts big blind $3
*** HOLE CARDS ***
B_loJkl: raises $3 to $6
hairy1961: calls $3
*** FLOP *** [Td 8s Jc]
hairy1961: checks
B_loJkl: bets $3
hairy1961: calls $3
*** TURN *** [Td 8s Jc] [7h]
hairy1961: bets $6
B_loJkl: calls $6
*** RIVER *** [Td 8s Jc 7h] [Ks]
hairy1961: bets $4.71 and is all-in
B_loJkl: calls $4.71
*** SHOW DOWN ***
hairy1961: shows [Qd 6s] (high card King)
B_loJkl: shows [Qc 8c] (a pair of Eights)
B_loJkl collected $38.92 from pot
*** SUMMARY ***
Total pot $39.42 | Rake $0.50
Board [Td 8s Jc 7h Ks]
Seat 3: B_loJkl (button) (small blind) showed [Qc 8c] and won ($38.92) with a pair of Eights
Seat 4: hairy1961 (big blind) showed [Qd 6s] and lost with high card King


PokerStars Hand #173257663070:  Hold'em Limit ($3/$6 USD) - 2017/07/19 18:57:26 ET
Table 'Fricke' 6-max Seat #5 is the button
Seat 3: B_loJkl ($198.19 in chips)
Seat 5: cabrinhakite ($60.88 in chips)
cabrinhakite: posts small blind $1
B_loJkl: posts big blind $3
*** HOLE CARDS ***
cabrinhakite: raises $3 to $6
B_loJkl: calls $3
*** FLOP *** [4h Jh Ah]
B_loJkl: checks
cabrinhakite: checks
*** TURN *** [4h Jh Ah] [Ts]
B_loJkl: bets $6
cabrinhakite: calls $6
*** RIVER *** [4h Jh Ah Ts] [4s]
B_loJkl: checks
cabrinhakite: bets $6
B_loJkl: folds
Uncalled bet ($6) returned to cabrinhakite
cabrinhakite collected $23.52 from pot
cabrinhakite: doesn't show hand
*** SUMMARY ***
Total pot $24 | Rake $0.48
Board [4h Jh Ah Ts 4s]
Seat 3: B_loJkl (big blind) folded on the River
Seat 5: cabrinhakite (button) (small blind) collected ($23.52)


PokerStars Hand #173257655856:  Hold'em Limit ($3/$6 USD) - 2017/07/19 18:57:12 ET
Table 'Fricke' 6-max Seat #3 is the button
Seat 3: B_loJkl ($213.19 in chips)
Seat 5: cabrinhakite ($46.38 in chips)
B_loJkl: posts small blind $1
cabrinhakite: posts big blind $3
*** HOLE CARDS ***
B_loJkl: raises $3 to $6
cabrinhakite: calls $3
*** FLOP *** [Ah Th 2d]
cabrinhakite: checks
B_loJkl: bets $3
cabrinhakite: calls $3
*** TURN *** [Ah Th 2d] [8h]
cabrinhakite: checks
B_loJkl: checks
*** RIVER *** [Ah Th 2d 8h] [6h]
cabrinhakite: bets $6
B_loJkl: calls $6
*** SHOW DOWN ***
cabrinhakite: shows [9h 7s] (a flush, Ace high)
B_loJkl: mucks hand
cabrinhakite collected $29.50 from pot
*** SUMMARY ***
Total pot $30 | Rake $0.50
Board [Ah Th 2d 8h 6h]
Seat 3: B_loJkl (button) (small blind) mucked
Seat 5: cabrinhakite (big blind) showed [9h 7s] and won ($29.50) with a flush, Ace high


PokerStars Hand #173257642008:  Hold'em Limit ($3/$6 USD) - 2017/07/19 18:56:43 ET
Table 'Fricke' 6-max Seat #5 is the button
Seat 3: B_loJkl ($228.19 in chips)
Seat 5: cabrinhakite ($31.88 in chips)
cabrinhakite: posts small blind $1
B_loJkl: posts big blind $3
*** HOLE CARDS ***
cabrinhakite: raises $3 to $6
B_loJkl: calls $3
*** FLOP *** [5c As 9d]
B_loJkl: checks
cabrinhakite: bets $3
B_loJkl: calls $3
*** TURN *** [5c As 9d] [8d]
B_loJkl: checks
cabrinhakite: checks
*** RIVER *** [5c As 9d 8d] [7s]
B_loJkl: checks
cabrinhakite: bets $6
B_loJkl: calls $6
*** SHOW DOWN ***
cabrinhakite: shows [Td Jc] (a straight, Seven to Jack)
B_loJkl: mucks hand
cabrinhakite collected $29.50 from pot
*** SUMMARY ***
Total pot $30 | Rake $0.50
Board [5c As 9d 8d 7s]
Seat 3: B_loJkl (big blind) mucked
Seat 5: cabrinhakite (button) (small blind) showed [Td Jc] and won ($29.50) with a straight, Seven to Jack


PokerStars Hand #173257671596:  Hold'em Limit ($3/$6 USD) - 2017/07/19 18:57:44 ET
Table 'Fricke' 6-max Seat #3 is the button
Seat 3: B_loJkl ($186.19 in chips)
Seat 5: cabrinhakite ($72.40 in chips)
B_loJkl: posts small blind $1
cabrinhakite: posts big blind $3
*** HOLE CARDS ***
B_loJkl: raises $3 to $6
cabrinhakite: folds
Uncalled bet ($3) returned to B_loJkl
B_loJkl collected $6 from pot
B_loJkl: doesn't show hand
*** SUMMARY ***
Total pot $6 | Rake $0
Seat 3: B_loJkl (button) (small blind) collected ($6)
Seat 5: cabrinhakite (big blind) folded before Flop


PokerStars Hand #173257685113:  Hold'em Limit ($3/$6 USD) - 2017/07/19 18:58:10 ET
Table 'Fricke' 6-max Seat #3 is the button
Seat 3: B_loJkl ($171.19 in chips)
Seat 5: cabrinhakite ($86.90 in chips)
B_loJkl: posts small blind $1
cabrinhakite: posts big blind $3
*** HOLE CARDS ***
B_loJkl: raises $3 to $6
cabrinhakite: calls $3
*** FLOP *** [Kd 6d 9d]
cabrinhakite: checks
B_loJkl: bets $3
cabrinhakite: calls $3
*** TURN *** [Kd 6d 9d] [3h]
cabrinhakite: checks
B_loJkl: bets $6
cabrinhakite: calls $6
*** RIVER *** [Kd 6d 9d 3h] [2c]
cabrinhakite: checks
B_loJkl: bets $6
cabrinhakite: folds
Uncalled bet ($6) returned to B_loJkl
B_loJkl collected $29.50 from pot
B_loJkl: doesn't show hand
*** SUMMARY ***
Total pot $30 | Rake $0.50
Board [Kd 6d 9d 3h 2c]
Seat 3: B_loJkl (button) (small blind) collected ($29.50)
Seat 5: cabrinhakite (big blind) folded on the River


PokerStars Hand #173257674778:  Hold'em Limit ($3/$6 USD) - 2017/07/19 18:57:50 ET
Table 'Fricke' 6-max Seat #5 is the button
Seat 3: B_loJkl ($189.19 in chips)
Seat 5: cabrinhakite ($69.40 in chips)
cabrinhakite: posts small blind $1
B_loJkl: posts big blind $3
*** HOLE CARDS ***
cabrinhakite: raises $3 to $6
B_loJkl: calls $3
*** FLOP *** [5h Qd 4c]
B_loJkl: checks
cabrinhakite: checks
*** TURN *** [5h Qd 4c] [As]
B_loJkl: bets $6
cabrinhakite: calls $6
*** RIVER *** [5h Qd 4c As] [2d]
B_loJkl: checks
cabrinhakite: bets $6
B_loJkl: calls $6
*** SHOW DOWN ***
cabrinhakite: shows [4s Ad] (two pair, Aces and Fours)
B_loJkl: mucks hand
cabrinhakite collected $35.50 from pot
*** SUMMARY ***
Total pot $36 | Rake $0.50
Board [5h Qd 4c As 2d]
Seat 3: B_loJkl (big blind) mucked
Seat 5: cabrinhakite (button) (small blind) showed [4s Ad] and won ($35.50) with two pair, Aces and Fours


PokerStars Hand #173257695763:  Hold'em Limit ($3/$6 USD) - 2017/07/19 18:58:32 ET
Table 'Fricke' 6-max Seat #5 is the button
Seat 3: B_loJkl ($185.69 in chips)
Seat 5: cabrinhakite ($71.90 in chips)
cabrinhakite: posts small blind $1
B_loJkl: posts big blind $3
*** HOLE CARDS ***
cabrinhakite: raises $3 to $6
B_loJkl: calls $3
*** FLOP *** [Jd 7h 9d]
B_loJkl: checks
cabrinhakite: bets $3
B_loJkl: calls $3
*** TURN *** [Jd 7h 9d] [Jc]
B_loJkl: checks
cabrinhakite: checks
*** RIVER *** [Jd 7h 9d Jc] [8h]
B_loJkl: checks
cabrinhakite: bets $6
B_loJkl: calls $6
*** SHOW DOWN ***
cabrinhakite: shows [8s 2s] (two pair, Jacks and Eights)
B_loJkl: mucks hand
cabrinhakite collected $29.50 from pot
*** SUMMARY ***
Total pot $30 | Rake $0.50
Board [Jd 7h 9d Jc 8h]
Seat 3: B_loJkl (big blind) mucked
Seat 5: cabrinhakite (button) (small blind) showed [8s 2s] and won ($29.50) with two pair, Jacks and Eights


PokerStars Hand #173257717337:  Hold'em Limit ($3/$6 USD) - 2017/07/19 18:59:15 ET
Table 'Fricke' 6-max Seat #3 is the button
Seat 3: B_loJkl ($170.69 in chips)
Seat 5: cabrinhakite ($86.40 in chips)
B_loJkl: posts small blind $1
cabrinhakite: posts big blind $3
*** HOLE CARDS ***
B_loJkl: raises $3 to $6
cabrinhakite: calls $3
*** FLOP *** [8h 5d As]
cabrinhakite: checks
B_loJkl: bets $3
cabrinhakite: calls $3
*** TURN *** [8h 5d As] [Kd]
cabrinhakite: checks
B_loJkl: checks
*** RIVER *** [8h 5d As Kd] [3c]
cabrinhakite: bets $6
B_loJkl: folds
Uncalled bet ($6) returned to cabrinhakite
cabrinhakite collected $17.64 from pot
cabrinhakite: doesn't show hand
*** SUMMARY ***
Total pot $18 | Rake $0.36
Board [8h 5d As Kd 3c]
Seat 3: B_loJkl (button) (small blind) folded on the River
Seat 5: cabrinhakite (big blind) collected ($17.64)


PokerStars Hand #173257735464:  Hold'em Limit ($3/$6 USD) - 2017/07/19 18:59:52 ET
Table 'Fricke' 6-max Seat #5 is the button
Seat 3: B_loJkl ($161.69 in chips)
Seat 5: cabrinhakite ($95.04 in chips)
cabrinhakite: posts small blind $1
B_loJkl: posts big blind $3
*** HOLE CARDS ***
cabrinhakite: calls $2
B_loJkl: raises $3 to $6
cabrinhakite: calls $3
*** FLOP *** [9h Qh Kc]
B_loJkl: checks
cabrinhakite: checks
*** TURN *** [9h Qh Kc] [5c]
B_loJkl: bets $6
cabrinhakite: calls $6
*** RIVER *** [9h Qh Kc 5c] [Th]
B_loJkl: bets $6
cabrinhakite: folds
Uncalled bet ($6) returned to B_loJkl
B_loJkl collected $23.52 from pot
B_loJkl: doesn't show hand
*** SUMMARY ***
Total pot $24 | Rake $0.48
Board [9h Qh Kc 5c Th]
Seat 3: B_loJkl (big blind) collected ($23.52)
Seat 5: cabrinhakite (button) (small blind) folded on the River


PokerStars Hand #173257749262:  Hold'em Limit ($3/$6 USD) - 2017/07/19 19:00:19 ET
Table 'Fricke' 6-max Seat #3 is the button
Seat 3: B_loJkl ($173.21 in chips)
Seat 5: cabrinhakite ($83.04 in chips)
B_loJkl: posts small blind $1
cabrinhakite: posts big blind $3
*** HOLE CARDS ***
B_loJkl: raises $3 to $6
cabrinhakite: folds
Uncalled bet ($3) returned to B_loJkl
B_loJkl collected $6 from pot
B_loJkl: doesn't show hand
*** SUMMARY ***
Total pot $6 | Rake $0
Seat 3: B_loJkl (button) (small blind) collected ($6)
Seat 5: cabrinhakite (big blind) folded before Flop


PokerStars Hand #173257754925:  Hold'em Limit ($3/$6 USD) - 2017/07/19 19:00:30 ET
Table 'Fricke' 6-max Seat #5 is the button
Seat 3: B_loJkl ($176.21 in chips)
Seat 5: cabrinhakite ($80.04 in chips)
cabrinhakite: posts small blind $1
B_loJkl: posts big blind $3
*** HOLE CARDS ***
cabrinhakite: raises $3 to $6
B_loJkl: calls $3
*** FLOP *** [Qs 8d Th]
B_loJkl: checks
cabrinhakite: bets $3
B_loJkl: folds
Uncalled bet ($3) returned to cabrinhakite
cabrinhakite collected $11.76 from pot
cabrinhakite: doesn't show hand
*** SUMMARY ***
Total pot $12 | Rake $0.24
Board [Qs 8d Th]
Seat 3: B_loJkl (big blind) folded on the Flop
Seat 5: cabrinhakite (button) (small blind) collected ($11.76)


PokerStars Hand #173257766798:  Hold'em Limit ($3/$6 USD) - 2017/07/19 19:00:53 ET
Table 'Fricke' 6-max Seat #3 is the button
Seat 3: B_loJkl ($170.21 in chips)
Seat 5: cabrinhakite ($85.80 in chips)
B_loJkl: posts small blind $1
cabrinhakite: posts big blind $3
*** HOLE CARDS ***
B_loJkl: folds
Uncalled bet ($2) returned to cabrinhakite
cabrinhakite collected $2 from pot
cabrinhakite: doesn't show hand
*** SUMMARY ***
Total pot $2 | Rake $0
Seat 3: B_loJkl (button) (small blind) folded before Flop
Seat 5: cabrinhakite (big blind) collected ($2)


PokerStars Hand #173257781965:  Hold'em Limit ($3/$6 USD) - 2017/07/19 19:01:20 ET
Table 'Fricke' 6-max Seat #3 is the button
Seat 3: B_loJkl ($145.21 in chips)
Seat 5: cabrinhakite ($110.30 in chips)
B_loJkl: posts small blind $1
cabrinhakite: posts big blind $3
*** HOLE CARDS ***
B_loJkl: raises $3 to $6
cabrinhakite: calls $3
*** FLOP *** [6d 8h Ad]
cabrinhakite: checks
B_loJkl: bets $3
cabrinhakite: calls $3
*** TURN *** [6d 8h Ad] [Qs]
cabrinhakite: checks
B_loJkl: bets $6
cabrinhakite: calls $6
*** RIVER *** [6d 8h Ad Qs] [Jc]
cabrinhakite: checks
B_loJkl: bets $6
cabrinhakite: raises $6 to $12
B_loJkl: folds
Uncalled bet ($6) returned to cabrinhakite
cabrinhakite collected $41.50 from pot
cabrinhakite: doesn't show hand
*** SUMMARY ***
Total pot $42 | Rake $0.50
Board [6d 8h Ad Qs Jc]
Seat 3: B_loJkl (button) (small blind) folded on the River
Seat 5: cabrinhakite (big blind) collected ($41.50)


PokerStars Hand #173257803781:  Hold'em Limit ($3/$6 USD) - 2017/07/19 19:01:54 ET
Table 'Fricke' 6-max Seat #5 is the button
Seat 3: B_loJkl ($124.21 in chips)
Seat 5: cabrinhakite ($130.80 in chips)
cabrinhakite: posts small blind $1
B_loJkl: posts big blind $3
*** HOLE CARDS ***
cabrinhakite: folds
Uncalled bet ($2) returned to B_loJkl
cabrinhakite leaves the table
B_loJkl collected $2 from pot
B_loJkl: doesn't show hand
*** SUMMARY ***
Total pot $2 | Rake $0
Seat 3: B_loJkl (big blind) collected ($2)
Seat 5: cabrinhakite (button) (small blind) folded before Flop


PokerStars Hand #173257770057:  Hold'em Limit ($3/$6 USD) - 2017/07/19 19:00:59 ET
Table 'Fricke' 6-max Seat #5 is the button
Seat 3: B_loJkl ($169.21 in chips)
Seat 5: cabrinhakite ($86.80 in chips)
cabrinhakite: posts small blind $1
B_loJkl: posts big blind $3
*** HOLE CARDS ***
cabrinhakite: raises $3 to $6
B_loJkl: raises $3 to $9
cabrinhakite: calls $3
*** FLOP *** [Jh 7c 4d]
B_loJkl: bets $3
cabrinhakite: calls $3
*** TURN *** [Jh 7c 4d] [7h]
B_loJkl: bets $6
cabrinhakite: calls $6
*** RIVER *** [Jh 7c 4d 7h] [Ah]
B_loJkl: checks
cabrinhakite: bets $6
B_loJkl: calls $6
*** SHOW DOWN ***
cabrinhakite: shows [As 9s] (two pair, Aces and Sevens)
B_loJkl: mucks hand
cabrinhakite collected $47.50 from pot
*** SUMMARY ***
Total pot $48 | Rake $0.50
Board [Jh 7c 4d 7h Ah]
Seat 3: B_loJkl (big blind) mucked
Seat 5: cabrinhakite (button) (small blind) showed [As 9s] and won ($47.50) with two pair, Aces and Sevens


PokerStars Hand #173257979391:  Hold'em Limit ($3/$6 USD) - 2017/07/19 19:06:06 ET
Table 'Fricke' 6-max Seat #3 is the button
Seat 3: B_loJkl ($125.21 in chips)
Seat 6: sismos404 ($196.70 in chips)
B_loJkl: posts small blind $1
sismos404: posts big blind $3
*** HOLE CARDS ***
B_loJkl: raises $3 to $6
sismos404: calls $3
*** FLOP *** [Kc Td Ts]
sismos404: checks
B_loJkl: bets $3
sismos404: raises $3 to $6
B_loJkl: calls $3
*** TURN *** [Kc Td Ts] [9d]
sismos404: checks
B_loJkl: checks
*** RIVER *** [Kc Td Ts 9d] [Ac]
sismos404: checks
B_loJkl: checks
*** SHOW DOWN ***
sismos404: shows [Qh Kd] (two pair, Kings and Tens)
B_loJkl: mucks hand
sismos404 collected $23.52 from pot
*** SUMMARY ***
Total pot $24 | Rake $0.48
Board [Kc Td Ts 9d Ac]
Seat 3: B_loJkl (button) (small blind) mucked
Seat 6: sismos404 (big blind) showed [Qh Kd] and won ($23.52) with two pair, Kings and Tens


PokerStars Hand #173258018008:  Hold'em Limit ($3/$6 USD) - 2017/07/19 19:06:54 ET
Table 'Fricke' 6-max Seat #6 is the button
Seat 3: B_loJkl ($113.21 in chips)
Seat 6: sismos404 ($208.22 in chips)
sismos404: posts small blind $1
B_loJkl: posts big blind $3
*** HOLE CARDS ***
sismos404: raises $3 to $6
B_loJkl: calls $3
*** FLOP *** [Kd 8h 6c]
B_loJkl: checks
sismos404: bets $3
B_loJkl: raises $3 to $6
sismos404: calls $3
*** TURN *** [Kd 8h 6c] [Kc]
B_loJkl: bets $6
sismos404: calls $6
*** RIVER *** [Kd 8h 6c Kc] [As]
B_loJkl: checks
sismos404: bets $6
B_loJkl: calls $6
*** SHOW DOWN ***
sismos404: shows [7d 9c] (a pair of Kings)
B_loJkl: shows [8c Qh] (two pair, Kings and Eights)
B_loJkl collected $47.50 from pot
*** SUMMARY ***
Total pot $48 | Rake $0.50
Board [Kd 8h 6c Kc As]
Seat 3: B_loJkl (big blind) showed [8c Qh] and won ($47.50) with two pair, Kings and Eights
Seat 6: sismos404 (button) (small blind) showed [7d 9c] and lost with a pair of Kings


PokerStars Hand #173258048109:  Hold'em Limit ($3/$6 USD) - 2017/07/19 19:07:37 ET
Table 'Fricke' 6-max Seat #3 is the button
Seat 3: B_loJkl ($136.71 in chips)
Seat 6: sismos404 ($184.22 in chips)
B_loJkl: posts small blind $1
sismos404: posts big blind $3
*** HOLE CARDS ***
B_loJkl: raises $3 to $6
sismos404: calls $3
*** FLOP *** [6d 4s 8h]
sismos404: bets $3
B_loJkl: calls $3
*** TURN *** [6d 4s 8h] [5d]
sismos404: bets $6
B_loJkl: raises $6 to $12
sismos404: folds
Uncalled bet ($6) returned to B_loJkl
B_loJkl collected $29.50 from pot
B_loJkl: doesn't show hand
*** SUMMARY ***
Total pot $30 | Rake $0.50
Board [6d 4s 8h 5d]
Seat 3: B_loJkl (button) (small blind) collected ($29.50)
Seat 6: sismos404 (big blind) folded on the Turn


PokerStars Hand #173258063537:  Hold'em Limit ($3/$6 USD) - 2017/07/19 19:08:00 ET
Table 'Fricke' 6-max Seat #6 is the button
Seat 3: B_loJkl ($151.21 in chips)
Seat 6: sismos404 ($169.22 in chips)
sismos404: posts small blind $1
B_loJkl: posts big blind $3
*** HOLE CARDS ***
sismos404: raises $3 to $6
B_loJkl: calls $3
*** FLOP *** [7s 5h Jc]
B_loJkl: checks
sismos404: bets $3
B_loJkl: raises $3 to $6
sismos404: calls $3
*** TURN *** [7s 5h Jc] [2c]
B_loJkl: bets $6
sismos404: calls $6
*** RIVER *** [7s 5h Jc 2c] [Td]
B_loJkl: bets $6
sismos404: calls $6
*** SHOW DOWN ***
B_loJkl: shows [8c 6d] (high card Jack)
sismos404: shows [6s Js] (a pair of Jacks)
sismos404 collected $47.50 from pot
*** SUMMARY ***
Total pot $48 | Rake $0.50
Board [7s 5h Jc 2c Td]
Seat 3: B_loJkl (big blind) showed [8c 6d] and lost with high card Jack
Seat 6: sismos404 (button) (small blind) showed [6s Js] and won ($47.50) with a pair of Jacks


PokerStars Hand #173258085686:  Hold'em Limit ($3/$6 USD) - 2017/07/19 19:08:33 ET
Table 'Fricke' 6-max Seat #3 is the button
Seat 3: B_loJkl ($127.21 in chips)
Seat 6: sismos404 ($192.72 in chips)
B_loJkl: posts small blind $1
sismos404: posts big blind $3
*** HOLE CARDS ***
B_loJkl: raises $3 to $6
sismos404: calls $3
*** FLOP *** [2d 3d Qc]
sismos404: checks
B_loJkl: bets $3
sismos404: raises $3 to $6
B_loJkl: calls $3
*** TURN *** [2d 3d Qc] [Ks]
sismos404: bets $6
B_loJkl: calls $6
*** RIVER *** [2d 3d Qc Ks] [Kc]
sismos404: bets $6
B_loJkl: calls $6
*** SHOW DOWN ***
sismos404: shows [Qs 9h] (two pair, Kings and Queens)
B_loJkl: mucks hand
sismos404 collected $47.50 from pot
*** SUMMARY ***
Total pot $48 | Rake $0.50
Board [2d 3d Qc Ks Kc]
Seat 3: B_loJkl (button) (small blind) mucked
Seat 6: sismos404 (big blind) showed [Qs 9h] and won ($47.50) with two pair, Kings and Queens


PokerStars Hand #173258120023:  Hold'em Limit ($3/$6 USD) - 2017/07/19 19:09:23 ET
Table 'Fricke' 6-max Seat #6 is the button
Seat 3: B_loJkl ($103.21 in chips)
Seat 6: sismos404 ($216.22 in chips)
sismos404: posts small blind $1
B_loJkl: posts big blind $3
*** HOLE CARDS ***
sismos404: folds
Uncalled bet ($2) returned to B_loJkl
B_loJkl collected $2 from pot
B_loJkl: doesn't show hand
*** SUMMARY ***
Total pot $2 | Rake $0
Seat 3: B_loJkl (big blind) collected ($2)
Seat 6: sismos404 (button) (small blind) folded before Flop


PokerStars Hand #173258150557:  Hold'em Limit ($3/$6 USD) - 2017/07/19 19:10:09 ET
Table 'Fricke' 6-max Seat #3 is the button
Seat 3: B_loJkl ($84.21 in chips)
Seat 6: sismos404 ($234.72 in chips)
B_loJkl: posts small blind $1
sismos404: posts big blind $3
*** HOLE CARDS ***
B_loJkl: raises $3 to $6
sismos404: calls $3
*** FLOP *** [4h Jd 6d]
sismos404: checks
B_loJkl: bets $3
sismos404: folds
Uncalled bet ($3) returned to B_loJkl
B_loJkl collected $11.76 from pot
B_loJkl: doesn't show hand
*** SUMMARY ***
Total pot $12 | Rake $0.24
Board [4h Jd 6d]
Seat 3: B_loJkl (button) (small blind) collected ($11.76)
Seat 6: sismos404 (big blind) folded on the Flop


PokerStars Hand #173258146678:  Hold'em Limit ($3/$6 USD) - 2017/07/19 19:10:03 ET
Table 'Fricke' 6-max Seat #6 is the button
Seat 3: B_loJkl ($83.21 in chips)
Seat 6: sismos404 ($235.72 in chips)
sismos404: posts small blind $1
B_loJkl: posts big blind $3
*** HOLE CARDS ***
sismos404: folds
Uncalled bet ($2) returned to B_loJkl
B_loJkl collected $2 from pot
B_loJkl: doesn't show hand
*** SUMMARY ***
Total pot $2 | Rake $0
Seat 3: B_loJkl (big blind) collected ($2)
Seat 6: sismos404 (button) (small blind) folded before Flop


PokerStars Hand #173258169394:  Hold'em Limit ($3/$6 USD) - 2017/07/19 19:10:37 ET
Table 'Fricke' 6-max Seat #6 is the button
Seat 3: B_loJkl ($89.97 in chips)
Seat 6: sismos404 ($228.72 in chips)
sismos404: posts small blind $1
B_loJkl: posts big blind $3
*** HOLE CARDS ***
sismos404: raises $3 to $6
B_loJkl: calls $3
*** FLOP *** [Jh Kh Tc]
B_loJkl: checks
sismos404: bets $3
B_loJkl: raises $3 to $6
sismos404: calls $3
*** TURN *** [Jh Kh Tc] [5h]
B_loJkl: bets $6
sismos404: calls $6
*** RIVER *** [Jh Kh Tc 5h] [5d]
B_loJkl: bets $6
sismos404: folds
Uncalled bet ($6) returned to B_loJkl
B_loJkl collected $35.50 from pot
B_loJkl: doesn't show hand
*** SUMMARY ***
Total pot $36 | Rake $0.50
Board [Jh Kh Tc 5h 5d]
Seat 3: B_loJkl (big blind) collected ($35.50)
Seat 6: sismos404 (button) (small blind) folded on the River


PokerStars Hand #173258188960:  Hold'em Limit ($3/$6 USD) - 2017/07/19 19:11:07 ET
Table 'Fricke' 6-max Seat #3 is the button
Seat 3: B_loJkl ($107.47 in chips)
Seat 6: sismos404 ($210.72 in chips)
B_loJkl: posts small blind $1
sismos404: posts big blind $3
*** HOLE CARDS ***
B_loJkl: raises $3 to $6
sismos404: folds
Uncalled bet ($3) returned to B_loJkl
B_loJkl collected $6 from pot
B_loJkl: doesn't show hand
*** SUMMARY ***
Total pot $6 | Rake $0
Seat 3: B_loJkl (button) (small blind) collected ($6)
Seat 6: sismos404 (big blind) folded before Flop


PokerStars Hand #173258195903:  Hold'em Limit ($3/$6 USD) - 2017/07/19 19:11:17 ET
Table 'Fricke' 6-max Seat #6 is the button
Seat 3: B_loJkl ($110.47 in chips)
Seat 6: sismos404 ($207.72 in chips)
sismos404: posts small blind $1
B_loJkl: posts big blind $3
*** HOLE CARDS ***
sismos404: folds
Uncalled bet ($2) returned to B_loJkl
sismos404 leaves the table
B_loJkl collected $2 from pot
B_loJkl: doesn't show hand
*** SUMMARY ***
Total pot $2 | Rake $0
Seat 3: B_loJkl (big blind) collected ($2)
Seat 6: sismos404 (button) (small blind) folded before Flop


PokerStars Hand #173258581935:  Hold'em Limit ($3/$6 USD) - 2017/07/19 19:21:14 ET
Table 'Fricke' 6-max Seat #3 is the button
Seat 3: B_loJkl ($111.47 in chips)
Seat 6: dmonr ($35 in chips)
B_loJkl: posts small blind $1
dmonr: posts big blind $3
*** HOLE CARDS ***
B_loJkl: raises $3 to $6
dmonr: calls $3
*** FLOP *** [Ah 2s 6s]
dmonr: checks
B_loJkl: bets $3
hairy1961 joins the table at seat #2
dmonr: calls $3
*** TURN *** [Ah 2s 6s] [Ts]
dmonr: checks
B_loJkl: bets $6
dmonr: folds
Uncalled bet ($6) returned to B_loJkl
B_loJkl collected $17.64 from pot
B_loJkl: doesn't show hand
*** SUMMARY ***
Total pot $18 | Rake $0.36
Board [Ah 2s 6s Ts]
Seat 3: B_loJkl (button) (small blind) collected ($17.64)
Seat 6: dmonr (big blind) folded on the Turn


PokerStars Hand #173258721985:  Hold'em Limit ($3/$6 USD) - 2017/07/19 19:25:06 ET
Table 'Fricke' 6-max Seat #2 is the button
Seat 2: hairy1961 ($60.38 in chips)
Seat 6: dmonr ($54.69 in chips)
hairy1961: posts small blind $1
dmonr: posts big blind $3
*** HOLE CARDS ***
hairy1961: raises $3 to $6
dmonr: calls $3
*** FLOP *** [7s 4s 2s]
dmonr: checks
hairy1961: bets $3
dmonr: calls $3
*** TURN *** [7s 4s 2s] [8c]
dmonr: checks
hairy1961: checks
*** RIVER *** [7s 4s 2s 8c] [5s]
dmonr: bets $6
hairy1961: calls $6
*** SHOW DOWN ***
dmonr: shows [6s 6d] (a flush, Seven high)
hairy1961: mucks hand
dmonr collected $29.50 from pot
*** SUMMARY ***
Total pot $30 | Rake $0.50
Board [7s 4s 2s 8c 5s]
Seat 2: hairy1961 (button) (small blind) mucked
Seat 6: dmonr (big blind) showed [6s 6d] and won ($29.50) with a flush, Seven high


PokerStars Hand #173258737374:  Hold'em Limit ($3/$6 USD) - 2017/07/19 19:25:32 ET
Table 'Fricke' 6-max Seat #2 is the button
Seat 2: hairy1961 ($46.38 in chips)
Seat 6: dmonr ($68.19 in chips)
hairy1961: posts small blind $1
dmonr: posts big blind $3
*** HOLE CARDS ***
hairy1961: folds
Uncalled bet ($2) returned to dmonr
dmonr collected $2 from pot
dmonr: doesn't show hand
*** SUMMARY ***
Total pot $2 | Rake $0
Seat 2: hairy1961 (button) (small blind) folded before Flop
Seat 6: dmonr (big blind) collected ($2)


PokerStars Hand #173258733552:  Hold'em Limit ($3/$6 USD) - 2017/07/19 19:25:25 ET
Table 'Fricke' 6-max Seat #6 is the button
Seat 2: hairy1961 ($45.38 in chips)
Seat 6: dmonr ($69.19 in chips)
dmonr: posts small blind $1
hairy1961: posts big blind $3
*** HOLE CARDS ***
dmonr: folds
Uncalled bet ($2) returned to hairy1961
hairy1961 collected $2 from pot
*** SUMMARY ***
Total pot $2 | Rake $0
Seat 2: hairy1961 (big blind) collected ($2)
Seat 6: dmonr (button) (small blind) folded before Flop


PokerStars Hand #173259156808:  Hold'em Limit ($3/$6 USD) - 2017/07/19 19:38:02 ET
Table 'Fricke' 6-max Seat #4 is the button
Seat 3: B_loJkl ($127.88 in chips)
Seat 4: krytalex ($148.98 in chips)
krytalex: posts small blind $1
B_loJkl: posts big blind $3
*** HOLE CARDS ***
krytalex: folds
Uncalled bet ($2) returned to B_loJkl
B_loJkl collected $2 from pot
B_loJkl: doesn't show hand
hairy1961 leaves the table
*** SUMMARY ***
Total pot $2 | Rake $0
Seat 3: B_loJkl (big blind) collected ($2)
Seat 4: krytalex (button) (small blind) folded before Flop


PokerStars Hand #173259195840:  Hold'em Limit ($3/$6 USD) - 2017/07/19 19:39:16 ET
Table 'Fricke' 6-max Seat #4 is the button
Seat 3: B_loJkl ($137.52 in chips)
Seat 4: krytalex ($138.98 in chips)
krytalex: posts small blind $1
B_loJkl: posts big blind $3
*** HOLE CARDS ***
krytalex: folds
Uncalled bet ($2) returned to B_loJkl
B_loJkl collected $2 from pot
B_loJkl: doesn't show hand
*** SUMMARY ***
Total pot $2 | Rake $0
Seat 3: B_loJkl (big blind) collected ($2)
Seat 4: krytalex (button) (small blind) folded before Flop


