PokerStars Hand #172842780435:  Hold'em Limit ($3/$6 USD) - 2017/07/10 6:57:11 ET
Table 'Fricke' 6-max Seat #1 is the button
Seat 1: SLK500 ($120 in chips)
Seat 4: MTails ($120 in chips)
SLK500: posts small blind $1
MTails: posts big blind $3
*** HOLE CARDS ***
SLK500: raises $3 to $6
MTails: raises $3 to $9
SLK500: calls $3
*** FLOP *** [Th 5d 3d]
MTails: bets $3
SLK500: calls $3
*** TURN *** [Th 5d 3d] [Qc]
MTails: bets $6
SLK500: folds
Uncalled bet ($6) returned to MTails
MTails collected $23.52 from pot
*** SUMMARY ***
Total pot $24 | Rake $0.48
Board [Th 5d 3d Qc]
Seat 1: SLK500 (button) (small blind) folded on the Turn
Seat 4: MTails (big blind) collected ($23.52)


PokerStars Hand #172842789588:  Hold'em Limit ($3/$6 USD) - 2017/07/10 6:57:36 ET
Table 'Fricke' 6-max Seat #4 is the button
Seat 1: SLK500 ($108 in chips)
Seat 4: MTails ($131.52 in chips)
MTails: posts small blind $1
SLK500: posts big blind $3
*** HOLE CARDS ***
MTails: raises $3 to $6
SLK500: calls $3
*** FLOP *** [2d Qc 5s]
SLK500: bets $3
MTails: calls $3
*** TURN *** [2d Qc 5s] [7s]
SLK500: bets $6
MTails: calls $6
*** RIVER *** [2d Qc 5s 7s] [6c]
SLK500: bets $6
MTails: calls $6
*** SHOW DOWN ***
SLK500: shows [5d Kh] (a pair of Fives)
MTails: mucks hand
SLK500 collected $41.50 from pot
*** SUMMARY ***
Total pot $42 | Rake $0.50
Board [2d Qc 5s 7s 6c]
Seat 1: SLK500 (big blind) showed [5d Kh] and won ($41.50) with a pair of Fives
Seat 4: MTails (button) (small blind) mucked


PokerStars Hand #172842796945:  Hold'em Limit ($3/$6 USD) - 2017/07/10 6:57:57 ET
Table 'Fricke' 6-max Seat #1 is the button
Seat 1: SLK500 ($128.50 in chips)
Seat 4: MTails ($110.52 in chips)
SLK500: posts small blind $1
MTails: posts big blind $3
*** HOLE CARDS ***
SLK500: raises $3 to $6
MTails: calls $3
*** FLOP *** [4d Qh 7h]
MTails: checks
SLK500: bets $3
MTails: calls $3
*** TURN *** [4d Qh 7h] [3s]
MTails: checks
SLK500: checks
*** RIVER *** [4d Qh 7h 3s] [4h]
MTails: bets $6
SLK500: folds
Uncalled bet ($6) returned to MTails
MTails collected $17.64 from pot
*** SUMMARY ***
Total pot $18 | Rake $0.36
Board [4d Qh 7h 3s 4h]
Seat 1: SLK500 (button) (small blind) folded on the River
Seat 4: MTails (big blind) collected ($17.64)


PokerStars Hand #172842818013:  Hold'em Limit ($3/$6 USD) - 2017/07/10 6:58:56 ET
Table 'Fricke' 6-max Seat #1 is the button
Seat 1: SLK500 ($131.02 in chips)
Seat 4: MTails ($167.16 in chips)
SLK500: posts small blind $1
MTails: posts big blind $3
*** HOLE CARDS ***
SLK500: raises $3 to $6
MTails: calls $3
*** FLOP *** [Ks 3s 6s]
MTails: checks
SLK500: bets $3
MTails: calls $3
*** TURN *** [Ks 3s 6s] [3d]
MTails: checks
SLK500: bets $6
MTails: calls $6
*** RIVER *** [Ks 3s 6s 3d] [4s]
MTails: bets $6
SLK500: raises $6 to $12
MTails: folds
Uncalled bet ($6) returned to SLK500
SLK500 collected $41.50 from pot
SLK500: doesn't show hand
*** SUMMARY ***
Total pot $42 | Rake $0.50
Board [Ks 3s 6s 3d 4s]
Seat 1: SLK500 (button) (small blind) collected ($41.50)
Seat 4: MTails (big blind) folded on the River


PokerStars Hand #172842825085:  Hold'em Limit ($3/$6 USD) - 2017/07/10 6:59:16 ET
Table 'Fricke' 6-max Seat #4 is the button
Seat 1: SLK500 ($151.52 in chips)
Seat 4: MTails ($146.16 in chips)
MTails: posts small blind $1
SLK500: posts big blind $3
*** HOLE CARDS ***
MTails: raises $3 to $6
SLK500: folds
Uncalled bet ($3) returned to MTails
MTails collected $6 from pot
*** SUMMARY ***
Total pot $6 | Rake $0
Seat 1: SLK500 (big blind) folded before Flop
Seat 4: MTails (button) (small blind) collected ($6)


PokerStars Hand #172842827654:  Hold'em Limit ($3/$6 USD) - 2017/07/10 6:59:23 ET
Table 'Fricke' 6-max Seat #1 is the button
Seat 1: SLK500 ($148.52 in chips)
Seat 4: MTails ($149.16 in chips)
SLK500: posts small blind $1
MTails: posts big blind $3
*** HOLE CARDS ***
SLK500: folds
Uncalled bet ($2) returned to MTails
MTails collected $2 from pot
jack5077999 joins the table at seat #3
*** SUMMARY ***
Total pot $2 | Rake $0
Seat 1: SLK500 (button) (small blind) folded before Flop
Seat 4: MTails (big blind) collected ($2)


PokerStars Hand #172842807766:  Hold'em Limit ($3/$6 USD) - 2017/07/10 6:58:28 ET
Table 'Fricke' 6-max Seat #4 is the button
Seat 1: SLK500 ($119.50 in chips)
Seat 4: MTails ($179.16 in chips)
MTails: posts small blind $1
SLK500: posts big blind $3
*** HOLE CARDS ***
MTails: raises $3 to $6
SLK500: raises $3 to $9
MTails: calls $3
*** FLOP *** [6c Qd Ks]
SLK500: bets $3
MTails: calls $3
*** TURN *** [6c Qd Ks] [4d]
SLK500: bets $6
MTails: folds
Uncalled bet ($6) returned to SLK500
SLK500 collected $23.52 from pot
SLK500: doesn't show hand
*** SUMMARY ***
Total pot $24 | Rake $0.48
Board [6c Qd Ks 4d]
Seat 1: SLK500 (big blind) collected ($23.52)
Seat 4: MTails (button) (small blind) folded on the Turn


PokerStars Hand #172842838012:  Hold'em Limit ($3/$6 USD) - 2017/07/10 6:59:52 ET
Table 'Fricke' 6-max Seat #3 is the button
Seat 3: jack5077999 ($123.50 in chips)
Seat 4: MTails ($126.16 in chips)
jack5077999: posts small blind $1
MTails: posts big blind $3
*** HOLE CARDS ***
jack5077999: raises $3 to $6
MTails: calls $3
*** FLOP *** [Ad 6s 3s]
MTails: checks
jack5077999: bets $3
MTails: folds
Uncalled bet ($3) returned to jack5077999
jack5077999 collected $11.76 from pot
jack5077999: doesn't show hand
*** SUMMARY ***
Total pot $12 | Rake $0.24
Board [Ad 6s 3s]
Seat 3: jack5077999 (button) (small blind) collected ($11.76)
Seat 4: MTails (big blind) folded on the Flop


PokerStars Hand #172842829949:  Hold'em Limit ($3/$6 USD) - 2017/07/10 6:59:30 ET
Table 'Fricke' 6-max Seat #4 is the button
Seat 3: jack5077999 ($100 in chips)
Seat 4: MTails ($150.16 in chips)
SLK500 leaves the table
MTails: posts small blind $1
jack5077999: posts big blind $3
*** HOLE CARDS ***
MTails: raises $3 to $6
jack5077999: raises $3 to $9
MTails: calls $3
*** FLOP *** [7d Jd Ah]
jack5077999: bets $3
MTails: calls $3
*** TURN *** [7d Jd Ah] [4d]
jack5077999: bets $6
MTails: calls $6
*** RIVER *** [7d Jd Ah 4d] [6c]
jack5077999: bets $6
MTails: calls $6
*** SHOW DOWN ***
jack5077999: shows [As 3c] (a pair of Aces)
MTails: mucks hand
jack5077999 collected $47.50 from pot
*** SUMMARY ***
Total pot $48 | Rake $0.50
Board [7d Jd Ah 4d 6c]
Seat 3: jack5077999 (big blind) showed [As 3c] and won ($47.50) with a pair of Aces
Seat 4: MTails (button) (small blind) mucked


