PokerStars Hand #148593419179:  Hold'em Limit ($3/$6 USD) - 2016/02/10 20:13:01 ET
Table 'Friederike' 2-max Seat #2 is the button
Seat 1: aruhtart ($120 in chips)
Seat 2: Looosersulze ($74.66 in chips)
Looosersulze: posts small blind $1
aruhtart: posts big blind $3
*** HOLE CARDS ***
Looosersulze: raises $3 to $6
aruhtart: calls $3
*** FLOP *** [4c 4h 5h]
aruhtart: checks
Looosersulze: bets $3
aruhtart: calls $3
*** TURN *** [4c 4h 5h] [8h]
aruhtart: checks
Looosersulze: bets $6
aruhtart: calls $6
*** RIVER *** [4c 4h 5h 8h] [8s]
aruhtart: checks
Looosersulze: bets $6
aruhtart: calls $6
*** SHOW DOWN ***
Looosersulze: shows [2d 5d] (two pair, Eights and Fives)
aruhtart: mucks hand
Looosersulze collected $41.50 from pot
*** SUMMARY ***
Total pot $42 | Rake $0.50
Board [4c 4h 5h 8h 8s]
Seat 1: aruhtart (big blind) mucked
Seat 2: Looosersulze (button) (small blind) showed [2d 5d] and won ($41.50) with two pair, Eights and Fives


PokerStars Hand #148593449607:  Hold'em Limit ($3/$6 USD) - 2016/02/10 20:13:56 ET
Table 'Friederike' 2-max Seat #2 is the button
Seat 1: aruhtart ($120 in chips)
Seat 2: Looosersulze ($96.16 in chips)
Looosersulze: posts small blind $1
aruhtart: posts big blind $3
*** HOLE CARDS ***
Looosersulze: raises $3 to $6
aruhtart: calls $3
*** FLOP *** [Ts 9h Qs]
aruhtart: checks
Looosersulze: bets $3
aruhtart: calls $3
*** TURN *** [Ts 9h Qs] [2s]
aruhtart: checks
Looosersulze: checks
*** RIVER *** [Ts 9h Qs 2s] [7s]
aruhtart: checks
Looosersulze: checks
*** SHOW DOWN ***
aruhtart: shows [9d 6c] (a pair of Nines)
Looosersulze: shows [Kc Tc] (a pair of Tens)
Looosersulze collected $17.64 from pot
*** SUMMARY ***
Total pot $18 | Rake $0.36
Board [Ts 9h Qs 2s 7s]
Seat 1: aruhtart (big blind) showed [9d 6c] and lost with a pair of Nines
Seat 2: Looosersulze (button) (small blind) showed [Kc Tc] and won ($17.64) with a pair of Tens


PokerStars Hand #148593444868:  Hold'em Limit ($3/$6 USD) - 2016/02/10 20:13:47 ET
Table 'Friederike' 2-max Seat #1 is the button
Seat 1: aruhtart ($120 in chips)
Seat 2: Looosersulze ($95.16 in chips)
aruhtart: posts small blind $1
Looosersulze: posts big blind $3
*** HOLE CARDS ***
aruhtart: folds
Uncalled bet ($2) returned to Looosersulze
Looosersulze collected $2 from pot
Looosersulze: doesn't show hand
*** SUMMARY ***
Total pot $2 | Rake $0
Seat 1: aruhtart (button) (small blind) folded before Flop
Seat 2: Looosersulze (big blind) collected ($2)


PokerStars Hand #148593494374:  Hold'em Limit ($3/$6 USD) - 2016/02/10 20:15:16 ET
Table 'Friederike' 2-max Seat #2 is the button
Seat 1: aruhtart ($120 in chips)
Seat 2: Looosersulze ($119.30 in chips)
Looosersulze: posts small blind $1
aruhtart: posts big blind $3
*** HOLE CARDS ***
Looosersulze: raises $3 to $6
aruhtart: folds
Uncalled bet ($3) returned to Looosersulze
Looosersulze collected $6 from pot
Looosersulze: doesn't show hand
*** SUMMARY ***
Total pot $6 | Rake $0
Seat 1: aruhtart (big blind) folded before Flop
Seat 2: Looosersulze (button) (small blind) collected ($6)


PokerStars Hand #148593473327:  Hold'em Limit ($3/$6 USD) - 2016/02/10 20:14:39 ET
Table 'Friederike' 2-max Seat #1 is the button
Seat 1: aruhtart ($120 in chips)
Seat 2: Looosersulze ($104.80 in chips)
aruhtart: posts small blind $1
Looosersulze: posts big blind $3
*** HOLE CARDS ***
aruhtart: raises $3 to $6
Looosersulze: calls $3
*** FLOP *** [3s 4s As]
Looosersulze: checks
aruhtart: bets $3
Looosersulze: calls $3
*** TURN *** [3s 4s As] [Ah]
Looosersulze: checks
aruhtart: bets $6
Looosersulze: raises $6 to $12
aruhtart: folds
Uncalled bet ($6) returned to Looosersulze
Looosersulze collected $29.50 from pot
Looosersulze: doesn't show hand
*** SUMMARY ***
Total pot $30 | Rake $0.50
Board [3s 4s As Ah]
Seat 1: aruhtart (button) (small blind) folded on the Turn
Seat 2: Looosersulze (big blind) collected ($29.50)


PokerStars Hand #148593534247:  Hold'em Limit ($3/$6 USD) - 2016/02/10 20:16:28 ET
Table 'Friederike' 2-max Seat #1 is the button
Seat 1: aruhtart ($140.50 in chips)
Seat 2: Looosersulze ($101.06 in chips)
aruhtart: posts small blind $1
Looosersulze: posts big blind $3
*** HOLE CARDS ***
aruhtart: raises $3 to $6
Looosersulze: calls $3
*** FLOP *** [Ad Jh 8c]
Looosersulze: checks
aruhtart: bets $3
Looosersulze: folds
Uncalled bet ($3) returned to aruhtart
aruhtart collected $11.76 from pot
aruhtart: doesn't show hand
*** SUMMARY ***
Total pot $12 | Rake $0.24
Board [Ad Jh 8c]
Seat 1: aruhtart (button) (small blind) collected ($11.76)
Seat 2: Looosersulze (big blind) folded on the Flop


PokerStars Hand #148593513805:  Hold'em Limit ($3/$6 USD) - 2016/02/10 20:15:51 ET
Table 'Friederike' 2-max Seat #2 is the button
Seat 1: aruhtart ($146.50 in chips)
Seat 2: Looosersulze ($95.30 in chips)
Looosersulze: posts small blind $1
aruhtart: posts big blind $3
*** HOLE CARDS ***
Looosersulze: raises $3 to $6
aruhtart: calls $3
*** FLOP *** [Qs 6h 2d]
aruhtart: checks
Looosersulze: checks
*** TURN *** [Qs 6h 2d] [3d]
aruhtart: checks
Looosersulze: bets $6
aruhtart: folds
Uncalled bet ($6) returned to Looosersulze
Looosersulze collected $11.76 from pot
Looosersulze: doesn't show hand
*** SUMMARY ***
Total pot $12 | Rake $0.24
Board [Qs 6h 2d 3d]
Seat 1: aruhtart (big blind) folded on the Turn
Seat 2: Looosersulze (button) (small blind) collected ($11.76)


PokerStars Hand #148593497082:  Hold'em Limit ($3/$6 USD) - 2016/02/10 20:15:21 ET
Table 'Friederike' 2-max Seat #1 is the button
Seat 1: aruhtart ($120 in chips)
Seat 2: Looosersulze ($122.30 in chips)
aruhtart: posts small blind $1
Looosersulze: posts big blind $3
*** HOLE CARDS ***
aruhtart: raises $3 to $6
Looosersulze: calls $3
*** FLOP *** [6d 8c 2s]
Looosersulze: bets $3
aruhtart: calls $3
*** TURN *** [6d 8c 2s] [2d]
Looosersulze: bets $6
aruhtart: raises $6 to $12
Looosersulze: calls $6
*** RIVER *** [6d 8c 2s 2d] [Qh]
Looosersulze: checks
aruhtart: bets $6
Looosersulze: calls $6
*** SHOW DOWN ***
aruhtart: shows [2c Kd] (three of a kind, Deuces)
Looosersulze: mucks hand
aruhtart collected $53.50 from pot
*** SUMMARY ***
Total pot $54 | Rake $0.50
Board [6d 8c 2s 2d Qh]
Seat 1: aruhtart (button) (small blind) showed [2c Kd] and won ($53.50) with three of a kind, Deuces
Seat 2: Looosersulze (big blind) mucked


PokerStars Hand #148593560308:  Hold'em Limit ($3/$6 USD) - 2016/02/10 20:17:15 ET
Table 'Friederike' 2-max Seat #1 is the button
Seat 1: aruhtart ($169.76 in chips)
Seat 2: Looosersulze ($71.06 in chips)
aruhtart: posts small blind $1
Looosersulze: posts big blind $3
*** HOLE CARDS ***
aruhtart: folds
Uncalled bet ($2) returned to Looosersulze
Looosersulze collected $2 from pot
Looosersulze: doesn't show hand
*** SUMMARY ***
Total pot $2 | Rake $0
Seat 1: aruhtart (button) (small blind) folded before Flop
Seat 2: Looosersulze (big blind) collected ($2)


PokerStars Hand #148593543632:  Hold'em Limit ($3/$6 USD) - 2016/02/10 20:16:45 ET
Table 'Friederike' 2-max Seat #2 is the button
Seat 1: aruhtart ($146.26 in chips)
Seat 2: Looosersulze ($95.06 in chips)
Looosersulze: posts small blind $1
aruhtart: posts big blind $3
*** HOLE CARDS ***
Looosersulze: raises $3 to $6
aruhtart: raises $3 to $9
Looosersulze: calls $3
*** FLOP *** [3s 8c 7c]
aruhtart: bets $3
Looosersulze: calls $3
*** TURN *** [3s 8c 7c] [Jh]
aruhtart: bets $6
Looosersulze: calls $6
*** RIVER *** [3s 8c 7c Jh] [9c]
aruhtart: checks
Looosersulze: bets $6
aruhtart: calls $6
*** SHOW DOWN ***
Looosersulze: shows [5d 4s] (high card Jack)
aruhtart: shows [9s Ks] (a pair of Nines)
aruhtart collected $47.50 from pot
*** SUMMARY ***
Total pot $48 | Rake $0.50
Board [3s 8c 7c Jh 9c]
Seat 1: aruhtart (big blind) showed [9s Ks] and won ($47.50) with a pair of Nines
Seat 2: Looosersulze (button) (small blind) showed [5d 4s] and lost with high card Jack


PokerStars Hand #148593606001:  Hold'em Limit ($3/$6 USD) - 2016/02/10 20:18:37 ET
Table 'Friederike' 2-max Seat #2 is the button
Seat 1: aruhtart ($187.90 in chips)
Seat 2: Looosersulze ($51.58 in chips)
Looosersulze: posts small blind $1
aruhtart: posts big blind $3
*** HOLE CARDS ***
Looosersulze: folds
Uncalled bet ($2) returned to aruhtart
aruhtart collected $2 from pot
aruhtart: doesn't show hand
*** SUMMARY ***
Total pot $2 | Rake $0
Seat 1: aruhtart (big blind) collected ($2)
Seat 2: Looosersulze (button) (small blind) folded before Flop


PokerStars Hand #148593602912:  Hold'em Limit ($3/$6 USD) - 2016/02/10 20:18:32 ET
Table 'Friederike' 2-max Seat #1 is the button
Seat 1: aruhtart ($188.90 in chips)
Seat 2: Looosersulze ($50.58 in chips)
aruhtart: posts small blind $1
Looosersulze: posts big blind $3
*** HOLE CARDS ***
aruhtart: folds
Uncalled bet ($2) returned to Looosersulze
Looosersulze collected $2 from pot
Looosersulze: doesn't show hand
*** SUMMARY ***
Total pot $2 | Rake $0
Seat 1: aruhtart (button) (small blind) folded before Flop
Seat 2: Looosersulze (big blind) collected ($2)


PokerStars Hand #148593593285:  Hold'em Limit ($3/$6 USD) - 2016/02/10 20:18:15 ET
Table 'Friederike' 2-max Seat #2 is the button
Seat 1: aruhtart ($165.40 in chips)
Seat 2: Looosersulze ($74.58 in chips)
Looosersulze: posts small blind $1
aruhtart: posts big blind $3
*** HOLE CARDS ***
Looosersulze: raises $3 to $6
aruhtart: raises $3 to $9
Looosersulze: calls $3
*** FLOP *** [6h Qs 9d]
aruhtart: bets $3
Looosersulze: calls $3
*** TURN *** [6h Qs 9d] [7s]
aruhtart: bets $6
Looosersulze: calls $6
*** RIVER *** [6h Qs 9d 7s] [Jc]
aruhtart: bets $6
Looosersulze: calls $6
*** SHOW DOWN ***
aruhtart: shows [Qh Qc] (three of a kind, Queens)
Looosersulze: mucks hand
aruhtart collected $47.50 from pot
*** SUMMARY ***
Total pot $48 | Rake $0.50
Board [6h Qs 9d 7s Jc]
Seat 1: aruhtart (big blind) showed [Qh Qc] and won ($47.50) with three of a kind, Queens
Seat 2: Looosersulze (button) (small blind) mucked


PokerStars Hand #148593581170:  Hold'em Limit ($3/$6 USD) - 2016/02/10 20:17:53 ET
Table 'Friederike' 2-max Seat #1 is the button
Seat 1: aruhtart ($177.40 in chips)
Seat 2: Looosersulze ($63.06 in chips)
aruhtart: posts small blind $1
Looosersulze: posts big blind $3
*** HOLE CARDS ***
aruhtart: raises $3 to $6
Looosersulze: calls $3
*** FLOP *** [2c 9d Qd]
Looosersulze: bets $3
aruhtart: raises $3 to $6
Looosersulze: calls $3
*** TURN *** [2c 9d Qd] [9s]
Looosersulze: checks
aruhtart: checks
*** RIVER *** [2c 9d Qd 9s] [9c]
Looosersulze: bets $6
aruhtart: folds
Uncalled bet ($6) returned to Looosersulze
Looosersulze collected $23.52 from pot
Looosersulze: doesn't show hand
*** SUMMARY ***
Total pot $24 | Rake $0.48
Board [2c 9d Qd 9s 9c]
Seat 1: aruhtart (button) (small blind) folded on the River
Seat 2: Looosersulze (big blind) collected ($23.52)


PokerStars Hand #148593565189:  Hold'em Limit ($3/$6 USD) - 2016/02/10 20:17:24 ET
Table 'Friederike' 2-max Seat #2 is the button
Seat 1: aruhtart ($168.76 in chips)
Seat 2: Looosersulze ($72.06 in chips)
Looosersulze: posts small blind $1
aruhtart: posts big blind $3
*** HOLE CARDS ***
Looosersulze: raises $3 to $6
aruhtart: calls $3
*** FLOP *** [3c 5s 8h]
aruhtart: checks
Looosersulze: bets $3
aruhtart: calls $3
*** TURN *** [3c 5s 8h] [Th]
aruhtart: checks
Looosersulze: checks
*** RIVER *** [3c 5s 8h Th] [5d]
aruhtart: checks
Looosersulze: checks
*** SHOW DOWN ***
aruhtart: shows [3h Qh] (two pair, Fives and Threes)
Looosersulze: mucks hand
aruhtart collected $17.64 from pot
*** SUMMARY ***
Total pot $18 | Rake $0.36
Board [3c 5s 8h Th 5d]
Seat 1: aruhtart (big blind) showed [3h Qh] and won ($17.64) with two pair, Fives and Threes
Seat 2: Looosersulze (button) (small blind) mucked


PokerStars Hand #148593635680:  Hold'em Limit ($3/$6 USD) - 2016/02/10 20:19:31 ET
Table 'Friederike' 2-max Seat #2 is the button
Seat 1: aruhtart ($218.04 in chips)
Seat 2: Looosersulze ($20.34 in chips)
Looosersulze: posts small blind $1
aruhtart: posts big blind $3
*** HOLE CARDS ***
Looosersulze: raises $3 to $6
aruhtart: raises $3 to $9
Looosersulze: calls $3
*** FLOP *** [Ah 7s 6d]
aruhtart: bets $3
Looosersulze: calls $3
*** TURN *** [Ah 7s 6d] [8c]
aruhtart: bets $6
Looosersulze: calls $6
*** RIVER *** [Ah 7s 6d 8c] [7d]
aruhtart: bets $6
Looosersulze: calls $2.34 and is all-in
Uncalled bet ($3.66) returned to aruhtart
*** SHOW DOWN ***
aruhtart: shows [Tc Td] (two pair, Tens and Sevens)
Looosersulze: shows [5c 5d] (two pair, Sevens and Fives)
aruhtart collected $40.18 from pot
*** SUMMARY ***
Total pot $40.68 | Rake $0.50
Board [Ah 7s 6d 8c 7d]
Seat 1: aruhtart (big blind) showed [Tc Td] and won ($40.18) with two pair, Tens and Sevens
Seat 2: Looosersulze (button) (small blind) showed [5c 5d] and lost with two pair, Sevens and Fives


PokerStars Hand #148593627543:  Hold'em Limit ($3/$6 USD) - 2016/02/10 20:19:17 ET
Table 'Friederike' 2-max Seat #1 is the button
Seat 1: aruhtart ($209.40 in chips)
Seat 2: Looosersulze ($29.34 in chips)
aruhtart: posts small blind $1
Looosersulze: posts big blind $3
*** HOLE CARDS ***
aruhtart: raises $3 to $6
Looosersulze: calls $3
*** FLOP *** [Th 6s 4h]
Looosersulze: checks
aruhtart: bets $3
Looosersulze: calls $3
*** TURN *** [Th 6s 4h] [4c]
Looosersulze: checks
aruhtart: bets $6
Looosersulze: folds
Uncalled bet ($6) returned to aruhtart
aruhtart collected $17.64 from pot
aruhtart: doesn't show hand
*** SUMMARY ***
Total pot $18 | Rake $0.36
Board [Th 6s 4h 4c]
Seat 1: aruhtart (button) (small blind) collected ($17.64)
Seat 2: Looosersulze (big blind) folded on the Turn


PokerStars Hand #148593620035:  Hold'em Limit ($3/$6 USD) - 2016/02/10 20:19:03 ET
Table 'Friederike' 2-max Seat #2 is the button
Seat 1: aruhtart ($215.40 in chips)
Seat 2: Looosersulze ($23.58 in chips)
Looosersulze: posts small blind $1
aruhtart: posts big blind $3
*** HOLE CARDS ***
Looosersulze: raises $3 to $6
aruhtart: calls $3
*** FLOP *** [8c 4s 9d]
aruhtart: checks
Looosersulze: bets $3
aruhtart: folds
Uncalled bet ($3) returned to Looosersulze
Looosersulze collected $11.76 from pot
Looosersulze: doesn't show hand
*** SUMMARY ***
Total pot $12 | Rake $0.24
Board [8c 4s 9d]
Seat 1: aruhtart (big blind) folded on the Flop
Seat 2: Looosersulze (button) (small blind) collected ($11.76)


PokerStars Hand #148593609009:  Hold'em Limit ($3/$6 USD) - 2016/02/10 20:18:43 ET
Table 'Friederike' 2-max Seat #1 is the button
Seat 1: aruhtart ($188.90 in chips)
Seat 2: Looosersulze ($50.58 in chips)
aruhtart: posts small blind $1
Looosersulze: posts big blind $3
*** HOLE CARDS ***
aruhtart: raises $3 to $6
Looosersulze: calls $3
*** FLOP *** [6h 9s Qh]
Looosersulze: bets $3
aruhtart: calls $3
*** TURN *** [6h 9s Qh] [Ad]
Looosersulze: bets $6
aruhtart: calls $6
*** RIVER *** [6h 9s Qh Ad] [7h]
Looosersulze: bets $6
aruhtart: raises $6 to $12
Looosersulze: calls $6
*** SHOW DOWN ***
aruhtart: shows [Qd 7c] (two pair, Queens and Sevens)
Looosersulze: mucks hand
aruhtart collected $53.50 from pot
*** SUMMARY ***
Total pot $54 | Rake $0.50
Board [6h 9s Qh Ad 7h]
Seat 1: aruhtart (button) (small blind) showed [Qd 7c] and won ($53.50) with two pair, Queens and Sevens
Seat 2: Looosersulze (big blind) mucked


