PokerStars Hand #162261078433:  Hold'em Limit ($3/$6 USD) - 2016/12/01 17:14:57 ET
Table 'Friederike' 6-max Seat #6 is the button
Seat 1: assitoni ($72 in chips)
Seat 6: HAOYUN88888 ($50 in chips)
HAOYUN88888: posts small blind $1
assitoni: posts big blind $3
*** HOLE CARDS ***
HAOYUN88888: raises $3 to $6
assitoni: folds
Uncalled bet ($3) returned to HAOYUN88888
HAOYUN88888 collected $6 from pot
HAOYUN88888: doesn't show hand
*** SUMMARY ***
Total pot $6 | Rake $0
Seat 1: assitoni (big blind) folded before Flop
Seat 6: HAOYUN88888 (button) (small blind) collected ($6)


PokerStars Hand #162261102417:  Hold'em Limit ($3/$6 USD) - 2016/12/01 17:15:22 ET
Table 'Friederike' 6-max Seat #1 is the button
Seat 1: assitoni ($76 in chips)
Seat 6: HAOYUN88888 ($49 in chips)
assitoni: posts small blind $1
HAOYUN88888: posts big blind $3
*** HOLE CARDS ***
assitoni: raises $3 to $6
HAOYUN88888: calls $3
*** FLOP *** [2d 2h 9h]
HAOYUN88888: checks
assitoni: bets $3
HAOYUN88888: folds
Uncalled bet ($3) returned to assitoni
assitoni collected $11.76 from pot
assitoni: doesn't show hand
*** SUMMARY ***
Total pot $12 | Rake $0.24
Board [2d 2h 9h]
Seat 1: assitoni (button) (small blind) collected ($11.76)
Seat 6: HAOYUN88888 (big blind) folded on the Flop


PokerStars Hand #162261122009:  Hold'em Limit ($3/$6 USD) - 2016/12/01 17:15:43 ET
Table 'Friederike' 6-max Seat #1 is the button
Seat 1: assitoni ($82.76 in chips)
Seat 6: HAOYUN88888 ($42 in chips)
assitoni: posts small blind $1
HAOYUN88888: posts big blind $3
*** HOLE CARDS ***
assitoni: folds
Uncalled bet ($2) returned to HAOYUN88888
HAOYUN88888 collected $2 from pot
HAOYUN88888: doesn't show hand
*** SUMMARY ***
Total pot $2 | Rake $0
Seat 1: assitoni (button) (small blind) folded before Flop
Seat 6: HAOYUN88888 (big blind) collected ($2)


PokerStars Hand #162261117350:  Hold'em Limit ($3/$6 USD) - 2016/12/01 17:15:38 ET
Table 'Friederike' 6-max Seat #6 is the button
Seat 1: assitoni ($81.76 in chips)
Seat 6: HAOYUN88888 ($43 in chips)
HAOYUN88888: posts small blind $1
assitoni: posts big blind $3
*** HOLE CARDS ***
HAOYUN88888: folds
Uncalled bet ($2) returned to assitoni
assitoni collected $2 from pot
assitoni: doesn't show hand
*** SUMMARY ***
Total pot $2 | Rake $0
Seat 1: assitoni (big blind) collected ($2)
Seat 6: HAOYUN88888 (button) (small blind) folded before Flop


PokerStars Hand #162261127096:  Hold'em Limit ($3/$6 USD) - 2016/12/01 17:15:48 ET
Table 'Friederike' 6-max Seat #6 is the button
Seat 1: assitoni ($81.76 in chips)
Seat 6: HAOYUN88888 ($43 in chips)
HAOYUN88888: posts small blind $1
assitoni: posts big blind $3
*** HOLE CARDS ***
HAOYUN88888: raises $3 to $6
assitoni: folds
Uncalled bet ($3) returned to HAOYUN88888
HAOYUN88888 collected $6 from pot
HAOYUN88888: doesn't show hand
*** SUMMARY ***
Total pot $6 | Rake $0
Seat 1: assitoni (big blind) folded before Flop
Seat 6: HAOYUN88888 (button) (small blind) collected ($6)


PokerStars Hand #162261137791:  Hold'em Limit ($3/$6 USD) - 2016/12/01 17:15:59 ET
Table 'Friederike' 6-max Seat #1 is the button
Seat 1: assitoni ($78.76 in chips)
Seat 6: HAOYUN88888 ($46 in chips)
assitoni: posts small blind $1
HAOYUN88888: posts big blind $3
*** HOLE CARDS ***
assitoni: folds
Uncalled bet ($2) returned to HAOYUN88888
HAOYUN88888 collected $2 from pot
HAOYUN88888: doesn't show hand
*** SUMMARY ***
Total pot $2 | Rake $0
Seat 1: assitoni (button) (small blind) folded before Flop
Seat 6: HAOYUN88888 (big blind) collected ($2)


PokerStars Hand #162261097754:  Hold'em Limit ($3/$6 USD) - 2016/12/01 17:15:17 ET
Table 'Friederike' 6-max Seat #6 is the button
Seat 1: assitoni ($75 in chips)
Seat 6: HAOYUN88888 ($50 in chips)
HAOYUN88888: posts small blind $1
assitoni: posts big blind $3
*** HOLE CARDS ***
HAOYUN88888: folds
Uncalled bet ($2) returned to assitoni
assitoni collected $2 from pot
assitoni: doesn't show hand
*** SUMMARY ***
Total pot $2 | Rake $0
Seat 1: assitoni (big blind) collected ($2)
Seat 6: HAOYUN88888 (button) (small blind) folded before Flop


PokerStars Hand #162261168403:  Hold'em Limit ($3/$6 USD) - 2016/12/01 17:16:31 ET
Table 'Friederike' 6-max Seat #1 is the button
Seat 1: assitoni ($74.76 in chips)
Seat 6: HAOYUN88888 ($50 in chips)
assitoni: posts small blind $1
HAOYUN88888: posts big blind $3
*** HOLE CARDS ***
assitoni: folds
Uncalled bet ($2) returned to HAOYUN88888
HAOYUN88888 collected $2 from pot
HAOYUN88888: doesn't show hand
*** SUMMARY ***
Total pot $2 | Rake $0
Seat 1: assitoni (button) (small blind) folded before Flop
Seat 6: HAOYUN88888 (big blind) collected ($2)


PokerStars Hand #162261163868:  Hold'em Limit ($3/$6 USD) - 2016/12/01 17:16:26 ET
Table 'Friederike' 6-max Seat #6 is the button
Seat 1: assitoni ($73.76 in chips)
Seat 6: HAOYUN88888 ($51 in chips)
HAOYUN88888: posts small blind $1
assitoni: posts big blind $3
*** HOLE CARDS ***
HAOYUN88888: folds
Uncalled bet ($2) returned to assitoni
assitoni collected $2 from pot
assitoni: doesn't show hand
*** SUMMARY ***
Total pot $2 | Rake $0
Seat 1: assitoni (big blind) collected ($2)
Seat 6: HAOYUN88888 (button) (small blind) folded before Flop


PokerStars Hand #162261175249:  Hold'em Limit ($3/$6 USD) - 2016/12/01 17:16:38 ET
Table 'Friederike' 6-max Seat #6 is the button
Seat 1: assitoni ($73.76 in chips)
Seat 6: HAOYUN88888 ($51 in chips)
HAOYUN88888: posts small blind $1
assitoni: posts big blind $3
*** HOLE CARDS ***
HAOYUN88888: raises $3 to $6
assitoni: raises $3 to $9
HAOYUN88888: calls $3
*** FLOP *** [9c Ks 8d]
assitoni: bets $3
HAOYUN88888: raises $3 to $6
assitoni: folds
Uncalled bet ($3) returned to HAOYUN88888
HAOYUN88888 collected $23.52 from pot
HAOYUN88888: doesn't show hand
*** SUMMARY ***
Total pot $24 | Rake $0.48
Board [9c Ks 8d]
Seat 1: assitoni (big blind) folded on the Flop
Seat 6: HAOYUN88888 (button) (small blind) collected ($23.52)


PokerStars Hand #162261194087:  Hold'em Limit ($3/$6 USD) - 2016/12/01 17:16:58 ET
Table 'Friederike' 6-max Seat #1 is the button
Seat 1: assitoni ($72 in chips)
Seat 6: HAOYUN88888 ($62.52 in chips)
assitoni: posts small blind $1
HAOYUN88888: posts big blind $3
*** HOLE CARDS ***
assitoni: raises $3 to $6
HAOYUN88888: folds
Uncalled bet ($3) returned to assitoni
assitoni collected $6 from pot
assitoni: doesn't show hand
*** SUMMARY ***
Total pot $6 | Rake $0
Seat 1: assitoni (button) (small blind) collected ($6)
Seat 6: HAOYUN88888 (big blind) folded before Flop


PokerStars Hand #162261204166:  Hold'em Limit ($3/$6 USD) - 2016/12/01 17:17:09 ET
Table 'Friederike' 6-max Seat #6 is the button
Seat 1: assitoni ($75 in chips)
Seat 6: HAOYUN88888 ($59.52 in chips)
HAOYUN88888: posts small blind $1
assitoni: posts big blind $3
*** HOLE CARDS ***
Chessnok joins the table at seat #2
HAOYUN88888: raises $3 to $6
assitoni: folds
Uncalled bet ($3) returned to HAOYUN88888
HAOYUN88888 collected $6 from pot
HAOYUN88888: doesn't show hand
*** SUMMARY ***
Total pot $6 | Rake $0
Seat 1: assitoni (big blind) folded before Flop
Seat 6: HAOYUN88888 (button) (small blind) collected ($6)


PokerStars Hand #162261157987:  Hold'em Limit ($3/$6 USD) - 2016/12/01 17:16:20 ET
Table 'Friederike' 6-max Seat #1 is the button
Seat 1: assitoni ($74.76 in chips)
Seat 6: HAOYUN88888 ($50 in chips)
assitoni: posts small blind $1
HAOYUN88888: posts big blind $3
*** HOLE CARDS ***
assitoni: folds
Uncalled bet ($2) returned to HAOYUN88888
HAOYUN88888 collected $2 from pot
HAOYUN88888: doesn't show hand
*** SUMMARY ***
Total pot $2 | Rake $0
Seat 1: assitoni (button) (small blind) folded before Flop
Seat 6: HAOYUN88888 (big blind) collected ($2)


PokerStars Hand #162261147136:  Hold'em Limit ($3/$6 USD) - 2016/12/01 17:16:09 ET
Table 'Friederike' 6-max Seat #6 is the button
Seat 1: assitoni ($77.76 in chips)
Seat 6: HAOYUN88888 ($47 in chips)
HAOYUN88888: posts small blind $1
assitoni: posts big blind $3
*** HOLE CARDS ***
HAOYUN88888: raises $3 to $6
assitoni: folds
Uncalled bet ($3) returned to HAOYUN88888
HAOYUN88888 collected $6 from pot
HAOYUN88888: doesn't show hand
*** SUMMARY ***
Total pot $6 | Rake $0
Seat 1: assitoni (big blind) folded before Flop
Seat 6: HAOYUN88888 (button) (small blind) collected ($6)


PokerStars Hand #162261263071:  Hold'em Limit ($3/$6 USD) - 2016/12/01 17:18:10 ET
Table 'Friederike' 6-max Seat #2 is the button
Seat 2: Chessnok ($110.64 in chips)
Seat 6: HAOYUN88888 ($50.52 in chips)
Chessnok: posts small blind $1
HAOYUN88888: posts big blind $3
*** HOLE CARDS ***
Chessnok: folds
Uncalled bet ($2) returned to HAOYUN88888
HAOYUN88888 collected $2 from pot
HAOYUN88888: doesn't show hand
*** SUMMARY ***
Total pot $2 | Rake $0
Seat 2: Chessnok (button) (small blind) folded before Flop
Seat 6: HAOYUN88888 (big blind) collected ($2)


PokerStars Hand #162261251988:  Hold'em Limit ($3/$6 USD) - 2016/12/01 17:17:59 ET
Table 'Friederike' 6-max Seat #6 is the button
Seat 2: Chessnok ($102 in chips)
Seat 6: HAOYUN88888 ($59.52 in chips)
HAOYUN88888: posts small blind $1
assitoni: is sitting out
Chessnok: posts big blind $3
*** HOLE CARDS ***
HAOYUN88888: raises $3 to $6
Chessnok: calls $3
*** FLOP *** [Ad 5c Jd]
Chessnok: checks
HAOYUN88888: bets $3
Chessnok: raises $3 to $6
HAOYUN88888: folds
Uncalled bet ($3) returned to Chessnok
Chessnok collected $17.64 from pot
Chessnok: doesn't show hand
*** SUMMARY ***
Total pot $18 | Rake $0.36
Board [Ad 5c Jd]
Seat 2: Chessnok (big blind) collected ($17.64)
Seat 6: HAOYUN88888 (button) (small blind) folded on the Flop


PokerStars Hand #162261283110:  Hold'em Limit ($3/$6 USD) - 2016/12/01 17:18:31 ET
Table 'Friederike' 6-max Seat #2 is the button
Seat 2: Chessnok ($124.14 in chips)
Seat 6: HAOYUN88888 ($36.52 in chips)
Chessnok: posts small blind $1
HAOYUN88888: posts big blind $3
*** HOLE CARDS ***
Chessnok: folds
Uncalled bet ($2) returned to HAOYUN88888
HAOYUN88888 collected $2 from pot
HAOYUN88888: doesn't show hand
*** SUMMARY ***
Total pot $2 | Rake $0
Seat 2: Chessnok (button) (small blind) folded before Flop
Seat 6: HAOYUN88888 (big blind) collected ($2)


PokerStars Hand #162261266952:  Hold'em Limit ($3/$6 USD) - 2016/12/01 17:18:14 ET
Table 'Friederike' 6-max Seat #6 is the button
Seat 2: Chessnok ($109.64 in chips)
Seat 6: HAOYUN88888 ($51.52 in chips)
HAOYUN88888: posts small blind $1
Chessnok: posts big blind $3
*** HOLE CARDS ***
HAOYUN88888: raises $3 to $6
Chessnok: calls $3
*** FLOP *** [2d Jc 9c]
Chessnok: checks
HAOYUN88888: bets $3
assitoni leaves the table
Chessnok: calls $3
*** TURN *** [2d Jc 9c] [4h]
Chessnok: checks
HAOYUN88888: checks
*** RIVER *** [2d Jc 9c 4h] [Ah]
Chessnok: bets $6
HAOYUN88888: calls $6
*** SHOW DOWN ***
Chessnok: shows [Td As] (a pair of Aces)
HAOYUN88888: mucks hand
Chessnok collected $29.50 from pot
*** SUMMARY ***
Total pot $30 | Rake $0.50
Board [2d Jc 9c 4h Ah]
Seat 2: Chessnok (big blind) showed [Td As] and won ($29.50) with a pair of Aces
Seat 6: HAOYUN88888 (button) (small blind) mucked


PokerStars Hand #162261287734:  Hold'em Limit ($3/$6 USD) - 2016/12/01 17:18:36 ET
Table 'Friederike' 6-max Seat #6 is the button
Seat 2: Chessnok ($123.14 in chips)
Seat 6: HAOYUN88888 ($37.52 in chips)
HAOYUN88888: posts small blind $1
Chessnok: posts big blind $3
*** HOLE CARDS ***
HAOYUN88888: folds
Uncalled bet ($2) returned to Chessnok
Chessnok collected $2 from pot
Chessnok: doesn't show hand
*** SUMMARY ***
Total pot $2 | Rake $0
Seat 2: Chessnok (big blind) collected ($2)
Seat 6: HAOYUN88888 (button) (small blind) folded before Flop


PokerStars Hand #162261292196:  Hold'em Limit ($3/$6 USD) - 2016/12/01 17:18:41 ET
Table 'Friederike' 6-max Seat #2 is the button
Seat 2: Chessnok ($124.14 in chips)
Seat 6: HAOYUN88888 ($36.52 in chips)
Chessnok: posts small blind $1
HAOYUN88888: posts big blind $3
*** HOLE CARDS ***
Chessnok: raises $3 to $6
HAOYUN88888: calls $3
*** FLOP *** [5c 4h Jc]
HAOYUN88888: checks
Chessnok: bets $3
HAOYUN88888: raises $3 to $6
Chessnok: calls $3
*** TURN *** [5c 4h Jc] [2c]
HAOYUN88888: bets $6
Chessnok: calls $6
*** RIVER *** [5c 4h Jc 2c] [4d]
HAOYUN88888: bets $6
Chessnok: folds
Uncalled bet ($6) returned to HAOYUN88888
HAOYUN88888 collected $35.50 from pot
HAOYUN88888: doesn't show hand
*** SUMMARY ***
Total pot $36 | Rake $0.50
Board [5c 4h Jc 2c 4d]
Seat 2: Chessnok (button) (small blind) folded on the River
Seat 6: HAOYUN88888 (big blind) collected ($35.50)


PokerStars Hand #162261313836:  Hold'em Limit ($3/$6 USD) - 2016/12/01 17:19:03 ET
Table 'Friederike' 6-max Seat #6 is the button
Seat 2: Chessnok ($106.14 in chips)
Seat 6: HAOYUN88888 ($54.02 in chips)
HAOYUN88888: posts small blind $1
Chessnok: posts big blind $3
*** HOLE CARDS ***
HAOYUN88888: raises $3 to $6
Chessnok: raises $3 to $9
HAOYUN88888: calls $3
*** FLOP *** [7d Jd 4h]
Chessnok: bets $3
HAOYUN88888: raises $3 to $6
Chessnok: calls $3
*** TURN *** [7d Jd 4h] [2s]
Chessnok: checks
HAOYUN88888: bets $6
Chessnok: calls $6
*** RIVER *** [7d Jd 4h 2s] [7c]
Chessnok: checks
gkas71 joins the table at seat #4
HAOYUN88888: bets $6
Chessnok: calls $6
*** SHOW DOWN ***
HAOYUN88888: shows [Tc 7h] (three of a kind, Sevens)
Chessnok: mucks hand
HAOYUN88888 collected $53.50 from pot
*** SUMMARY ***
Total pot $54 | Rake $0.50
Board [7d Jd 4h 2s 7c]
Seat 2: Chessnok (big blind) mucked
Seat 6: HAOYUN88888 (button) (small blind) showed [Tc 7h] and won ($53.50) with three of a kind, Sevens


PokerStars Hand #162261841978:  Hold'em Limit ($3/$6 USD) - 2016/12/01 17:28:24 ET
Table 'Friederike' 6-max Seat #2 is the button
Seat 2: Chessnok ($60 in chips)
Seat 6: HAOYUN88888 ($59.08 in chips)
Chessnok: posts small blind $1
vestimokrec: is sitting out
HAOYUN88888: posts big blind $3
*** HOLE CARDS ***
Chessnok: raises $3 to $6
vestimokrec leaves the table
HAOYUN88888: calls $3
*** FLOP *** [7h 2c 9h]
HAOYUN88888: checks
Chessnok: bets $3
HAOYUN88888: calls $3
*** TURN *** [7h 2c 9h] [Jc]
HAOYUN88888: checks
Chessnok: bets $6
HAOYUN88888: folds
Uncalled bet ($6) returned to Chessnok
Chessnok collected $17.64 from pot
Chessnok: doesn't show hand
*** SUMMARY ***
Total pot $18 | Rake $0.36
Board [7h 2c 9h Jc]
Seat 2: Chessnok (button) (small blind) collected ($17.64)
Seat 6: HAOYUN88888 (big blind) folded on the Turn


PokerStars Hand #162261870015:  Hold'em Limit ($3/$6 USD) - 2016/12/01 17:28:54 ET
Table 'Friederike' 6-max Seat #6 is the button
Seat 2: Chessnok ($68.64 in chips)
Seat 6: HAOYUN88888 ($50.08 in chips)
HAOYUN88888: posts small blind $1
Chessnok: posts big blind $3
*** HOLE CARDS ***
HAOYUN88888: raises $3 to $6
Chessnok: calls $3
*** FLOP *** [2c 7h 5s]
Chessnok: checks
HAOYUN88888: bets $3
Chessnok: calls $3
*** TURN *** [2c 7h 5s] [Ad]
Chessnok: checks
HAOYUN88888: bets $6
Chessnok: raises $6 to $12
HAOYUN88888: folds
Uncalled bet ($6) returned to Chessnok
Chessnok collected $29.50 from pot
Chessnok: doesn't show hand
*** SUMMARY ***
Total pot $30 | Rake $0.50
Board [2c 7h 5s Ad]
Seat 2: Chessnok (big blind) collected ($29.50)
Seat 6: HAOYUN88888 (button) (small blind) folded on the Turn


PokerStars Hand #162261882234:  Hold'em Limit ($3/$6 USD) - 2016/12/01 17:29:08 ET
Table 'Friederike' 6-max Seat #2 is the button
Seat 2: Chessnok ($83.14 in chips)
Seat 6: HAOYUN88888 ($95.08 in chips)
Chessnok: posts small blind $1
HAOYUN88888: posts big blind $3
*** HOLE CARDS ***
Chessnok: raises $3 to $6
HAOYUN88888: folds
Uncalled bet ($3) returned to Chessnok
Chessnok collected $6 from pot
Chessnok: doesn't show hand
*** SUMMARY ***
Total pot $6 | Rake $0
Seat 2: Chessnok (button) (small blind) collected ($6)
Seat 6: HAOYUN88888 (big blind) folded before Flop


PokerStars Hand #162261931001:  Hold'em Limit ($3/$6 USD) - 2016/12/01 17:30:01 ET
Table 'Friederike' 6-max Seat #2 is the button
Seat 2: Chessnok ($97.39 in chips)
Seat 6: HAOYUN88888 ($79.83 in chips)
Chessnok: posts small blind $1
HAOYUN88888: posts big blind $3
*** HOLE CARDS ***
Chessnok: raises $3 to $6
HAOYUN88888: calls $3
*** FLOP *** [Jd 6c 9h]
HAOYUN88888: checks
Chessnok: bets $3
HAOYUN88888: raises $3 to $6
Chessnok: calls $3
*** TURN *** [Jd 6c 9h] [2h]
HAOYUN88888: bets $6
Chessnok: calls $6
*** RIVER *** [Jd 6c 9h 2h] [2d]
HAOYUN88888: bets $6
Chessnok: calls $6
*** SHOW DOWN ***
HAOYUN88888: shows [9d Ac] (two pair, Nines and Deuces)
Chessnok: mucks hand
HAOYUN88888 collected $47.50 from pot
*** SUMMARY ***
Total pot $48 | Rake $0.50
Board [Jd 6c 9h 2h 2d]
Seat 2: Chessnok (button) (small blind) mucked
Seat 6: HAOYUN88888 (big blind) showed [9d Ac] and won ($47.50) with two pair, Nines and Deuces


PokerStars Hand #162261925262:  Hold'em Limit ($3/$6 USD) - 2016/12/01 17:29:54 ET
Table 'Friederike' 6-max Seat #6 is the button
Seat 2: Chessnok ($100.39 in chips)
Seat 6: HAOYUN88888 ($76.83 in chips)
HAOYUN88888: posts small blind $1
Chessnok: posts big blind $3
*** HOLE CARDS ***
HAOYUN88888: raises $3 to $6
Chessnok: folds
Uncalled bet ($3) returned to HAOYUN88888
HAOYUN88888 collected $6 from pot
HAOYUN88888: doesn't show hand
*** SUMMARY ***
Total pot $6 | Rake $0
Seat 2: Chessnok (big blind) folded before Flop
Seat 6: HAOYUN88888 (button) (small blind) collected ($6)


PokerStars Hand #162261906969:  Hold'em Limit ($3/$6 USD) - 2016/12/01 17:29:35 ET
Table 'Friederike' 6-max Seat #2 is the button
Seat 2: Chessnok ($100.64 in chips)
Seat 6: HAOYUN88888 ($77.08 in chips)
Chessnok: posts small blind $1
HAOYUN88888: posts big blind $3
*** HOLE CARDS ***
Chessnok: raises $3 to $6
HAOYUN88888: calls $3
*** FLOP *** [Kc Ts 9s]
HAOYUN88888: checks
Chessnok: bets $3
HAOYUN88888: raises $3 to $6
Chessnok: calls $3
*** TURN *** [Kc Ts 9s] [Jc]
HAOYUN88888: bets $6
Chessnok: raises $6 to $12
HAOYUN88888: raises $6 to $18
Chessnok: raises $6 to $24
Betting is capped
HAOYUN88888: calls $6
*** RIVER *** [Kc Ts 9s Jc] [7d]
HAOYUN88888: checks
Chessnok: bets $6
HAOYUN88888: calls $6
*** SHOW DOWN ***
Chessnok: shows [Qs 5s] (a straight, Nine to King)
HAOYUN88888: shows [Qd Jh] (a straight, Nine to King)
HAOYUN88888 collected $41.75 from pot
Chessnok collected $41.75 from pot
*** SUMMARY ***
Total pot $84 | Rake $0.50
Board [Kc Ts 9s Jc 7d]
Seat 2: Chessnok (button) (small blind) showed [Qs 5s] and won ($41.75) with a straight, Nine to King
Seat 6: HAOYUN88888 (big blind) showed [Qd Jh] and won ($41.75) with a straight, Nine to King


PokerStars Hand #162261888852:  Hold'em Limit ($3/$6 USD) - 2016/12/01 17:29:15 ET
Table 'Friederike' 6-max Seat #6 is the button
Seat 2: Chessnok ($86.14 in chips)
Seat 6: HAOYUN88888 ($92.08 in chips)
HAOYUN88888: posts small blind $1
Chessnok: posts big blind $3
*** HOLE CARDS ***
HAOYUN88888: raises $3 to $6
Chessnok: calls $3
*** FLOP *** [6h 7c Kc]
Chessnok: checks
HAOYUN88888: bets $3
Chessnok: calls $3
*** TURN *** [6h 7c Kc] [Jc]
Chessnok: checks
HAOYUN88888: checks
*** RIVER *** [6h 7c Kc Jc] [4d]
Chessnok: bets $6
HAOYUN88888: calls $6
*** SHOW DOWN ***
Chessnok: shows [Qh 4h] (a pair of Fours)
HAOYUN88888: mucks hand
Chessnok collected $29.50 from pot
*** SUMMARY ***
Total pot $30 | Rake $0.50
Board [6h 7c Kc Jc 4d]
Seat 2: Chessnok (big blind) showed [Qh 4h] and won ($29.50) with a pair of Fours
Seat 6: HAOYUN88888 (button) (small blind) mucked


PokerStars Hand #162261974204:  Hold'em Limit ($3/$6 USD) - 2016/12/01 17:30:48 ET
Table 'Friederike' 6-max Seat #6 is the button
Seat 2: Chessnok ($73.03 in chips)
Seat 6: HAOYUN88888 ($102.97 in chips)
HAOYUN88888: posts small blind $1
Chessnok: posts big blind $3
*** HOLE CARDS ***
HAOYUN88888: raises $3 to $6
Chessnok: calls $3
*** FLOP *** [8h Ts 8s]
Chessnok: checks
HAOYUN88888: bets $3
Chessnok: folds
Uncalled bet ($3) returned to HAOYUN88888
HAOYUN88888 collected $11.76 from pot
HAOYUN88888: doesn't show hand
*** SUMMARY ***
Total pot $12 | Rake $0.24
Board [8h Ts 8s]
Seat 2: Chessnok (big blind) folded on the Flop
Seat 6: HAOYUN88888 (button) (small blind) collected ($11.76)


PokerStars Hand #162261957936:  Hold'em Limit ($3/$6 USD) - 2016/12/01 17:30:30 ET
Table 'Friederike' 6-max Seat #2 is the button
Seat 2: Chessnok ($82.03 in chips)
Seat 6: HAOYUN88888 ($94.33 in chips)
Chessnok: posts small blind $1
HAOYUN88888: posts big blind $3
*** HOLE CARDS ***
Chessnok: raises $3 to $6
HAOYUN88888: calls $3
*** FLOP *** [2d 8h Td]
HAOYUN88888: checks
Chessnok: bets $3
HAOYUN88888: calls $3
*** TURN *** [2d 8h Td] [7s]
HAOYUN88888: checks
Chessnok: checks
*** RIVER *** [2d 8h Td 7s] [Kd]
HAOYUN88888: checks
Chessnok: checks
*** SHOW DOWN ***
HAOYUN88888: shows [6h 7c] (a pair of Sevens)
Chessnok: mucks hand
HAOYUN88888 collected $17.64 from pot
*** SUMMARY ***
Total pot $18 | Rake $0.36
Board [2d 8h Td 7s Kd]
Seat 2: Chessnok (button) (small blind) mucked
Seat 6: HAOYUN88888 (big blind) showed [6h 7c] and won ($17.64) with a pair of Sevens


PokerStars Hand #162261947716:  Hold'em Limit ($3/$6 USD) - 2016/12/01 17:30:19 ET
Table 'Friederike' 6-max Seat #6 is the button
Seat 2: Chessnok ($73.39 in chips)
Seat 6: HAOYUN88888 ($103.33 in chips)
HAOYUN88888: posts small blind $1
Chessnok: posts big blind $3
*** HOLE CARDS ***
HAOYUN88888: raises $3 to $6
Chessnok: raises $3 to $9
HAOYUN88888: calls $3
*** FLOP *** [6d 6c Qc]
Chessnok: bets $3
HAOYUN88888: folds
Uncalled bet ($3) returned to Chessnok
Chessnok collected $17.64 from pot
Chessnok: doesn't show hand
*** SUMMARY ***
Total pot $18 | Rake $0.36
Board [6d 6c Qc]
Seat 2: Chessnok (big blind) collected ($17.64)
Seat 6: HAOYUN88888 (button) (small blind) folded on the Flop


PokerStars Hand #162262033914:  Hold'em Limit ($3/$6 USD) - 2016/12/01 17:31:53 ET
Table 'Friederike' 6-max Seat #6 is the button
Seat 2: Chessnok ($78.53 in chips)
Seat 6: HAOYUN88888 ($96.23 in chips)
HAOYUN88888: posts small blind $1
Chessnok: posts big blind $3
*** HOLE CARDS ***
HAOYUN88888: raises $3 to $6
Chessnok: calls $3
*** FLOP *** [6h 4h 9s]
Chessnok: checks
HAOYUN88888: bets $3
Chessnok: calls $3
*** TURN *** [6h 4h 9s] [6s]
Chessnok: checks
HAOYUN88888: bets $6
Chessnok: calls $6
*** RIVER *** [6h 4h 9s 6s] [2d]
Chessnok: checks
HAOYUN88888: bets $6
Chessnok: calls $6
*** SHOW DOWN ***
HAOYUN88888: shows [5c 9c] (two pair, Nines and Sixes)
Chessnok: mucks hand
HAOYUN88888 collected $41.50 from pot
*** SUMMARY ***
Total pot $42 | Rake $0.50
Board [6h 4h 9s 6s 2d]
Seat 2: Chessnok (big blind) mucked
Seat 6: HAOYUN88888 (button) (small blind) showed [5c 9c] and won ($41.50) with two pair, Nines and Sixes


PokerStars Hand #162262025947:  Hold'em Limit ($3/$6 USD) - 2016/12/01 17:31:45 ET
Table 'Friederike' 6-max Seat #2 is the button
Seat 2: Chessnok ($75.53 in chips)
Seat 6: HAOYUN88888 ($99.23 in chips)
Chessnok: posts small blind $1
HAOYUN88888: posts big blind $3
*** HOLE CARDS ***
Chessnok: raises $3 to $6
HAOYUN88888: folds
Uncalled bet ($3) returned to Chessnok
Chessnok collected $6 from pot
Chessnok: doesn't show hand
*** SUMMARY ***
Total pot $6 | Rake $0
Seat 2: Chessnok (button) (small blind) collected ($6)
Seat 6: HAOYUN88888 (big blind) folded before Flop


PokerStars Hand #162262008513:  Hold'em Limit ($3/$6 USD) - 2016/12/01 17:31:25 ET
Table 'Friederike' 6-max Seat #6 is the button
Seat 2: Chessnok ($90.53 in chips)
Seat 6: HAOYUN88888 ($84.73 in chips)
HAOYUN88888: posts small blind $1
Chessnok: posts big blind $3
*** HOLE CARDS ***
HAOYUN88888: raises $3 to $6
Chessnok: calls $3
*** FLOP *** [7c 4d Tc]
Chessnok: checks
HAOYUN88888: bets $3
Chessnok: calls $3
*** TURN *** [7c 4d Tc] [As]
Chessnok: checks
HAOYUN88888: bets $6
Chessnok: calls $6
*** RIVER *** [7c 4d Tc As] [5c]
Chessnok: checks
HAOYUN88888: checks
*** SHOW DOWN ***
Chessnok: shows [7h 9d] (a pair of Sevens)
HAOYUN88888: shows [8c 8d] (a pair of Eights)
HAOYUN88888 collected $29.50 from pot
*** SUMMARY ***
Total pot $30 | Rake $0.50
Board [7c 4d Tc As 5c]
Seat 2: Chessnok (big blind) showed [7h 9d] and lost with a pair of Sevens
Seat 6: HAOYUN88888 (button) (small blind) showed [8c 8d] and won ($29.50) with a pair of Eights


PokerStars Hand #162261985971:  Hold'em Limit ($3/$6 USD) - 2016/12/01 17:31:01 ET
Table 'Friederike' 6-max Seat #2 is the button
Seat 2: Chessnok ($67.03 in chips)
Seat 6: HAOYUN88888 ($108.73 in chips)
Chessnok: posts small blind $1
HAOYUN88888: posts big blind $3
*** HOLE CARDS ***
Chessnok: raises $3 to $6
HAOYUN88888: calls $3
*** FLOP *** [3c Tc 8c]
HAOYUN88888: checks
Chessnok: bets $3
HAOYUN88888: raises $3 to $6
Chessnok: calls $3
*** TURN *** [3c Tc 8c] [6h]
HAOYUN88888: bets $6
Chessnok: calls $6
*** RIVER *** [3c Tc 8c 6h] [Jc]
HAOYUN88888: checks
Chessnok: bets $6
HAOYUN88888: calls $6
*** SHOW DOWN ***
Chessnok: shows [5c Js] (a flush, Jack high)
HAOYUN88888: mucks hand
Chessnok collected $47.50 from pot
*** SUMMARY ***
Total pot $48 | Rake $0.50
Board [3c Tc 8c 6h Jc]
Seat 2: Chessnok (button) (small blind) showed [5c Js] and won ($47.50) with a flush, Jack high
Seat 6: HAOYUN88888 (big blind) mucked


PokerStars Hand #162262101150:  Hold'em Limit ($3/$6 USD) - 2016/12/01 17:33:07 ET
Table 'Friederike' 6-max Seat #2 is the button
Seat 2: Chessnok ($76.50 in chips)
Seat 6: HAOYUN88888 ($108.37 in chips)
Chessnok: posts small blind $1
HAOYUN88888: posts big blind $3
*** HOLE CARDS ***
Chessnok: raises $3 to $6
HAOYUN88888: calls $3
*** FLOP *** [As 4d Td]
HAOYUN88888: checks
Chessnok: bets $3
HAOYUN88888: raises $3 to $6
Chessnok: folds
Uncalled bet ($3) returned to HAOYUN88888
HAOYUN88888 collected $17.64 from pot
HAOYUN88888: doesn't show hand
*** SUMMARY ***
Total pot $18 | Rake $0.36
Board [As 4d Td]
Seat 2: Chessnok (button) (small blind) folded on the Flop
Seat 6: HAOYUN88888 (big blind) collected ($17.64)


PokerStars Hand #162262096762:  Hold'em Limit ($3/$6 USD) - 2016/12/01 17:33:02 ET
Table 'Friederike' 6-max Seat #6 is the button
Seat 2: Chessnok ($75.50 in chips)
Seat 6: HAOYUN88888 ($109.37 in chips)
HAOYUN88888: posts small blind $1
Chessnok: posts big blind $3
*** HOLE CARDS ***
HAOYUN88888: folds
Uncalled bet ($2) returned to Chessnok
Chessnok collected $2 from pot
Chessnok: doesn't show hand
*** SUMMARY ***
Total pot $2 | Rake $0
Seat 2: Chessnok (big blind) collected ($2)
Seat 6: HAOYUN88888 (button) (small blind) folded before Flop


PokerStars Hand #162262076690:  Hold'em Limit ($3/$6 USD) - 2016/12/01 17:32:40 ET
Table 'Friederike' 6-max Seat #2 is the button
Seat 2: Chessnok ($61 in chips)
Seat 6: HAOYUN88888 ($124.37 in chips)
Chessnok: posts small blind $1
HAOYUN88888: posts big blind $3
*** HOLE CARDS ***
Chessnok: raises $3 to $6
HAOYUN88888: calls $3
*** FLOP *** [9c 7h 4s]
HAOYUN88888: checks
Chessnok: bets $3
HAOYUN88888: calls $3
*** TURN *** [9c 7h 4s] [Jd]
HAOYUN88888: checks
Chessnok: bets $6
HAOYUN88888: calls $6
*** RIVER *** [9c 7h 4s Jd] [3s]
HAOYUN88888: checks
Chessnok: bets $6
HAOYUN88888: folds
Uncalled bet ($6) returned to Chessnok
Chessnok collected $29.50 from pot
Chessnok: doesn't show hand
*** SUMMARY ***
Total pot $30 | Rake $0.50
Board [9c 7h 4s Jd 3s]
Seat 2: Chessnok (button) (small blind) collected ($29.50)
Seat 6: HAOYUN88888 (big blind) folded on the River


PokerStars Hand #162262072133:  Hold'em Limit ($3/$6 USD) - 2016/12/01 17:32:35 ET
Table 'Friederike' 6-max Seat #6 is the button
Seat 2: Chessnok ($60 in chips)
Seat 6: HAOYUN88888 ($125.37 in chips)
HAOYUN88888: posts small blind $1
Chessnok: posts big blind $3
*** HOLE CARDS ***
HAOYUN88888: folds
Uncalled bet ($2) returned to Chessnok
Chessnok collected $2 from pot
Chessnok: doesn't show hand
*** SUMMARY ***
Total pot $2 | Rake $0
Seat 2: Chessnok (big blind) collected ($2)
Seat 6: HAOYUN88888 (button) (small blind) folded before Flop


PokerStars Hand #162262058894:  Hold'em Limit ($3/$6 USD) - 2016/12/01 17:32:21 ET
Table 'Friederike' 6-max Seat #2 is the button
Seat 2: Chessnok ($60 in chips)
Seat 6: HAOYUN88888 ($116.73 in chips)
Chessnok: posts small blind $1
HAOYUN88888: posts big blind $3
*** HOLE CARDS ***
Chessnok: raises $3 to $6
HAOYUN88888: raises $3 to $9
Chessnok: calls $3
*** FLOP *** [Td 6h Qd]
HAOYUN88888: bets $3
Chessnok: folds
Uncalled bet ($3) returned to HAOYUN88888
HAOYUN88888 collected $17.64 from pot
HAOYUN88888: doesn't show hand
*** SUMMARY ***
Total pot $18 | Rake $0.36
Board [Td 6h Qd]
Seat 2: Chessnok (button) (small blind) folded on the Flop
Seat 6: HAOYUN88888 (big blind) collected ($17.64)


PokerStars Hand #162262157587:  Hold'em Limit ($3/$6 USD) - 2016/12/01 17:34:09 ET
Table 'Friederike' 6-max Seat #2 is the button
Seat 2: Chessnok ($66.76 in chips)
Seat 6: HAOYUN88888 ($131.27 in chips)
Chessnok: posts small blind $1
HAOYUN88888: posts big blind $3
*** HOLE CARDS ***
Chessnok: folds
Uncalled bet ($2) returned to HAOYUN88888
HAOYUN88888 collected $2 from pot
HAOYUN88888: doesn't show hand
*** SUMMARY ***
Total pot $2 | Rake $0
Seat 2: Chessnok (button) (small blind) folded before Flop
Seat 6: HAOYUN88888 (big blind) collected ($2)


PokerStars Hand #162262153457:  Hold'em Limit ($3/$6 USD) - 2016/12/01 17:34:04 ET
Table 'Friederike' 6-max Seat #6 is the button
Seat 2: Chessnok ($65.76 in chips)
Seat 6: HAOYUN88888 ($132.27 in chips)
HAOYUN88888: posts small blind $1
Chessnok: posts big blind $3
*** HOLE CARDS ***
HAOYUN88888: folds
Uncalled bet ($2) returned to Chessnok
Chessnok collected $2 from pot
Chessnok: doesn't show hand
*** SUMMARY ***
Total pot $2 | Rake $0
Seat 2: Chessnok (big blind) collected ($2)
Seat 6: HAOYUN88888 (button) (small blind) folded before Flop


PokerStars Hand #162262140474:  Hold'em Limit ($3/$6 USD) - 2016/12/01 17:33:50 ET
Table 'Friederike' 6-max Seat #2 is the button
Seat 2: Chessnok ($60 in chips)
Seat 6: HAOYUN88888 ($138.27 in chips)
Chessnok: posts small blind $1
HAOYUN88888: posts big blind $3
*** HOLE CARDS ***
Chessnok: raises $3 to $6
HAOYUN88888: calls $3
*** FLOP *** [2d 6h 9d]
HAOYUN88888: checks
Chessnok: bets $3
HAOYUN88888: folds
Uncalled bet ($3) returned to Chessnok
Chessnok collected $11.76 from pot
Chessnok: doesn't show hand
*** SUMMARY ***
Total pot $12 | Rake $0.24
Board [2d 6h 9d]
Seat 2: Chessnok (button) (small blind) collected ($11.76)
Seat 6: HAOYUN88888 (big blind) folded on the Flop


PokerStars Hand #162262131908:  Hold'em Limit ($3/$6 USD) - 2016/12/01 17:33:40 ET
Table 'Friederike' 6-max Seat #6 is the button
Seat 2: Chessnok ($60 in chips)
Seat 6: HAOYUN88888 ($132.51 in chips)
HAOYUN88888: posts small blind $1
Chessnok: posts big blind $3
*** HOLE CARDS ***
HAOYUN88888: raises $3 to $6
Chessnok: calls $3
*** FLOP *** [Jh 8h Tc]
Chessnok: checks
HAOYUN88888: bets $3
Chessnok: folds
Uncalled bet ($3) returned to HAOYUN88888
HAOYUN88888 collected $11.76 from pot
HAOYUN88888: doesn't show hand
*** SUMMARY ***
Total pot $12 | Rake $0.24
Board [Jh 8h Tc]
Seat 2: Chessnok (big blind) folded on the Flop
Seat 6: HAOYUN88888 (button) (small blind) collected ($11.76)


PokerStars Hand #162262126628:  Hold'em Limit ($3/$6 USD) - 2016/12/01 17:33:35 ET
Table 'Friederike' 6-max Seat #2 is the button
Seat 2: Chessnok ($60 in chips)
Seat 6: HAOYUN88888 ($131.51 in chips)
Chessnok: posts small blind $1
HAOYUN88888: posts big blind $3
*** HOLE CARDS ***
Chessnok: folds
Uncalled bet ($2) returned to HAOYUN88888
HAOYUN88888 collected $2 from pot
HAOYUN88888: doesn't show hand
*** SUMMARY ***
Total pot $2 | Rake $0
Seat 2: Chessnok (button) (small blind) folded before Flop
Seat 6: HAOYUN88888 (big blind) collected ($2)


PokerStars Hand #162262111682:  Hold'em Limit ($3/$6 USD) - 2016/12/01 17:33:18 ET
Table 'Friederike' 6-max Seat #6 is the button
Seat 2: Chessnok ($67.50 in chips)
Seat 6: HAOYUN88888 ($117.01 in chips)
HAOYUN88888: posts small blind $1
Chessnok: posts big blind $3
*** HOLE CARDS ***
HAOYUN88888: raises $3 to $6
Chessnok: calls $3
*** FLOP *** [Qc 3h 6d]
Chessnok: checks
HAOYUN88888: bets $3
Chessnok: calls $3
*** TURN *** [Qc 3h 6d] [5h]
Chessnok: checks
HAOYUN88888: checks
*** RIVER *** [Qc 3h 6d 5h] [9s]
Chessnok: checks
HAOYUN88888: bets $6
Chessnok: calls $6
*** SHOW DOWN ***
HAOYUN88888: shows [8c 7c] (a straight, Five to Nine)
Chessnok: mucks hand
HAOYUN88888 collected $29.50 from pot
*** SUMMARY ***
Total pot $30 | Rake $0.50
Board [Qc 3h 6d 5h 9s]
Seat 2: Chessnok (big blind) mucked
Seat 6: HAOYUN88888 (button) (small blind) showed [8c 7c] and won ($29.50) with a straight, Five to Nine


PokerStars Hand #162262205288:  Hold'em Limit ($3/$6 USD) - 2016/12/01 17:35:01 ET
Table 'Friederike' 6-max Seat #6 is the button
Seat 2: Chessnok ($112.76 in chips)
Seat 6: HAOYUN88888 ($84.27 in chips)
HAOYUN88888: posts small blind $1
Chessnok: posts big blind $3
*** HOLE CARDS ***
HAOYUN88888: raises $3 to $6
Chessnok: calls $3
*** FLOP *** [Jh Qh 7s]
Chessnok: checks
HAOYUN88888: bets $3
Chessnok: calls $3
*** TURN *** [Jh Qh 7s] [3s]
Chessnok: checks
HAOYUN88888: checks
*** RIVER *** [Jh Qh 7s 3s] [8c]
Chessnok: checks
HAOYUN88888: bets $6
Chessnok: calls $6
*** SHOW DOWN ***
HAOYUN88888: shows [Ac Ks] (high card Ace)
Chessnok: mucks hand
HAOYUN88888 collected $29.50 from pot
*** SUMMARY ***
Total pot $30 | Rake $0.50
Board [Jh Qh 7s 3s 8c]
Seat 2: Chessnok (big blind) mucked
Seat 6: HAOYUN88888 (button) (small blind) showed [Ac Ks] and won ($29.50) with high card Ace


PokerStars Hand #162262190249:  Hold'em Limit ($3/$6 USD) - 2016/12/01 17:34:45 ET
Table 'Friederike' 6-max Seat #2 is the button
Seat 2: Chessnok ($95.26 in chips)
Seat 6: HAOYUN88888 ($102.27 in chips)
Chessnok: posts small blind $1
HAOYUN88888: posts big blind $3
*** HOLE CARDS ***
Chessnok: raises $3 to $6
HAOYUN88888: raises $3 to $9
Chessnok: calls $3
*** FLOP *** [Qh 2c 8s]
HAOYUN88888: bets $3
Chessnok: calls $3
*** TURN *** [Qh 2c 8s] [8h]
HAOYUN88888: bets $6
Chessnok: calls $6
*** RIVER *** [Qh 2c 8s 8h] [7s]
HAOYUN88888: checks
Chessnok: bets $6
HAOYUN88888: folds
Uncalled bet ($6) returned to Chessnok
Chessnok collected $35.50 from pot
Chessnok: doesn't show hand
*** SUMMARY ***
Total pot $36 | Rake $0.50
Board [Qh 2c 8s 8h 7s]
Seat 2: Chessnok (button) (small blind) collected ($35.50)
Seat 6: HAOYUN88888 (big blind) folded on the River


PokerStars Hand #162262162588:  Hold'em Limit ($3/$6 USD) - 2016/12/01 17:34:14 ET
Table 'Friederike' 6-max Seat #6 is the button
Seat 2: Chessnok ($65.76 in chips)
Seat 6: HAOYUN88888 ($132.27 in chips)
HAOYUN88888: posts small blind $1
Chessnok: posts big blind $3
*** HOLE CARDS ***
HAOYUN88888: raises $3 to $6
Chessnok: raises $3 to $9
HAOYUN88888: calls $3
*** FLOP *** [Kc 2d 8s]
Chessnok: bets $3
HAOYUN88888: raises $3 to $6
Chessnok: raises $3 to $9
HAOYUN88888: calls $3
*** TURN *** [Kc 2d 8s] [Ts]
Chessnok: bets $6
HAOYUN88888: calls $6
*** RIVER *** [Kc 2d 8s Ts] [Ac]
Chessnok: bets $6
HAOYUN88888: calls $6
*** SHOW DOWN ***
Chessnok: shows [Ks 9s] (a pair of Kings)
HAOYUN88888: mucks hand
Chessnok collected $59.50 from pot
*** SUMMARY ***
Total pot $60 | Rake $0.50
Board [Kc 2d 8s Ts Ac]
Seat 2: Chessnok (big blind) showed [Ks 9s] and won ($59.50) with a pair of Kings
Seat 6: HAOYUN88888 (button) (small blind) mucked


PokerStars Hand #162262261776:  Hold'em Limit ($3/$6 USD) - 2016/12/01 17:36:01 ET
Table 'Friederike' 6-max Seat #6 is the button
Seat 2: Chessnok ($84.76 in chips)
Seat 6: HAOYUN88888 ($111.41 in chips)
HAOYUN88888: posts small blind $1
Chessnok: posts big blind $3
*** HOLE CARDS ***
HAOYUN88888: raises $3 to $6
Chessnok: calls $3
*** FLOP *** [Js 4d 6d]
Chessnok: checks
HAOYUN88888: bets $3
Chessnok: raises $3 to $6
HAOYUN88888: calls $3
*** TURN *** [Js 4d 6d] [5c]
Chessnok: bets $6
HAOYUN88888: raises $6 to $12
Chessnok: calls $6
*** RIVER *** [Js 4d 6d 5c] [9d]
Chessnok: checks
HAOYUN88888: bets $6
Chessnok: calls $6
*** SHOW DOWN ***
HAOYUN88888: shows [Ad 7h] (high card Ace)
Chessnok: shows [6h Kh] (a pair of Sixes)
Chessnok collected $59.50 from pot
*** SUMMARY ***
Total pot $60 | Rake $0.50
Board [Js 4d 6d 5c 9d]
Seat 2: Chessnok (big blind) showed [6h Kh] and won ($59.50) with a pair of Sixes
Seat 6: HAOYUN88888 (button) (small blind) showed [Ad 7h] and lost with high card Ace


PokerStars Hand #162262257476:  Hold'em Limit ($3/$6 USD) - 2016/12/01 17:35:56 ET
Table 'Friederike' 6-max Seat #2 is the button
Seat 2: Chessnok ($85.76 in chips)
Seat 6: HAOYUN88888 ($110.41 in chips)
Chessnok: posts small blind $1
HAOYUN88888: posts big blind $3
*** HOLE CARDS ***
Chessnok: folds
Uncalled bet ($2) returned to HAOYUN88888
HAOYUN88888 collected $2 from pot
HAOYUN88888: doesn't show hand
*** SUMMARY ***
Total pot $2 | Rake $0
Seat 2: Chessnok (button) (small blind) folded before Flop
Seat 6: HAOYUN88888 (big blind) collected ($2)


PokerStars Hand #162262252940:  Hold'em Limit ($3/$6 USD) - 2016/12/01 17:35:52 ET
Table 'Friederike' 6-max Seat #6 is the button
Seat 2: Chessnok ($84.76 in chips)
Seat 6: HAOYUN88888 ($111.41 in chips)
HAOYUN88888: posts small blind $1
Chessnok: posts big blind $3
*** HOLE CARDS ***
HAOYUN88888: folds
Uncalled bet ($2) returned to Chessnok
Chessnok collected $2 from pot
Chessnok: doesn't show hand
*** SUMMARY ***
Total pot $2 | Rake $0
Seat 2: Chessnok (big blind) collected ($2)
Seat 6: HAOYUN88888 (button) (small blind) folded before Flop


PokerStars Hand #162262247686:  Hold'em Limit ($3/$6 USD) - 2016/12/01 17:35:47 ET
Table 'Friederike' 6-max Seat #2 is the button
Seat 2: Chessnok ($85.76 in chips)
Seat 6: HAOYUN88888 ($110.41 in chips)
Chessnok: posts small blind $1
HAOYUN88888: posts big blind $3
*** HOLE CARDS ***
Chessnok: folds
Uncalled bet ($2) returned to HAOYUN88888
HAOYUN88888 collected $2 from pot
HAOYUN88888: doesn't show hand
*** SUMMARY ***
Total pot $2 | Rake $0
Seat 2: Chessnok (button) (small blind) folded before Flop
Seat 6: HAOYUN88888 (big blind) collected ($2)


PokerStars Hand #162262237529:  Hold'em Limit ($3/$6 USD) - 2016/12/01 17:35:37 ET
Table 'Friederike' 6-max Seat #6 is the button
Seat 2: Chessnok ($88.76 in chips)
Seat 6: HAOYUN88888 ($107.41 in chips)
HAOYUN88888: posts small blind $1
Chessnok: posts big blind $3
*** HOLE CARDS ***
HAOYUN88888: raises $3 to $6
Chessnok: folds
Uncalled bet ($3) returned to HAOYUN88888
HAOYUN88888 collected $6 from pot
HAOYUN88888: doesn't show hand
*** SUMMARY ***
Total pot $6 | Rake $0
Seat 2: Chessnok (big blind) folded before Flop
Seat 6: HAOYUN88888 (button) (small blind) collected ($6)


PokerStars Hand #162262221959:  Hold'em Limit ($3/$6 USD) - 2016/12/01 17:35:20 ET
Table 'Friederike' 6-max Seat #2 is the button
Seat 2: Chessnok ($97.76 in chips)
Seat 6: HAOYUN88888 ($98.77 in chips)
Chessnok: posts small blind $1
HAOYUN88888: posts big blind $3
*** HOLE CARDS ***
Chessnok: raises $3 to $6
HAOYUN88888: calls $3
*** FLOP *** [Ts 9c Qd]
HAOYUN88888: checks
Chessnok: bets $3
HAOYUN88888: raises $3 to $6
vestimokrec joins the table at seat #1
Chessnok: folds
Uncalled bet ($3) returned to HAOYUN88888
HAOYUN88888 collected $17.64 from pot
HAOYUN88888: doesn't show hand
*** SUMMARY ***
Total pot $18 | Rake $0.36
Board [Ts 9c Qd]
Seat 2: Chessnok (button) (small blind) folded on the Flop
Seat 6: HAOYUN88888 (big blind) collected ($17.64)


PokerStars Hand #162262287470:  Hold'em Limit ($3/$6 USD) - 2016/12/01 17:36:25 ET
Table 'Friederike' 6-max Seat #2 is the button
Seat 2: Chessnok ($114.26 in chips)
Seat 6: HAOYUN88888 ($81.41 in chips)
Chessnok: posts small blind $1
HAOYUN88888: posts big blind $3
*** HOLE CARDS ***
Chessnok: raises $3 to $6
HAOYUN88888: calls $3
*** FLOP *** [5s Ks 2c]
HAOYUN88888: checks
Chessnok: bets $3
HAOYUN88888: calls $3
*** TURN *** [5s Ks 2c] [8c]
HAOYUN88888: checks
Chessnok: bets $6
HAOYUN88888: calls $6
*** RIVER *** [5s Ks 2c 8c] [7h]
HAOYUN88888: checks
Chessnok: bets $6
HAOYUN88888: calls $6
*** SHOW DOWN ***
Chessnok: shows [9s 6s] (a straight, Five to Nine)
HAOYUN88888: mucks hand
Chessnok collected $41.50 from pot
*** SUMMARY ***
Total pot $42 | Rake $0.50
Board [5s Ks 2c 8c 7h]
Seat 2: Chessnok (button) (small blind) showed [9s 6s] and won ($41.50) with a straight, Five to Nine
Seat 6: HAOYUN88888 (big blind) mucked


