PokerStars Hand #176741087884:  Hold'em Limit ($3/$6 USD) - 2017/10/10 12:55:34 ET
Table 'Friederike' 6-max Seat #1 is the button
Seat 1: Psynto ($138.31 in chips)
Seat 6: ottowins ($81.20 in chips)
Psynto: posts small blind $1
Ag3r0n was removed from the table for failing to post
mitch4242: is sitting out
ottowins: posts big blind $3
*** HOLE CARDS ***
Psynto: raises $3 to $6
ottowins: calls $3
*** FLOP *** [7d 4s 2h]
Ag3r0n joins the table at seat #2
ottowins: checks
Psynto: bets $3
ottowins: raises $3 to $6
Psynto: calls $3
*** TURN *** [7d 4s 2h] [Ad]
ottowins: bets $6
Psynto: raises $6 to $12
ottowins: calls $6
*** RIVER *** [7d 4s 2h Ad] [7c]
ottowins: checks
Psynto: bets $6
ottowins: folds
Uncalled bet ($6) returned to Psynto
Psynto collected $47.50 from pot
Psynto: doesn't show hand
*** SUMMARY ***
Total pot $48 | Rake $0.50
Board [7d 4s 2h Ad 7c]
Seat 1: Psynto (button) (small blind) collected ($47.50)
Seat 6: ottowins (big blind) folded on the River


PokerStars Hand #176741102179:  Hold'em Limit ($3/$6 USD) - 2017/10/10 12:55:59 ET
Table 'Friederike' 6-max Seat #6 is the button
Seat 1: Psynto ($161.81 in chips)
Seat 6: ottowins ($57.20 in chips)
ottowins: posts small blind $1
Psynto: posts big blind $3
*** HOLE CARDS ***
ottowins: folds
Uncalled bet ($2) returned to Psynto
Psynto collected $2 from pot
Psynto: doesn't show hand
*** SUMMARY ***
Total pot $2 | Rake $0
Seat 1: Psynto (big blind) collected ($2)
Seat 6: ottowins (button) (small blind) folded before Flop


PokerStars Hand #176749001130:  Hold'em Limit ($3/$6 USD) - 2017/10/10 15:48:53 ET
Table 'Friederike' 6-max Seat #6 is the button
Seat 5: Fabulous108 ($87.03 in chips)
Seat 6: BelSv ($102.66 in chips)
BelSv: posts small blind $1
SEQUOIA2012: is sitting out
Fabulous108: posts big blind $3
*** HOLE CARDS ***
SEQUOIA2012 leaves the table
BelSv: raises $3 to $6
Fabulous108: raises $3 to $9
BelSv: calls $3
*** FLOP *** [7h 9h Ad]
Fabulous108: bets $3
BelSv: calls $3
*** TURN *** [7h 9h Ad] [Th]
Fabulous108: bets $6
BelSv: calls $6
*** RIVER *** [7h 9h Ad Th] [2s]
Fabulous108: bets $6
BelSv: calls $6
*** SHOW DOWN ***
Fabulous108: shows [Jd Qd] (high card Ace)
BelSv: shows [8s Ts] (a pair of Tens)
BelSv collected $47.50 from pot
*** SUMMARY ***
Total pot $48 | Rake $0.50
Board [7h 9h Ad Th 2s]
Seat 5: Fabulous108 (big blind) showed [Jd Qd] and lost with high card Ace
Seat 6: BelSv (button) (small blind) showed [8s Ts] and won ($47.50) with a pair of Tens


PokerStars Hand #176749043661:  Hold'em Limit ($3/$6 USD) - 2017/10/10 15:49:43 ET
Table 'Friederike' 6-max Seat #5 is the button
Seat 5: Fabulous108 ($63.03 in chips)
Seat 6: BelSv ($126.16 in chips)
Fabulous108: posts small blind $1
BelSv: posts big blind $3
*** HOLE CARDS ***
Fabulous108: folds
Uncalled bet ($2) returned to BelSv
BelSv collected $2 from pot
BelSv: doesn't show hand
*** SUMMARY ***
Total pot $2 | Rake $0
Seat 5: Fabulous108 (button) (small blind) folded before Flop
Seat 6: BelSv (big blind) collected ($2)


