PokerStars Hand #156333565590:  Hold'em Limit ($3/$6 USD) - 2016/07/23 7:50:31 ET
Table 'Frigga' 6-max Seat #3 is the button
Seat 3: topcat1422 ($210.09 in chips)
Seat 5: Hi Im Alexey ($98.50 in chips)
topcat1422: posts small blind $1
Hi Im Alexey: posts big blind $3
*** HOLE CARDS ***
topcat1422: raises $3 to $6
Hi Im Alexey: folds
Uncalled bet ($3) returned to topcat1422
topcat1422 collected $6 from pot
topcat1422: doesn't show hand
*** SUMMARY ***
Total pot $6 | Rake $0
Seat 3: topcat1422 (button) (small blind) collected ($6)
Seat 5: Hi Im Alexey (big blind) folded before Flop


PokerStars Hand #156333552418:  Hold'em Limit ($3/$6 USD) - 2016/07/23 7:50:02 ET
Table 'Frigga' 6-max Seat #5 is the button
Seat 3: topcat1422 ($237.09 in chips)
Seat 5: Hi Im Alexey ($72 in chips)
Hi Im Alexey: posts small blind $1
topcat1422: posts big blind $3
*** HOLE CARDS ***
Hi Im Alexey: raises $3 to $6
topcat1422: calls $3
*** FLOP *** [3c 7h 2h]
topcat1422: checks
Hi Im Alexey: bets $3
topcat1422: calls $3
*** TURN *** [3c 7h 2h] [4s]
topcat1422: checks
Hi Im Alexey: bets $6
topcat1422: raises $6 to $12
Hi Im Alexey: calls $6
*** RIVER *** [3c 7h 2h 4s] [9d]
topcat1422: bets $6
Hi Im Alexey: calls $6
*** SHOW DOWN ***
topcat1422: shows [Ad 2d] (a pair of Deuces)
Hi Im Alexey: shows [7d Kh] (a pair of Sevens)
Hi Im Alexey collected $53.50 from pot
*** SUMMARY ***
Total pot $54 | Rake $0.50
Board [3c 7h 2h 4s 9d]
Seat 3: topcat1422 (big blind) showed [Ad 2d] and lost with a pair of Deuces
Seat 5: Hi Im Alexey (button) (small blind) showed [7d Kh] and won ($53.50) with a pair of Sevens


PokerStars Hand #156333543311:  Hold'em Limit ($3/$6 USD) - 2016/07/23 7:49:42 ET
Table 'Frigga' 6-max Seat #3 is the button
Seat 3: topcat1422 ($231.33 in chips)
Seat 5: Hi Im Alexey ($72 in chips)
topcat1422: posts small blind $1
Hi Im Alexey: posts big blind $3
*** HOLE CARDS ***
topcat1422: raises $3 to $6
Hi Im Alexey: calls $3
*** FLOP *** [2c Ac 7h]
Hi Im Alexey: checks
topcat1422: bets $3
Hi Im Alexey: folds
Uncalled bet ($3) returned to topcat1422
topcat1422 collected $11.76 from pot
topcat1422: doesn't show hand
*** SUMMARY ***
Total pot $12 | Rake $0.24
Board [2c Ac 7h]
Seat 3: topcat1422 (button) (small blind) collected ($11.76)
Seat 5: Hi Im Alexey (big blind) folded on the Flop


PokerStars Hand #156333586085:  Hold'em Limit ($3/$6 USD) - 2016/07/23 7:51:16 ET
Table 'Frigga' 6-max Seat #5 is the button
Seat 3: topcat1422 ($226.59 in chips)
Seat 5: Hi Im Alexey ($81.50 in chips)
Hi Im Alexey: posts small blind $1
topcat1422: posts big blind $3
*** HOLE CARDS ***
Hi Im Alexey: raises $3 to $6
topcat1422: calls $3
*** FLOP *** [8h Tc Js]
topcat1422: checks
Hi Im Alexey: bets $3
topcat1422: calls $3
*** TURN *** [8h Tc Js] [3s]
topcat1422: checks
Hi Im Alexey: checks
*** RIVER *** [8h Tc Js 3s] [3d]
topcat1422: bets $6
Hi Im Alexey: calls $6
*** SHOW DOWN ***
topcat1422: shows [Td Jc] (two pair, Jacks and Tens)
Hi Im Alexey: mucks hand
topcat1422 collected $29.50 from pot
*** SUMMARY ***
Total pot $30 | Rake $0.50
Board [8h Tc Js 3s 3d]
Seat 3: topcat1422 (big blind) showed [Td Jc] and won ($29.50) with two pair, Jacks and Tens
Seat 5: Hi Im Alexey (button) (small blind) mucked


PokerStars Hand #156333582913:  Hold'em Limit ($3/$6 USD) - 2016/07/23 7:51:09 ET
Table 'Frigga' 6-max Seat #3 is the button
Seat 3: topcat1422 ($227.59 in chips)
Seat 5: Hi Im Alexey ($80.50 in chips)
topcat1422: posts small blind $1
Hi Im Alexey: posts big blind $3
*** HOLE CARDS ***
topcat1422: folds
Uncalled bet ($2) returned to Hi Im Alexey
Hi Im Alexey collected $2 from pot
*** SUMMARY ***
Total pot $2 | Rake $0
Seat 3: topcat1422 (button) (small blind) folded before Flop
Seat 5: Hi Im Alexey (big blind) collected ($2)


PokerStars Hand #156333568071:  Hold'em Limit ($3/$6 USD) - 2016/07/23 7:50:36 ET
Table 'Frigga' 6-max Seat #5 is the button
Seat 3: topcat1422 ($213.09 in chips)
Seat 5: Hi Im Alexey ($95.50 in chips)
Hi Im Alexey: posts small blind $1
topcat1422: posts big blind $3
*** HOLE CARDS ***
Hi Im Alexey: raises $3 to $6
topcat1422: calls $3
*** FLOP *** [6h Ts 3h]
topcat1422: checks
Hi Im Alexey: bets $3
topcat1422: calls $3
*** TURN *** [6h Ts 3h] [8h]
topcat1422: checks
Hi Im Alexey: checks
*** RIVER *** [6h Ts 3h 8h] [6d]
topcat1422: bets $6
Hi Im Alexey: calls $6
*** SHOW DOWN ***
topcat1422: shows [5s 8s] (two pair, Eights and Sixes)
Hi Im Alexey: mucks hand
topcat1422 collected $29.50 from pot
*** SUMMARY ***
Total pot $30 | Rake $0.50
Board [6h Ts 3h 8h 6d]
Seat 3: topcat1422 (big blind) showed [5s 8s] and won ($29.50) with two pair, Eights and Sixes
Seat 5: Hi Im Alexey (button) (small blind) mucked


PokerStars Hand #156333626610:  Hold'em Limit ($3/$6 USD) - 2016/07/23 7:52:45 ET
Table 'Frigga' 6-max Seat #3 is the button
Seat 3: topcat1422 ($220.09 in chips)
Seat 5: Hi Im Alexey ($92.26 in chips)
topcat1422: posts small blind $1
Hi Im Alexey: posts big blind $3
*** HOLE CARDS ***
topcat1422: folds
Uncalled bet ($2) returned to Hi Im Alexey
Hi Im Alexey collected $2 from pot
*** SUMMARY ***
Total pot $2 | Rake $0
Seat 3: topcat1422 (button) (small blind) folded before Flop
Seat 5: Hi Im Alexey (big blind) collected ($2)


PokerStars Hand #156333613466:  Hold'em Limit ($3/$6 USD) - 2016/07/23 7:52:16 ET
Table 'Frigga' 6-max Seat #5 is the button
Seat 3: topcat1422 ($226.09 in chips)
Seat 5: Hi Im Alexey ($86.50 in chips)
Hi Im Alexey: posts small blind $1
topcat1422: posts big blind $3
*** HOLE CARDS ***
Hi Im Alexey: raises $3 to $6
topcat1422: calls $3
*** FLOP *** [Tc 6s 9d]
topcat1422: checks
Hi Im Alexey: bets $3
topcat1422: folds
Uncalled bet ($3) returned to Hi Im Alexey
Hi Im Alexey collected $11.76 from pot
*** SUMMARY ***
Total pot $12 | Rake $0.24
Board [Tc 6s 9d]
Seat 3: topcat1422 (big blind) folded on the Flop
Seat 5: Hi Im Alexey (button) (small blind) collected ($11.76)


PokerStars Hand #156333595948:  Hold'em Limit ($3/$6 USD) - 2016/07/23 7:51:38 ET
Table 'Frigga' 6-max Seat #3 is the button
Seat 3: topcat1422 ($241.09 in chips)
Seat 5: Hi Im Alexey ($72 in chips)
topcat1422: posts small blind $1
Hi Im Alexey: posts big blind $3
*** HOLE CARDS ***
topcat1422: raises $3 to $6
Hi Im Alexey: calls $3
*** FLOP *** [7s 5h Ac]
Hi Im Alexey: bets $3
topcat1422: calls $3
*** TURN *** [7s 5h Ac] [2c]
Hi Im Alexey: bets $6
topcat1422: calls $6
*** RIVER *** [7s 5h Ac 2c] [4d]
Hi Im Alexey: checks
topcat1422: checks
*** SHOW DOWN ***
Hi Im Alexey: shows [Ad 6h] (a pair of Aces)
topcat1422: mucks hand
Hi Im Alexey collected $29.50 from pot
*** SUMMARY ***
Total pot $30 | Rake $0.50
Board [7s 5h Ac 2c 4d]
Seat 3: topcat1422 (button) (small blind) mucked
Seat 5: Hi Im Alexey (big blind) showed [Ad 6h] and won ($29.50) with a pair of Aces


PokerStars Hand #156333642464:  Hold'em Limit ($3/$6 USD) - 2016/07/23 7:53:20 ET
Table 'Frigga' 6-max Seat #3 is the button
Seat 3: topcat1422 ($216.09 in chips)
Seat 5: Hi Im Alexey ($96.26 in chips)
topcat1422: posts small blind $1
Hi Im Alexey: posts big blind $3
*** HOLE CARDS ***
topcat1422: raises $3 to $6
Hi Im Alexey: calls $3
*** FLOP *** [Jd 8h 3s]
Hi Im Alexey: checks
topcat1422: bets $3
Hi Im Alexey: folds
Uncalled bet ($3) returned to topcat1422
topcat1422 collected $11.76 from pot
topcat1422: doesn't show hand
*** SUMMARY ***
Total pot $12 | Rake $0.24
Board [Jd 8h 3s]
Seat 3: topcat1422 (button) (small blind) collected ($11.76)
Seat 5: Hi Im Alexey (big blind) folded on the Flop


PokerStars Hand #156333639220:  Hold'em Limit ($3/$6 USD) - 2016/07/23 7:53:13 ET
Table 'Frigga' 6-max Seat #5 is the button
Seat 3: topcat1422 ($219.09 in chips)
Seat 5: Hi Im Alexey ($93.26 in chips)
Hi Im Alexey: posts small blind $1
topcat1422: posts big blind $3
*** HOLE CARDS ***
Hi Im Alexey: raises $3 to $6
topcat1422: folds
Uncalled bet ($3) returned to Hi Im Alexey
Hi Im Alexey collected $6 from pot
*** SUMMARY ***
Total pot $6 | Rake $0
Seat 3: topcat1422 (big blind) folded before Flop
Seat 5: Hi Im Alexey (button) (small blind) collected ($6)


PokerStars Hand #156333634966:  Hold'em Limit ($3/$6 USD) - 2016/07/23 7:53:03 ET
Table 'Frigga' 6-max Seat #3 is the button
Seat 3: topcat1422 ($216.09 in chips)
Seat 5: Hi Im Alexey ($96.26 in chips)
topcat1422: posts small blind $1
Hi Im Alexey: posts big blind $3
*** HOLE CARDS ***
topcat1422: raises $3 to $6
Hi Im Alexey: folds
Uncalled bet ($3) returned to topcat1422
topcat1422 collected $6 from pot
topcat1422: doesn't show hand
*** SUMMARY ***
Total pot $6 | Rake $0
Seat 3: topcat1422 (button) (small blind) collected ($6)
Seat 5: Hi Im Alexey (big blind) folded before Flop


PokerStars Hand #156333629117:  Hold'em Limit ($3/$6 USD) - 2016/07/23 7:52:50 ET
Table 'Frigga' 6-max Seat #5 is the button
Seat 3: topcat1422 ($219.09 in chips)
Seat 5: Hi Im Alexey ($93.26 in chips)
Hi Im Alexey: posts small blind $1
topcat1422: posts big blind $3
*** HOLE CARDS ***
Hi Im Alexey: raises $3 to $6
topcat1422: folds
Uncalled bet ($3) returned to Hi Im Alexey
Hi Im Alexey collected $6 from pot
*** SUMMARY ***
Total pot $6 | Rake $0
Seat 3: topcat1422 (big blind) folded before Flop
Seat 5: Hi Im Alexey (button) (small blind) collected ($6)


PokerStars Hand #156333676431:  Hold'em Limit ($3/$6 USD) - 2016/07/23 7:54:35 ET
Table 'Frigga' 6-max Seat #3 is the button
Seat 3: topcat1422 ($226.49 in chips)
Seat 5: Hi Im Alexey ($85.26 in chips)
topcat1422: posts small blind $1
Hi Im Alexey: posts big blind $3
*** HOLE CARDS ***
topcat1422: raises $3 to $6
Hi Im Alexey: raises $3 to $9
topcat1422: calls $3
*** FLOP *** [5c Kd Ad]
Hi Im Alexey: bets $3
topcat1422: calls $3
*** TURN *** [5c Kd Ad] [Jc]
Hi Im Alexey: bets $6
topcat1422: calls $6
*** RIVER *** [5c Kd Ad Jc] [4h]
Hi Im Alexey: bets $6
topcat1422: calls $6
*** SHOW DOWN ***
Hi Im Alexey: shows [5s As] (two pair, Aces and Fives)
topcat1422: mucks hand
Hi Im Alexey collected $47.50 from pot
*** SUMMARY ***
Total pot $48 | Rake $0.50
Board [5c Kd Ad Jc 4h]
Seat 3: topcat1422 (button) (small blind) mucked
Seat 5: Hi Im Alexey (big blind) showed [5s As] and won ($47.50) with two pair, Aces and Fives


PokerStars Hand #156333672872:  Hold'em Limit ($3/$6 USD) - 2016/07/23 7:54:27 ET
Table 'Frigga' 6-max Seat #5 is the button
Seat 3: topcat1422 ($229.49 in chips)
Seat 5: Hi Im Alexey ($82.26 in chips)
Hi Im Alexey: posts small blind $1
topcat1422: posts big blind $3
*** HOLE CARDS ***
Hi Im Alexey: raises $3 to $6
topcat1422: folds
Uncalled bet ($3) returned to Hi Im Alexey
Hi Im Alexey collected $6 from pot
*** SUMMARY ***
Total pot $6 | Rake $0
Seat 3: topcat1422 (big blind) folded before Flop
Seat 5: Hi Im Alexey (button) (small blind) collected ($6)


PokerStars Hand #156333670727:  Hold'em Limit ($3/$6 USD) - 2016/07/23 7:54:23 ET
Table 'Frigga' 6-max Seat #3 is the button
Seat 3: topcat1422 ($230.49 in chips)
Seat 5: Hi Im Alexey ($81.26 in chips)
topcat1422: posts small blind $1
Hi Im Alexey: posts big blind $3
*** HOLE CARDS ***
topcat1422: folds
Uncalled bet ($2) returned to Hi Im Alexey
Hi Im Alexey collected $2 from pot
*** SUMMARY ***
Total pot $2 | Rake $0
Seat 3: topcat1422 (button) (small blind) folded before Flop
Seat 5: Hi Im Alexey (big blind) collected ($2)


PokerStars Hand #156333653584:  Hold'em Limit ($3/$6 USD) - 2016/07/23 7:53:45 ET
Table 'Frigga' 6-max Seat #5 is the button
Seat 3: topcat1422 ($221.85 in chips)
Seat 5: Hi Im Alexey ($90.26 in chips)
Hi Im Alexey: posts small blind $1
topcat1422: posts big blind $3
*** HOLE CARDS ***
Hi Im Alexey: raises $3 to $6
topcat1422: calls $3
*** FLOP *** [Js Jc 5d]
topcat1422: checks
Hi Im Alexey: bets $3
topcat1422: calls $3
*** TURN *** [Js Jc 5d] [9d]
topcat1422: checks
Hi Im Alexey: checks
*** RIVER *** [Js Jc 5d 9d] [5s]
topcat1422: bets $6
Hi Im Alexey: folds
Uncalled bet ($6) returned to topcat1422
topcat1422 collected $17.64 from pot
topcat1422: doesn't show hand
*** SUMMARY ***
Total pot $18 | Rake $0.36
Board [Js Jc 5d 9d 5s]
Seat 3: topcat1422 (big blind) collected ($17.64)
Seat 5: Hi Im Alexey (button) (small blind) folded on the River


PokerStars Hand #156333705116:  Hold'em Limit ($3/$6 USD) - 2016/07/23 7:55:44 ET
Table 'Frigga' 6-max Seat #3 is the button
Seat 3: topcat1422 ($189.49 in chips)
Seat 5: Hi Im Alexey ($121.28 in chips)
topcat1422: posts small blind $1
Hi Im Alexey: posts big blind $3
*** HOLE CARDS ***
topcat1422: folds
Uncalled bet ($2) returned to Hi Im Alexey
Hi Im Alexey collected $2 from pot
*** SUMMARY ***
Total pot $2 | Rake $0
Seat 3: topcat1422 (button) (small blind) folded before Flop
Seat 5: Hi Im Alexey (big blind) collected ($2)


PokerStars Hand #156333702519:  Hold'em Limit ($3/$6 USD) - 2016/07/23 7:55:37 ET
Table 'Frigga' 6-max Seat #5 is the button
Seat 3: topcat1422 ($192.49 in chips)
Seat 5: Hi Im Alexey ($118.28 in chips)
Hi Im Alexey: posts small blind $1
topcat1422: posts big blind $3
*** HOLE CARDS ***
Hi Im Alexey: raises $3 to $6
topcat1422: folds
Uncalled bet ($3) returned to Hi Im Alexey
lauriux121 joins the table at seat #2
Hi Im Alexey collected $6 from pot
*** SUMMARY ***
Total pot $6 | Rake $0
Seat 3: topcat1422 (big blind) folded before Flop
Seat 5: Hi Im Alexey (button) (small blind) collected ($6)


PokerStars Hand #156333700792:  Hold'em Limit ($3/$6 USD) - 2016/07/23 7:55:33 ET
Table 'Frigga' 6-max Seat #3 is the button
Seat 3: topcat1422 ($193.49 in chips)
Seat 5: Hi Im Alexey ($117.28 in chips)
topcat1422: posts small blind $1
Hi Im Alexey: posts big blind $3
*** HOLE CARDS ***
topcat1422: folds
Uncalled bet ($2) returned to Hi Im Alexey
Hi Im Alexey collected $2 from pot
*** SUMMARY ***
Total pot $2 | Rake $0
Seat 3: topcat1422 (button) (small blind) folded before Flop
Seat 5: Hi Im Alexey (big blind) collected ($2)


PokerStars Hand #156333696078:  Hold'em Limit ($3/$6 USD) - 2016/07/23 7:55:21 ET
Table 'Frigga' 6-max Seat #5 is the button
Seat 3: topcat1422 ($199.49 in chips)
Seat 5: Hi Im Alexey ($111.52 in chips)
Hi Im Alexey: posts small blind $1
topcat1422: posts big blind $3
*** HOLE CARDS ***
Hi Im Alexey: raises $3 to $6
topcat1422: calls $3
*** FLOP *** [Ad 9h Kc]
topcat1422: checks
Hi Im Alexey: bets $3
topcat1422: folds
Uncalled bet ($3) returned to Hi Im Alexey
Hi Im Alexey collected $11.76 from pot
*** SUMMARY ***
Total pot $12 | Rake $0.24
Board [Ad 9h Kc]
Seat 3: topcat1422 (big blind) folded on the Flop
Seat 5: Hi Im Alexey (button) (small blind) collected ($11.76)


PokerStars Hand #156333691678:  Hold'em Limit ($3/$6 USD) - 2016/07/23 7:55:09 ET
Table 'Frigga' 6-max Seat #3 is the button
Seat 3: topcat1422 ($196.49 in chips)
Seat 5: Hi Im Alexey ($114.52 in chips)
topcat1422: posts small blind $1
Hi Im Alexey: posts big blind $3
*** HOLE CARDS ***
topcat1422: raises $3 to $6
Hi Im Alexey: folds
Uncalled bet ($3) returned to topcat1422
topcat1422 collected $6 from pot
topcat1422: doesn't show hand
*** SUMMARY ***
Total pot $6 | Rake $0
Seat 3: topcat1422 (button) (small blind) collected ($6)
Seat 5: Hi Im Alexey (big blind) folded before Flop


PokerStars Hand #156333686204:  Hold'em Limit ($3/$6 USD) - 2016/07/23 7:54:57 ET
Table 'Frigga' 6-max Seat #5 is the button
Seat 3: topcat1422 ($202.49 in chips)
Seat 5: Hi Im Alexey ($108.76 in chips)
Hi Im Alexey: posts small blind $1
topcat1422: posts big blind $3
*** HOLE CARDS ***
Hi Im Alexey: raises $3 to $6
topcat1422: calls $3
*** FLOP *** [8h 9c Ah]
topcat1422: checks
Hi Im Alexey: bets $3
topcat1422: folds
Uncalled bet ($3) returned to Hi Im Alexey
Hi Im Alexey collected $11.76 from pot
*** SUMMARY ***
Total pot $12 | Rake $0.24
Board [8h 9c Ah]
Seat 3: topcat1422 (big blind) folded on the Flop
Seat 5: Hi Im Alexey (button) (small blind) collected ($11.76)


PokerStars Hand #156334212118:  Hold'em Limit ($3/$6 USD) - 2016/07/23 8:14:23 ET
Table 'Frigga' 6-max Seat #1 is the button
Seat 1: Fantomet ($78.94 in chips)
Seat 5: Hi Im Alexey ($117.88 in chips)
Grieserix: is sitting out
Grieserix leaves the table
Fantomet: posts small blind $1
Hi Im Alexey: posts big blind $3
*** HOLE CARDS ***
Fantomet: folds
Uncalled bet ($2) returned to Hi Im Alexey
Hi Im Alexey collected $2 from pot
*** SUMMARY ***
Total pot $2 | Rake $0
Seat 1: Fantomet (button) (small blind) folded before Flop
Seat 5: Hi Im Alexey (big blind) collected ($2)


PokerStars Hand #156334214538:  Hold'em Limit ($3/$6 USD) - 2016/07/23 8:14:28 ET
Table 'Frigga' 6-max Seat #5 is the button
Seat 1: Fantomet ($77.94 in chips)
Seat 5: Hi Im Alexey ($118.88 in chips)
Hi Im Alexey: posts small blind $1
Fantomet: posts big blind $3
*** HOLE CARDS ***
Hi Im Alexey: raises $3 to $6
Fantomet: raises $3 to $9
Hi Im Alexey: calls $3
*** FLOP *** [9h 8h 6h]
Fantomet: checks
Hi Im Alexey: bets $3
Fantomet: calls $3
*** TURN *** [9h 8h 6h] [3c]
Fantomet: checks
Hi Im Alexey: bets $6
Fantomet: folds
Uncalled bet ($6) returned to Hi Im Alexey
Hi Im Alexey collected $23.52 from pot
*** SUMMARY ***
Total pot $24 | Rake $0.48
Board [9h 8h 6h 3c]
Seat 1: Fantomet (big blind) folded on the Turn
Seat 5: Hi Im Alexey (button) (small blind) collected ($23.52)


PokerStars Hand #156335032353:  Hold'em Limit ($3/$6 USD) - 2016/07/23 8:41:42 ET
Table 'Frigga' 6-max Seat #3 is the button
Seat 2: topcat1422 ($223.87 in chips)
Seat 3: hookonhook ($132.64 in chips)
hookonhook: posts small blind $1
topcat1422: posts big blind $3
*** HOLE CARDS ***
hookonhook: folds
Uncalled bet ($2) returned to topcat1422
topcat1422 collected $2 from pot
topcat1422: doesn't show hand
*** SUMMARY ***
Total pot $2 | Rake $0
Seat 2: topcat1422 (big blind) collected ($2)
Seat 3: hookonhook (button) (small blind) folded before Flop


PokerStars Hand #156335025922:  Hold'em Limit ($3/$6 USD) - 2016/07/23 8:41:29 ET
Table 'Frigga' 6-max Seat #2 is the button
Seat 2: topcat1422 ($232.87 in chips)
Seat 3: hookonhook ($124 in chips)
topcat1422: posts small blind $1
hookonhook: posts big blind $3
*** HOLE CARDS ***
topcat1422: raises $3 to $6
hookonhook: calls $3
*** FLOP *** [9h 4d Kd]
hookonhook: checks
topcat1422: bets $3
hookonhook: raises $3 to $6
topcat1422: folds
Uncalled bet ($3) returned to hookonhook
hookonhook collected $17.64 from pot
*** SUMMARY ***
Total pot $18 | Rake $0.36
Board [9h 4d Kd]
Seat 2: topcat1422 (button) (small blind) folded on the Flop
Seat 3: hookonhook (big blind) collected ($17.64)


PokerStars Hand #156335023086:  Hold'em Limit ($3/$6 USD) - 2016/07/23 8:41:23 ET
Table 'Frigga' 6-max Seat #3 is the button
Seat 2: topcat1422 ($235.87 in chips)
Seat 3: hookonhook ($121 in chips)
hookonhook: posts small blind $1
topcat1422: posts big blind $3
*** HOLE CARDS ***
hookonhook: raises $3 to $6
topcat1422: folds
Uncalled bet ($3) returned to hookonhook
hookonhook collected $6 from pot
*** SUMMARY ***
Total pot $6 | Rake $0
Seat 2: topcat1422 (big blind) folded before Flop
Seat 3: hookonhook (button) (small blind) collected ($6)


PokerStars Hand #156335019432:  Hold'em Limit ($3/$6 USD) - 2016/07/23 8:41:16 ET
Table 'Frigga' 6-max Seat #2 is the button
Seat 2: topcat1422 ($236.87 in chips)
Seat 3: hookonhook ($120 in chips)
topcat1422: posts small blind $1
hookonhook: posts big blind $3
*** HOLE CARDS ***
topcat1422: folds
Uncalled bet ($2) returned to hookonhook
hookonhook collected $2 from pot
*** SUMMARY ***
Total pot $2 | Rake $0
Seat 2: topcat1422 (button) (small blind) folded before Flop
Seat 3: hookonhook (big blind) collected ($2)


PokerStars Hand #156335034726:  Hold'em Limit ($3/$6 USD) - 2016/07/23 8:41:46 ET
Table 'Frigga' 6-max Seat #2 is the button
Seat 2: topcat1422 ($224.87 in chips)
Seat 3: hookonhook ($131.64 in chips)
topcat1422: posts small blind $1
hookonhook: posts big blind $3
*** HOLE CARDS ***
topcat1422: raises $3 to $6
xcgxcg2005 joins the table at seat #1
hookonhook: calls $3
*** FLOP *** [Td 4d 8s]
hookonhook: checks
topcat1422: checks
*** TURN *** [Td 4d 8s] [2h]
hookonhook: bets $6
topcat1422: folds
Uncalled bet ($6) returned to hookonhook
hookonhook collected $11.76 from pot
*** SUMMARY ***
Total pot $12 | Rake $0.24
Board [Td 4d 8s 2h]
Seat 2: topcat1422 (button) (small blind) folded on the Turn
Seat 3: hookonhook (big blind) collected ($11.76)


PokerStars Hand #156337170082:  Hold'em Limit ($3/$6 USD) - 2016/07/23 9:48:19 ET
Table 'Frigga' 6-max Seat #2 is the button
Seat 2: belik555 ($91.74 in chips)
Seat 4: mishosauga34 ($104.99 in chips)
belik555: posts small blind $1
hookonhook: is sitting out
mishosauga34: posts big blind $3
*** HOLE CARDS ***
belik555: raises $3 to $6
mishosauga34: calls $3
*** FLOP *** [6s 9s Qh]
mishosauga34: checks
belik555: bets $3
mishosauga34: calls $3
*** TURN *** [6s 9s Qh] [5h]
mishosauga34: checks
regen727 joins the table at seat #6
belik555: bets $6
zimin10 leaves the table
mishosauga34: folds
Uncalled bet ($6) returned to belik555
mishosauga34 leaves the table
belik555 collected $17.64 from pot
belik555: doesn't show hand
*** SUMMARY ***
Total pot $18 | Rake $0.36
Board [6s 9s Qh 5h]
Seat 2: belik555 (button) (small blind) collected ($17.64)
Seat 4: mishosauga34 (big blind) folded on the Turn


