PokerStars Hand #171466955215:  Hold'em Limit ($3/$6 USD) - 2017/06/07 12:12:46 ET
Table 'Frigga' 10-max Seat #7 is the button
Seat 7: MTails ($120 in chips)
Seat 8: perten ($62.03 in chips)
MTails: posts small blind $1
perten: posts big blind $3
*** HOLE CARDS ***
MTails: raises $3 to $6
perten: calls $3
*** FLOP *** [7h 7d 4s]
karpik1992 joins the table at seat #9
perten: checks
MTails: bets $3
perten: calls $3
*** TURN *** [7h 7d 4s] [Kd]
Agrotait joins the table at seat #10
perten: checks
MTails: bets $6
perten: calls $6
*** RIVER *** [7h 7d 4s Kd] [9c]
perten: checks
MTails: checks
*** SHOW DOWN ***
perten: shows [4d 3d] (two pair, Sevens and Fours)
MTails: mucks hand
perten collected $29.50 from pot
*** SUMMARY ***
Total pot $30 | Rake $0.50
Board [7h 7d 4s Kd 9c]
Seat 7: MTails (button) (small blind) mucked
Seat 8: perten (big blind) showed [4d 3d] and won ($29.50) with two pair, Sevens and Fours


PokerStars Hand #171467854548:  Hold'em Limit ($3/$6 USD) - 2017/06/07 12:35:38 ET
Table 'Frigga' 10-max Seat #7 is the button
Seat 7: jumaji007 ($58 in chips)
Seat 8: B_loJkl ($150 in chips)
jumaji007: posts small blind $1
B_loJkl: posts big blind $3
*** HOLE CARDS ***
jumaji007: folds
Uncalled bet ($2) returned to B_loJkl
B_loJkl collected $2 from pot
B_loJkl: doesn't show hand
cmoiici leaves the table
*** SUMMARY ***
Total pot $2 | Rake $0
Seat 7: jumaji007 (button) (small blind) folded before Flop
Seat 8: B_loJkl (big blind) collected ($2)


PokerStars Hand #171467865719:  Hold'em Limit ($3/$6 USD) - 2017/06/07 12:35:55 ET
Table 'Frigga' 10-max Seat #7 is the button
Seat 7: jumaji007 ($62.76 in chips)
Seat 8: B_loJkl ($145 in chips)
jumaji007: posts small blind $1
B_loJkl: posts big blind $3
*** HOLE CARDS ***
jumaji007: folds
Uncalled bet ($2) returned to B_loJkl
B_loJkl collected $2 from pot
B_loJkl: doesn't show hand
*** SUMMARY ***
Total pot $2 | Rake $0
Seat 7: jumaji007 (button) (small blind) folded before Flop
Seat 8: B_loJkl (big blind) collected ($2)


PokerStars Hand #171467857780:  Hold'em Limit ($3/$6 USD) - 2017/06/07 12:35:43 ET
Table 'Frigga' 10-max Seat #8 is the button
Seat 7: jumaji007 ($57 in chips)
Seat 8: B_loJkl ($151 in chips)
B_loJkl: posts small blind $1
jumaji007: posts big blind $3
*** HOLE CARDS ***
B_loJkl: raises $3 to $6
jumaji007: calls $3
*** FLOP *** [3s Jd 8h]
jumaji007: bets $3
B_loJkl: folds
Uncalled bet ($3) returned to jumaji007
jumaji007 collected $11.76 from pot
*** SUMMARY ***
Total pot $12 | Rake $0.24
Board [3s Jd 8h]
Seat 7: jumaji007 (big blind) collected ($11.76)
Seat 8: B_loJkl (button) (small blind) folded on the Flop


PokerStars Hand #171467869083:  Hold'em Limit ($3/$6 USD) - 2017/06/07 12:36:00 ET
Table 'Frigga' 10-max Seat #8 is the button
Seat 7: jumaji007 ($61.76 in chips)
Seat 8: B_loJkl ($146 in chips)
B_loJkl: posts small blind $1
jumaji007: posts big blind $3
*** HOLE CARDS ***
B_loJkl: folds
Uncalled bet ($2) returned to jumaji007
jumaji007 collected $2 from pot
jumaji007: doesn't show hand
*** SUMMARY ***
Total pot $2 | Rake $0
Seat 7: jumaji007 (big blind) collected ($2)
Seat 8: B_loJkl (button) (small blind) folded before Flop


PokerStars Hand #171467874519:  Hold'em Limit ($3/$6 USD) - 2017/06/07 12:36:08 ET
Table 'Frigga' 10-max Seat #7 is the button
Seat 7: jumaji007 ($62.76 in chips)
Seat 8: B_loJkl ($145 in chips)
jumaji007: posts small blind $1
B_loJkl: posts big blind $3
*** HOLE CARDS ***
jumaji007: folds
Uncalled bet ($2) returned to B_loJkl
B_loJkl collected $2 from pot
B_loJkl: doesn't show hand
*** SUMMARY ***
Total pot $2 | Rake $0
Seat 7: jumaji007 (button) (small blind) folded before Flop
Seat 8: B_loJkl (big blind) collected ($2)


PokerStars Hand #171467877825:  Hold'em Limit ($3/$6 USD) - 2017/06/07 12:36:13 ET
Table 'Frigga' 10-max Seat #8 is the button
Seat 7: jumaji007 ($61.76 in chips)
Seat 8: B_loJkl ($146 in chips)
B_loJkl: posts small blind $1
jumaji007: posts big blind $3
*** HOLE CARDS ***
B_loJkl: raises $3 to $6
jumaji007: calls $3
*** FLOP *** [7s 9s Td]
jumaji007: checks
B_loJkl: bets $3
jumaji007: folds
Uncalled bet ($3) returned to B_loJkl
B_loJkl collected $11.76 from pot
B_loJkl: doesn't show hand
*** SUMMARY ***
Total pot $12 | Rake $0.24
Board [7s 9s Td]
Seat 7: jumaji007 (big blind) folded on the Flop
Seat 8: B_loJkl (button) (small blind) collected ($11.76)


PokerStars Hand #171467888683:  Hold'em Limit ($3/$6 USD) - 2017/06/07 12:36:29 ET
Table 'Frigga' 10-max Seat #7 is the button
Seat 7: jumaji007 ($55.76 in chips)
Seat 8: B_loJkl ($151.76 in chips)
jumaji007: posts small blind $1
B_loJkl: posts big blind $3
*** HOLE CARDS ***
jumaji007: calls $2
B_loJkl: raises $3 to $6
jumaji007: calls $3
*** FLOP *** [3s Qh 7s]
B_loJkl: checks
jumaji007: bets $3
B_loJkl: calls $3
*** TURN *** [3s Qh 7s] [Ad]
cmoiici joins the table at seat #10
B_loJkl: bets $6
jumaji007: folds
Uncalled bet ($6) returned to B_loJkl
B_loJkl collected $17.64 from pot
B_loJkl: doesn't show hand
*** SUMMARY ***
Total pot $18 | Rake $0.36
Board [3s Qh 7s Ad]
Seat 7: jumaji007 (button) (small blind) folded on the Turn
Seat 8: B_loJkl (big blind) collected ($17.64)


PokerStars Hand #171467987577:  Hold'em Limit ($3/$6 USD) - 2017/06/07 12:38:57 ET
Table 'Frigga' 10-max Seat #8 is the button
Seat 7: jumaji007 ($68.67 in chips)
Seat 8: B_loJkl ($194.34 in chips)
B_loJkl: posts small blind $1
jumaji007: posts big blind $3
*** HOLE CARDS ***
B_loJkl: raises $3 to $6
jumaji007: folds
Uncalled bet ($3) returned to B_loJkl
B_loJkl collected $6 from pot
B_loJkl: doesn't show hand
*** SUMMARY ***
Total pot $6 | Rake $0
Seat 7: jumaji007 (big blind) folded before Flop
Seat 8: B_loJkl (button) (small blind) collected ($6)


