PokerStars Hand #175020650978:  Hold'em Limit ($3/$6 USD) - 2017/08/31 9:23:39 ET
Table 'Frigga' 6-max Seat #1 is the button
Seat 1: ANIN1337 ($50.76 in chips)
Seat 2: vestimokrec ($120 in chips)
ANIN1337: posts small blind $1
vestimokrec: posts big blind $3
*** HOLE CARDS ***
Agrotait leaves the table
ANIN1337: folds
Uncalled bet ($2) returned to vestimokrec
vestimokrec collected $2 from pot
vestimokrec: doesn't show hand
*** SUMMARY ***
Total pot $2 | Rake $0
Seat 1: ANIN1337 (button) (small blind) folded before Flop
Seat 2: vestimokrec (big blind) collected ($2)


PokerStars Hand #175020646270:  Hold'em Limit ($3/$6 USD) - 2017/08/31 9:23:30 ET
Table 'Frigga' 6-max Seat #4 is the button
Seat 1: ANIN1337 ($53.76 in chips)
Seat 4: Agrotait ($54 in chips)
Agrotait: posts small blind $1
ANIN1337: posts big blind $3
*** HOLE CARDS ***
Agrotait: raises $3 to $6
ANIN1337: folds
Uncalled bet ($3) returned to Agrotait
Agrotait collected $6 from pot
Agrotait: doesn't show hand
*** SUMMARY ***
Total pot $6 | Rake $0
Seat 1: ANIN1337 (big blind) folded before Flop
Seat 4: Agrotait (button) (small blind) collected ($6)


PokerStars Hand #175020653933:  Hold'em Limit ($3/$6 USD) - 2017/08/31 9:23:45 ET
Table 'Frigga' 6-max Seat #2 is the button
Seat 1: ANIN1337 ($49.76 in chips)
Seat 2: vestimokrec ($121 in chips)
vestimokrec: posts small blind $1
ANIN1337: posts big blind $3
*** HOLE CARDS ***
vestimokrec: folds
Uncalled bet ($2) returned to ANIN1337
ANIN1337 collected $2 from pot
ANIN1337: doesn't show hand
*** SUMMARY ***
Total pot $2 | Rake $0
Seat 1: ANIN1337 (big blind) collected ($2)
Seat 2: vestimokrec (button) (small blind) folded before Flop


PokerStars Hand #175020632854:  Hold'em Limit ($3/$6 USD) - 2017/08/31 9:23:03 ET
Table 'Frigga' 6-max Seat #1 is the button
Seat 1: ANIN1337 ($48 in chips)
Seat 4: Agrotait ($60 in chips)
ANIN1337: posts small blind $1
Agrotait: posts big blind $3
*** HOLE CARDS ***
vestimokrec joins the table at seat #2
ANIN1337: raises $3 to $6
Agrotait: calls $3
*** FLOP *** [5c 9s 9d]
Agrotait: checks
ANIN1337: bets $3
Agrotait: folds
Uncalled bet ($3) returned to ANIN1337
ANIN1337 collected $11.76 from pot
ANIN1337: doesn't show hand
*** SUMMARY ***
Total pot $12 | Rake $0.24
Board [5c 9s 9d]
Seat 1: ANIN1337 (button) (small blind) collected ($11.76)
Seat 4: Agrotait (big blind) folded on the Flop


