PokerStars Hand #146281493744:  Hold'em Limit ($3/$6 USD) - 2016/01/01 13:24:38 ET
Table 'Frigga' 6-max Seat #1 is the button
Seat 1: Zubasa07 ($500 in chips)
Seat 2: _fayzulllo_ ($72 in chips)
Zubasa07: posts small blind $1
_fayzulllo_: posts big blind $3
*** HOLE CARDS ***
Zubasa07: folds
Uncalled bet ($2) returned to _fayzulllo_
_fayzulllo_ collected $2 from pot
_fayzulllo_: doesn't show hand
*** SUMMARY ***
Total pot $2 | Rake $0
Seat 1: Zubasa07 (button) (small blind) folded before Flop
Seat 2: _fayzulllo_ (big blind) collected ($2)


PokerStars Hand #146281508549:  Hold'em Limit ($3/$6 USD) - 2016/01/01 13:24:54 ET
Table 'Frigga' 6-max Seat #2 is the button
Seat 1: Zubasa07 ($499 in chips)
Seat 2: _fayzulllo_ ($73 in chips)
_fayzulllo_: posts small blind $1
Zubasa07: posts big blind $3
*** HOLE CARDS ***
_fayzulllo_: raises $3 to $6
Zubasa07: calls $3
*** FLOP *** [Jc 6c Tc]
Zubasa07: checks
_fayzulllo_: bets $3
Zubasa07: raises $3 to $6
_fayzulllo_: folds
Uncalled bet ($3) returned to Zubasa07
Zubasa07 collected $17.64 from pot
Zubasa07: doesn't show hand
*** SUMMARY ***
Total pot $18 | Rake $0.36
Board [Jc 6c Tc]
Seat 1: Zubasa07 (big blind) collected ($17.64)
Seat 2: _fayzulllo_ (button) (small blind) folded on the Flop


PokerStars Hand #146281539546:  Hold'em Limit ($3/$6 USD) - 2016/01/01 13:25:27 ET
Table 'Frigga' 6-max Seat #2 is the button
Seat 1: Zubasa07 ($506.64 in chips)
Seat 2: _fayzulllo_ ($65 in chips)
_fayzulllo_: posts small blind $1
Zubasa07: posts big blind $3
*** HOLE CARDS ***
_fayzulllo_: raises $3 to $6
Zubasa07: raises $3 to $9
_fayzulllo_: calls $3
*** FLOP *** [Jc Ac Qc]
Zubasa07: bets $3
_fayzulllo_: folds
Uncalled bet ($3) returned to Zubasa07
Zubasa07 collected $17.64 from pot
Zubasa07: doesn't show hand
*** SUMMARY ***
Total pot $18 | Rake $0.36
Board [Jc Ac Qc]
Seat 1: Zubasa07 (big blind) collected ($17.64)
Seat 2: _fayzulllo_ (button) (small blind) folded on the Flop


PokerStars Hand #146281534095:  Hold'em Limit ($3/$6 USD) - 2016/01/01 13:25:21 ET
Table 'Frigga' 6-max Seat #1 is the button
Seat 1: Zubasa07 ($507.64 in chips)
Seat 2: _fayzulllo_ ($64 in chips)
Zubasa07: posts small blind $1
_fayzulllo_: posts big blind $3
*** HOLE CARDS ***
Zubasa07: folds
Uncalled bet ($2) returned to _fayzulllo_
_fayzulllo_ collected $2 from pot
*** SUMMARY ***
Total pot $2 | Rake $0
Seat 1: Zubasa07 (button) (small blind) folded before Flop
Seat 2: _fayzulllo_ (big blind) collected ($2)


PokerStars Hand #146281560534:  Hold'em Limit ($3/$6 USD) - 2016/01/01 13:25:50 ET
Table 'Frigga' 6-max Seat #1 is the button
Seat 1: Zubasa07 ($515.28 in chips)
Seat 2: _fayzulllo_ ($56 in chips)
Zubasa07: posts small blind $1
_fayzulllo_: posts big blind $3
*** HOLE CARDS ***
Zubasa07: raises $3 to $6
_fayzulllo_: calls $3
*** FLOP *** [6d 3h 3c]
_fayzulllo_: checks
Zubasa07: bets $3
_fayzulllo_: calls $3
*** TURN *** [6d 3h 3c] [Kd]
_fayzulllo_: checks
Zubasa07: bets $6
_fayzulllo_: folds
Uncalled bet ($6) returned to Zubasa07
Zubasa07 collected $17.64 from pot
Zubasa07: doesn't show hand
*** SUMMARY ***
Total pot $18 | Rake $0.36
Board [6d 3h 3c Kd]
Seat 1: Zubasa07 (button) (small blind) collected ($17.64)
Seat 2: _fayzulllo_ (big blind) folded on the Turn


PokerStars Hand #146281651679:  Hold'em Limit ($3/$6 USD) - 2016/01/01 13:27:29 ET
Table 'Frigga' 6-max Seat #1 is the button
Seat 1: Zubasa07 ($547.42 in chips)
Seat 2: _fayzulllo_ ($23 in chips)
Zubasa07: posts small blind $1
_fayzulllo_: posts big blind $3
*** HOLE CARDS ***
Zubasa07: raises $3 to $6
_fayzulllo_: raises $3 to $9
Zubasa07: calls $3
*** FLOP *** [Kc Ad Kh]
_fayzulllo_: bets $3
Zubasa07: calls $3
*** TURN *** [Kc Ad Kh] [9h]
_fayzulllo_: bets $6
Airbag999 joins the table at seat #3
Zubasa07: folds
Uncalled bet ($6) returned to _fayzulllo_
_fayzulllo_ collected $23.52 from pot
_fayzulllo_: doesn't show hand
*** SUMMARY ***
Total pot $24 | Rake $0.48
Board [Kc Ad Kh 9h]
Seat 1: Zubasa07 (button) (small blind) folded on the Turn
Seat 2: _fayzulllo_ (big blind) collected ($23.52)


PokerStars Hand #146281608859:  Hold'em Limit ($3/$6 USD) - 2016/01/01 13:26:42 ET
Table 'Frigga' 6-max Seat #2 is the button
Seat 1: Zubasa07 ($523.92 in chips)
Seat 2: _fayzulllo_ ($47 in chips)
_fayzulllo_: posts small blind $1
Zubasa07: posts big blind $3
*** HOLE CARDS ***
_fayzulllo_: raises $3 to $6
Zubasa07: calls $3
*** FLOP *** [Js 6c 7c]
Zubasa07: checks
_fayzulllo_: bets $3
Zubasa07: raises $3 to $6
_fayzulllo_: calls $3
*** TURN *** [Js 6c 7c] [7s]
Zubasa07: bets $6
_fayzulllo_: calls $6
*** RIVER *** [Js 6c 7c 7s] [3s]
Zubasa07: bets $6
_fayzulllo_: calls $6
*** SHOW DOWN ***
Zubasa07: shows [7d 8c] (three of a kind, Sevens)
_fayzulllo_: mucks hand
Zubasa07 collected $47.50 from pot
*** SUMMARY ***
Total pot $48 | Rake $0.50
Board [Js 6c 7c 7s 3s]
Seat 1: Zubasa07 (big blind) showed [7d 8c] and won ($47.50) with three of a kind, Sevens
Seat 2: _fayzulllo_ (button) (small blind) mucked


PokerStars Hand #146281837456:  Hold'em Limit ($3/$6 USD) - 2016/01/01 13:30:54 ET
Table 'Frigga' 6-max Seat #3 is the button
Seat 2: _fayzulllo_ ($4.80 in chips)
Seat 3: Airbag999 ($119.10 in chips)
Airbag999: posts small blind $1
Zubasa07: is sitting out
_fayzulllo_: posts big blind $3
*** HOLE CARDS ***
Airbag999: raises $3 to $6
_fayzulllo_: calls $1.80 and is all-in
Uncalled bet ($1.20) returned to Airbag999
*** FLOP *** [3d 6d Kh]
*** TURN *** [3d 6d Kh] [7c]
*** RIVER *** [3d 6d Kh 7c] [Th]
Zubasa07 leaves the table
*** SHOW DOWN ***
_fayzulllo_: shows [4c Ts] (a pair of Tens)
Airbag999: shows [5d Qc] (high card King)
_fayzulllo_ collected $9.41 from pot
*** SUMMARY ***
Total pot $9.60 | Rake $0.19
Board [3d 6d Kh 7c Th]
Seat 2: _fayzulllo_ (big blind) showed [4c Ts] and won ($9.41) with a pair of Tens
Seat 3: Airbag999 (button) (small blind) showed [5d Qc] and lost with high card King


PokerStars Hand #146281852387:  Hold'em Limit ($3/$6 USD) - 2016/01/01 13:31:10 ET
Table 'Frigga' 6-max Seat #2 is the button
Seat 2: _fayzulllo_ ($9.41 in chips)
Seat 3: Airbag999 ($114.30 in chips)
_fayzulllo_: posts small blind $1
Airbag999: posts big blind $3
*** HOLE CARDS ***
_fayzulllo_: raises $3 to $6
Airbag999: raises $3 to $9
_fayzulllo_: raises $0.41 to $9.41 and is all-in
Betting is capped
Airbag999: calls $0.41
*** FLOP *** [8c 2d 5s]
*** TURN *** [8c 2d 5s] [2c]
*** RIVER *** [8c 2d 5s 2c] [7d]
*** SHOW DOWN ***
Airbag999: shows [Qd 9c] (a pair of Deuces)
_fayzulllo_: shows [8s 9d] (two pair, Eights and Deuces)
_fayzulllo_ collected $18.44 from pot
*** SUMMARY ***
Total pot $18.82 | Rake $0.38
Board [8c 2d 5s 2c 7d]
Seat 2: _fayzulllo_ (button) (small blind) showed [8s 9d] and won ($18.44) with two pair, Eights and Deuces
Seat 3: Airbag999 (big blind) showed [Qd 9c] and lost with a pair of Deuces


PokerStars Hand #146281871870:  Hold'em Limit ($3/$6 USD) - 2016/01/01 13:31:32 ET
Table 'Frigga' 6-max Seat #3 is the button
Seat 2: _fayzulllo_ ($18.44 in chips)
Seat 3: Airbag999 ($104.89 in chips)
Airbag999: posts small blind $1
_fayzulllo_: posts big blind $3
*** HOLE CARDS ***
Airbag999: raises $3 to $6
_fayzulllo_: calls $3
*** FLOP *** [As 5d 8h]
_fayzulllo_: checks
Airbag999: bets $3
_fayzulllo_: raises $3 to $6
Airbag999: folds
Uncalled bet ($3) returned to _fayzulllo_
_fayzulllo_ collected $17.64 from pot
_fayzulllo_: doesn't show hand
*** SUMMARY ***
Total pot $18 | Rake $0.36
Board [As 5d 8h]
Seat 2: _fayzulllo_ (big blind) collected ($17.64)
Seat 3: Airbag999 (button) (small blind) folded on the Flop


PokerStars Hand #146281891962:  Hold'em Limit ($3/$6 USD) - 2016/01/01 13:31:54 ET
Table 'Frigga' 6-max Seat #2 is the button
Seat 2: _fayzulllo_ ($27.08 in chips)
Seat 3: Airbag999 ($120 in chips)
_fayzulllo_: posts small blind $1
Airbag999: posts big blind $3
*** HOLE CARDS ***
_fayzulllo_: calls $2
Airbag999: checks
*** FLOP *** [Jc Kh 9h]
Airbag999: checks
_fayzulllo_: bets $3
Airbag999: folds
Uncalled bet ($3) returned to _fayzulllo_
_fayzulllo_ collected $5.88 from pot
_fayzulllo_: doesn't show hand
*** SUMMARY ***
Total pot $6 | Rake $0.12
Board [Jc Kh 9h]
Seat 2: _fayzulllo_ (button) (small blind) collected ($5.88)
Seat 3: Airbag999 (big blind) folded on the Flop


PokerStars Hand #146281906087:  Hold'em Limit ($3/$6 USD) - 2016/01/01 13:32:09 ET
Table 'Frigga' 6-max Seat #3 is the button
Seat 2: _fayzulllo_ ($29.96 in chips)
Seat 3: Airbag999 ($117 in chips)
Airbag999: posts small blind $1
_fayzulllo_: posts big blind $3
*** HOLE CARDS ***
Airbag999: raises $3 to $6
_fayzulllo_: folds
Uncalled bet ($3) returned to Airbag999
Airbag999 collected $6 from pot
Airbag999: doesn't show hand
*** SUMMARY ***
Total pot $6 | Rake $0
Seat 2: _fayzulllo_ (big blind) folded before Flop
Seat 3: Airbag999 (button) (small blind) collected ($6)


PokerStars Hand #146281918067:  Hold'em Limit ($3/$6 USD) - 2016/01/01 13:32:23 ET
Table 'Frigga' 6-max Seat #2 is the button
Seat 2: _fayzulllo_ ($26.96 in chips)
Seat 3: Airbag999 ($120 in chips)
_fayzulllo_: posts small blind $1
Airbag999: posts big blind $3
*** HOLE CARDS ***
_fayzulllo_: folds
Uncalled bet ($2) returned to Airbag999
Airbag999 collected $2 from pot
Airbag999: doesn't show hand
*** SUMMARY ***
Total pot $2 | Rake $0
Seat 2: _fayzulllo_ (button) (small blind) folded before Flop
Seat 3: Airbag999 (big blind) collected ($2)


PokerStars Hand #146281943333:  Hold'em Limit ($3/$6 USD) - 2016/01/01 13:32:50 ET
Table 'Frigga' 6-max Seat #3 is the button
Seat 2: _fayzulllo_ ($25.96 in chips)
Seat 3: Airbag999 ($121 in chips)
Airbag999: posts small blind $1
_fayzulllo_: posts big blind $3
*** HOLE CARDS ***
Airbag999: raises $3 to $6
_fayzulllo_: calls $3
*** FLOP *** [4s 6c 7s]
_fayzulllo_: checks
Airbag999: checks
*** TURN *** [4s 6c 7s] [Ah]
_fayzulllo_: checks
Airbag999: bets $6
_fayzulllo_: folds
Uncalled bet ($6) returned to Airbag999
Airbag999 collected $11.76 from pot
Airbag999: doesn't show hand
*** SUMMARY ***
Total pot $12 | Rake $0.24
Board [4s 6c 7s Ah]
Seat 2: _fayzulllo_ (big blind) folded on the Turn
Seat 3: Airbag999 (button) (small blind) collected ($11.76)


PokerStars Hand #146281998185:  Hold'em Limit ($3/$6 USD) - 2016/01/01 13:33:50 ET
Table 'Frigga' 6-max Seat #2 is the button
Seat 2: _fayzulllo_ ($19.96 in chips)
Seat 3: Airbag999 ($126.76 in chips)
_fayzulllo_: posts small blind $1
Airbag999: posts big blind $3
*** HOLE CARDS ***
_fayzulllo_: calls $2
Airbag999: checks
*** FLOP *** [6s 4h Qc]
Airbag999: bets $3
_fayzulllo_: folds
Uncalled bet ($3) returned to Airbag999
Airbag999 collected $5.88 from pot
Airbag999: doesn't show hand
*** SUMMARY ***
Total pot $6 | Rake $0.12
Board [6s 4h Qc]
Seat 2: _fayzulllo_ (button) (small blind) folded on the Flop
Seat 3: Airbag999 (big blind) collected ($5.88)


PokerStars Hand #146282025878:  Hold'em Limit ($3/$6 USD) - 2016/01/01 13:34:20 ET
Table 'Frigga' 6-max Seat #2 is the button
Seat 2: _fayzulllo_ ($13.96 in chips)
Seat 3: Airbag999 ($132.64 in chips)
_fayzulllo_: posts small blind $1
Airbag999: posts big blind $3
*** HOLE CARDS ***
_fayzulllo_: folds
Uncalled bet ($2) returned to Airbag999
Airbag999 collected $2 from pot
Airbag999: doesn't show hand
*** SUMMARY ***
Total pot $2 | Rake $0
Seat 2: _fayzulllo_ (button) (small blind) folded before Flop
Seat 3: Airbag999 (big blind) collected ($2)


PokerStars Hand #146282015609:  Hold'em Limit ($3/$6 USD) - 2016/01/01 13:34:09 ET
Table 'Frigga' 6-max Seat #3 is the button
Seat 2: _fayzulllo_ ($16.96 in chips)
Seat 3: Airbag999 ($129.64 in chips)
Airbag999: posts small blind $1
_fayzulllo_: posts big blind $3
*** HOLE CARDS ***
Airbag999: raises $3 to $6
_fayzulllo_: folds
Uncalled bet ($3) returned to Airbag999
Airbag999 collected $6 from pot
Airbag999: doesn't show hand
*** SUMMARY ***
Total pot $6 | Rake $0
Seat 2: _fayzulllo_ (big blind) folded before Flop
Seat 3: Airbag999 (button) (small blind) collected ($6)


PokerStars Hand #146282031722:  Hold'em Limit ($3/$6 USD) - 2016/01/01 13:34:27 ET
Table 'Frigga' 6-max Seat #3 is the button
Seat 2: _fayzulllo_ ($12.96 in chips)
Seat 3: Airbag999 ($133.64 in chips)
Airbag999: posts small blind $1
_fayzulllo_: posts big blind $3
*** HOLE CARDS ***
Airbag999: folds
Uncalled bet ($2) returned to _fayzulllo_
_fayzulllo_ collected $2 from pot
_fayzulllo_: doesn't show hand
*** SUMMARY ***
Total pot $2 | Rake $0
Seat 2: _fayzulllo_ (big blind) collected ($2)
Seat 3: Airbag999 (button) (small blind) folded before Flop


PokerStars Hand #146282043061:  Hold'em Limit ($3/$6 USD) - 2016/01/01 13:34:39 ET
Table 'Frigga' 6-max Seat #2 is the button
Seat 2: _fayzulllo_ ($13.96 in chips)
Seat 3: Airbag999 ($132.64 in chips)
_fayzulllo_: posts small blind $1
Airbag999: posts big blind $3
*** HOLE CARDS ***
_fayzulllo_: raises $3 to $6
Airbag999: raises $3 to $9
_fayzulllo_: raises $3 to $12
Betting is capped
Airbag999: calls $3
*** FLOP *** [8d 3d Kd]
Airbag999: checks
_fayzulllo_: bets $1.96 and is all-in
Airbag999: calls $1.96
*** TURN *** [8d 3d Kd] [6h]
*** RIVER *** [8d 3d Kd 6h] [5c]
*** SHOW DOWN ***
Airbag999: shows [2c Ah] (high card Ace)
_fayzulllo_: shows [Ac 2s] (high card Ace)
Airbag999 collected $13.71 from pot
_fayzulllo_ collected $13.71 from pot
*** SUMMARY ***
Total pot $27.92 | Rake $0.50
Board [8d 3d Kd 6h 5c]
Seat 2: _fayzulllo_ (button) (small blind) showed [Ac 2s] and won ($13.71) with high card Ace
Seat 3: Airbag999 (big blind) showed [2c Ah] and won ($13.71) with high card Ace


PokerStars Hand #146282066881:  Hold'em Limit ($3/$6 USD) - 2016/01/01 13:35:05 ET
Table 'Frigga' 6-max Seat #3 is the button
Seat 2: _fayzulllo_ ($13.71 in chips)
Seat 3: Airbag999 ($132.39 in chips)
Airbag999: posts small blind $1
_fayzulllo_: posts big blind $3
*** HOLE CARDS ***
Airbag999: raises $3 to $6
_fayzulllo_: calls $3
*** FLOP *** [5s 2d 5h]
_fayzulllo_: checks
Airbag999: bets $3
_fayzulllo_: raises $3 to $6
Airbag999: raises $3 to $9
_fayzulllo_: calls $1.71 and is all-in
Uncalled bet ($1.29) returned to Airbag999
*** TURN *** [5s 2d 5h] [8h]
*** RIVER *** [5s 2d 5h 8h] [Qd]
*** SHOW DOWN ***
_fayzulllo_: shows [Kh 2c] (two pair, Fives and Deuces)
Airbag999: shows [Kd Jd] (a pair of Fives)
_fayzulllo_ collected $26.92 from pot
*** SUMMARY ***
Total pot $27.42 | Rake $0.50
Board [5s 2d 5h 8h Qd]
Seat 2: _fayzulllo_ (big blind) showed [Kh 2c] and won ($26.92) with two pair, Fives and Deuces
Seat 3: Airbag999 (button) (small blind) showed [Kd Jd] and lost with a pair of Fives


PokerStars Hand #146282087523:  Hold'em Limit ($3/$6 USD) - 2016/01/01 13:35:28 ET
Table 'Frigga' 6-max Seat #2 is the button
Seat 2: _fayzulllo_ ($26.92 in chips)
Seat 3: Airbag999 ($118.68 in chips)
_fayzulllo_: posts small blind $1
Airbag999: posts big blind $3
*** HOLE CARDS ***
_fayzulllo_: folds
Uncalled bet ($2) returned to Airbag999
Airbag999 collected $2 from pot
Airbag999: doesn't show hand
*** SUMMARY ***
Total pot $2 | Rake $0
Seat 2: _fayzulllo_ (button) (small blind) folded before Flop
Seat 3: Airbag999 (big blind) collected ($2)


PokerStars Hand #146282093484:  Hold'em Limit ($3/$6 USD) - 2016/01/01 13:35:35 ET
Table 'Frigga' 6-max Seat #3 is the button
Seat 2: _fayzulllo_ ($25.92 in chips)
Seat 3: Airbag999 ($119.68 in chips)
Airbag999: posts small blind $1
_fayzulllo_: posts big blind $3
*** HOLE CARDS ***
Airbag999: raises $3 to $6
_fayzulllo_: folds
Uncalled bet ($3) returned to Airbag999
Airbag999 collected $6 from pot
Airbag999: doesn't show hand
*** SUMMARY ***
Total pot $6 | Rake $0
Seat 2: _fayzulllo_ (big blind) folded before Flop
Seat 3: Airbag999 (button) (small blind) collected ($6)


PokerStars Hand #146282105356:  Hold'em Limit ($3/$6 USD) - 2016/01/01 13:35:48 ET
Table 'Frigga' 6-max Seat #2 is the button
Seat 2: _fayzulllo_ ($22.92 in chips)
Seat 3: Airbag999 ($122.68 in chips)
_fayzulllo_: posts small blind $1
Airbag999: posts big blind $3
*** HOLE CARDS ***
_fayzulllo_: raises $3 to $6
Airbag999: calls $3
*** FLOP *** [Th 8h 5c]
Airbag999: checks
_fayzulllo_: bets $3
Airbag999: folds
Uncalled bet ($3) returned to _fayzulllo_
_fayzulllo_ collected $11.76 from pot
_fayzulllo_: doesn't show hand
*** SUMMARY ***
Total pot $12 | Rake $0.24
Board [Th 8h 5c]
Seat 2: _fayzulllo_ (button) (small blind) collected ($11.76)
Seat 3: Airbag999 (big blind) folded on the Flop


PokerStars Hand #146282117665:  Hold'em Limit ($3/$6 USD) - 2016/01/01 13:36:01 ET
Table 'Frigga' 6-max Seat #3 is the button
Seat 2: _fayzulllo_ ($28.68 in chips)
Seat 3: Airbag999 ($116.68 in chips)
Airbag999: posts small blind $1
_fayzulllo_: posts big blind $3
*** HOLE CARDS ***
Airbag999: raises $3 to $6
_fayzulllo_: calls $3
*** FLOP *** [5c Tc 2s]
_fayzulllo_: checks
Airbag999: bets $3
_fayzulllo_: calls $3
*** TURN *** [5c Tc 2s] [Qc]
_fayzulllo_: checks
Airbag999: checks
*** RIVER *** [5c Tc 2s Qc] [5d]
_fayzulllo_: bets $6
Airbag999: folds
Uncalled bet ($6) returned to _fayzulllo_
_fayzulllo_ collected $17.64 from pot
_fayzulllo_: doesn't show hand
*** SUMMARY ***
Total pot $18 | Rake $0.36
Board [5c Tc 2s Qc 5d]
Seat 2: _fayzulllo_ (big blind) collected ($17.64)
Seat 3: Airbag999 (button) (small blind) folded on the River


PokerStars Hand #146282137766:  Hold'em Limit ($3/$6 USD) - 2016/01/01 13:36:23 ET
Table 'Frigga' 6-max Seat #2 is the button
Seat 2: _fayzulllo_ ($37.32 in chips)
Seat 3: Airbag999 ($107.68 in chips)
_fayzulllo_: posts small blind $1
Airbag999: posts big blind $3
*** HOLE CARDS ***
_fayzulllo_: calls $2
Airbag999: raises $3 to $6
_fayzulllo_: calls $3
*** FLOP *** [Js 8d 5h]
Airbag999: bets $3
_fayzulllo_: calls $3
*** TURN *** [Js 8d 5h] [9d]
Airbag999: checks
_fayzulllo_: bets $6
Airbag999: calls $6
*** RIVER *** [Js 8d 5h 9d] [4h]
Airbag999: checks
_fayzulllo_: bets $6
Airbag999: folds
Uncalled bet ($6) returned to _fayzulllo_
_fayzulllo_ collected $29.50 from pot
_fayzulllo_: doesn't show hand
*** SUMMARY ***
Total pot $30 | Rake $0.50
Board [Js 8d 5h 9d 4h]
Seat 2: _fayzulllo_ (button) (small blind) collected ($29.50)
Seat 3: Airbag999 (big blind) folded on the River


PokerStars Hand #146282164132:  Hold'em Limit ($3/$6 USD) - 2016/01/01 13:36:52 ET
Table 'Frigga' 6-max Seat #3 is the button
Seat 2: _fayzulllo_ ($51.82 in chips)
Seat 3: Airbag999 ($120 in chips)
Airbag999: posts small blind $1
_fayzulllo_: posts big blind $3
*** HOLE CARDS ***
Airbag999: raises $3 to $6
_fayzulllo_: calls $3
*** FLOP *** [9d 5c 4s]
_fayzulllo_: checks
Airbag999: checks
*** TURN *** [9d 5c 4s] [Ac]
_fayzulllo_: bets $6
Airbag999: raises $6 to $12
_fayzulllo_: calls $6
*** RIVER *** [9d 5c 4s Ac] [7d]
_fayzulllo_: checks
Airbag999: bets $6
_fayzulllo_: folds
Uncalled bet ($6) returned to Airbag999
Airbag999 collected $35.50 from pot
Airbag999: doesn't show hand
*** SUMMARY ***
Total pot $36 | Rake $0.50
Board [9d 5c 4s Ac 7d]
Seat 2: _fayzulllo_ (big blind) folded on the River
Seat 3: Airbag999 (button) (small blind) collected ($35.50)


PokerStars Hand #146282193791:  Hold'em Limit ($3/$6 USD) - 2016/01/01 13:37:24 ET
Table 'Frigga' 6-max Seat #2 is the button
Seat 2: _fayzulllo_ ($33.82 in chips)
Seat 3: Airbag999 ($137.50 in chips)
_fayzulllo_: posts small blind $1
Airbag999: posts big blind $3
*** HOLE CARDS ***
_fayzulllo_: calls $2
Airbag999: raises $3 to $6
_fayzulllo_: calls $3
*** FLOP *** [Kc 2c 3h]
Airbag999: bets $3
_fayzulllo_: folds
Uncalled bet ($3) returned to Airbag999
Airbag999 collected $11.76 from pot
Airbag999: doesn't show hand
*** SUMMARY ***
Total pot $12 | Rake $0.24
Board [Kc 2c 3h]
Seat 2: _fayzulllo_ (button) (small blind) folded on the Flop
Seat 3: Airbag999 (big blind) collected ($11.76)


PokerStars Hand #146282213267:  Hold'em Limit ($3/$6 USD) - 2016/01/01 13:37:46 ET
Table 'Frigga' 6-max Seat #3 is the button
Seat 2: _fayzulllo_ ($27.82 in chips)
Seat 3: Airbag999 ($143.26 in chips)
Airbag999: posts small blind $1
_fayzulllo_: posts big blind $3
*** HOLE CARDS ***
Airbag999: raises $3 to $6
_fayzulllo_: calls $3
*** FLOP *** [4c 2h 3c]
_fayzulllo_: checks
Airbag999: bets $3
_fayzulllo_: raises $3 to $6
Airbag999: calls $3
*** TURN *** [4c 2h 3c] [9h]
_fayzulllo_: bets $6
Airbag999: raises $6 to $12
_fayzulllo_: raises $3.82 to $15.82 and is all-in
Airbag999: calls $3.82
*** RIVER *** [4c 2h 3c 9h] [Ah]
*** SHOW DOWN ***
_fayzulllo_: shows [9d 6s] (a pair of Nines)
Airbag999: shows [Ks Kh] (a pair of Kings)
Airbag999 collected $55.14 from pot
*** SUMMARY ***
Total pot $55.64 | Rake $0.50
Board [4c 2h 3c 9h Ah]
Seat 2: _fayzulllo_ (big blind) showed [9d 6s] and lost with a pair of Nines
Seat 3: Airbag999 (button) (small blind) showed [Ks Kh] and won ($55.14) with a pair of Kings


