PokerStars Hand #156417715816:  Hold'em Limit ($3/$6 USD) - 2016/07/25 6:29:44 ET
Table 'Frigga II' 6-max Seat #5 is the button
Seat 5: asino222 ($95.50 in chips)
Seat 6: MTails ($84 in chips)
asino222: posts small blind $1
MTails: posts big blind $3
*** HOLE CARDS ***
asino222: raises $3 to $6
MTails: calls $3
*** FLOP *** [7h Qs Ad]
MTails: checks
asino222: bets $3
MTails: folds
Uncalled bet ($3) returned to asino222
asino222 collected $11.76 from pot
asino222: doesn't show hand
*** SUMMARY ***
Total pot $12 | Rake $0.24
Board [7h Qs Ad]
Seat 5: asino222 (button) (small blind) collected ($11.76)
Seat 6: MTails (big blind) folded on the Flop


PokerStars Hand #156417708429:  Hold'em Limit ($3/$6 USD) - 2016/07/25 6:29:24 ET
Table 'Frigga II' 6-max Seat #6 is the button
Seat 5: asino222 ($60 in chips)
Seat 6: MTails ($120 in chips)
MTails: posts small blind $1
asino222: posts big blind $3
*** HOLE CARDS ***
MTails: raises $3 to $6
asino222: raises $3 to $9
MTails: calls $3
*** FLOP *** [9h Th Td]
asino222: bets $3
MTails: calls $3
*** TURN *** [9h Th Td] [9c]
asino222: bets $6
MTails: raises $6 to $12
asino222: raises $6 to $18
MTails: calls $6
*** RIVER *** [9h Th Td 9c] [3h]
asino222: bets $6
MTails: calls $6
*** SHOW DOWN ***
asino222: shows [Tc Kc] (a full house, Tens full of Nines)
MTails: mucks hand
asino222 collected $71.50 from pot
*** SUMMARY ***
Total pot $72 | Rake $0.50
Board [9h Th Td 9c 3h]
Seat 5: asino222 (big blind) showed [Tc Kc] and won ($71.50) with a full house, Tens full of Nines
Seat 6: MTails (button) (small blind) mucked


PokerStars Hand #156417738224:  Hold'em Limit ($3/$6 USD) - 2016/07/25 6:30:45 ET
Table 'Frigga II' 6-max Seat #5 is the button
Seat 5: asino222 ($91.26 in chips)
Seat 6: MTails ($87.76 in chips)
asino222: posts small blind $1
MTails: posts big blind $3
*** HOLE CARDS ***
asino222: folds
Uncalled bet ($2) returned to MTails
MTails collected $2 from pot
*** SUMMARY ***
Total pot $2 | Rake $0
Seat 5: asino222 (button) (small blind) folded before Flop
Seat 6: MTails (big blind) collected ($2)


PokerStars Hand #156417734656:  Hold'em Limit ($3/$6 USD) - 2016/07/25 6:30:35 ET
Table 'Frigga II' 6-max Seat #6 is the button
Seat 5: asino222 ($94.26 in chips)
Seat 6: MTails ($84.76 in chips)
MTails: posts small blind $1
asino222: posts big blind $3
*** HOLE CARDS ***
MTails: raises $3 to $6
asino222: folds
Uncalled bet ($3) returned to MTails
MTails collected $6 from pot
*** SUMMARY ***
Total pot $6 | Rake $0
Seat 5: asino222 (big blind) folded before Flop
Seat 6: MTails (button) (small blind) collected ($6)


PokerStars Hand #156417726400:  Hold'em Limit ($3/$6 USD) - 2016/07/25 6:30:13 ET
Table 'Frigga II' 6-max Seat #6 is the button
Seat 5: asino222 ($101.26 in chips)
Seat 6: MTails ($78 in chips)
MTails: posts small blind $1
asino222: posts big blind $3
*** HOLE CARDS ***
MTails: raises $3 to $6
asino222: calls $3
*** FLOP *** [Th 2s 5s]
asino222: checks
MTails: bets $3
asino222: folds
Uncalled bet ($3) returned to MTails
MTails collected $11.76 from pot
*** SUMMARY ***
Total pot $12 | Rake $0.24
Board [Th 2s 5s]
Seat 5: asino222 (big blind) folded on the Flop
Seat 6: MTails (button) (small blind) collected ($11.76)


PokerStars Hand #156417748859:  Hold'em Limit ($3/$6 USD) - 2016/07/25 6:31:14 ET
Table 'Frigga II' 6-max Seat #5 is the button
Seat 5: asino222 ($98.90 in chips)
Seat 6: MTails ($79.76 in chips)
asino222: posts small blind $1
MTails: posts big blind $3
*** HOLE CARDS ***
asino222: folds
Uncalled bet ($2) returned to MTails
MTails collected $2 from pot
*** SUMMARY ***
Total pot $2 | Rake $0
Seat 5: asino222 (button) (small blind) folded before Flop
Seat 6: MTails (big blind) collected ($2)


PokerStars Hand #156417740056:  Hold'em Limit ($3/$6 USD) - 2016/07/25 6:30:50 ET
Table 'Frigga II' 6-max Seat #6 is the button
Seat 5: asino222 ($90.26 in chips)
Seat 6: MTails ($88.76 in chips)
MTails: posts small blind $1
asino222: posts big blind $3
*** HOLE CARDS ***
MTails: raises $3 to $6
asino222: calls $3
*** FLOP *** [Jc Jh 2h]
asino222: checks
MTails: bets $3
asino222: calls $3
*** TURN *** [Jc Jh 2h] [Qs]
asino222: checks
MTails: checks
*** RIVER *** [Jc Jh 2h Qs] [6c]
asino222: bets $6
MTails: folds
Uncalled bet ($6) returned to asino222
asino222 collected $17.64 from pot
asino222: doesn't show hand
*** SUMMARY ***
Total pot $18 | Rake $0.36
Board [Jc Jh 2h Qs 6c]
Seat 5: asino222 (big blind) collected ($17.64)
Seat 6: MTails (button) (small blind) folded on the River


PokerStars Hand #156417732568:  Hold'em Limit ($3/$6 USD) - 2016/07/25 6:30:30 ET
Table 'Frigga II' 6-max Seat #5 is the button
Seat 5: asino222 ($95.26 in chips)
Seat 6: MTails ($83.76 in chips)
asino222: posts small blind $1
MTails: posts big blind $3
*** HOLE CARDS ***
asino222: folds
Uncalled bet ($2) returned to MTails
MTails collected $2 from pot
*** SUMMARY ***
Total pot $2 | Rake $0
Seat 5: asino222 (button) (small blind) folded before Flop
Seat 6: MTails (big blind) collected ($2)


PokerStars Hand #156417751474:  Hold'em Limit ($3/$6 USD) - 2016/07/25 6:31:21 ET
Table 'Frigga II' 6-max Seat #6 is the button
Seat 5: asino222 ($97.90 in chips)
Seat 6: MTails ($80.76 in chips)
MTails: posts small blind $1
asino222: posts big blind $3
*** HOLE CARDS ***
MTails: raises $3 to $6
asino222: folds
Uncalled bet ($3) returned to MTails
MTails collected $6 from pot
*** SUMMARY ***
Total pot $6 | Rake $0
Seat 5: asino222 (big blind) folded before Flop
Seat 6: MTails (button) (small blind) collected ($6)


PokerStars Hand #156417754991:  Hold'em Limit ($3/$6 USD) - 2016/07/25 6:31:30 ET
Table 'Frigga II' 6-max Seat #5 is the button
Seat 5: asino222 ($94.90 in chips)
Seat 6: MTails ($83.76 in chips)
asino222: posts small blind $1
MTails: posts big blind $3
*** HOLE CARDS ***
asino222: raises $3 to $6
MTails: calls $3
*** FLOP *** [5s 6d Qs]
MTails: checks
asino222: bets $3
MTails: calls $3
*** TURN *** [5s 6d Qs] [Jh]
MTails: checks
asino222: bets $6
MTails: folds
Uncalled bet ($6) returned to asino222
asino222 collected $17.64 from pot
asino222: doesn't show hand
*** SUMMARY ***
Total pot $18 | Rake $0.36
Board [5s 6d Qs Jh]
Seat 5: asino222 (button) (small blind) collected ($17.64)
Seat 6: MTails (big blind) folded on the Turn


PokerStars Hand #156417765281:  Hold'em Limit ($3/$6 USD) - 2016/07/25 6:31:57 ET
Table 'Frigga II' 6-max Seat #6 is the button
Seat 5: asino222 ($103.54 in chips)
Seat 6: MTails ($74.76 in chips)
MTails: posts small blind $1
asino222: posts big blind $3
*** HOLE CARDS ***
MTails: raises $3 to $6
asino222: calls $3
*** FLOP *** [9d 6s 2d]
asino222: checks
MTails: bets $3
asino222: calls $3
*** TURN *** [9d 6s 2d] [5s]
asino222: checks
MTails: bets $6
asino222: raises $6 to $12
MTails: calls $6
*** RIVER *** [9d 6s 2d 5s] [Qd]
asino222: bets $6
MTails: calls $6
*** SHOW DOWN ***
asino222: shows [7h 8h] (a straight, Five to Nine)
MTails: mucks hand
asino222 collected $53.50 from pot
*** SUMMARY ***
Total pot $54 | Rake $0.50
Board [9d 6s 2d 5s Qd]
Seat 5: asino222 (big blind) showed [7h 8h] and won ($53.50) with a straight, Five to Nine
Seat 6: MTails (button) (small blind) mucked


PokerStars Hand #156417775164:  Hold'em Limit ($3/$6 USD) - 2016/07/25 6:32:24 ET
Table 'Frigga II' 6-max Seat #5 is the button
Seat 5: asino222 ($130.04 in chips)
Seat 6: MTails ($47.76 in chips)
asino222: posts small blind $1
MTails: posts big blind $3
*** HOLE CARDS ***
asino222: raises $3 to $6
MTails: calls $3
*** FLOP *** [Jd 3s 2d]
MTails: checks
asino222: bets $3
MTails: calls $3
*** TURN *** [Jd 3s 2d] [5s]
MTails: checks
asino222: bets $6
MTails: raises $6 to $12
asino222: calls $6
*** RIVER *** [Jd 3s 2d 5s] [Js]
MTails: bets $6
asino222: folds
Uncalled bet ($6) returned to MTails
MTails collected $41.50 from pot
*** SUMMARY ***
Total pot $42 | Rake $0.50
Board [Jd 3s 2d 5s Js]
Seat 5: asino222 (button) (small blind) folded on the River
Seat 6: MTails (big blind) collected ($41.50)


PokerStars Hand #156418077756:  Hold'em Limit ($3/$6 USD) - 2016/07/25 6:45:47 ET
Table 'Frigga II' 6-max Seat #6 is the button
Seat 3: aceduffy5 ($100 in chips)
Seat 6: MTails ($68.26 in chips)
MTails: posts small blind $1
aceduffy5: posts big blind $3
*** HOLE CARDS ***
MTails: raises $3 to $6
aceduffy5: calls $3
*** FLOP *** [8h Qc 3s]
aceduffy5: checks
MTails: bets $3
aceduffy5: calls $3
*** TURN *** [8h Qc 3s] [4s]
aceduffy5: checks
MTails: bets $6
aceduffy5: calls $6
*** RIVER *** [8h Qc 3s 4s] [5d]
aceduffy5: checks
MTails: bets $6
aceduffy5: calls $6
*** SHOW DOWN ***
MTails: shows [Qd Jc] (a pair of Queens)
aceduffy5: mucks hand
MTails collected $41.50 from pot
*** SUMMARY ***
Total pot $42 | Rake $0.50
Board [8h Qc 3s 4s 5d]
Seat 3: aceduffy5 (big blind) mucked
Seat 6: MTails (button) (small blind) showed [Qd Jc] and won ($41.50) with a pair of Queens


PokerStars Hand #156418101304:  Hold'em Limit ($3/$6 USD) - 2016/07/25 6:46:49 ET
Table 'Frigga II' 6-max Seat #3 is the button
Seat 3: aceduffy5 ($62.52 in chips)
Seat 6: MTails ($104.26 in chips)
aceduffy5: posts small blind $1
MTails: posts big blind $3
*** HOLE CARDS ***
aceduffy5: raises $3 to $6
MTails: calls $3
*** FLOP *** [6s 8s 9h]
MTails: checks
aceduffy5: bets $3
bobs32 joins the table at seat #2
MTails: calls $3
*** TURN *** [6s 8s 9h] [Ac]
MTails: checks
aceduffy5: bets $6
MTails: folds
Uncalled bet ($6) returned to aceduffy5
aceduffy5 collected $17.64 from pot
aceduffy5: doesn't show hand
*** SUMMARY ***
Total pot $18 | Rake $0.36
Board [6s 8s 9h Ac]
Seat 3: aceduffy5 (button) (small blind) collected ($17.64)
Seat 6: MTails (big blind) folded on the Turn


PokerStars Hand #156418099385:  Hold'em Limit ($3/$6 USD) - 2016/07/25 6:46:44 ET
Table 'Frigga II' 6-max Seat #6 is the button
Seat 3: aceduffy5 ($65.52 in chips)
Seat 6: MTails ($101.26 in chips)
MTails: posts small blind $1
aceduffy5: posts big blind $3
*** HOLE CARDS ***
MTails: raises $3 to $6
aceduffy5: folds
Uncalled bet ($3) returned to MTails
MTails collected $6 from pot
*** SUMMARY ***
Total pot $6 | Rake $0
Seat 3: aceduffy5 (big blind) folded before Flop
Seat 6: MTails (button) (small blind) collected ($6)


PokerStars Hand #156418097534:  Hold'em Limit ($3/$6 USD) - 2016/07/25 6:46:39 ET
Table 'Frigga II' 6-max Seat #3 is the button
Seat 3: aceduffy5 ($66.52 in chips)
Seat 6: MTails ($100.26 in chips)
aceduffy5: posts small blind $1
MTails: posts big blind $3
*** HOLE CARDS ***
aceduffy5: folds
Uncalled bet ($2) returned to MTails
MTails collected $2 from pot
*** SUMMARY ***
Total pot $2 | Rake $0
Seat 3: aceduffy5 (button) (small blind) folded before Flop
Seat 6: MTails (big blind) collected ($2)


PokerStars Hand #156418090557:  Hold'em Limit ($3/$6 USD) - 2016/07/25 6:46:21 ET
Table 'Frigga II' 6-max Seat #6 is the button
Seat 3: aceduffy5 ($90.52 in chips)
Seat 6: MTails ($76.76 in chips)
MTails: posts small blind $1
aceduffy5: posts big blind $3
*** HOLE CARDS ***
MTails: raises $3 to $6
aceduffy5: raises $3 to $9
MTails: calls $3
*** FLOP *** [Jc Qd 7s]
aceduffy5: bets $3
MTails: calls $3
*** TURN *** [Jc Qd 7s] [7c]
aceduffy5: bets $6
MTails: calls $6
*** RIVER *** [Jc Qd 7s 7c] [4s]
aceduffy5: bets $6
MTails: calls $6
*** SHOW DOWN ***
aceduffy5: shows [Kd Ts] (a pair of Sevens)
MTails: shows [6s 6c] (two pair, Sevens and Sixes)
MTails collected $47.50 from pot
*** SUMMARY ***
Total pot $48 | Rake $0.50
Board [Jc Qd 7s 7c 4s]
Seat 3: aceduffy5 (big blind) showed [Kd Ts] and lost with a pair of Sevens
Seat 6: MTails (button) (small blind) showed [6s 6c] and won ($47.50) with two pair, Sevens and Sixes


PokerStars Hand #156418085364:  Hold'em Limit ($3/$6 USD) - 2016/07/25 6:46:07 ET
Table 'Frigga II' 6-max Seat #3 is the button
Seat 3: aceduffy5 ($79 in chips)
Seat 6: MTails ($88.76 in chips)
aceduffy5: posts small blind $1
MTails: posts big blind $3
*** HOLE CARDS ***
aceduffy5: raises $3 to $6
MTails: calls $3
*** FLOP *** [6h 5d 6s]
MTails: checks
aceduffy5: checks
*** TURN *** [6h 5d 6s] [7c]
MTails: bets $6
aceduffy5: calls $6
*** RIVER *** [6h 5d 6s 7c] [Ad]
MTails: checks
aceduffy5: checks
*** SHOW DOWN ***
MTails: shows [Jc 2h] (a pair of Sixes)
aceduffy5: shows [Qd 4h] (a pair of Sixes - Ace+Queen kicker)
aceduffy5 collected $23.52 from pot
*** SUMMARY ***
Total pot $24 | Rake $0.48
Board [6h 5d 6s 7c Ad]
Seat 3: aceduffy5 (button) (small blind) showed [Qd 4h] and won ($23.52) with a pair of Sixes
Seat 6: MTails (big blind) showed [Jc 2h] and lost with a pair of Sixes


PokerStars Hand #156422476097:  Hold'em Limit ($3/$6 USD) - 2016/07/25 9:31:40 ET
Table 'Frigga II' 6-max Seat #1 is the button
Seat 1: abatic ($205.34 in chips)
Seat 2: ex-cali999 ($181.66 in chips)
abatic: posts small blind $1
ex-cali999: posts big blind $3
*** HOLE CARDS ***
abatic: raises $3 to $6
ex-cali999: calls $3
*** FLOP *** [Th 6h 7d]
ex-cali999: checks
abatic: bets $3
ex-cali999: folds
Uncalled bet ($3) returned to abatic
abatic collected $11.76 from pot
abatic: doesn't show hand
*** SUMMARY ***
Total pot $12 | Rake $0.24
Board [Th 6h 7d]
Seat 1: abatic (button) (small blind) collected ($11.76)
Seat 2: ex-cali999 (big blind) folded on the Flop


PokerStars Hand #156422461905:  Hold'em Limit ($3/$6 USD) - 2016/07/25 9:31:13 ET
Table 'Frigga II' 6-max Seat #2 is the button
Seat 1: abatic ($220.34 in chips)
Seat 2: ex-cali999 ($167.16 in chips)
ex-cali999: posts small blind $1
Fabulous108: is sitting out
abatic: posts big blind $3
*** HOLE CARDS ***
ex-cali999: raises $3 to $6
abatic: calls $3
*** FLOP *** [8h Ac Jh]
abatic: checks
ex-cali999: bets $3
abatic: calls $3
*** TURN *** [8h Ac Jh] [3c]
abatic: checks
ex-cali999: bets $6
abatic: calls $6
*** RIVER *** [8h Ac Jh 3c] [Kh]
abatic: checks
Fabulous108 leaves the table
ex-cali999: checks
*** SHOW DOWN ***
abatic: shows [Ts 9d] (high card Ace)
ex-cali999: shows [Qd 4s] (high card Ace - King+Queen kicker)
ex-cali999 collected $29.50 from pot
*** SUMMARY ***
Total pot $30 | Rake $0.50
Board [8h Ac Jh 3c Kh]
Seat 1: abatic (big blind) showed [Ts 9d] and lost with high card Ace
Seat 2: ex-cali999 (button) (small blind) showed [Qd 4s] and won ($29.50) with high card Ace


