PokerStars Hand #148996393804:  Hold'em Limit ($3/$6 USD) - 2016/02/18 2:03:44 ET
Table 'Frigga II' 6-max Seat #3 is the button
Seat 3: WatsoX ($58.14 in chips)
Seat 4: Agrotait ($164.78 in chips)
WatsoX: posts small blind $1
Agrotait: posts big blind $3
*** HOLE CARDS ***
WatsoX: folds
Uncalled bet ($2) returned to Agrotait
WatsoX leaves the table
Agrotait collected $2 from pot
Agrotait: doesn't show hand
*** SUMMARY ***
Total pot $2 | Rake $0
Seat 3: WatsoX (button) (small blind) folded before Flop
Seat 4: Agrotait (big blind) collected ($2)


PokerStars Hand #148996391529:  Hold'em Limit ($3/$6 USD) - 2016/02/18 2:03:36 ET
Table 'Frigga II' 6-max Seat #4 is the button
Seat 3: WatsoX ($61.14 in chips)
Seat 4: Agrotait ($161.78 in chips)
Agrotait: posts small blind $1
WatsoX: posts big blind $3
*** HOLE CARDS ***
Agrotait: raises $3 to $6
WatsoX: folds
Uncalled bet ($3) returned to Agrotait
Agrotait collected $6 from pot
Agrotait: doesn't show hand
*** SUMMARY ***
Total pot $6 | Rake $0
Seat 3: WatsoX (big blind) folded before Flop
Seat 4: Agrotait (button) (small blind) collected ($6)


PokerStars Hand #148996385085:  Hold'em Limit ($3/$6 USD) - 2016/02/18 2:03:13 ET
Table 'Frigga II' 6-max Seat #3 is the button
Seat 3: WatsoX ($91.14 in chips)
Seat 4: Agrotait ($132.28 in chips)
WatsoX: posts small blind $1
Agrotait: posts big blind $3
*** HOLE CARDS ***
WatsoX: raises $3 to $6
Agrotait: raises $3 to $9
WatsoX: calls $3
*** FLOP *** [6s 4h Jh]
Agrotait: bets $3
WatsoX: calls $3
*** TURN *** [6s 4h Jh] [9d]
Agrotait: bets $6
WatsoX: raises $6 to $12
Agrotait: calls $6
*** RIVER *** [6s 4h Jh 9d] [6c]
Agrotait: checks
WatsoX: bets $6
Agrotait: calls $6
*** SHOW DOWN ***
WatsoX: shows [Tc Qs] (a pair of Sixes)
Agrotait: shows [9c Ac] (two pair, Nines and Sixes)
Agrotait collected $59.50 from pot
*** SUMMARY ***
Total pot $60 | Rake $0.50
Board [6s 4h Jh 9d 6c]
Seat 3: WatsoX (button) (small blind) showed [Tc Qs] and lost with a pair of Sixes
Seat 4: Agrotait (big blind) showed [9c Ac] and won ($59.50) with two pair, Nines and Sixes


PokerStars Hand #148996383193:  Hold'em Limit ($3/$6 USD) - 2016/02/18 2:03:06 ET
Table 'Frigga II' 6-max Seat #4 is the button
Seat 3: WatsoX ($94.14 in chips)
Seat 4: Agrotait ($129.28 in chips)
Agrotait: posts small blind $1
WatsoX: posts big blind $3
*** HOLE CARDS ***
Agrotait: raises $3 to $6
WatsoX: folds
Uncalled bet ($3) returned to Agrotait
Agrotait collected $6 from pot
Agrotait: doesn't show hand
*** SUMMARY ***
Total pot $6 | Rake $0
Seat 3: WatsoX (big blind) folded before Flop
Seat 4: Agrotait (button) (small blind) collected ($6)


PokerStars Hand #148996381794:  Hold'em Limit ($3/$6 USD) - 2016/02/18 2:03:01 ET
Table 'Frigga II' 6-max Seat #3 is the button
Seat 3: WatsoX ($95.14 in chips)
Seat 4: Agrotait ($128.28 in chips)
WatsoX: posts small blind $1
Agrotait: posts big blind $3
*** HOLE CARDS ***
WatsoX: folds
Uncalled bet ($2) returned to Agrotait
Agrotait collected $2 from pot
Agrotait: doesn't show hand
*** SUMMARY ***
Total pot $2 | Rake $0
Seat 3: WatsoX (button) (small blind) folded before Flop
Seat 4: Agrotait (big blind) collected ($2)


PokerStars Hand #148996378946:  Hold'em Limit ($3/$6 USD) - 2016/02/18 2:02:51 ET
Table 'Frigga II' 6-max Seat #4 is the button
Seat 3: WatsoX ($94.14 in chips)
Seat 4: Agrotait ($129.28 in chips)
Agrotait: posts small blind $1
WatsoX: posts big blind $3
*** HOLE CARDS ***
Agrotait: folds
Uncalled bet ($2) returned to WatsoX
WatsoX collected $2 from pot
WatsoX: doesn't show hand
*** SUMMARY ***
Total pot $2 | Rake $0
Seat 3: WatsoX (big blind) collected ($2)
Seat 4: Agrotait (button) (small blind) folded before Flop


