PokerStars Hand #176841918251:  Hold'em Limit ($3/$6 USD) - 2017/10/12 20:24:38 ET
Table 'Fringilla II' 6-max Seat #1 is the button
Seat 1: favete lin ($163.14 in chips)
Seat 5: TheU10 ($450.51 in chips)
favete lin: posts small blind $1
Hats007: is sitting out
TheU10: posts big blind $3
*** HOLE CARDS ***
favete lin: folds
Uncalled bet ($2) returned to TheU10
TheU10 collected $2 from pot
Hats007 leaves the table
TheU10: doesn't show hand
*** SUMMARY ***
Total pot $2 | Rake $0
Seat 1: favete lin (button) (small blind) folded before Flop
Seat 5: TheU10 (big blind) collected ($2)


PokerStars Hand #176841921304:  Hold'em Limit ($3/$6 USD) - 2017/10/12 20:24:45 ET
Table 'Fringilla II' 6-max Seat #5 is the button
Seat 1: favete lin ($162.14 in chips)
Seat 5: TheU10 ($451.51 in chips)
TheU10: posts small blind $1
favete lin: posts big blind $3
*** HOLE CARDS ***
TheU10: raises $3 to $6
favete lin: calls $3
*** FLOP *** [6s Td Js]
favete lin: checks
TheU10: checks
*** TURN *** [6s Td Js] [8d]
favete lin: bets $6
TheU10: calls $6
*** RIVER *** [6s Td Js 8d] [Ks]
favete lin: checks
TheU10: bets $6
favete lin: calls $6
*** SHOW DOWN ***
TheU10: shows [Th Qd] (a pair of Tens)
favete lin: mucks hand
TheU10 collected $35.50 from pot
*** SUMMARY ***
Total pot $36 | Rake $0.50
Board [6s Td Js 8d Ks]
Seat 1: favete lin (big blind) mucked
Seat 5: TheU10 (button) (small blind) showed [Th Qd] and won ($35.50) with a pair of Tens


