PokerStars Hand #163815121185:  Hold'em Limit ($3/$6 USD) - 2016/12/31 7:29:03 ET
Table 'Fringilla' 6-max Seat #5 is the button
Seat 1: Chessnok ($105 in chips)
Seat 5: nordschrott ($56.50 in chips)
nordschrott: posts small blind $1
Chessnok: posts big blind $3
*** HOLE CARDS ***
nordschrott: folds
Uncalled bet ($2) returned to Chessnok
Chessnok collected $2 from pot
Chessnok: doesn't show hand
*** SUMMARY ***
Total pot $2 | Rake $0
Seat 1: Chessnok (big blind) collected ($2)
Seat 5: nordschrott (button) (small blind) folded before Flop


PokerStars Hand #163815110392:  Hold'em Limit ($3/$6 USD) - 2016/12/31 7:28:44 ET
Table 'Fringilla' 6-max Seat #1 is the button
Seat 1: Chessnok ($120 in chips)
Seat 5: nordschrott ($42 in chips)
Chessnok: posts small blind $1
nordschrott: posts big blind $3
*** HOLE CARDS ***
Chessnok: raises $3 to $6
nordschrott: calls $3
*** FLOP *** [5d 2c 4d]
nordschrott: checks
Chessnok: bets $3
nordschrott: calls $3
*** TURN *** [5d 2c 4d] [Kd]
nordschrott: checks
Chessnok: checks
*** RIVER *** [5d 2c 4d Kd] [Tc]
nordschrott: bets $6
Chessnok: calls $6
*** SHOW DOWN ***
nordschrott: shows [7d Jd] (a flush, King high)
Chessnok: mucks hand
nordschrott collected $29.50 from pot
*** SUMMARY ***
Total pot $30 | Rake $0.50
Board [5d 2c 4d Kd Tc]
Seat 1: Chessnok (button) (small blind) mucked
Seat 5: nordschrott (big blind) showed [7d Jd] and won ($29.50) with a flush, King high


PokerStars Hand #163815134782:  Hold'em Limit ($3/$6 USD) - 2016/12/31 7:29:28 ET
Table 'Fringilla' 6-max Seat #1 is the button
Seat 1: Chessnok ($115.64 in chips)
Seat 5: nordschrott ($45.50 in chips)
Chessnok: posts small blind $1
nordschrott: posts big blind $3
*** HOLE CARDS ***
Chessnok: raises $3 to $6
nordschrott: calls $3
*** FLOP *** [Jh 8h Ad]
nordschrott: checks
Chessnok: bets $3
nordschrott: calls $3
*** TURN *** [Jh 8h Ad] [9c]
nordschrott: checks
Chessnok: checks
*** RIVER *** [Jh 8h Ad 9c] [7h]
nordschrott: bets $6
Chessnok: folds
Uncalled bet ($6) returned to nordschrott
nordschrott collected $17.64 from pot
nordschrott: shows [Qs 8s] (a pair of Eights)
*** SUMMARY ***
Total pot $18 | Rake $0.36
Board [Jh 8h Ad 9c 7h]
Seat 1: Chessnok (button) (small blind) folded on the River
Seat 5: nordschrott (big blind) collected ($17.64)


PokerStars Hand #163815131818:  Hold'em Limit ($3/$6 USD) - 2016/12/31 7:29:23 ET
Table 'Fringilla' 6-max Seat #5 is the button
Seat 1: Chessnok ($114.64 in chips)
Seat 5: nordschrott ($46.50 in chips)
nordschrott: posts small blind $1
Chessnok: posts big blind $3
*** HOLE CARDS ***
nordschrott: folds
Uncalled bet ($2) returned to Chessnok
Chessnok collected $2 from pot
Chessnok: doesn't show hand
*** SUMMARY ***
Total pot $2 | Rake $0
Seat 1: Chessnok (big blind) collected ($2)
Seat 5: nordschrott (button) (small blind) folded before Flop


PokerStars Hand #163815124053:  Hold'em Limit ($3/$6 USD) - 2016/12/31 7:29:08 ET
Table 'Fringilla' 6-max Seat #1 is the button
Seat 1: Chessnok ($106 in chips)
Seat 5: nordschrott ($55.50 in chips)
Chessnok: posts small blind $1
nordschrott: posts big blind $3
*** HOLE CARDS ***
Chessnok: raises $3 to $6
nordschrott: calls $3
*** FLOP *** [4d Kc 5d]
nordschrott: checks
Chessnok: bets $3
nordschrott: calls $3
*** TURN *** [4d Kc 5d] [9s]
nordschrott: checks
Chessnok: bets $6
nordschrott: folds
Uncalled bet ($6) returned to Chessnok
Chessnok collected $17.64 from pot
Chessnok: doesn't show hand
*** SUMMARY ***
Total pot $18 | Rake $0.36
Board [4d Kc 5d 9s]
Seat 1: Chessnok (button) (small blind) collected ($17.64)
Seat 5: nordschrott (big blind) folded on the Turn


PokerStars Hand #163815151752:  Hold'em Limit ($3/$6 USD) - 2016/12/31 7:29:58 ET
Table 'Fringilla' 6-max Seat #5 is the button
Seat 1: Chessnok ($106.64 in chips)
Seat 5: nordschrott ($54.14 in chips)
nordschrott: posts small blind $1
Chessnok: posts big blind $3
*** HOLE CARDS ***
nordschrott: calls $2
Chessnok: raises $3 to $6
nordschrott: calls $3
*** FLOP *** [2c 3c 8c]
Chessnok: bets $3
nordschrott: raises $3 to $6
Chessnok: raises $3 to $9
nordschrott: calls $3
*** TURN *** [2c 3c 8c] [Ks]
Chessnok: bets $6
nordschrott: raises $6 to $12
Chessnok: calls $6
*** RIVER *** [2c 3c 8c Ks] [Jd]
Chessnok: checks
nordschrott: bets $6
RUNNINGMAN70 joins the table at seat #3
Chessnok: calls $6
*** SHOW DOWN ***
nordschrott: shows [Kc 2s] (two pair, Kings and Deuces)
Chessnok: mucks hand
nordschrott collected $65.50 from pot
*** SUMMARY ***
Total pot $66 | Rake $0.50
Board [2c 3c 8c Ks Jd]
Seat 1: Chessnok (big blind) mucked
Seat 5: nordschrott (button) (small blind) showed [Kc 2s] and won ($65.50) with two pair, Kings and Deuces


PokerStars Hand #163815632555:  Hold'em Limit ($3/$6 USD) - 2016/12/31 7:44:04 ET
Table 'Fringilla' 6-max Seat #6 is the button
Seat 1: Chessnok ($164.10 in chips)
Seat 6: ToDaFelt ($110.19 in chips)
ToDaFelt: posts small blind $1
Chessnok: posts big blind $3
*** HOLE CARDS ***
ToDaFelt: raises $3 to $6
Chessnok: raises $3 to $9
RUNNINGMAN70 leaves the table
ToDaFelt: calls $3
*** FLOP *** [Ad Tc 3s]
Chessnok: bets $3
ToDaFelt: calls $3
*** TURN *** [Ad Tc 3s] [Jd]
Chessnok: bets $6
ToDaFelt: calls $6
*** RIVER *** [Ad Tc 3s Jd] [2s]
Chessnok: checks
ToDaFelt: checks
*** SHOW DOWN ***
Chessnok: shows [5c 5h] (a pair of Fives)
ToDaFelt: shows [Ks Jh] (a pair of Jacks)
ToDaFelt collected $35.50 from pot
*** SUMMARY ***
Total pot $36 | Rake $0.50
Board [Ad Tc 3s Jd 2s]
Seat 1: Chessnok (big blind) showed [5c 5h] and lost with a pair of Fives
Seat 6: ToDaFelt (button) (small blind) showed [Ks Jh] and won ($35.50) with a pair of Jacks


PokerStars Hand #163823027423:  Hold'em Limit ($3/$6 USD) - 2016/12/31 10:46:48 ET
Table 'Fringilla' 6-max Seat #4 is the button
Seat 3: LifeisagameX ($111.92 in chips)
Seat 4: Actionni13 ($151 in chips)
Actionni13: posts small blind $1
LifeisagameX: posts big blind $3
*** HOLE CARDS ***
Actionni13: raises $3 to $6
LifeisagameX: calls $3
*** FLOP *** [Ah 3h Ks]
LifeisagameX: checks
Actionni13: bets $3
LifeisagameX: folds
Uncalled bet ($3) returned to Actionni13
Actionni13 collected $11.76 from pot
*** SUMMARY ***
Total pot $12 | Rake $0.24
Board [Ah 3h Ks]
Seat 3: LifeisagameX (big blind) folded on the Flop
Seat 4: Actionni13 (button) (small blind) collected ($11.76)


PokerStars Hand #163823018654:  Hold'em Limit ($3/$6 USD) - 2016/12/31 10:46:36 ET
Table 'Fringilla' 6-max Seat #4 is the button
Seat 3: LifeisagameX ($111.92 in chips)
Seat 4: Actionni13 ($150 in chips)
Actionni13: posts small blind $1
LifeisagameX: posts big blind $3
*** HOLE CARDS ***
Actionni13: folds
Uncalled bet ($2) returned to LifeisagameX
LifeisagameX collected $2 from pot
LifeisagameX: doesn't show hand
*** SUMMARY ***
Total pot $2 | Rake $0
Seat 3: LifeisagameX (big blind) collected ($2)
Seat 4: Actionni13 (button) (small blind) folded before Flop


PokerStars Hand #163823022332:  Hold'em Limit ($3/$6 USD) - 2016/12/31 10:46:41 ET
Table 'Fringilla' 6-max Seat #3 is the button
Seat 3: LifeisagameX ($112.92 in chips)
Seat 4: Actionni13 ($150 in chips)
LifeisagameX: posts small blind $1
Actionni13: posts big blind $3
*** HOLE CARDS ***
LifeisagameX: folds
Uncalled bet ($2) returned to Actionni13
Actionni13 collected $2 from pot
*** SUMMARY ***
Total pot $2 | Rake $0
Seat 3: LifeisagameX (button) (small blind) folded before Flop
Seat 4: Actionni13 (big blind) collected ($2)


PokerStars Hand #163823045858:  Hold'em Limit ($3/$6 USD) - 2016/12/31 10:47:14 ET
Table 'Fringilla' 6-max Seat #3 is the button
Seat 3: LifeisagameX ($105.92 in chips)
Seat 4: Actionni13 ($156.76 in chips)
LifeisagameX: posts small blind $1
Actionni13: posts big blind $3
*** HOLE CARDS ***
LifeisagameX: raises $3 to $6
Actionni13: calls $3
*** FLOP *** [Ad 6d 8d]
Actionni13: checks
LifeisagameX: checks
*** TURN *** [Ad 6d 8d] [2h]
Actionni13: checks
LifeisagameX: bets $6
Actionni13: folds
Uncalled bet ($6) returned to LifeisagameX
LifeisagameX collected $11.76 from pot
LifeisagameX: doesn't show hand
*** SUMMARY ***
Total pot $12 | Rake $0.24
Board [Ad 6d 8d 2h]
Seat 3: LifeisagameX (button) (small blind) collected ($11.76)
Seat 4: Actionni13 (big blind) folded on the Turn


PokerStars Hand #163823108229:  Hold'em Limit ($3/$6 USD) - 2016/12/31 10:48:37 ET
Table 'Fringilla' 6-max Seat #3 is the button
Seat 3: LifeisagameX ($129.18 in chips)
Seat 4: Actionni13 ($150 in chips)
LifeisagameX: posts small blind $1
Actionni13: posts big blind $3
*** HOLE CARDS ***
LifeisagameX: folds
Uncalled bet ($2) returned to Actionni13
Actionni13 collected $2 from pot
*** SUMMARY ***
Total pot $2 | Rake $0
Seat 3: LifeisagameX (button) (small blind) folded before Flop
Seat 4: Actionni13 (big blind) collected ($2)


PokerStars Hand #163823068793:  Hold'em Limit ($3/$6 USD) - 2016/12/31 10:47:42 ET
Table 'Fringilla' 6-max Seat #4 is the button
Seat 3: LifeisagameX ($111.68 in chips)
Seat 4: Actionni13 ($150.76 in chips)
Actionni13: posts small blind $1
LifeisagameX: posts big blind $3
*** HOLE CARDS ***
Actionni13: raises $3 to $6
LifeisagameX: calls $3
*** FLOP *** [Jh 5d Th]
LifeisagameX: checks
Actionni13: bets $3
LifeisagameX: raises $3 to $6
Actionni13: calls $3
*** TURN *** [Jh 5d Th] [5h]
LifeisagameX: bets $6
Actionni13: calls $6
*** RIVER *** [Jh 5d Th 5h] [8c]
LifeisagameX: bets $6
Actionni13: folds
Uncalled bet ($6) returned to LifeisagameX
LifeisagameX collected $35.50 from pot
LifeisagameX: doesn't show hand
*** SUMMARY ***
Total pot $36 | Rake $0.50
Board [Jh 5d Th 5h 8c]
Seat 3: LifeisagameX (big blind) collected ($35.50)
Seat 4: Actionni13 (button) (small blind) folded on the River


PokerStars Hand #163823112436:  Hold'em Limit ($3/$6 USD) - 2016/12/31 10:48:43 ET
Table 'Fringilla' 6-max Seat #4 is the button
Seat 3: LifeisagameX ($128.18 in chips)
Seat 4: Actionni13 ($151 in chips)
Actionni13: posts small blind $1
LifeisagameX: posts big blind $3
*** HOLE CARDS ***
Actionni13: raises $3 to $6
LifeisagameX: calls $3
*** FLOP *** [Qc 2s 3c]
LifeisagameX: checks
Actionni13: bets $3
LifeisagameX: folds
Uncalled bet ($3) returned to Actionni13
Actionni13 collected $11.76 from pot
*** SUMMARY ***
Total pot $12 | Rake $0.24
Board [Qc 2s 3c]
Seat 3: LifeisagameX (big blind) folded on the Flop
Seat 4: Actionni13 (button) (small blind) collected ($11.76)


PokerStars Hand #163823139046:  Hold'em Limit ($3/$6 USD) - 2016/12/31 10:49:19 ET
Table 'Fringilla' 6-max Seat #4 is the button
Seat 3: LifeisagameX ($139.68 in chips)
Seat 4: Actionni13 ($150 in chips)
Actionni13: posts small blind $1
LifeisagameX: posts big blind $3
*** HOLE CARDS ***
Actionni13: raises $3 to $6
LifeisagameX: calls $3
*** FLOP *** [Qc 3h Td]
LifeisagameX: checks
Actionni13: bets $3
LifeisagameX: folds
Uncalled bet ($3) returned to Actionni13
Actionni13 collected $11.76 from pot
*** SUMMARY ***
Total pot $12 | Rake $0.24
Board [Qc 3h Td]
Seat 3: LifeisagameX (big blind) folded on the Flop
Seat 4: Actionni13 (button) (small blind) collected ($11.76)


PokerStars Hand #163823150972:  Hold'em Limit ($3/$6 USD) - 2016/12/31 10:49:36 ET
Table 'Fringilla' 6-max Seat #3 is the button
Seat 3: LifeisagameX ($133.68 in chips)
Seat 4: Actionni13 ($155.76 in chips)
LifeisagameX: posts small blind $1
Actionni13: posts big blind $3
*** HOLE CARDS ***
LifeisagameX: raises $3 to $6
Actionni13: raises $3 to $9
LifeisagameX: calls $3
*** FLOP *** [8s Qs 4s]
Actionni13: bets $3
LifeisagameX: calls $3
*** TURN *** [8s Qs 4s] [3s]
Actionni13: bets $6
LifeisagameX: folds
Uncalled bet ($6) returned to Actionni13
Actionni13 collected $23.52 from pot
*** SUMMARY ***
Total pot $24 | Rake $0.48
Board [8s Qs 4s 3s]
Seat 3: LifeisagameX (button) (small blind) folded on the Turn
Seat 4: Actionni13 (big blind) collected ($23.52)


PokerStars Hand #163823174361:  Hold'em Limit ($3/$6 USD) - 2016/12/31 10:50:08 ET
Table 'Fringilla' 6-max Seat #3 is the button
Seat 3: LifeisagameX ($133.20 in chips)
Seat 4: Actionni13 ($155.28 in chips)
LifeisagameX: posts small blind $1
Actionni13: posts big blind $3
*** HOLE CARDS ***
LifeisagameX: raises $3 to $6
Actionni13: folds
Uncalled bet ($3) returned to LifeisagameX
LifeisagameX collected $6 from pot
LifeisagameX: doesn't show hand
*** SUMMARY ***
Total pot $6 | Rake $0
Seat 3: LifeisagameX (button) (small blind) collected ($6)
Seat 4: Actionni13 (big blind) folded before Flop


PokerStars Hand #163823162697:  Hold'em Limit ($3/$6 USD) - 2016/12/31 10:49:52 ET
Table 'Fringilla' 6-max Seat #4 is the button
Seat 3: LifeisagameX ($121.68 in chips)
Seat 4: Actionni13 ($167.28 in chips)
Actionni13: posts small blind $1
LifeisagameX: posts big blind $3
*** HOLE CARDS ***
Actionni13: raises $3 to $6
LifeisagameX: calls $3
*** FLOP *** [Ts Kd 4d]
LifeisagameX: checks
Actionni13: bets $3
LifeisagameX: raises $3 to $6
Actionni13: calls $3
*** TURN *** [Ts Kd 4d] [Ah]
LifeisagameX: bets $6
Actionni13: folds
Uncalled bet ($6) returned to LifeisagameX
LifeisagameX collected $23.52 from pot
LifeisagameX: doesn't show hand
*** SUMMARY ***
Total pot $24 | Rake $0.48
Board [Ts Kd 4d Ah]
Seat 3: LifeisagameX (big blind) collected ($23.52)
Seat 4: Actionni13 (button) (small blind) folded on the Turn


PokerStars Hand #163823120612:  Hold'em Limit ($3/$6 USD) - 2016/12/31 10:48:54 ET
Table 'Fringilla' 6-max Seat #3 is the button
Seat 3: LifeisagameX ($122.18 in chips)
Seat 4: Actionni13 ($156.76 in chips)
LifeisagameX: posts small blind $1
Actionni13: posts big blind $3
*** HOLE CARDS ***
LifeisagameX: raises $3 to $6
Actionni13: raises $3 to $9
LifeisagameX: calls $3
*** FLOP *** [Jh 3s Qc]
Actionni13: bets $3
LifeisagameX: calls $3
*** TURN *** [Jh 3s Qc] [Th]
Actionni13: checks
LifeisagameX: bets $6
Actionni13: calls $6
*** RIVER *** [Jh 3s Qc Th] [4c]
Actionni13: checks
LifeisagameX: bets $6
Actionni13: folds
Uncalled bet ($6) returned to LifeisagameX
LifeisagameX collected $35.50 from pot
LifeisagameX: doesn't show hand
*** SUMMARY ***
Total pot $36 | Rake $0.50
Board [Jh 3s Qc Th 4c]
Seat 3: LifeisagameX (button) (small blind) collected ($35.50)
Seat 4: Actionni13 (big blind) folded on the River


PokerStars Hand #163823179605:  Hold'em Limit ($3/$6 USD) - 2016/12/31 10:50:15 ET
Table 'Fringilla' 6-max Seat #4 is the button
Seat 3: LifeisagameX ($136.20 in chips)
Seat 4: Actionni13 ($152.28 in chips)
Actionni13: posts small blind $1
LifeisagameX: posts big blind $3
*** HOLE CARDS ***
Actionni13: raises $3 to $6
LifeisagameX: calls $3
*** FLOP *** [9c 6d 7s]
LifeisagameX: checks
Actionni13: checks
*** TURN *** [9c 6d 7s] [5d]
LifeisagameX: checks
Actionni13: checks
*** RIVER *** [9c 6d 7s 5d] [Kd]
LifeisagameX: checks
Actionni13: bets $6
LifeisagameX: calls $6
*** SHOW DOWN ***
Actionni13: shows [6c Ts] (a pair of Sixes)
LifeisagameX: mucks hand
Actionni13 collected $23.52 from pot
*** SUMMARY ***
Total pot $24 | Rake $0.48
Board [9c 6d 7s 5d Kd]
Seat 3: LifeisagameX (big blind) mucked
Seat 4: Actionni13 (button) (small blind) showed [6c Ts] and won ($23.52) with a pair of Sixes


PokerStars Hand #163823198622:  Hold'em Limit ($3/$6 USD) - 2016/12/31 10:50:41 ET
Table 'Fringilla' 6-max Seat #3 is the button
Seat 3: LifeisagameX ($124.20 in chips)
Seat 4: Actionni13 ($163.80 in chips)
LifeisagameX: posts small blind $1
Actionni13: posts big blind $3
*** HOLE CARDS ***
LifeisagameX: raises $3 to $6
Actionni13: raises $3 to $9
LifeisagameX: calls $3
*** FLOP *** [7s Qh 5s]
Actionni13: bets $3
Aces0fPain joins the table at seat #2
LifeisagameX: calls $3
*** TURN *** [7s Qh 5s] [Kh]
Actionni13: bets $6
LifeisagameX: folds
Uncalled bet ($6) returned to Actionni13
Actionni13 collected $23.52 from pot
*** SUMMARY ***
Total pot $24 | Rake $0.48
Board [7s Qh 5s Kh]
Seat 3: LifeisagameX (button) (small blind) folded on the Turn
Seat 4: Actionni13 (big blind) collected ($23.52)


PokerStars Hand #163823254755:  Hold'em Limit ($3/$6 USD) - 2016/12/31 10:51:58 ET
Table 'Fringilla' 6-max Seat #2 is the button
Seat 2: Aces0fPain ($40.43 in chips)
Seat 4: Actionni13 ($159.32 in chips)
defdrew will be allowed to play after the button
Aces0fPain: posts small blind $1
Actionni13: posts big blind $3
*** HOLE CARDS ***
Aces0fPain: folds
Uncalled bet ($2) returned to Actionni13
Actionni13 collected $2 from pot
*** SUMMARY ***
Total pot $2 | Rake $0
Seat 2: Aces0fPain (button) (small blind) folded before Flop
Seat 4: Actionni13 (big blind) collected ($2)


PokerStars Hand #163823689891:  Hold'em Limit ($3/$6 USD) - 2016/12/31 11:02:32 ET
Table 'Fringilla' 6-max Seat #4 is the button
Seat 3: XLmrbao ($93.12 in chips)
Seat 4: Actionni13 ($151 in chips)
Actionni13: posts small blind $1
XLmrbao: posts big blind $3
*** HOLE CARDS ***
Actionni13: folds
Uncalled bet ($2) returned to XLmrbao
XLmrbao collected $2 from pot
XLmrbao: doesn't show hand
*** SUMMARY ***
Total pot $2 | Rake $0
Seat 3: XLmrbao (big blind) collected ($2)
Seat 4: Actionni13 (button) (small blind) folded before Flop


PokerStars Hand #163823716651:  Hold'em Limit ($3/$6 USD) - 2016/12/31 11:03:09 ET
Table 'Fringilla' 6-max Seat #6 is the button
Seat 4: Actionni13 ($150 in chips)
Seat 6: shampBTgogo ($8 in chips)
shampBTgogo: posts small blind $1
Actionni13: posts big blind $3
*** HOLE CARDS ***
shampBTgogo: raises $3 to $6
Actionni13: calls $3
*** FLOP *** [4c 5s 9s]
Actionni13: bets $3
shampBTgogo: calls $2 and is all-in
Uncalled bet ($1) returned to Actionni13
*** TURN *** [4c 5s 9s] [7d]
*** RIVER *** [4c 5s 9s 7d] [8h]
*** SHOW DOWN ***
Actionni13: shows [6s Ad] (a straight, Five to Nine)
shampBTgogo: shows [9h 2h] (a pair of Nines)
Actionni13 collected $15.68 from pot
*** SUMMARY ***
Total pot $16 | Rake $0.32
Board [4c 5s 9s 7d 8h]
Seat 4: Actionni13 (big blind) showed [6s Ad] and won ($15.68) with a straight, Five to Nine
Seat 6: shampBTgogo (button) (small blind) showed [9h 2h] and lost with a pair of Nines


