PokerStars Hand #166154201884:  Hold'em Limit ($3/$6 USD) - 2017/02/13 12:21:07 ET
Table 'Frisia' 6-max Seat #3 is the button
Seat 3: mso500for1 ($77.40 in chips)
Seat 5: belik555 ($90 in chips)
MTails has timed out
MTails: is sitting out
mso500for1: posts small blind $1
belik555: posts big blind $3
*** HOLE CARDS ***
mso500for1: raises $3 to $6
belik555: folds
Uncalled bet ($3) returned to mso500for1
mso500for1 collected $6 from pot
*** SUMMARY ***
Total pot $6 | Rake $0
Seat 3: mso500for1 (button) (small blind) collected ($6)
Seat 5: belik555 (big blind) folded before Flop


PokerStars Hand #166154228581:  Hold'em Limit ($3/$6 USD) - 2017/02/13 12:21:39 ET
Table 'Frisia' 6-max Seat #5 is the button
Seat 3: mso500for1 ($80.40 in chips)
Seat 5: belik555 ($90 in chips)
belik555: posts small blind $1
mso500for1: posts big blind $3
*** HOLE CARDS ***
belik555: raises $3 to $6
mso500for1: raises $3 to $9
belik555: calls $3
*** FLOP *** [3d 8c Th]
mso500for1: bets $3
belik555: raises $3 to $6
mso500for1: calls $3
*** TURN *** [3d 8c Th] [Jd]
mso500for1: checks
belik555: bets $6
mso500for1: folds
Uncalled bet ($6) returned to belik555
belik555 collected $29.50 from pot
belik555: doesn't show hand
*** SUMMARY ***
Total pot $30 | Rake $0.50
Board [3d 8c Th Jd]
Seat 3: mso500for1 (big blind) folded on the Turn
Seat 5: belik555 (button) (small blind) collected ($29.50)


PokerStars Hand #166154268255:  Hold'em Limit ($3/$6 USD) - 2017/02/13 12:22:16 ET
Table 'Frisia' 6-max Seat #3 is the button
Seat 3: mso500for1 ($65.40 in chips)
Seat 5: belik555 ($104.50 in chips)
mso500for1: posts small blind $1
belik555: posts big blind $3
*** HOLE CARDS ***
mso500for1: folds
Uncalled bet ($2) returned to belik555
belik555 collected $2 from pot
belik555: doesn't show hand
*** SUMMARY ***
Total pot $2 | Rake $0
Seat 3: mso500for1 (button) (small blind) folded before Flop
Seat 5: belik555 (big blind) collected ($2)


PokerStars Hand #166154274440:  Hold'em Limit ($3/$6 USD) - 2017/02/13 12:22:23 ET
Table 'Frisia' 6-max Seat #5 is the button
Seat 3: mso500for1 ($64.40 in chips)
Seat 5: belik555 ($105.50 in chips)
belik555: posts small blind $1
mso500for1: posts big blind $3
*** HOLE CARDS ***
belik555: raises $3 to $6
mso500for1: calls $3
*** FLOP *** [4d Qc As]
mso500for1: checks
belik555: bets $3
mso500for1: calls $3
*** TURN *** [4d Qc As] [Qs]
mso500for1: checks
belik555: bets $6
StellaSofia joins the table at seat #2
mso500for1: folds
Uncalled bet ($6) returned to belik555
belik555 collected $17.64 from pot
belik555: doesn't show hand
*** SUMMARY ***
Total pot $18 | Rake $0.36
Board [4d Qc As Qs]
Seat 3: mso500for1 (big blind) folded on the Turn
Seat 5: belik555 (button) (small blind) collected ($17.64)


PokerStars Hand #166155977574:  Hold'em Limit ($3/$6 USD) - 2017/02/13 12:55:11 ET
Table 'Frisia' 6-max Seat #6 is the button
Seat 4: RaisemyNut$ ($83.17 in chips)
Seat 6: LouisB ($119.52 in chips)
LouisB: posts small blind $1
vestimokrec: is sitting out
RaisemyNut$: posts big blind $3
*** HOLE CARDS ***
nimzon joins the table at seat #5
vestimokrec leaves the table
zorantoronto joins the table at seat #3
nimzon leaves the table
LouisB: folds
Uncalled bet ($2) returned to RaisemyNut$
RaisemyNut$ collected $2 from pot
RaisemyNut$: doesn't show hand
*** SUMMARY ***
Total pot $2 | Rake $0
Seat 4: RaisemyNut$ (big blind) collected ($2)
Seat 6: LouisB (button) (small blind) folded before Flop


PokerStars Hand #166155987250:  Hold'em Limit ($3/$6 USD) - 2017/02/13 12:55:24 ET
Table 'Frisia' 6-max Seat #4 is the button
Seat 4: RaisemyNut$ ($84.17 in chips)
Seat 6: LouisB ($118.52 in chips)
RaisemyNut$: posts small blind $1
LouisB: posts big blind $3
*** HOLE CARDS ***
RaisemyNut$: raises $3 to $6
LouisB: folds
Uncalled bet ($3) returned to RaisemyNut$
RaisemyNut$ collected $6 from pot
RaisemyNut$: doesn't show hand
*** SUMMARY ***
Total pot $6 | Rake $0
Seat 4: RaisemyNut$ (button) (small blind) collected ($6)
Seat 6: LouisB (big blind) folded before Flop


PokerStars Hand #166156001607:  Hold'em Limit ($3/$6 USD) - 2017/02/13 12:55:44 ET
Table 'Frisia' 6-max Seat #3 is the button
Seat 3: zorantoronto ($117 in chips)
Seat 6: LouisB ($114.52 in chips)
zorantoronto: posts small blind $1
RaisemyNut$: is sitting out
LouisB: posts big blind $3
*** HOLE CARDS ***
zorantoronto: folds
Uncalled bet ($2) returned to LouisB
LouisB collected $2 from pot
LouisB: doesn't show hand
*** SUMMARY ***
Total pot $2 | Rake $0
Seat 3: zorantoronto (button) (small blind) folded before Flop
Seat 6: LouisB (big blind) collected ($2)


PokerStars Hand #166156006936:  Hold'em Limit ($3/$6 USD) - 2017/02/13 12:55:51 ET
Table 'Frisia' 6-max Seat #6 is the button
Seat 3: zorantoronto ($116 in chips)
Seat 6: LouisB ($115.52 in chips)
LouisB: posts small blind $1
zorantoronto: posts big blind $3
*** HOLE CARDS ***
ChoiceNR1 joins the table at seat #2
LouisB: raises $3 to $6
zorantoronto: calls $3
*** FLOP *** [4c Ah Th]
zorantoronto: bets $3
LouisB: raises $3 to $6
zorantoronto: calls $3
*** TURN *** [4c Ah Th] [3d]
zorantoronto: checks
LouisB: bets $6
zorantoronto: calls $6
*** RIVER *** [4c Ah Th 3d] [Qc]
zorantoronto: checks
LouisB: checks
*** SHOW DOWN ***
zorantoronto: shows [4s 2s] (a pair of Fours)
LouisB: mucks hand
zorantoronto collected $35.50 from pot
*** SUMMARY ***
Total pot $36 | Rake $0.50
Board [4c Ah Th 3d Qc]
Seat 3: zorantoronto (big blind) showed [4s 2s] and won ($35.50) with a pair of Fours
Seat 6: LouisB (button) (small blind) mucked


PokerStars Hand #166162520505:  Hold'em Limit ($3/$6 USD) - 2017/02/13 14:51:30 ET
Table 'Frisia' 6-max Seat #4 is the button
Seat 1: heli the b ($148.92 in chips)
Seat 4: dwer43 ($204.68 in chips)
dwer43: posts small blind $1
vestimokrec: is sitting out
heli the b: posts big blind $3
*** HOLE CARDS ***
vestimokrec leaves the table
dwer43: raises $3 to $6
heli the b: calls $3
*** FLOP *** [Kc 9s Td]
DePokeraap joins the table at seat #3
heli the b: bets $3
dwer43: calls $3
*** TURN *** [Kc 9s Td] [5s]
heli the b: bets $6
dwer43: calls $6
*** RIVER *** [Kc 9s Td 5s] [Kd]
heli the b: bets $6
dwer43: calls $6
*** SHOW DOWN ***
heli the b: shows [9c 8d] (two pair, Kings and Nines)
dwer43: shows [9h 6h] (two pair, Kings and Nines)
heli the b collected $20.75 from pot
dwer43 collected $20.75 from pot
*** SUMMARY ***
Total pot $42 | Rake $0.50
Board [Kc 9s Td 5s Kd]
Seat 1: heli the b (big blind) showed [9c 8d] and won ($20.75) with two pair, Kings and Nines
Seat 4: dwer43 (button) (small blind) showed [9h 6h] and won ($20.75) with two pair, Kings and Nines


