PokerStars Hand #155648756575:  Hold'em Limit ($3/$6 USD) - 2016/07/06 16:43:29 ET
Table 'Frisia' 6-max Seat #1 is the button
Seat 1: jestanie ($47 in chips)
Seat 4: BuzovaPro ($72 in chips)
jestanie: posts small blind $1
BuzovaPro: posts big blind $3
*** HOLE CARDS ***
jestanie: raises $3 to $6
BuzovaPro: calls $3
*** FLOP *** [Qs 7d Ks]
BuzovaPro: checks
jestanie: bets $3
BuzovaPro: folds
Uncalled bet ($3) returned to jestanie
jestanie collected $11.76 from pot
jestanie: doesn't show hand
*** SUMMARY ***
Total pot $12 | Rake $0.24
Board [Qs 7d Ks]
Seat 1: jestanie (button) (small blind) collected ($11.76)
Seat 4: BuzovaPro (big blind) folded on the Flop


PokerStars Hand #155648842979:  Hold'em Limit ($3/$6 USD) - 2016/07/06 16:45:20 ET
Table 'Frisia' 6-max Seat #1 is the button
Seat 1: jestanie ($39.76 in chips)
Seat 4: BuzovaPro ($84.50 in chips)
jestanie: posts small blind $1
BuzovaPro: posts big blind $3
*** HOLE CARDS ***
jestanie: folds
Uncalled bet ($2) returned to BuzovaPro
BuzovaPro collected $2 from pot
BuzovaPro: doesn't show hand
*** SUMMARY ***
Total pot $2 | Rake $0
Seat 1: jestanie (button) (small blind) folded before Flop
Seat 4: BuzovaPro (big blind) collected ($2)


PokerStars Hand #155648834332:  Hold'em Limit ($3/$6 USD) - 2016/07/06 16:45:08 ET
Table 'Frisia' 6-max Seat #4 is the button
Seat 1: jestanie ($38.76 in chips)
Seat 4: BuzovaPro ($85.50 in chips)
BuzovaPro: posts small blind $1
jestanie: posts big blind $3
*** HOLE CARDS ***
iholdout joins the table at seat #6
BuzovaPro: folds
Uncalled bet ($2) returned to jestanie
jestanie collected $2 from pot
*** SUMMARY ***
Total pot $2 | Rake $0
Seat 1: jestanie (big blind) collected ($2)
Seat 4: BuzovaPro (button) (small blind) folded before Flop


PokerStars Hand #155648827999:  Hold'em Limit ($3/$6 USD) - 2016/07/06 16:44:58 ET
Table 'Frisia' 6-max Seat #1 is the button
Seat 1: jestanie ($35.76 in chips)
Seat 4: BuzovaPro ($88.50 in chips)
jestanie: posts small blind $1
BuzovaPro: posts big blind $3
*** HOLE CARDS ***
jestanie: raises $3 to $6
BuzovaPro: folds
Uncalled bet ($3) returned to jestanie
jestanie collected $6 from pot
jestanie: doesn't show hand
*** SUMMARY ***
Total pot $6 | Rake $0
Seat 1: jestanie (button) (small blind) collected ($6)
Seat 4: BuzovaPro (big blind) folded before Flop


PokerStars Hand #155648823781:  Hold'em Limit ($3/$6 USD) - 2016/07/06 16:44:52 ET
Table 'Frisia' 6-max Seat #4 is the button
Seat 1: jestanie ($34.76 in chips)
Seat 4: BuzovaPro ($89.50 in chips)
BuzovaPro: posts small blind $1
jestanie: posts big blind $3
*** HOLE CARDS ***
BuzovaPro: folds
Uncalled bet ($2) returned to jestanie
jestanie collected $2 from pot
jestanie: doesn't show hand
*** SUMMARY ***
Total pot $2 | Rake $0
Seat 1: jestanie (big blind) collected ($2)
Seat 4: BuzovaPro (button) (small blind) folded before Flop


PokerStars Hand #155648812121:  Hold'em Limit ($3/$6 USD) - 2016/07/06 16:44:36 ET
Table 'Frisia' 6-max Seat #1 is the button
Seat 1: jestanie ($31.76 in chips)
Seat 4: BuzovaPro ($92.50 in chips)
jestanie: posts small blind $1
BuzovaPro: posts big blind $3
*** HOLE CARDS ***
jestanie: raises $3 to $6
BuzovaPro: folds
Uncalled bet ($3) returned to jestanie
jestanie collected $6 from pot
*** SUMMARY ***
Total pot $6 | Rake $0
Seat 1: jestanie (button) (small blind) collected ($6)
Seat 4: BuzovaPro (big blind) folded before Flop


PokerStars Hand #155648774506:  Hold'em Limit ($3/$6 USD) - 2016/07/06 16:43:55 ET
Table 'Frisia' 6-max Seat #4 is the button
Seat 1: jestanie ($52.76 in chips)
Seat 4: BuzovaPro ($72 in chips)
BuzovaPro: posts small blind $1
jestanie: posts big blind $3
*** HOLE CARDS ***
BuzovaPro: raises $3 to $6
jestanie: calls $3
*** FLOP *** [6c 5h 7d]
jestanie: checks
BuzovaPro: bets $3
jestanie: calls $3
*** TURN *** [6c 5h 7d] [5d]
jestanie: bets $6
BuzovaPro: calls $6
*** RIVER *** [6c 5h 7d 5d] [Ts]
jestanie: bets $6
BuzovaPro: calls $6
*** SHOW DOWN ***
jestanie: shows [Kc 8s] (a pair of Fives)
BuzovaPro: shows [Kh 6h] (two pair, Sixes and Fives)
BuzovaPro collected $41.50 from pot
*** SUMMARY ***
Total pot $42 | Rake $0.50
Board [6c 5h 7d 5d Ts]
Seat 1: jestanie (big blind) showed [Kc 8s] and lost with a pair of Fives
Seat 4: BuzovaPro (button) (small blind) showed [Kh 6h] and won ($41.50) with two pair, Sixes and Fives


PokerStars Hand #155648910978:  Hold'em Limit ($3/$6 USD) - 2016/07/06 16:46:58 ET
Table 'Frisia' 6-max Seat #4 is the button
Seat 4: BuzovaPro ($109.40 in chips)
Seat 6: iholdout ($71.56 in chips)
BuzovaPro: posts small blind $1
iholdout: posts big blind $3
*** HOLE CARDS ***
BuzovaPro: raises $3 to $6
iholdout: calls $3
*** FLOP *** [Ts 9h 2d]
jestanie leaves the table
iholdout: checks
BuzovaPro: bets $3
iholdout: folds
Uncalled bet ($3) returned to BuzovaPro
BuzovaPro collected $11.76 from pot
BuzovaPro: doesn't show hand
*** SUMMARY ***
Total pot $12 | Rake $0.24
Board [Ts 9h 2d]
Seat 4: BuzovaPro (button) (small blind) collected ($11.76)
Seat 6: iholdout (big blind) folded on the Flop


