PokerStars Hand #168647779606:  Hold'em Limit ($3/$6 USD) - 2017/04/06 5:22:49 ET
Table 'Frisia' 6-max Seat #1 is the button
Seat 1: vitamin168 ($5.42 in chips)
Seat 6: FTotti333 ($293.01 in chips)
vitamin168: posts small blind $1
TbIP-TbIP 88: is sitting out
Ale4o: is sitting out
FTotti333: posts big blind $3
*** HOLE CARDS ***
vitamin168: folds
Uncalled bet ($2) returned to FTotti333
Ale4o leaves the table
FTotti333 collected $2 from pot
FTotti333: doesn't show hand
*** SUMMARY ***
Total pot $2 | Rake $0
Seat 1: vitamin168 (button) (small blind) folded before Flop
Seat 6: FTotti333 (big blind) collected ($2)


PokerStars Hand #168647782105:  Hold'em Limit ($3/$6 USD) - 2017/04/06 5:22:56 ET
Table 'Frisia' 6-max Seat #6 is the button
Seat 1: vitamin168 ($4.42 in chips)
Seat 6: FTotti333 ($294.01 in chips)
FTotti333: posts small blind $1
vitamin168: posts big blind $3
*** HOLE CARDS ***
FTotti333: folds
Uncalled bet ($2) returned to vitamin168
vitamin168 collected $2 from pot
vitamin168: doesn't show hand
TbIP-TbIP 88 leaves the table
*** SUMMARY ***
Total pot $2 | Rake $0
Seat 1: vitamin168 (big blind) collected ($2)
Seat 6: FTotti333 (button) (small blind) folded before Flop


