PokerStars Hand #164545666834:  Hold'em Limit ($3/$6 USD) - 2017/01/14 3:09:42 ET
Table 'Frisia' 6-max Seat #3 is the button
Seat 3: sim5sim5 ($101.29 in chips)
Seat 4: VitAmIn744 ($134.38 in chips)
sim5sim5: posts small blind $1
VitAmIn744: posts big blind $3
*** HOLE CARDS ***
sim5sim5: raises $3 to $6
VitAmIn744: calls $3
*** FLOP *** [9h Ah Qh]
VitAmIn744: checks
sim5sim5: bets $3
VitAmIn744: calls $3
*** TURN *** [9h Ah Qh] [2h]
VitAmIn744: checks
sim5sim5: checks
*** RIVER *** [9h Ah Qh 2h] [Th]
VitAmIn744: bets $6
parnishka11 joins the table at seat #6
sim5sim5: calls $6
*** SHOW DOWN ***
VitAmIn744: shows [As Ad] (a flush, Ace high)
sim5sim5: shows [3s Kd] (a flush, Ace high)
VitAmIn744 collected $14.75 from pot
sim5sim5 collected $14.75 from pot
*** SUMMARY ***
Total pot $30 | Rake $0.50
Board [9h Ah Qh 2h Th]
Seat 3: sim5sim5 (button) (small blind) showed [3s Kd] and won ($14.75) with a flush, Ace high
Seat 4: VitAmIn744 (big blind) showed [As Ad] and won ($14.75) with a flush, Ace high


PokerStars Hand #164545663362:  Hold'em Limit ($3/$6 USD) - 2017/01/14 3:09:31 ET
Table 'Frisia' 6-max Seat #4 is the button
Seat 3: sim5sim5 ($95.53 in chips)
Seat 4: VitAmIn744 ($140.38 in chips)
VitAmIn744: posts small blind $1
sim5sim5: posts big blind $3
*** HOLE CARDS ***
VitAmIn744: calls $2
parnishka11 leaves the table
sim5sim5: raises $3 to $6
VitAmIn744: calls $3
*** FLOP *** [8c Ad Qc]
sim5sim5: bets $3
VitAmIn744: folds
Uncalled bet ($3) returned to sim5sim5
sim5sim5 collected $11.76 from pot
sim5sim5: doesn't show hand
*** SUMMARY ***
Total pot $12 | Rake $0.24
Board [8c Ad Qc]
Seat 3: sim5sim5 (big blind) collected ($11.76)
Seat 4: VitAmIn744 (button) (small blind) folded on the Flop


PokerStars Hand #164546385449:  Hold'em Limit ($3/$6 USD) - 2017/01/14 3:45:38 ET
Table 'Frisia' 6-max Seat #4 is the button
Seat 3: fishbla ($77.46 in chips)
Seat 4: VitAmIn744 ($209.86 in chips)
VitAmIn744: posts small blind $1
fishbla: posts big blind $3
*** HOLE CARDS ***
VitAmIn744: folds
Uncalled bet ($2) returned to fishbla
fishbla collected $2 from pot
*** SUMMARY ***
Total pot $2 | Rake $0
Seat 3: fishbla (big blind) collected ($2)
Seat 4: VitAmIn744 (button) (small blind) folded before Flop


PokerStars Hand #164546394135:  Hold'em Limit ($3/$6 USD) - 2017/01/14 3:46:03 ET
Table 'Frisia' 6-max Seat #4 is the button
Seat 3: fishbla ($92.96 in chips)
Seat 4: VitAmIn744 ($193.86 in chips)
VitAmIn744: posts small blind $1
fishbla: posts big blind $3
*** HOLE CARDS ***
VitAmIn744: folds
Uncalled bet ($2) returned to fishbla
fishbla collected $2 from pot
*** SUMMARY ***
Total pot $2 | Rake $0
Seat 3: fishbla (big blind) collected ($2)
Seat 4: VitAmIn744 (button) (small blind) folded before Flop


PokerStars Hand #164546407370:  Hold'em Limit ($3/$6 USD) - 2017/01/14 3:46:41 ET
Table 'Frisia' 6-max Seat #3 is the button
Seat 3: fishbla ($79.96 in chips)
Seat 4: VitAmIn744 ($206.36 in chips)
fishbla: posts small blind $1
VitAmIn744: posts big blind $3
*** HOLE CARDS ***
fishbla: raises $3 to $6
VitAmIn744: calls $3
*** FLOP *** [5c 9d 4h]
VitAmIn744: checks
fishbla: bets $3
VitAmIn744: calls $3
*** TURN *** [5c 9d 4h] [7c]
VitAmIn744: checks
fishbla: checks
*** RIVER *** [5c 9d 4h 7c] [4c]
VitAmIn744: bets $6
fishbla: calls $6
*** SHOW DOWN ***
VitAmIn744: shows [Kd Jc] (a pair of Fours)
fishbla: shows [Jh 7h] (two pair, Sevens and Fours)
fishbla collected $29.50 from pot
*** SUMMARY ***
Total pot $30 | Rake $0.50
Board [5c 9d 4h 7c 4c]
Seat 3: fishbla (button) (small blind) showed [Jh 7h] and won ($29.50) with two pair, Sevens and Fours
Seat 4: VitAmIn744 (big blind) showed [Kd Jc] and lost with a pair of Fours


PokerStars Hand #164546405648:  Hold'em Limit ($3/$6 USD) - 2017/01/14 3:46:36 ET
Table 'Frisia' 6-max Seat #4 is the button
Seat 3: fishbla ($78.96 in chips)
Seat 4: VitAmIn744 ($207.36 in chips)
VitAmIn744: posts small blind $1
fishbla: posts big blind $3
*** HOLE CARDS ***
VitAmIn744: folds
Uncalled bet ($2) returned to fishbla
fishbla collected $2 from pot
*** SUMMARY ***
Total pot $2 | Rake $0
Seat 3: fishbla (big blind) collected ($2)
Seat 4: VitAmIn744 (button) (small blind) folded before Flop


PokerStars Hand #164546395815:  Hold'em Limit ($3/$6 USD) - 2017/01/14 3:46:08 ET
Table 'Frisia' 6-max Seat #3 is the button
Seat 3: fishbla ($93.96 in chips)
Seat 4: VitAmIn744 ($192.86 in chips)
fishbla: posts small blind $1
VitAmIn744: posts big blind $3
*** HOLE CARDS ***
fishbla: raises $3 to $6
VitAmIn744: calls $3
*** FLOP *** [8h Js Ts]
VitAmIn744: checks
fishbla: bets $3
VitAmIn744: calls $3
*** TURN *** [8h Js Ts] [Jh]
VitAmIn744: checks
fishbla: checks
*** RIVER *** [8h Js Ts Jh] [8d]
VitAmIn744: bets $6
fishbla: calls $6
*** SHOW DOWN ***
VitAmIn744: shows [7c 9h] (a straight, Seven to Jack)
fishbla: mucks hand
VitAmIn744 collected $29.50 from pot
*** SUMMARY ***
Total pot $30 | Rake $0.50
Board [8h Js Ts Jh 8d]
Seat 3: fishbla (button) (small blind) mucked
Seat 4: VitAmIn744 (big blind) showed [7c 9h] and won ($29.50) with a straight, Seven to Jack


PokerStars Hand #164546414253:  Hold'em Limit ($3/$6 USD) - 2017/01/14 3:47:00 ET
Table 'Frisia' 6-max Seat #4 is the button
Seat 3: fishbla ($94.46 in chips)
Seat 4: VitAmIn744 ($191.36 in chips)
VitAmIn744: posts small blind $1
fishbla: posts big blind $3
*** HOLE CARDS ***
VitAmIn744: calls $2
fishbla: checks
*** FLOP *** [7d Ac Ts]
fishbla: checks
VitAmIn744: checks
*** TURN *** [7d Ac Ts] [Kd]
fishbla: checks
VitAmIn744: checks
*** RIVER *** [7d Ac Ts Kd] [Ks]
fishbla: checks
VitAmIn744: checks
*** SHOW DOWN ***
fishbla: shows [4s 9h] (a pair of Kings)
VitAmIn744: mucks hand
fishbla collected $5.88 from pot
*** SUMMARY ***
Total pot $6 | Rake $0.12
Board [7d Ac Ts Kd Ks]
Seat 3: fishbla (big blind) showed [4s 9h] and won ($5.88) with a pair of Kings
Seat 4: VitAmIn744 (button) (small blind) mucked


PokerStars Hand #164546441749:  Hold'em Limit ($3/$6 USD) - 2017/01/14 3:48:20 ET
Table 'Frisia' 6-max Seat #3 is the button
Seat 3: fishbla ($73.34 in chips)
Seat 4: VitAmIn744 ($211.50 in chips)
fishbla: posts small blind $1
VitAmIn744: posts big blind $3
*** HOLE CARDS ***
fishbla: raises $3 to $6
VitAmIn744: folds
Uncalled bet ($3) returned to fishbla
fishbla collected $6 from pot
*** SUMMARY ***
Total pot $6 | Rake $0
Seat 3: fishbla (button) (small blind) collected ($6)
Seat 4: VitAmIn744 (big blind) folded before Flop


PokerStars Hand #164546433137:  Hold'em Limit ($3/$6 USD) - 2017/01/14 3:47:54 ET
Table 'Frisia' 6-max Seat #3 is the button
Seat 3: fishbla ($83.34 in chips)
Seat 4: VitAmIn744 ($201.86 in chips)
fishbla: posts small blind $1
VitAmIn744: posts big blind $3
*** HOLE CARDS ***
fishbla: folds
Uncalled bet ($2) returned to VitAmIn744
VitAmIn744 collected $2 from pot
VitAmIn744: doesn't show hand
*** SUMMARY ***
Total pot $2 | Rake $0
Seat 3: fishbla (button) (small blind) folded before Flop
Seat 4: VitAmIn744 (big blind) collected ($2)


PokerStars Hand #164546431436:  Hold'em Limit ($3/$6 USD) - 2017/01/14 3:47:50 ET
Table 'Frisia' 6-max Seat #4 is the button
Seat 3: fishbla ($82.34 in chips)
Seat 4: VitAmIn744 ($202.86 in chips)
VitAmIn744: posts small blind $1
fishbla: posts big blind $3
*** HOLE CARDS ***
VitAmIn744: folds
Uncalled bet ($2) returned to fishbla
fishbla collected $2 from pot
*** SUMMARY ***
Total pot $2 | Rake $0
Seat 3: fishbla (big blind) collected ($2)
Seat 4: VitAmIn744 (button) (small blind) folded before Flop


PokerStars Hand #164546422964:  Hold'em Limit ($3/$6 USD) - 2017/01/14 3:47:25 ET
Table 'Frisia' 6-max Seat #3 is the button
Seat 3: fishbla ($97.34 in chips)
Seat 4: VitAmIn744 ($188.36 in chips)
fishbla: posts small blind $1
VitAmIn744: posts big blind $3
*** HOLE CARDS ***
fishbla: raises $3 to $6
VitAmIn744: calls $3
*** FLOP *** [Jd 6c Tc]
VitAmIn744: checks
fishbla: bets $3
VitAmIn744: calls $3
*** TURN *** [Jd 6c Tc] [Jc]
VitAmIn744: checks
fishbla: bets $6
VitAmIn744: calls $6
*** RIVER *** [Jd 6c Tc Jc] [Ts]
VitAmIn744: checks
fishbla: checks
*** SHOW DOWN ***
VitAmIn744: shows [Ac 5d] (two pair, Jacks and Tens)
fishbla: mucks hand
VitAmIn744 collected $29.50 from pot
*** SUMMARY ***
Total pot $30 | Rake $0.50
Board [Jd 6c Tc Jc Ts]
Seat 3: fishbla (button) (small blind) mucked
Seat 4: VitAmIn744 (big blind) showed [Ac 5d] and won ($29.50) with two pair, Jacks and Tens


PokerStars Hand #164546434890:  Hold'em Limit ($3/$6 USD) - 2017/01/14 3:47:59 ET
Table 'Frisia' 6-max Seat #4 is the button
Seat 3: fishbla ($82.34 in chips)
Seat 4: VitAmIn744 ($202.86 in chips)
VitAmIn744: posts small blind $1
fishbla: posts big blind $3
*** HOLE CARDS ***
VitAmIn744: raises $3 to $6
fishbla: calls $3
*** FLOP *** [Ah Ad 7s]
fishbla: checks
VitAmIn744: bets $3
fishbla: calls $3
*** TURN *** [Ah Ad 7s] [5h]
fishbla: checks
VitAmIn744: bets $6
fishbla: folds
Uncalled bet ($6) returned to VitAmIn744
VitAmIn744 collected $17.64 from pot
VitAmIn744: doesn't show hand
*** SUMMARY ***
Total pot $18 | Rake $0.36
Board [Ah Ad 7s 5h]
Seat 3: fishbla (big blind) folded on the Turn
Seat 4: VitAmIn744 (button) (small blind) collected ($17.64)


PokerStars Hand #164546451339:  Hold'em Limit ($3/$6 USD) - 2017/01/14 3:48:47 ET
Table 'Frisia' 6-max Seat #4 is the button
Seat 3: fishbla ($79.10 in chips)
Seat 4: VitAmIn744 ($205.50 in chips)
VitAmIn744: posts small blind $1
fishbla: posts big blind $3
*** HOLE CARDS ***
VitAmIn744: calls $2
fishbla: checks
*** FLOP *** [As Ac Kd]
fishbla: checks
VitAmIn744: checks
*** TURN *** [As Ac Kd] [7h]
fishbla: checks
VitAmIn744: checks
*** RIVER *** [As Ac Kd 7h] [Kc]
fishbla: checks
VitAmIn744: checks
*** SHOW DOWN ***
fishbla: shows [Tc 5s] (two pair, Aces and Kings)
VitAmIn744: mucks hand
fishbla collected $5.88 from pot
*** SUMMARY ***
Total pot $6 | Rake $0.12
Board [As Ac Kd 7h Kc]
Seat 3: fishbla (big blind) showed [Tc 5s] and won ($5.88) with two pair, Aces and Kings
Seat 4: VitAmIn744 (button) (small blind) mucked


PokerStars Hand #164546446839:  Hold'em Limit ($3/$6 USD) - 2017/01/14 3:48:34 ET
Table 'Frisia' 6-max Seat #3 is the button
Seat 3: fishbla ($73.34 in chips)
Seat 4: VitAmIn744 ($211.50 in chips)
fishbla: posts small blind $1
VitAmIn744: posts big blind $3
*** HOLE CARDS ***
fishbla: raises $3 to $6
VitAmIn744: calls $3
*** FLOP *** [5c Ac 6c]
VitAmIn744: checks
fishbla: bets $3
VitAmIn744: folds
Uncalled bet ($3) returned to fishbla
fishbla collected $11.76 from pot
*** SUMMARY ***
Total pot $12 | Rake $0.24
Board [5c Ac 6c]
Seat 3: fishbla (button) (small blind) collected ($11.76)
Seat 4: VitAmIn744 (big blind) folded on the Flop


PokerStars Hand #164546444362:  Hold'em Limit ($3/$6 USD) - 2017/01/14 3:48:27 ET
Table 'Frisia' 6-max Seat #4 is the button
Seat 3: fishbla ($76.34 in chips)
Seat 4: VitAmIn744 ($208.50 in chips)
VitAmIn744: posts small blind $1
fishbla: posts big blind $3
*** HOLE CARDS ***
VitAmIn744: raises $3 to $6
fishbla: folds
Uncalled bet ($3) returned to VitAmIn744
VitAmIn744 collected $6 from pot
VitAmIn744: doesn't show hand
*** SUMMARY ***
Total pot $6 | Rake $0
Seat 3: fishbla (big blind) folded before Flop
Seat 4: VitAmIn744 (button) (small blind) collected ($6)


PokerStars Hand #164546479961:  Hold'em Limit ($3/$6 USD) - 2017/01/14 3:50:09 ET
Table 'Frisia' 6-max Seat #4 is the button
Seat 3: fishbla ($124.98 in chips)
Seat 4: VitAmIn744 ($158.50 in chips)
VitAmIn744: posts small blind $1
fishbla: posts big blind $3
*** HOLE CARDS ***
VitAmIn744: raises $3 to $6
fishbla: calls $3
*** FLOP *** [Ks Ah 5h]
fishbla: checks
VitAmIn744: bets $3
fishbla: calls $3
*** TURN *** [Ks Ah 5h] [7c]
fishbla: checks
VitAmIn744: checks
*** RIVER *** [Ks Ah 5h 7c] [Jc]
fishbla: bets $6
VitAmIn744: folds
Uncalled bet ($6) returned to fishbla
fishbla collected $17.64 from pot
*** SUMMARY ***
Total pot $18 | Rake $0.36
Board [Ks Ah 5h 7c Jc]
Seat 3: fishbla (big blind) collected ($17.64)
Seat 4: VitAmIn744 (button) (small blind) folded on the River


PokerStars Hand #164546460659:  Hold'em Limit ($3/$6 USD) - 2017/01/14 3:49:14 ET
Table 'Frisia' 6-max Seat #3 is the button
Seat 3: fishbla ($81.98 in chips)
Seat 4: VitAmIn744 ($202.50 in chips)
fishbla: posts small blind $1
VitAmIn744: posts big blind $3
*** HOLE CARDS ***
fishbla: raises $3 to $6
VitAmIn744: calls $3
*** FLOP *** [3s 8c 5c]
VitAmIn744: checks
fishbla: bets $3
VitAmIn744: calls $3
*** TURN *** [3s 8c 5c] [4c]
VitAmIn744: checks
fishbla: bets $6
VitAmIn744: calls $6
*** RIVER *** [3s 8c 5c 4c] [3d]
VitAmIn744: checks
fishbla: bets $6
VitAmIn744: calls $6
*** SHOW DOWN ***
fishbla: shows [8d 4s] (two pair, Eights and Fours)
VitAmIn744: mucks hand
fishbla collected $41.50 from pot
*** SUMMARY ***
Total pot $42 | Rake $0.50
Board [3s 8c 5c 4c 3d]
Seat 3: fishbla (button) (small blind) showed [8d 4s] and won ($41.50) with two pair, Eights and Fours
Seat 4: VitAmIn744 (big blind) mucked


PokerStars Hand #164546503786:  Hold'em Limit ($3/$6 USD) - 2017/01/14 3:50:49 ET
Table 'Frisia' 6-max Seat #4 is the button
Seat 3: fishbla ($148.12 in chips)
Seat 4: VitAmIn744 ($134.50 in chips)
VitAmIn744: posts small blind $1
fishbla: posts big blind $3
*** HOLE CARDS ***
VitAmIn744: folds
Uncalled bet ($2) returned to fishbla
fishbla collected $2 from pot
*** SUMMARY ***
Total pot $2 | Rake $0
Seat 3: fishbla (big blind) collected ($2)
Seat 4: VitAmIn744 (button) (small blind) folded before Flop


PokerStars Hand #164546486511:  Hold'em Limit ($3/$6 USD) - 2017/01/14 3:50:27 ET
Table 'Frisia' 6-max Seat #3 is the button
Seat 3: fishbla ($133.62 in chips)
Seat 4: VitAmIn744 ($149.50 in chips)
fishbla: posts small blind $1
VitAmIn744: posts big blind $3
*** HOLE CARDS ***
fishbla: raises $3 to $6
VitAmIn744: calls $3
*** FLOP *** [8h 5s 4s]
VitAmIn744: checks
fishbla: bets $3
VitAmIn744: calls $3
*** TURN *** [8h 5s 4s] [Ad]
VitAmIn744: checks
fishbla: bets $6
VitAmIn744: calls $6
*** RIVER *** [8h 5s 4s Ad] [2s]
VitAmIn744: checks
fishbla: checks
*** SHOW DOWN ***
VitAmIn744: shows [Js 7d] (high card Ace)
fishbla: shows [Kc Tc] (high card Ace - King kicker)
fishbla collected $29.50 from pot
*** SUMMARY ***
Total pot $30 | Rake $0.50
Board [8h 5s 4s Ad 2s]
Seat 3: fishbla (button) (small blind) showed [Kc Tc] and won ($29.50) with high card Ace
Seat 4: VitAmIn744 (big blind) showed [Js 7d] and lost with high card Ace


PokerStars Hand #164546505623:  Hold'em Limit ($3/$6 USD) - 2017/01/14 3:50:54 ET
Table 'Frisia' 6-max Seat #3 is the button
Seat 3: fishbla ($149.12 in chips)
Seat 4: VitAmIn744 ($133.50 in chips)
fishbla: posts small blind $1
VitAmIn744: posts big blind $3
*** HOLE CARDS ***
fishbla: raises $3 to $6
VitAmIn744: calls $3
*** FLOP *** [Td 2c 2h]
VitAmIn744: checks
fishbla: bets $3
VitAmIn744: calls $3
*** TURN *** [Td 2c 2h] [Tc]
VitAmIn744: checks
fishbla: bets $6
VitAmIn744: raises $6 to $12
fishbla: calls $6
*** RIVER *** [Td 2c 2h Tc] [9s]
VitAmIn744: bets $6
fishbla: raises $6 to $12
VitAmIn744: calls $6
*** SHOW DOWN ***
fishbla: shows [Ts 7s] (a full house, Tens full of Deuces)
VitAmIn744: mucks hand
fishbla collected $65.50 from pot
*** SUMMARY ***
Total pot $66 | Rake $0.50
Board [Td 2c 2h Tc 9s]
Seat 3: fishbla (button) (small blind) showed [Ts 7s] and won ($65.50) with a full house, Tens full of Deuces
Seat 4: VitAmIn744 (big blind) mucked


PokerStars Hand #164546524635:  Hold'em Limit ($3/$6 USD) - 2017/01/14 3:51:48 ET
Table 'Frisia' 6-max Seat #4 is the button
Seat 3: fishbla ($174.62 in chips)
Seat 4: VitAmIn744 ($107.26 in chips)
VitAmIn744: posts small blind $1
fishbla: posts big blind $3
*** HOLE CARDS ***
VitAmIn744: raises $3 to $6
fishbla: calls $3
*** FLOP *** [4c 8s 3s]
fishbla: checks
VitAmIn744: checks
*** TURN *** [4c 8s 3s] [6c]
fishbla: bets $6
VitAmIn744: calls $6
*** RIVER *** [4c 8s 3s 6c] [5d]
fishbla: checks
VitAmIn744: checks
*** SHOW DOWN ***
fishbla: shows [Jc 6h] (a pair of Sixes)
VitAmIn744: mucks hand
fishbla collected $23.52 from pot
*** SUMMARY ***
Total pot $24 | Rake $0.48
Board [4c 8s 3s 6c 5d]
Seat 3: fishbla (big blind) showed [Jc 6h] and won ($23.52) with a pair of Sixes
Seat 4: VitAmIn744 (button) (small blind) mucked


PokerStars Hand #164546517250:  Hold'em Limit ($3/$6 USD) - 2017/01/14 3:51:27 ET
Table 'Frisia' 6-max Seat #4 is the button
Seat 3: fishbla ($181.62 in chips)
Seat 4: VitAmIn744 ($100.50 in chips)
VitAmIn744: posts small blind $1
fishbla: posts big blind $3
*** HOLE CARDS ***
VitAmIn744: raises $3 to $6
fishbla: calls $3
*** FLOP *** [5s Kh 2s]
fishbla: checks
VitAmIn744: bets $3
fishbla: folds
Uncalled bet ($3) returned to VitAmIn744
VitAmIn744 collected $11.76 from pot
VitAmIn744: doesn't show hand
*** SUMMARY ***
Total pot $12 | Rake $0.24
Board [5s Kh 2s]
Seat 3: fishbla (big blind) folded on the Flop
Seat 4: VitAmIn744 (button) (small blind) collected ($11.76)


PokerStars Hand #164546522678:  Hold'em Limit ($3/$6 USD) - 2017/01/14 3:51:42 ET
Table 'Frisia' 6-max Seat #3 is the button
Seat 3: fishbla ($175.62 in chips)
Seat 4: VitAmIn744 ($106.26 in chips)
fishbla: posts small blind $1
VitAmIn744: posts big blind $3
*** HOLE CARDS ***
fishbla: folds
Uncalled bet ($2) returned to VitAmIn744
VitAmIn744 collected $2 from pot
VitAmIn744: doesn't show hand
*** SUMMARY ***
Total pot $2 | Rake $0
Seat 3: fishbla (button) (small blind) folded before Flop
Seat 4: VitAmIn744 (big blind) collected ($2)


PokerStars Hand #164546532182:  Hold'em Limit ($3/$6 USD) - 2017/01/14 3:52:09 ET
Table 'Frisia' 6-max Seat #3 is the button
Seat 3: fishbla ($186.14 in chips)
Seat 4: VitAmIn744 ($95.26 in chips)
fishbla: posts small blind $1
VitAmIn744: posts big blind $3
*** HOLE CARDS ***
fishbla: raises $3 to $6
VitAmIn744: calls $3
*** FLOP *** [Th 9c 8h]
VitAmIn744: checks
fishbla: bets $3
VitAmIn744: calls $3
*** TURN *** [Th 9c 8h] [Ts]
VitAmIn744: checks
fishbla: bets $6
VitAmIn744: calls $6
*** RIVER *** [Th 9c 8h Ts] [9s]
VitAmIn744: checks
fishbla: bets $6
VitAmIn744: calls $6
*** SHOW DOWN ***
fishbla: shows [Tc Td] (four of a kind, Tens)
VitAmIn744: mucks hand
fishbla collected $41.50 from pot
*** SUMMARY ***
Total pot $42 | Rake $0.50
Board [Th 9c 8h Ts 9s]
Seat 3: fishbla (button) (small blind) showed [Tc Td] and won ($41.50) with four of a kind, Tens
Seat 4: VitAmIn744 (big blind) mucked


PokerStars Hand #164546552424:  Hold'em Limit ($3/$6 USD) - 2017/01/14 3:53:05 ET
Table 'Frisia' 6-max Seat #3 is the button
Seat 3: fishbla ($233.14 in chips)
Seat 4: VitAmIn744 ($47.26 in chips)
fishbla: posts small blind $1
VitAmIn744: posts big blind $3
*** HOLE CARDS ***
fishbla: raises $3 to $6
VitAmIn744: calls $3
*** FLOP *** [3s 8h 9s]
VitAmIn744: checks
fishbla: bets $3
VitAmIn744: calls $3
*** TURN *** [3s 8h 9s] [7d]
VitAmIn744: checks
fishbla: checks
*** RIVER *** [3s 8h 9s 7d] [Js]
VitAmIn744: bets $6
fishbla: folds
Uncalled bet ($6) returned to VitAmIn744
VitAmIn744 collected $17.64 from pot
VitAmIn744: doesn't show hand
*** SUMMARY ***
Total pot $18 | Rake $0.36
Board [3s 8h 9s 7d Js]
Seat 3: fishbla (button) (small blind) folded on the River
Seat 4: VitAmIn744 (big blind) collected ($17.64)


PokerStars Hand #164546540846:  Hold'em Limit ($3/$6 USD) - 2017/01/14 3:52:33 ET
Table 'Frisia' 6-max Seat #4 is the button
Seat 3: fishbla ($206.64 in chips)
Seat 4: VitAmIn744 ($74.26 in chips)
VitAmIn744: posts small blind $1
fishbla: posts big blind $3
*** HOLE CARDS ***
VitAmIn744: raises $3 to $6
fishbla: calls $3
*** FLOP *** [Qs 3d Jh]
fishbla: checks
VitAmIn744: bets $3
fishbla: calls $3
*** TURN *** [Qs 3d Jh] [2d]
fishbla: checks
VitAmIn744: bets $6
fishbla: raises $6 to $12
VitAmIn744: calls $6
*** RIVER *** [Qs 3d Jh 2d] [4h]
fishbla: bets $6
VitAmIn744: calls $6
*** SHOW DOWN ***
fishbla: shows [2c Jc] (two pair, Jacks and Deuces)
VitAmIn744: mucks hand
fishbla collected $53.50 from pot
*** SUMMARY ***
Total pot $54 | Rake $0.50
Board [Qs 3d Jh 2d 4h]
Seat 3: fishbla (big blind) showed [2c Jc] and won ($53.50) with two pair, Jacks and Deuces
Seat 4: VitAmIn744 (button) (small blind) mucked


PokerStars Hand #164546564722:  Hold'em Limit ($3/$6 USD) - 2017/01/14 3:53:40 ET
Table 'Frisia' 6-max Seat #3 is the button
Seat 3: fishbla ($218.14 in chips)
Seat 4: VitAmIn744 ($61.66 in chips)
fishbla: posts small blind $1
VitAmIn744: posts big blind $3
*** HOLE CARDS ***
fishbla: raises $3 to $6
VitAmIn744: calls $3
*** FLOP *** [Kc Th 9d]
VitAmIn744: checks
fishbla: bets $3
VitAmIn744: calls $3
*** TURN *** [Kc Th 9d] [3s]
VitAmIn744: checks
fishbla: checks
*** RIVER *** [Kc Th 9d 3s] [5h]
VitAmIn744: bets $6
fishbla: folds
Uncalled bet ($6) returned to VitAmIn744
VitAmIn744 collected $17.64 from pot
VitAmIn744: doesn't show hand
*** SUMMARY ***
Total pot $18 | Rake $0.36
Board [Kc Th 9d 3s 5h]
Seat 3: fishbla (button) (small blind) folded on the River
Seat 4: VitAmIn744 (big blind) collected ($17.64)


PokerStars Hand #164546560237:  Hold'em Limit ($3/$6 USD) - 2017/01/14 3:53:27 ET
Table 'Frisia' 6-max Seat #4 is the button
Seat 3: fishbla ($224.14 in chips)
Seat 4: VitAmIn744 ($55.90 in chips)
VitAmIn744: posts small blind $1
fishbla: posts big blind $3
*** HOLE CARDS ***
VitAmIn744: raises $3 to $6
fishbla: calls $3
*** FLOP *** [7h 8s 3c]
fishbla: checks
VitAmIn744: bets $3
fishbla: folds
Uncalled bet ($3) returned to VitAmIn744
VitAmIn744 collected $11.76 from pot
VitAmIn744: doesn't show hand
*** SUMMARY ***
Total pot $12 | Rake $0.24
Board [7h 8s 3c]
Seat 3: fishbla (big blind) folded on the Flop
Seat 4: VitAmIn744 (button) (small blind) collected ($11.76)


PokerStars Hand #164546574296:  Hold'em Limit ($3/$6 USD) - 2017/01/14 3:54:06 ET
Table 'Frisia' 6-max Seat #3 is the button
Seat 3: fishbla ($206.14 in chips)
Seat 4: VitAmIn744 ($73.30 in chips)
fishbla: posts small blind $1
VitAmIn744: posts big blind $3
*** HOLE CARDS ***
fishbla: raises $3 to $6
VitAmIn744: calls $3
*** FLOP *** [Jc Th Qh]
VitAmIn744: checks
fishbla: bets $3
VitAmIn744: calls $3
*** TURN *** [Jc Th Qh] [4d]
VitAmIn744: checks
fishbla: bets $6
VitAmIn744: calls $6
*** RIVER *** [Jc Th Qh 4d] [5d]
VitAmIn744: checks
fishbla: checks
*** SHOW DOWN ***
VitAmIn744: shows [7c 7d] (a pair of Sevens)
fishbla: shows [2s Ts] (a pair of Tens)
fishbla collected $29.50 from pot
*** SUMMARY ***
Total pot $30 | Rake $0.50
Board [Jc Th Qh 4d 5d]
Seat 3: fishbla (button) (small blind) showed [2s Ts] and won ($29.50) with a pair of Tens
Seat 4: VitAmIn744 (big blind) showed [7c 7d] and lost with a pair of Sevens


PokerStars Hand #164546571976:  Hold'em Limit ($3/$6 USD) - 2017/01/14 3:54:00 ET
Table 'Frisia' 6-max Seat #4 is the button
Seat 3: fishbla ($209.14 in chips)
Seat 4: VitAmIn744 ($70.30 in chips)
VitAmIn744: posts small blind $1
fishbla: posts big blind $3
*** HOLE CARDS ***
VitAmIn744: raises $3 to $6
fishbla: folds
Uncalled bet ($3) returned to VitAmIn744
VitAmIn744 collected $6 from pot
VitAmIn744: doesn't show hand
*** SUMMARY ***
Total pot $6 | Rake $0
Seat 3: fishbla (big blind) folded before Flop
Seat 4: VitAmIn744 (button) (small blind) collected ($6)


PokerStars Hand #164546584396:  Hold'em Limit ($3/$6 USD) - 2017/01/14 3:54:35 ET
Table 'Frisia' 6-max Seat #3 is the button
Seat 3: fishbla ($221.64 in chips)
Seat 4: VitAmIn744 ($57.30 in chips)
fishbla: posts small blind $1
VitAmIn744: posts big blind $3
*** HOLE CARDS ***
fishbla: raises $3 to $6
VitAmIn744: calls $3
*** FLOP *** [2h 6c 8c]
VitAmIn744: checks
fishbla: bets $3
VitAmIn744: calls $3
*** TURN *** [2h 6c 8c] [4s]
VitAmIn744: checks
fishbla: bets $6
VitAmIn744: calls $6
*** RIVER *** [2h 6c 8c 4s] [8h]
VitAmIn744: checks
fishbla: bets $6
VitAmIn744: calls $6
*** SHOW DOWN ***
fishbla: shows [Ac 6s] (two pair, Eights and Sixes)
VitAmIn744: mucks hand
fishbla collected $41.50 from pot
*** SUMMARY ***
Total pot $42 | Rake $0.50
Board [2h 6c 8c 4s 8h]
Seat 3: fishbla (button) (small blind) showed [Ac 6s] and won ($41.50) with two pair, Eights and Sixes
Seat 4: VitAmIn744 (big blind) mucked


PokerStars Hand #164546592890:  Hold'em Limit ($3/$6 USD) - 2017/01/14 3:54:58 ET
Table 'Frisia' 6-max Seat #4 is the button
Seat 3: fishbla ($242.14 in chips)
Seat 4: VitAmIn744 ($36.30 in chips)
VitAmIn744: posts small blind $1
fishbla: posts big blind $3
*** HOLE CARDS ***
VitAmIn744: raises $3 to $6
fishbla: calls $3
*** FLOP *** [9h 6d 9c]
fishbla: checks
VitAmIn744: bets $3
fishbla: calls $3
*** TURN *** [9h 6d 9c] [7s]
fishbla: checks
VitAmIn744: bets $6
fishbla: calls $6
*** RIVER *** [9h 6d 9c 7s] [Qh]
fishbla: checks
VitAmIn744: bets $6
fishbla: folds
Uncalled bet ($6) returned to VitAmIn744
VitAmIn744 collected $29.50 from pot
VitAmIn744: doesn't show hand
*** SUMMARY ***
Total pot $30 | Rake $0.50
Board [9h 6d 9c 7s Qh]
Seat 3: fishbla (big blind) folded on the River
Seat 4: VitAmIn744 (button) (small blind) collected ($29.50)


PokerStars Hand #164546582593:  Hold'em Limit ($3/$6 USD) - 2017/01/14 3:54:29 ET
Table 'Frisia' 6-max Seat #4 is the button
Seat 3: fishbla ($220.64 in chips)
Seat 4: VitAmIn744 ($58.30 in chips)
VitAmIn744: posts small blind $1
fishbla: posts big blind $3
*** HOLE CARDS ***
VitAmIn744: folds
Uncalled bet ($2) returned to fishbla
fishbla collected $2 from pot
*** SUMMARY ***
Total pot $2 | Rake $0
Seat 3: fishbla (big blind) collected ($2)
Seat 4: VitAmIn744 (button) (small blind) folded before Flop


PokerStars Hand #164546608884:  Hold'em Limit ($3/$6 USD) - 2017/01/14 3:55:48 ET
Table 'Frisia' 6-max Seat #4 is the button
Seat 3: fishbla ($247.64 in chips)
Seat 4: VitAmIn744 ($29.80 in chips)
VitAmIn744: posts small blind $1
fishbla: posts big blind $3
*** HOLE CARDS ***
VitAmIn744: folds
Uncalled bet ($2) returned to fishbla
fishbla collected $2 from pot
*** SUMMARY ***
Total pot $2 | Rake $0
Seat 3: fishbla (big blind) collected ($2)
Seat 4: VitAmIn744 (button) (small blind) folded before Flop


PokerStars Hand #164546601088:  Hold'em Limit ($3/$6 USD) - 2017/01/14 3:55:24 ET
Table 'Frisia' 6-max Seat #3 is the button
Seat 3: fishbla ($227.14 in chips)
Seat 4: VitAmIn744 ($50.80 in chips)
fishbla: posts small blind $1
VitAmIn744: posts big blind $3
*** HOLE CARDS ***
fishbla: raises $3 to $6
VitAmIn744: calls $3
*** FLOP *** [7c Th Kh]
VitAmIn744: checks
fishbla: bets $3
VitAmIn744: calls $3
*** TURN *** [7c Th Kh] [7d]
VitAmIn744: checks
fishbla: bets $6
VitAmIn744: calls $6
*** RIVER *** [7c Th Kh 7d] [Jh]
VitAmIn744: checks
fishbla: bets $6
VitAmIn744: calls $6
*** SHOW DOWN ***
fishbla: shows [Tc Td] (a full house, Tens full of Sevens)
VitAmIn744: mucks hand
fishbla collected $41.50 from pot
*** SUMMARY ***
Total pot $42 | Rake $0.50
Board [7c Th Kh 7d Jh]
Seat 3: fishbla (button) (small blind) showed [Tc Td] and won ($41.50) with a full house, Tens full of Sevens
Seat 4: VitAmIn744 (big blind) mucked


PokerStars Hand #164546610538:  Hold'em Limit ($3/$6 USD) - 2017/01/14 3:55:53 ET
Table 'Frisia' 6-max Seat #3 is the button
Seat 3: fishbla ($248.64 in chips)
Seat 4: VitAmIn744 ($28.80 in chips)
fishbla: posts small blind $1
VitAmIn744: posts big blind $3
kusznak joins the table at seat #2
*** HOLE CARDS ***
fishbla: raises $3 to $6
VitAmIn744: raises $3 to $9
fishbla: calls $3
*** FLOP *** [8d Qh 7d]
VitAmIn744: bets $3
fishbla: folds
Uncalled bet ($3) returned to VitAmIn744
VitAmIn744 collected $17.64 from pot
VitAmIn744: doesn't show hand
*** SUMMARY ***
Total pot $18 | Rake $0.36
Board [8d Qh 7d]
Seat 3: fishbla (button) (small blind) folded on the Flop
Seat 4: VitAmIn744 (big blind) collected ($17.64)


PokerStars Hand #164547615877:  Hold'em Limit ($3/$6 USD) - 2017/01/14 4:40:05 ET
Table 'Frisia' 6-max Seat #4 is the button
Seat 2: kusznak ($90.49 in chips)
Seat 4: VitAmIn744 ($80.94 in chips)
VitAmIn744: posts small blind $1
HAL9QQQ: is sitting out
kusznak: posts big blind $3
*** HOLE CARDS ***
VitAmIn744: raises $3 to $6
kusznak: calls $3
*** FLOP *** [Kd Js 7d]
kusznak: checks
VitAmIn744: bets $3
kusznak: folds
Uncalled bet ($3) returned to VitAmIn744
VitAmIn744 collected $11.76 from pot
VitAmIn744: doesn't show hand
*** SUMMARY ***
Total pot $12 | Rake $0.24
Board [Kd Js 7d]
Seat 2: kusznak (big blind) folded on the Flop
Seat 4: VitAmIn744 (button) (small blind) collected ($11.76)


PokerStars Hand #164547620319:  Hold'em Limit ($3/$6 USD) - 2017/01/14 4:40:16 ET
Table 'Frisia' 6-max Seat #2 is the button
Seat 2: kusznak ($84.49 in chips)
Seat 4: VitAmIn744 ($86.70 in chips)
kusznak: posts small blind $1
VitAmIn744: posts big blind $3
*** HOLE CARDS ***
kusznak: raises $3 to $6
VitAmIn744: raises $3 to $9
kusznak: calls $3
*** FLOP *** [9s 2h 2s]
VitAmIn744: bets $3
kusznak: calls $3
*** TURN *** [9s 2h 2s] [Jd]
VitAmIn744: bets $6
kusznak: raises $6 to $12
VitAmIn744: raises $6 to $18
kusznak: calls $6
*** RIVER *** [9s 2h 2s Jd] [5d]
VitAmIn744: bets $6
kusznak: calls $6
*** SHOW DOWN ***
VitAmIn744: shows [Jh Js] (a full house, Jacks full of Deuces)
kusznak: mucks hand
VitAmIn744 collected $71.50 from pot
*** SUMMARY ***
Total pot $72 | Rake $0.50
Board [9s 2h 2s Jd 5d]
Seat 2: kusznak (button) (small blind) mucked
Seat 4: VitAmIn744 (big blind) showed [Jh Js] and won ($71.50) with a full house, Jacks full of Deuces


