PokerStars Hand #148601786093:  Hold'em Limit ($3/$6 USD) - 2016/02/11 2:45:18 ET
Table 'Frisia' 2-max Seat #2 is the button
Seat 1: jl45259071 ($120 in chips)
Seat 2: Actionni13 ($150 in chips)
Actionni13: posts small blind $1
jl45259071: posts big blind $3
*** HOLE CARDS ***
Actionni13: raises $3 to $6
jl45259071: calls $3
*** FLOP *** [2h Jh 5s]
jl45259071: checks
Actionni13: bets $3
jl45259071: calls $3
*** TURN *** [2h Jh 5s] [Kc]
jl45259071: checks
Actionni13: checks
*** RIVER *** [2h Jh 5s Kc] [Js]
jl45259071: checks
Actionni13: checks
*** SHOW DOWN ***
jl45259071: shows [5c 9d] (two pair, Jacks and Fives)
Actionni13: mucks hand
jl45259071 collected $17.64 from pot
*** SUMMARY ***
Total pot $18 | Rake $0.36
Board [2h Jh 5s Kc Js]
Seat 1: jl45259071 (big blind) showed [5c 9d] and won ($17.64) with two pair, Jacks and Fives
Seat 2: Actionni13 (button) (small blind) mucked


PokerStars Hand #148601821932:  Hold'em Limit ($3/$6 USD) - 2016/02/11 2:47:10 ET
Table 'Frisia' 2-max Seat #2 is the button
Seat 1: jl45259071 ($125.64 in chips)
Seat 2: Actionni13 ($152.88 in chips)
Actionni13: posts small blind $1
jl45259071: posts big blind $3
*** HOLE CARDS ***
Actionni13: folds
Uncalled bet ($2) returned to jl45259071
jl45259071 collected $2 from pot
jl45259071: doesn't show hand
*** SUMMARY ***
Total pot $2 | Rake $0
Seat 1: jl45259071 (big blind) collected ($2)
Seat 2: Actionni13 (button) (small blind) folded before Flop


PokerStars Hand #148601805762:  Hold'em Limit ($3/$6 USD) - 2016/02/11 2:46:20 ET
Table 'Frisia' 2-max Seat #1 is the button
Seat 1: jl45259071 ($128.64 in chips)
Seat 2: Actionni13 ($150 in chips)
jl45259071: posts small blind $1
Actionni13: posts big blind $3
*** HOLE CARDS ***
jl45259071: calls $2
Actionni13: checks
*** FLOP *** [3s 7c Kh]
Actionni13: checks
jl45259071: checks
*** TURN *** [3s 7c Kh] [7h]
Actionni13: checks
jl45259071: checks
*** RIVER *** [3s 7c Kh 7h] [Js]
Actionni13: checks
jl45259071: checks
*** SHOW DOWN ***
Actionni13: shows [5c Ah] (a pair of Sevens)
jl45259071: mucks hand
Actionni13 collected $5.88 from pot
*** SUMMARY ***
Total pot $6 | Rake $0.12
Board [3s 7c Kh 7h Js]
Seat 1: jl45259071 (button) (small blind) mucked
Seat 2: Actionni13 (big blind) showed [5c Ah] and won ($5.88) with a pair of Sevens


PokerStars Hand #148601836031:  Hold'em Limit ($3/$6 USD) - 2016/02/11 2:47:54 ET
Table 'Frisia' 2-max Seat #2 is the button
Seat 1: jl45259071 ($120.64 in chips)
Seat 2: Actionni13 ($157.64 in chips)
Actionni13: posts small blind $1
jl45259071: posts big blind $3
*** HOLE CARDS ***
Actionni13: folds
Uncalled bet ($2) returned to jl45259071
jl45259071 collected $2 from pot
jl45259071: doesn't show hand
*** SUMMARY ***
Total pot $2 | Rake $0
Seat 1: jl45259071 (big blind) collected ($2)
Seat 2: Actionni13 (button) (small blind) folded before Flop


PokerStars Hand #148601823913:  Hold'em Limit ($3/$6 USD) - 2016/02/11 2:47:16 ET
Table 'Frisia' 2-max Seat #1 is the button
Seat 1: jl45259071 ($126.64 in chips)
Seat 2: Actionni13 ($151.88 in chips)
jl45259071: posts small blind $1
Actionni13: posts big blind $3
*** HOLE CARDS ***
jl45259071: calls $2
Actionni13: checks
*** FLOP *** [Jd Qs Kd]
Actionni13: checks
jl45259071: bets $3
Actionni13: raises $3 to $6
jl45259071: folds
Uncalled bet ($3) returned to Actionni13
Actionni13 collected $11.76 from pot
*** SUMMARY ***
Total pot $12 | Rake $0.24
Board [Jd Qs Kd]
Seat 1: jl45259071 (button) (small blind) folded on the Flop
Seat 2: Actionni13 (big blind) collected ($11.76)


PokerStars Hand #148601841552:  Hold'em Limit ($3/$6 USD) - 2016/02/11 2:48:11 ET
Table 'Frisia' 2-max Seat #1 is the button
Seat 1: jl45259071 ($121.64 in chips)
Seat 2: Actionni13 ($156.64 in chips)
jl45259071: posts small blind $1
Actionni13: posts big blind $3
*** HOLE CARDS ***
jl45259071: raises $3 to $6
Actionni13: raises $3 to $9
jl45259071: raises $3 to $12
Betting is capped
Actionni13: calls $3
*** FLOP *** [2c 4c 3s]
Actionni13: checks
jl45259071: checks
*** TURN *** [2c 4c 3s] [8c]
Actionni13: bets $6
jl45259071: calls $6
*** RIVER *** [2c 4c 3s 8c] [8h]
Actionni13: bets $6
jl45259071: calls $6
*** SHOW DOWN ***
Actionni13: shows [Kh As] (a pair of Eights)
jl45259071: mucks hand
Actionni13 collected $47.50 from pot
*** SUMMARY ***
Total pot $48 | Rake $0.50
Board [2c 4c 3s 8c 8h]
Seat 1: jl45259071 (button) (small blind) mucked
Seat 2: Actionni13 (big blind) showed [Kh As] and won ($47.50) with a pair of Eights


PokerStars Hand #148601869707:  Hold'em Limit ($3/$6 USD) - 2016/02/11 2:49:39 ET
Table 'Frisia' 2-max Seat #1 is the button
Seat 1: jl45259071 ($91.64 in chips)
Seat 2: Actionni13 ($185.90 in chips)
jl45259071: posts small blind $1
Actionni13: posts big blind $3
*** HOLE CARDS ***
jl45259071: calls $2
Actionni13: checks
*** FLOP *** [3h 8d Kh]
Actionni13: checks
jl45259071: checks
*** TURN *** [3h 8d Kh] [Th]
Actionni13: bets $6
jl45259071: folds
Uncalled bet ($6) returned to Actionni13
Actionni13 collected $5.88 from pot
*** SUMMARY ***
Total pot $6 | Rake $0.12
Board [3h 8d Kh Th]
Seat 1: jl45259071 (button) (small blind) folded on the Turn
Seat 2: Actionni13 (big blind) collected ($5.88)


PokerStars Hand #148601852841:  Hold'em Limit ($3/$6 USD) - 2016/02/11 2:48:46 ET
Table 'Frisia' 2-max Seat #2 is the button
Seat 1: jl45259071 ($97.64 in chips)
Seat 2: Actionni13 ($180.14 in chips)
Actionni13: posts small blind $1
jl45259071: posts big blind $3
*** HOLE CARDS ***
Actionni13: raises $3 to $6
jl45259071: calls $3
*** FLOP *** [2h As 9d]
jl45259071: checks
Actionni13: checks
*** TURN *** [2h As 9d] [Td]
jl45259071: checks
Actionni13: checks
*** RIVER *** [2h As 9d Td] [Kh]
jl45259071: checks
Actionni13: bets $6
jl45259071: folds
Uncalled bet ($6) returned to Actionni13
Actionni13 collected $11.76 from pot
Actionni13: doesn't show hand
*** SUMMARY ***
Total pot $12 | Rake $0.24
Board [2h As 9d Td Kh]
Seat 1: jl45259071 (big blind) folded on the River
Seat 2: Actionni13 (button) (small blind) collected ($11.76)


PokerStars Hand #148601919027:  Hold'em Limit ($3/$6 USD) - 2016/02/11 2:52:13 ET
Table 'Frisia' 2-max Seat #2 is the button
Seat 1: jl45259071 ($82.40 in chips)
Seat 2: Actionni13 ($194.30 in chips)
Actionni13: posts small blind $1
jl45259071: posts big blind $3
*** HOLE CARDS ***
Actionni13: folds
Uncalled bet ($2) returned to jl45259071
jl45259071 collected $2 from pot
jl45259071: doesn't show hand
*** SUMMARY ***
Total pot $2 | Rake $0
Seat 1: jl45259071 (big blind) collected ($2)
Seat 2: Actionni13 (button) (small blind) folded before Flop


PokerStars Hand #148601905549:  Hold'em Limit ($3/$6 USD) - 2016/02/11 2:51:31 ET
Table 'Frisia' 2-max Seat #1 is the button
Seat 1: jl45259071 ($94.40 in chips)
Seat 2: Actionni13 ($182.78 in chips)
jl45259071: posts small blind $1
Actionni13: posts big blind $3
*** HOLE CARDS ***
jl45259071: raises $3 to $6
Actionni13: calls $3
*** FLOP *** [Th 8c 4s]
Actionni13: checks
jl45259071: checks
*** TURN *** [Th 8c 4s] [Ac]
Actionni13: bets $6
jl45259071: calls $6
*** RIVER *** [Th 8c 4s Ac] [7h]
Actionni13: bets $6
jl45259071: folds
Uncalled bet ($6) returned to Actionni13
Actionni13 collected $23.52 from pot
Actionni13: doesn't show hand
*** SUMMARY ***
Total pot $24 | Rake $0.48
Board [Th 8c 4s Ac 7h]
Seat 1: jl45259071 (button) (small blind) folded on the River
Seat 2: Actionni13 (big blind) collected ($23.52)


PokerStars Hand #148601878988:  Hold'em Limit ($3/$6 USD) - 2016/02/11 2:50:08 ET
Table 'Frisia' 2-max Seat #2 is the button
Seat 1: jl45259071 ($88.64 in chips)
Seat 2: Actionni13 ($188.78 in chips)
Actionni13: posts small blind $1
jl45259071: posts big blind $3
*** HOLE CARDS ***
Actionni13: raises $3 to $6
jl45259071: calls $3
*** FLOP *** [6d 9h 7s]
jl45259071: checks
Actionni13: checks
*** TURN *** [6d 9h 7s] [Qh]
jl45259071: checks
Actionni13: checks
*** RIVER *** [6d 9h 7s Qh] [Jc]
jl45259071: bets $6
Actionni13: folds
Uncalled bet ($6) returned to jl45259071
jl45259071 collected $11.76 from pot
jl45259071: doesn't show hand
*** SUMMARY ***
Total pot $12 | Rake $0.24
Board [6d 9h 7s Qh Jc]
Seat 1: jl45259071 (big blind) collected ($11.76)
Seat 2: Actionni13 (button) (small blind) folded on the River


PokerStars Hand #148601934388:  Hold'em Limit ($3/$6 USD) - 2016/02/11 2:53:00 ET
Table 'Frisia' 2-max Seat #2 is the button
Seat 1: jl45259071 ($94.92 in chips)
Seat 2: Actionni13 ($181.30 in chips)
Actionni13: posts small blind $1
jl45259071: posts big blind $3
*** HOLE CARDS ***
Actionni13: raises $3 to $6
jl45259071: raises $3 to $9
Actionni13: calls $3
*** FLOP *** [6d As Ah]
jl45259071: bets $3
Actionni13: folds
Uncalled bet ($3) returned to jl45259071
jl45259071 collected $17.64 from pot
jl45259071: doesn't show hand
*** SUMMARY ***
Total pot $18 | Rake $0.36
Board [6d As Ah]
Seat 1: jl45259071 (big blind) collected ($17.64)
Seat 2: Actionni13 (button) (small blind) folded on the Flop


PokerStars Hand #148601921340:  Hold'em Limit ($3/$6 USD) - 2016/02/11 2:52:20 ET
Table 'Frisia' 2-max Seat #1 is the button
Seat 1: jl45259071 ($83.40 in chips)
Seat 2: Actionni13 ($193.30 in chips)
jl45259071: posts small blind $1
Actionni13: posts big blind $3
*** HOLE CARDS ***
jl45259071: calls $2
Actionni13: checks
*** FLOP *** [8s 5h 7d]
Actionni13: bets $3
jl45259071: calls $3
*** TURN *** [8s 5h 7d] [6c]
Actionni13: bets $6
jl45259071: raises $6 to $12
Actionni13: folds
Uncalled bet ($6) returned to jl45259071
jl45259071 collected $23.52 from pot
jl45259071: doesn't show hand
*** SUMMARY ***
Total pot $24 | Rake $0.48
Board [8s 5h 7d 6c]
Seat 1: jl45259071 (button) (small blind) collected ($23.52)
Seat 2: Actionni13 (big blind) folded on the Turn


PokerStars Hand #148601940057:  Hold'em Limit ($3/$6 USD) - 2016/02/11 2:53:18 ET
Table 'Frisia' 2-max Seat #1 is the button
Seat 1: jl45259071 ($103.56 in chips)
Seat 2: Actionni13 ($172.30 in chips)
jl45259071: posts small blind $1
Actionni13: posts big blind $3
*** HOLE CARDS ***
jl45259071: calls $2
Actionni13: raises $3 to $6
jl45259071: calls $3
*** FLOP *** [2c 4s Td]
Actionni13: bets $3
jl45259071: calls $3
*** TURN *** [2c 4s Td] [7c]
Actionni13: bets $6
jl45259071: folds
Uncalled bet ($6) returned to Actionni13
Actionni13 collected $17.64 from pot
Actionni13: doesn't show hand
*** SUMMARY ***
Total pot $18 | Rake $0.36
Board [2c 4s Td 7c]
Seat 1: jl45259071 (button) (small blind) folded on the Turn
Seat 2: Actionni13 (big blind) collected ($17.64)


PokerStars Hand #148601962947:  Hold'em Limit ($3/$6 USD) - 2016/02/11 2:54:29 ET
Table 'Frisia' 2-max Seat #1 is the button
Seat 1: jl45259071 ($95.56 in chips)
Seat 2: Actionni13 ($179.94 in chips)
jl45259071: posts small blind $1
Actionni13: posts big blind $3
*** HOLE CARDS ***
jl45259071: calls $2
Actionni13: checks
*** FLOP *** [6s Ts Jc]
Actionni13: bets $3
jl45259071: folds
Uncalled bet ($3) returned to Actionni13
Actionni13 collected $5.88 from pot
Actionni13: doesn't show hand
*** SUMMARY ***
Total pot $6 | Rake $0.12
Board [6s Ts Jc]
Seat 1: jl45259071 (button) (small blind) folded on the Flop
Seat 2: Actionni13 (big blind) collected ($5.88)


PokerStars Hand #148601956981:  Hold'em Limit ($3/$6 USD) - 2016/02/11 2:54:10 ET
Table 'Frisia' 2-max Seat #2 is the button
Seat 1: jl45259071 ($94.56 in chips)
Seat 2: Actionni13 ($180.94 in chips)
Actionni13: posts small blind $1
jl45259071: posts big blind $3
*** HOLE CARDS ***
Actionni13: folds
Uncalled bet ($2) returned to jl45259071
jl45259071 collected $2 from pot
jl45259071: doesn't show hand
*** SUMMARY ***
Total pot $2 | Rake $0
Seat 1: jl45259071 (big blind) collected ($2)
Seat 2: Actionni13 (button) (small blind) folded before Flop


PokerStars Hand #148601970345:  Hold'em Limit ($3/$6 USD) - 2016/02/11 2:54:52 ET
Table 'Frisia' 2-max Seat #2 is the button
Seat 1: jl45259071 ($92.56 in chips)
Seat 2: Actionni13 ($182.82 in chips)
Actionni13: posts small blind $1
jl45259071: posts big blind $3
*** HOLE CARDS ***
Actionni13: raises $3 to $6
jl45259071: raises $3 to $9
Actionni13: calls $3
*** FLOP *** [2s Ts 4d]
jl45259071: bets $3
Actionni13: calls $3
*** TURN *** [2s Ts 4d] [9h]
jl45259071: bets $6
Actionni13: calls $6
*** RIVER *** [2s Ts 4d 9h] [5c]
jl45259071: bets $6
Actionni13: folds
Uncalled bet ($6) returned to jl45259071
jl45259071 collected $35.50 from pot
jl45259071: doesn't show hand
*** SUMMARY ***
Total pot $36 | Rake $0.50
Board [2s Ts 4d 9h 5c]
Seat 1: jl45259071 (big blind) collected ($35.50)
Seat 2: Actionni13 (button) (small blind) folded on the River


PokerStars Hand #148601982389:  Hold'em Limit ($3/$6 USD) - 2016/02/11 2:55:32 ET
Table 'Frisia' 2-max Seat #1 is the button
Seat 1: jl45259071 ($110.06 in chips)
Seat 2: Actionni13 ($164.82 in chips)
jl45259071: posts small blind $1
Actionni13: posts big blind $3
*** HOLE CARDS ***
jl45259071: raises $3 to $6
Actionni13: calls $3
*** FLOP *** [4s Js 5c]
Actionni13: checks
jl45259071: bets $3
Actionni13: raises $3 to $6
jl45259071: calls $3
*** TURN *** [4s Js 5c] [6c]
Actionni13: bets $6
jl45259071: calls $6
*** RIVER *** [4s Js 5c 6c] [9c]
Actionni13: bets $6
jl45259071: folds
Uncalled bet ($6) returned to Actionni13
Actionni13 collected $35.50 from pot
*** SUMMARY ***
Total pot $36 | Rake $0.50
Board [4s Js 5c 6c 9c]
Seat 1: jl45259071 (button) (small blind) folded on the River
Seat 2: Actionni13 (big blind) collected ($35.50)


PokerStars Hand #148602108010:  Hold'em Limit ($3/$6 USD) - 2016/02/11 3:02:17 ET
Table 'Frisia' 2-max Seat #2 is the button
Seat 1: jl45259071 ($120 in chips)
Seat 2: Actionni13 ($182.32 in chips)
Actionni13: posts small blind $1
jl45259071: posts big blind $3
*** HOLE CARDS ***
Actionni13 has timed out
Actionni13: folds
Uncalled bet ($2) returned to jl45259071
jl45259071 collected $2 from pot
jl45259071: doesn't show hand
*** SUMMARY ***
Total pot $2 | Rake $0
Seat 1: jl45259071 (big blind) collected ($2)
Seat 2: Actionni13 (button) (small blind) folded before Flop


PokerStars Hand #148605700710:  Hold'em Limit ($3/$6 USD) - 2016/02/11 5:30:05 ET
Table 'Frisia' 2-max Seat #1 is the button
Seat 1: nedo1414 ($120 in chips)
Seat 2: Actionni13 ($181.32 in chips)
nedo1414: posts small blind $1
Actionni13: posts big blind $3
*** HOLE CARDS ***
nedo1414: raises $3 to $6
Actionni13: calls $3
*** FLOP *** [As Qh 6c]
Actionni13: checks
nedo1414: bets $3
Actionni13 has timed out
Actionni13: folds
Uncalled bet ($3) returned to nedo1414
nedo1414 collected $11.76 from pot
nedo1414: doesn't show hand
*** SUMMARY ***
Total pot $12 | Rake $0.24
Board [As Qh 6c]
Seat 1: nedo1414 (button) (small blind) collected ($11.76)
Seat 2: Actionni13 (big blind) folded on the Flop


