PokerStars Hand #144811931011:  Hold'em Limit ($3/$6 USD) - 2015/12/04 11:45:10 ET
Table 'Fujian' 6-max Seat #1 is the button
Seat 1: julenchu ($87.56 in chips)
Seat 2: morgendorffe ($82.68 in chips)
julenchu: posts small blind $1
morgendorffe: posts big blind $3
*** HOLE CARDS ***
julenchu: raises $3 to $6
morgendorffe: folds
Uncalled bet ($3) returned to julenchu
julenchu collected $6 from pot
julenchu: doesn't show hand
*** SUMMARY ***
Total pot $6 | Rake $0
Seat 1: julenchu (button) (small blind) collected ($6)
Seat 2: morgendorffe (big blind) folded before Flop


PokerStars Hand #144811914867:  Hold'em Limit ($3/$6 USD) - 2015/12/04 11:44:49 ET
Table 'Fujian' 6-max Seat #2 is the button
Seat 1: julenchu ($76.04 in chips)
Seat 2: morgendorffe ($94.68 in chips)
morgendorffe: posts small blind $1
PelonCabelao: is sitting out
julenchu: posts big blind $3
*** HOLE CARDS ***
morgendorffe: raises $3 to $6
julenchu: calls $3
*** FLOP *** [Js 6h 3s]
julenchu: checks
morgendorffe: bets $3
julenchu: raises $3 to $6
PelonCabelao leaves the table
morgendorffe: calls $3
*** TURN *** [Js 6h 3s] [3c]
julenchu: bets $6
morgendorffe: folds
Uncalled bet ($6) returned to julenchu
julenchu collected $23.52 from pot
julenchu: doesn't show hand
*** SUMMARY ***
Total pot $24 | Rake $0.48
Board [Js 6h 3s 3c]
Seat 1: julenchu (big blind) collected ($23.52)
Seat 2: morgendorffe (button) (small blind) folded on the Turn


PokerStars Hand #144811935715:  Hold'em Limit ($3/$6 USD) - 2015/12/04 11:45:15 ET
Table 'Fujian' 6-max Seat #2 is the button
Seat 1: julenchu ($90.56 in chips)
Seat 2: morgendorffe ($79.68 in chips)
morgendorffe: posts small blind $1
julenchu: posts big blind $3
*** HOLE CARDS ***
morgendorffe: raises $3 to $6
julenchu: calls $3
*** FLOP *** [2c 6s Ks]
julenchu: checks
morgendorffe: bets $3
julenchu: calls $3
*** TURN *** [2c 6s Ks] [5h]
julenchu: checks
morgendorffe: checks
*** RIVER *** [2c 6s Ks 5h] [Kd]
julenchu: checks
morgendorffe: checks
*** SHOW DOWN ***
julenchu: shows [3h Ad] (a pair of Kings)
morgendorffe: mucks hand
julenchu collected $17.64 from pot
*** SUMMARY ***
Total pot $18 | Rake $0.36
Board [2c 6s Ks 5h Kd]
Seat 1: julenchu (big blind) showed [3h Ad] and won ($17.64) with a pair of Kings
Seat 2: morgendorffe (button) (small blind) mucked


PokerStars Hand #144811947586:  Hold'em Limit ($3/$6 USD) - 2015/12/04 11:45:31 ET
Table 'Fujian' 6-max Seat #1 is the button
Seat 1: julenchu ($99.20 in chips)
Seat 2: morgendorffe ($70.68 in chips)
julenchu: posts small blind $1
morgendorffe: posts big blind $3
*** HOLE CARDS ***
julenchu: calls $2
morgendorffe: raises $3 to $6
julenchu: calls $3
*** FLOP *** [9d 2s 5c]
morgendorffe: bets $3
julenchu: calls $3
*** TURN *** [9d 2s 5c] [3d]
morgendorffe: bets $6
julenchu: calls $6
*** RIVER *** [9d 2s 5c 3d] [Tc]
morgendorffe: bets $6
julenchu: calls $6
*** SHOW DOWN ***
morgendorffe: shows [Ks Kc] (a pair of Kings)
julenchu: mucks hand
morgendorffe collected $41.50 from pot
*** SUMMARY ***
Total pot $42 | Rake $0.50
Board [9d 2s 5c 3d Tc]
Seat 1: julenchu (button) (small blind) mucked
Seat 2: morgendorffe (big blind) showed [Ks Kc] and won ($41.50) with a pair of Kings


PokerStars Hand #144811960058:  Hold'em Limit ($3/$6 USD) - 2015/12/04 11:45:47 ET
Table 'Fujian' 6-max Seat #2 is the button
Seat 1: julenchu ($78.20 in chips)
Seat 2: morgendorffe ($91.18 in chips)
morgendorffe: posts small blind $1
julenchu: posts big blind $3
*** HOLE CARDS ***
morgendorffe: raises $3 to $6
julenchu: calls $3
*** FLOP *** [3c 7h 3h]
julenchu: checks
morgendorffe: bets $3
julenchu: raises $3 to $6
morgendorffe: calls $3
*** TURN *** [3c 7h 3h] [9h]
julenchu: bets $6
morgendorffe: calls $6
*** RIVER *** [3c 7h 3h 9h] [Ad]
julenchu: bets $6
morgendorffe: calls $6
*** SHOW DOWN ***
julenchu: shows [6h 8h] (a flush, Nine high)
morgendorffe: mucks hand
julenchu collected $47.50 from pot
*** SUMMARY ***
Total pot $48 | Rake $0.50
Board [3c 7h 3h 9h Ad]
Seat 1: julenchu (big blind) showed [6h 8h] and won ($47.50) with a flush, Nine high
Seat 2: morgendorffe (button) (small blind) mucked


PokerStars Hand #144812547260:  Hold'em Limit ($3/$6 USD) - 2015/12/04 11:59:20 ET
Table 'Fujian' 6-max Seat #4 is the button
Seat 3: morgendorffe ($104 in chips)
Seat 4: SashaYuvelir ($72 in chips)
SashaYuvelir: posts small blind $1
morgendorffe: posts big blind $3
*** HOLE CARDS ***
SashaYuvelir: raises $3 to $6
morgendorffe: raises $3 to $9
GoliafUa leaves the table
SashaYuvelir: raises $3 to $12
Betting is capped
morgendorffe: calls $3
*** FLOP *** [Jh 2d 5s]
morgendorffe: checks
SashaYuvelir: bets $3
morgendorffe: calls $3
*** TURN *** [Jh 2d 5s] [Kh]
morgendorffe: checks
SashaYuvelir: bets $6
morgendorffe: calls $6
*** RIVER *** [Jh 2d 5s Kh] [7d]
morgendorffe: checks
SashaYuvelir: checks
*** SHOW DOWN ***
morgendorffe: shows [Ts Td] (a pair of Tens)
SashaYuvelir: mucks hand
morgendorffe collected $41.50 from pot
*** SUMMARY ***
Total pot $42 | Rake $0.50
Board [Jh 2d 5s Kh 7d]
Seat 3: morgendorffe (big blind) showed [Ts Td] and won ($41.50) with a pair of Tens
Seat 4: SashaYuvelir (button) (small blind) mucked


PokerStars Hand #144812722586:  Hold'em Limit ($3/$6 USD) - 2015/12/04 12:03:12 ET
Table 'Fujian' 6-max Seat #3 is the button
Seat 3: morgendorffe ($124.50 in chips)
Seat 6: Philly0813 ($120 in chips)
morgendorffe: posts small blind $1
Philly0813: posts big blind $3
*** HOLE CARDS ***
morgendorffe: raises $3 to $6
Philly0813: folds
Uncalled bet ($3) returned to morgendorffe
morgendorffe collected $6 from pot
*** SUMMARY ***
Total pot $6 | Rake $0
Seat 3: morgendorffe (button) (small blind) collected ($6)
Seat 6: Philly0813 (big blind) folded before Flop


PokerStars Hand #144813123608:  Hold'em Limit ($3/$6 USD) - 2015/12/04 12:11:23 ET
Table 'Fujian' 6-max Seat #1 is the button
Seat 1: SashaYuvelir ($80.46 in chips)
Seat 6: Philly0813 ($138.13 in chips)
SashaYuvelir: posts small blind $1
ValeryRon: is sitting out
samurai.ru: is sitting out
Philly0813: posts big blind $3
*** HOLE CARDS ***
ValeryRon leaves the table
SashaYuvelir: raises $3 to $6
Philly0813: folds
Uncalled bet ($3) returned to SashaYuvelir
SashaYuvelir collected $6 from pot
SashaYuvelir: doesn't show hand
*** SUMMARY ***
Total pot $6 | Rake $0
Seat 1: SashaYuvelir (button) (small blind) collected ($6)
Seat 6: Philly0813 (big blind) folded before Flop


PokerStars Hand #144813129186:  Hold'em Limit ($3/$6 USD) - 2015/12/04 12:11:30 ET
Table 'Fujian' 6-max Seat #6 is the button
Seat 1: SashaYuvelir ($83.46 in chips)
Seat 6: Philly0813 ($135.13 in chips)
Philly0813: posts small blind $1
SashaYuvelir: posts big blind $3
*** HOLE CARDS ***
Philly0813: folds
Uncalled bet ($2) returned to SashaYuvelir
SashaYuvelir collected $2 from pot
SashaYuvelir: doesn't show hand
*** SUMMARY ***
Total pot $2 | Rake $0
Seat 1: SashaYuvelir (big blind) collected ($2)
Seat 6: Philly0813 (button) (small blind) folded before Flop


PokerStars Hand #144813132340:  Hold'em Limit ($3/$6 USD) - 2015/12/04 12:11:34 ET
Table 'Fujian' 6-max Seat #1 is the button
Seat 1: SashaYuvelir ($84.46 in chips)
Seat 6: Philly0813 ($134.13 in chips)
SashaYuvelir: posts small blind $1
Philly0813: posts big blind $3
*** HOLE CARDS ***
SashaYuvelir: raises $3 to $6
Philly0813: raises $3 to $9
SashaYuvelir: calls $3
*** FLOP *** [Jd Tc 3c]
Philly0813: bets $3
SashaYuvelir: calls $3
*** TURN *** [Jd Tc 3c] [5d]
Philly0813: bets $6
SashaYuvelir: raises $6 to $12
Philly0813: calls $6
*** RIVER *** [Jd Tc 3c 5d] [3s]
Philly0813: checks
SashaYuvelir: checks
*** SHOW DOWN ***
Philly0813: shows [Kc 7d] (a pair of Threes)
SashaYuvelir: shows [9c Ac] (a pair of Threes - Ace kicker)
SashaYuvelir collected $47.50 from pot
*** SUMMARY ***
Total pot $48 | Rake $0.50
Board [Jd Tc 3c 5d 3s]
Seat 1: SashaYuvelir (button) (small blind) showed [9c Ac] and won ($47.50) with a pair of Threes
Seat 6: Philly0813 (big blind) showed [Kc 7d] and lost with a pair of Threes


PokerStars Hand #144813145570:  Hold'em Limit ($3/$6 USD) - 2015/12/04 12:11:50 ET
Table 'Fujian' 6-max Seat #6 is the button
Seat 1: SashaYuvelir ($107.96 in chips)
Seat 6: Philly0813 ($110.13 in chips)
Philly0813: posts small blind $1
SashaYuvelir: posts big blind $3
*** HOLE CARDS ***
Philly0813: raises $3 to $6
SashaYuvelir: calls $3
*** FLOP *** [Ah Qs 3h]
SashaYuvelir: checks
Philly0813: bets $3
SashaYuvelir: calls $3
*** TURN *** [Ah Qs 3h] [9h]
SashaYuvelir: checks
Philly0813: bets $6
SashaYuvelir: calls $6
*** RIVER *** [Ah Qs 3h 9h] [8c]
SashaYuvelir: checks
Philly0813: bets $6
SashaYuvelir: calls $6
*** SHOW DOWN ***
Philly0813: shows [5c Ac] (a pair of Aces)
SashaYuvelir: mucks hand
Philly0813 collected $41.50 from pot
*** SUMMARY ***
Total pot $42 | Rake $0.50
Board [Ah Qs 3h 9h 8c]
Seat 1: SashaYuvelir (big blind) mucked
Seat 6: Philly0813 (button) (small blind) showed [5c Ac] and won ($41.50) with a pair of Aces


PokerStars Hand #144813158660:  Hold'em Limit ($3/$6 USD) - 2015/12/04 12:12:06 ET
Table 'Fujian' 6-max Seat #1 is the button
Seat 1: SashaYuvelir ($86.96 in chips)
Seat 6: Philly0813 ($130.63 in chips)
SashaYuvelir: posts small blind $1
Philly0813: posts big blind $3
*** HOLE CARDS ***
SashaYuvelir: raises $3 to $6
Philly0813: calls $3
*** FLOP *** [2d Jh 8s]
Philly0813: checks
SashaYuvelir: bets $3
Philly0813: calls $3
*** TURN *** [2d Jh 8s] [Qh]
Philly0813: checks
SashaYuvelir: bets $6
Philly0813: calls $6
*** RIVER *** [2d Jh 8s Qh] [3s]
Philly0813: checks
SashaYuvelir: bets $6
Philly0813: calls $6
*** SHOW DOWN ***
SashaYuvelir: shows [Js 6c] (a pair of Jacks)
Philly0813: mucks hand
SashaYuvelir collected $41.50 from pot
*** SUMMARY ***
Total pot $42 | Rake $0.50
Board [2d Jh 8s Qh 3s]
Seat 1: SashaYuvelir (button) (small blind) showed [Js 6c] and won ($41.50) with a pair of Jacks
Seat 6: Philly0813 (big blind) mucked


PokerStars Hand #144813171210:  Hold'em Limit ($3/$6 USD) - 2015/12/04 12:12:22 ET
Table 'Fujian' 6-max Seat #6 is the button
Seat 1: SashaYuvelir ($107.46 in chips)
Seat 6: Philly0813 ($109.63 in chips)
Philly0813: posts small blind $1
SashaYuvelir: posts big blind $3
*** HOLE CARDS ***
Philly0813: folds
Uncalled bet ($2) returned to SashaYuvelir
SashaYuvelir collected $2 from pot
SashaYuvelir: doesn't show hand
*** SUMMARY ***
Total pot $2 | Rake $0
Seat 1: SashaYuvelir (big blind) collected ($2)
Seat 6: Philly0813 (button) (small blind) folded before Flop


PokerStars Hand #144813174788:  Hold'em Limit ($3/$6 USD) - 2015/12/04 12:12:26 ET
Table 'Fujian' 6-max Seat #1 is the button
Seat 1: SashaYuvelir ($108.46 in chips)
Seat 6: Philly0813 ($108.63 in chips)
SashaYuvelir: posts small blind $1
Philly0813: posts big blind $3
*** HOLE CARDS ***
SashaYuvelir: folds
Uncalled bet ($2) returned to Philly0813
Philly0813 collected $2 from pot
Philly0813: doesn't show hand
*** SUMMARY ***
Total pot $2 | Rake $0
Seat 1: SashaYuvelir (button) (small blind) folded before Flop
Seat 6: Philly0813 (big blind) collected ($2)


PokerStars Hand #144813178311:  Hold'em Limit ($3/$6 USD) - 2015/12/04 12:12:30 ET
Table 'Fujian' 6-max Seat #6 is the button
Seat 1: SashaYuvelir ($107.46 in chips)
Seat 6: Philly0813 ($109.63 in chips)
Philly0813: posts small blind $1
SashaYuvelir: posts big blind $3
*** HOLE CARDS ***
Philly0813: raises $3 to $6
SashaYuvelir: calls $3
*** FLOP *** [2c 5h 9d]
SashaYuvelir: checks
Philly0813: bets $3
SashaYuvelir: calls $3
*** TURN *** [2c 5h 9d] [9s]
SashaYuvelir: checks
Philly0813: bets $6
SashaYuvelir: raises $6 to $12
Philly0813: calls $6
*** RIVER *** [2c 5h 9d 9s] [2s]
SashaYuvelir: bets $6
Philly0813: calls $6
*** SHOW DOWN ***
SashaYuvelir: shows [2h Qd] (a full house, Deuces full of Nines)
Philly0813: mucks hand
SashaYuvelir collected $53.50 from pot
*** SUMMARY ***
Total pot $54 | Rake $0.50
Board [2c 5h 9d 9s 2s]
Seat 1: SashaYuvelir (big blind) showed [2h Qd] and won ($53.50) with a full house, Deuces full of Nines
Seat 6: Philly0813 (button) (small blind) mucked


PokerStars Hand #144813189634:  Hold'em Limit ($3/$6 USD) - 2015/12/04 12:12:44 ET
Table 'Fujian' 6-max Seat #1 is the button
Seat 1: SashaYuvelir ($133.96 in chips)
Seat 6: Philly0813 ($82.63 in chips)
SashaYuvelir: posts small blind $1
Philly0813: posts big blind $3
*** HOLE CARDS ***
SashaYuvelir: raises $3 to $6
Philly0813: folds
Uncalled bet ($3) returned to SashaYuvelir
SashaYuvelir collected $6 from pot
SashaYuvelir: doesn't show hand
*** SUMMARY ***
Total pot $6 | Rake $0
Seat 1: SashaYuvelir (button) (small blind) collected ($6)
Seat 6: Philly0813 (big blind) folded before Flop


PokerStars Hand #144813193466:  Hold'em Limit ($3/$6 USD) - 2015/12/04 12:12:49 ET
Table 'Fujian' 6-max Seat #6 is the button
Seat 1: SashaYuvelir ($136.96 in chips)
Seat 6: Philly0813 ($79.63 in chips)
Philly0813: posts small blind $1
SashaYuvelir: posts big blind $3
*** HOLE CARDS ***
Philly0813: raises $3 to $6
SashaYuvelir: calls $3
*** FLOP *** [4h 8c Tc]
SashaYuvelir: checks
Philly0813: bets $3
SashaYuvelir: calls $3
*** TURN *** [4h 8c Tc] [Th]
SashaYuvelir: checks
Philly0813: checks
*** RIVER *** [4h 8c Tc Th] [Qd]
SashaYuvelir: checks
Philly0813: bets $6
SashaYuvelir: calls $6
*** SHOW DOWN ***
Philly0813: shows [Qc Kd] (two pair, Queens and Tens)
SashaYuvelir: mucks hand
Philly0813 collected $29.50 from pot
*** SUMMARY ***
Total pot $30 | Rake $0.50
Board [4h 8c Tc Th Qd]
Seat 1: SashaYuvelir (big blind) mucked
Seat 6: Philly0813 (button) (small blind) showed [Qc Kd] and won ($29.50) with two pair, Queens and Tens


PokerStars Hand #144813203307:  Hold'em Limit ($3/$6 USD) - 2015/12/04 12:13:01 ET
Table 'Fujian' 6-max Seat #1 is the button
Seat 1: SashaYuvelir ($121.96 in chips)
Seat 6: Philly0813 ($94.13 in chips)
SashaYuvelir: posts small blind $1
Philly0813: posts big blind $3
*** HOLE CARDS ***
SashaYuvelir: raises $3 to $6
Philly0813: calls $3
*** FLOP *** [5d 6c 8h]
Philly0813: checks
SashaYuvelir: bets $3
Philly0813: raises $3 to $6
SashaYuvelir: folds
Uncalled bet ($3) returned to Philly0813
Philly0813 collected $17.64 from pot
Philly0813: doesn't show hand
*** SUMMARY ***
Total pot $18 | Rake $0.36
Board [5d 6c 8h]
Seat 1: SashaYuvelir (button) (small blind) folded on the Flop
Seat 6: Philly0813 (big blind) collected ($17.64)


PokerStars Hand #144813230196:  Hold'em Limit ($3/$6 USD) - 2015/12/04 12:13:35 ET
Table 'Fujian' 6-max Seat #6 is the button
Seat 1: SashaYuvelir ($94.96 in chips)
Seat 6: Philly0813 ($120.05 in chips)
Philly0813: posts small blind $1
SashaYuvelir: posts big blind $3
*** HOLE CARDS ***
Philly0813: folds
Uncalled bet ($2) returned to SashaYuvelir
SashaYuvelir collected $2 from pot
SashaYuvelir: doesn't show hand
*** SUMMARY ***
Total pot $2 | Rake $0
Seat 1: SashaYuvelir (big blind) collected ($2)
Seat 6: Philly0813 (button) (small blind) folded before Flop


PokerStars Hand #144813210715:  Hold'em Limit ($3/$6 USD) - 2015/12/04 12:13:11 ET
Table 'Fujian' 6-max Seat #6 is the button
Seat 1: SashaYuvelir ($112.96 in chips)
Seat 6: Philly0813 ($102.77 in chips)
Philly0813: posts small blind $1
SashaYuvelir: posts big blind $3
*** HOLE CARDS ***
Philly0813: raises $3 to $6
SashaYuvelir: calls $3
*** FLOP *** [4s 9h Qc]
SashaYuvelir: checks
Philly0813: bets $3
SashaYuvelir: folds
Uncalled bet ($3) returned to Philly0813
Philly0813 collected $11.76 from pot
Philly0813: doesn't show hand
*** SUMMARY ***
Total pot $12 | Rake $0.24
Board [4s 9h Qc]
Seat 1: SashaYuvelir (big blind) folded on the Flop
Seat 6: Philly0813 (button) (small blind) collected ($11.76)


PokerStars Hand #144813219979:  Hold'em Limit ($3/$6 USD) - 2015/12/04 12:13:22 ET
Table 'Fujian' 6-max Seat #1 is the button
Seat 1: SashaYuvelir ($106.96 in chips)
Seat 6: Philly0813 ($108.53 in chips)
SashaYuvelir: posts small blind $1
Philly0813: posts big blind $3
*** HOLE CARDS ***
SashaYuvelir: raises $3 to $6
Philly0813: calls $3
*** FLOP *** [8h 3s 3d]
Philly0813: checks
SashaYuvelir: checks
*** TURN *** [8h 3s 3d] [Qs]
Philly0813: checks
SashaYuvelir: bets $6
Philly0813: raises $6 to $12
SashaYuvelir: folds
Uncalled bet ($6) returned to Philly0813
Philly0813 collected $23.52 from pot
Philly0813: doesn't show hand
*** SUMMARY ***
Total pot $24 | Rake $0.48
Board [8h 3s 3d Qs]
Seat 1: SashaYuvelir (button) (small blind) folded on the Turn
Seat 6: Philly0813 (big blind) collected ($23.52)


PokerStars Hand #144813280544:  Hold'em Limit ($3/$6 USD) - 2015/12/04 12:14:37 ET
Table 'Fujian' 6-max Seat #1 is the button
Seat 1: SashaYuvelir ($73.36 in chips)
Seat 6: Philly0813 ($140.55 in chips)
SashaYuvelir: posts small blind $1
Philly0813: posts big blind $3
*** HOLE CARDS ***
SashaYuvelir: raises $3 to $6
Philly0813: calls $3
*** FLOP *** [5d 2d Qc]
Philly0813: checks
SashaYuvelir: checks
*** TURN *** [5d 2d Qc] [7h]
Philly0813: bets $6
SashaYuvelir: folds
Uncalled bet ($6) returned to Philly0813
Philly0813 collected $11.76 from pot
Philly0813: doesn't show hand
*** SUMMARY ***
Total pot $12 | Rake $0.24
Board [5d 2d Qc 7h]
Seat 1: SashaYuvelir (button) (small blind) folded on the Turn
Seat 6: Philly0813 (big blind) collected ($11.76)


PokerStars Hand #144813267338:  Hold'em Limit ($3/$6 USD) - 2015/12/04 12:14:21 ET
Table 'Fujian' 6-max Seat #6 is the button
Seat 1: SashaYuvelir ($109.36 in chips)
Seat 6: Philly0813 ($105.05 in chips)
Philly0813: posts small blind $1
SashaYuvelir: posts big blind $3
*** HOLE CARDS ***
Philly0813: raises $3 to $6
SashaYuvelir: raises $3 to $9
Philly0813: calls $3
*** FLOP *** [3c Ah 9s]
SashaYuvelir: bets $3
Philly0813: calls $3
*** TURN *** [3c Ah 9s] [Qc]
SashaYuvelir: bets $6
Philly0813: raises $6 to $12
SashaYuvelir: raises $6 to $18
Philly0813: calls $6
*** RIVER *** [3c Ah 9s Qc] [Qd]
SashaYuvelir: bets $6
Philly0813: calls $6
*** SHOW DOWN ***
SashaYuvelir: shows [Js Ts] (a pair of Queens)
Philly0813: shows [Ad 3h] (two pair, Aces and Queens)
Philly0813 collected $71.50 from pot
*** SUMMARY ***
Total pot $72 | Rake $0.50
Board [3c Ah 9s Qc Qd]
Seat 1: SashaYuvelir (big blind) showed [Js Ts] and lost with a pair of Queens
Seat 6: Philly0813 (button) (small blind) showed [Ad 3h] and won ($71.50) with two pair, Aces and Queens


PokerStars Hand #144813233545:  Hold'em Limit ($3/$6 USD) - 2015/12/04 12:13:39 ET
Table 'Fujian' 6-max Seat #1 is the button
Seat 1: SashaYuvelir ($95.96 in chips)
Seat 6: Philly0813 ($119.05 in chips)
SashaYuvelir: posts small blind $1
Philly0813: posts big blind $3
*** HOLE CARDS ***
SashaYuvelir: raises $3 to $6
Philly0813: calls $3
*** FLOP *** [9s 4c Qd]
Philly0813: checks
SashaYuvelir: checks
*** TURN *** [9s 4c Qd] [Kd]
Philly0813: checks
SashaYuvelir: bets $6
Philly0813: folds
Uncalled bet ($6) returned to SashaYuvelir
SashaYuvelir collected $11.76 from pot
SashaYuvelir: doesn't show hand
*** SUMMARY ***
Total pot $12 | Rake $0.24
Board [9s 4c Qd Kd]
Seat 1: SashaYuvelir (button) (small blind) collected ($11.76)
Seat 6: Philly0813 (big blind) folded on the Turn


PokerStars Hand #144813252967:  Hold'em Limit ($3/$6 USD) - 2015/12/04 12:14:03 ET
Table 'Fujian' 6-max Seat #6 is the button
Seat 1: SashaYuvelir ($101.72 in chips)
Seat 6: Philly0813 ($113.05 in chips)
Philly0813: posts small blind $1
SashaYuvelir: posts big blind $3
*** HOLE CARDS ***
Philly0813: raises $3 to $6
SashaYuvelir: calls $3
*** FLOP *** [7d 4c 2s]
SashaYuvelir: checks
Philly0813: bets $3
SashaYuvelir: calls $3
*** TURN *** [7d 4c 2s] [Th]
SashaYuvelir: checks
Philly0813: checks
*** RIVER *** [7d 4c 2s Th] [4h]
SashaYuvelir: checks
Philly0813: checks
*** SHOW DOWN ***
SashaYuvelir: shows [5c Kd] (a pair of Fours)
Philly0813: mucks hand
SashaYuvelir collected $17.64 from pot
*** SUMMARY ***
Total pot $18 | Rake $0.36
Board [7d 4c 2s Th 4h]
Seat 1: SashaYuvelir (big blind) showed [5c Kd] and won ($17.64) with a pair of Fours
Seat 6: Philly0813 (button) (small blind) mucked


PokerStars Hand #144813264119:  Hold'em Limit ($3/$6 USD) - 2015/12/04 12:14:17 ET
Table 'Fujian' 6-max Seat #1 is the button
Seat 1: SashaYuvelir ($110.36 in chips)
Seat 6: Philly0813 ($104.05 in chips)
SashaYuvelir: posts small blind $1
Philly0813: posts big blind $3
*** HOLE CARDS ***
SashaYuvelir: folds
Uncalled bet ($2) returned to Philly0813
Philly0813 collected $2 from pot
Philly0813: doesn't show hand
*** SUMMARY ***
Total pot $2 | Rake $0
Seat 1: SashaYuvelir (button) (small blind) folded before Flop
Seat 6: Philly0813 (big blind) collected ($2)


PokerStars Hand #144813295929:  Hold'em Limit ($3/$6 USD) - 2015/12/04 12:14:57 ET
Table 'Fujian' 6-max Seat #6 is the button
Seat 1: SashaYuvelir ($72 in chips)
Seat 6: Philly0813 ($146.31 in chips)
Philly0813: posts small blind $1
SashaYuvelir: posts big blind $3
*** HOLE CARDS ***
Philly0813: raises $3 to $6
SashaYuvelir: folds
Uncalled bet ($3) returned to Philly0813
Philly0813 collected $6 from pot
Philly0813: doesn't show hand
*** SUMMARY ***
Total pot $6 | Rake $0
Seat 1: SashaYuvelir (big blind) folded before Flop
Seat 6: Philly0813 (button) (small blind) collected ($6)


PokerStars Hand #144813379359:  Hold'em Limit ($3/$6 USD) - 2015/12/04 12:16:41 ET
Table 'Fujian' 6-max Seat #6 is the button
Seat 1: SashaYuvelir ($72 in chips)
Seat 6: Philly0813 ($187.83 in chips)
Philly0813: posts small blind $1
SashaYuvelir: posts big blind $3
*** HOLE CARDS ***
Philly0813: folds
Uncalled bet ($2) returned to SashaYuvelir
SashaYuvelir collected $2 from pot
SashaYuvelir: doesn't show hand
*** SUMMARY ***
Total pot $2 | Rake $0
Seat 1: SashaYuvelir (big blind) collected ($2)
Seat 6: Philly0813 (button) (small blind) folded before Flop


PokerStars Hand #144813363866:  Hold'em Limit ($3/$6 USD) - 2015/12/04 12:16:21 ET
Table 'Fujian' 6-max Seat #1 is the button
Seat 1: SashaYuvelir ($73 in chips)
Seat 6: Philly0813 ($158.33 in chips)
SashaYuvelir: posts small blind $1
Philly0813: posts big blind $3
*** HOLE CARDS ***
SashaYuvelir: raises $3 to $6
Philly0813: raises $3 to $9
SashaYuvelir: calls $3
*** FLOP *** [2s 7h Jh]
Philly0813: bets $3
SashaYuvelir: calls $3
*** TURN *** [2s 7h Jh] [Kc]
Philly0813: bets $6
SashaYuvelir: raises $6 to $12
Philly0813: calls $6
*** RIVER *** [2s 7h Jh Kc] [Ac]
Philly0813: checks
SashaYuvelir: bets $6
Philly0813: calls $6
*** SHOW DOWN ***
SashaYuvelir: shows [9s 8c] (high card Ace)
Philly0813: shows [Qd Ks] (a pair of Kings)
Philly0813 collected $59.50 from pot
*** SUMMARY ***
Total pot $60 | Rake $0.50
Board [2s 7h Jh Kc Ac]
Seat 1: SashaYuvelir (button) (small blind) showed [9s 8c] and lost with high card Ace
Seat 6: Philly0813 (big blind) showed [Qd Ks] and won ($59.50) with a pair of Kings


PokerStars Hand #144813360440:  Hold'em Limit ($3/$6 USD) - 2015/12/04 12:16:17 ET
Table 'Fujian' 6-max Seat #6 is the button
Seat 1: SashaYuvelir ($72 in chips)
Seat 6: Philly0813 ($159.33 in chips)
Philly0813: posts small blind $1
SashaYuvelir: posts big blind $3
*** HOLE CARDS ***
Philly0813: folds
Uncalled bet ($2) returned to SashaYuvelir
SashaYuvelir collected $2 from pot
SashaYuvelir: doesn't show hand
*** SUMMARY ***
Total pot $2 | Rake $0
Seat 1: SashaYuvelir (big blind) collected ($2)
Seat 6: Philly0813 (button) (small blind) folded before Flop


PokerStars Hand #144813349538:  Hold'em Limit ($3/$6 USD) - 2015/12/04 12:16:03 ET
Table 'Fujian' 6-max Seat #1 is the button
Seat 1: SashaYuvelir ($72.40 in chips)
Seat 6: Philly0813 ($147.81 in chips)
SashaYuvelir: posts small blind $1
Philly0813: posts big blind $3
*** HOLE CARDS ***
SashaYuvelir: raises $3 to $6
Philly0813: calls $3
*** FLOP *** [5d 8h 7s]
Philly0813: checks
SashaYuvelir: checks
*** TURN *** [5d 8h 7s] [Kc]
Philly0813: checks
SashaYuvelir: checks
*** RIVER *** [5d 8h 7s Kc] [Ah]
Philly0813: bets $6
SashaYuvelir: calls $6
*** SHOW DOWN ***
Philly0813: shows [8s 7c] (two pair, Eights and Sevens)
SashaYuvelir: mucks hand
Philly0813 collected $23.52 from pot
*** SUMMARY ***
Total pot $24 | Rake $0.48
Board [5d 8h 7s Kc Ah]
Seat 1: SashaYuvelir (button) (small blind) mucked
Seat 6: Philly0813 (big blind) showed [8s 7c] and won ($23.52) with two pair, Eights and Sevens


PokerStars Hand #144813336616:  Hold'em Limit ($3/$6 USD) - 2015/12/04 12:15:47 ET
Table 'Fujian' 6-max Seat #6 is the button
Seat 1: SashaYuvelir ($87.40 in chips)
Seat 6: Philly0813 ($133.31 in chips)
Philly0813: posts small blind $1
SashaYuvelir: posts big blind $3
*** HOLE CARDS ***
Philly0813: raises $3 to $6
SashaYuvelir: calls $3
*** FLOP *** [Jh 6s 2h]
SashaYuvelir: checks
Philly0813: bets $3
SashaYuvelir: calls $3
*** TURN *** [Jh 6s 2h] [2s]
SashaYuvelir: checks
Philly0813: checks
*** RIVER *** [Jh 6s 2h 2s] [7h]
SashaYuvelir: bets $6
Philly0813: calls $6
*** SHOW DOWN ***
SashaYuvelir: shows [5s 8h] (a pair of Deuces)
Philly0813: shows [7d 4d] (two pair, Sevens and Deuces)
Philly0813 collected $29.50 from pot
*** SUMMARY ***
Total pot $30 | Rake $0.50
Board [Jh 6s 2h 2s 7h]
Seat 1: SashaYuvelir (big blind) showed [5s 8h] and lost with a pair of Deuces
Seat 6: Philly0813 (button) (small blind) showed [7d 4d] and won ($29.50) with two pair, Sevens and Deuces


PokerStars Hand #144813322434:  Hold'em Limit ($3/$6 USD) - 2015/12/04 12:15:30 ET
Table 'Fujian' 6-max Seat #6 is the button
Seat 1: SashaYuvelir ($77.76 in chips)
Seat 6: Philly0813 ($143.31 in chips)
Philly0813: posts small blind $1
SashaYuvelir: posts big blind $3
*** HOLE CARDS ***
Philly0813: folds
Uncalled bet ($2) returned to SashaYuvelir
SashaYuvelir collected $2 from pot
SashaYuvelir: doesn't show hand
*** SUMMARY ***
Total pot $2 | Rake $0
Seat 1: SashaYuvelir (big blind) collected ($2)
Seat 6: Philly0813 (button) (small blind) folded before Flop


PokerStars Hand #144813303993:  Hold'em Limit ($3/$6 USD) - 2015/12/04 12:15:06 ET
Table 'Fujian' 6-max Seat #1 is the button
Seat 1: SashaYuvelir ($72 in chips)
Seat 6: Philly0813 ($149.31 in chips)
SashaYuvelir: posts small blind $1
Philly0813: posts big blind $3
*** HOLE CARDS ***
SashaYuvelir: raises $3 to $6
Philly0813: calls $3
*** FLOP *** [6c Ad 3d]
Philly0813: checks
SashaYuvelir: checks
*** TURN *** [6c Ad 3d] [Jd]
Philly0813: checks
SashaYuvelir: checks
*** RIVER *** [6c Ad 3d Jd] [5h]
Philly0813: checks
SashaYuvelir: checks
*** SHOW DOWN ***
Philly0813: shows [7h Qc] (high card Ace)
SashaYuvelir: shows [Qs 3h] (a pair of Threes)
SashaYuvelir collected $11.76 from pot
*** SUMMARY ***
Total pot $12 | Rake $0.24
Board [6c Ad 3d Jd 5h]
Seat 1: SashaYuvelir (button) (small blind) showed [Qs 3h] and won ($11.76) with a pair of Threes
Seat 6: Philly0813 (big blind) showed [7h Qc] and lost with high card Ace


PokerStars Hand #144813325673:  Hold'em Limit ($3/$6 USD) - 2015/12/04 12:15:34 ET
Table 'Fujian' 6-max Seat #1 is the button
Seat 1: SashaYuvelir ($78.76 in chips)
Seat 6: Philly0813 ($142.31 in chips)
SashaYuvelir: posts small blind $1
Philly0813: posts big blind $3
*** HOLE CARDS ***
SashaYuvelir: raises $3 to $6
Philly0813: calls $3
*** FLOP *** [5d Js 2c]
Philly0813: checks
SashaYuvelir: bets $3
Philly0813: calls $3
*** TURN *** [5d Js 2c] [2d]
Philly0813: checks
SashaYuvelir: bets $6
Philly0813: folds
Uncalled bet ($6) returned to SashaYuvelir
SashaYuvelir collected $17.64 from pot
SashaYuvelir: doesn't show hand
*** SUMMARY ***
Total pot $18 | Rake $0.36
Board [5d Js 2c 2d]
Seat 1: SashaYuvelir (button) (small blind) collected ($17.64)
Seat 6: Philly0813 (big blind) folded on the Turn


PokerStars Hand #144813421574:  Hold'em Limit ($3/$6 USD) - 2015/12/04 12:17:33 ET
Table 'Fujian' 6-max Seat #1 is the button
Seat 1: SashaYuvelir ($109.50 in chips)
Seat 6: Philly0813 ($149.83 in chips)
SashaYuvelir: posts small blind $1
Philly0813: posts big blind $3
*** HOLE CARDS ***
SashaYuvelir: raises $3 to $6
Philly0813: calls $3
*** FLOP *** [Qd 2s 3d]
Philly0813: checks
SashaYuvelir: bets $3
Philly0813: folds
Uncalled bet ($3) returned to SashaYuvelir
SashaYuvelir collected $11.76 from pot
*** SUMMARY ***
Total pot $12 | Rake $0.24
Board [Qd 2s 3d]
Seat 1: SashaYuvelir (button) (small blind) collected ($11.76)
Seat 6: Philly0813 (big blind) folded on the Flop


PokerStars Hand #144813415599:  Hold'em Limit ($3/$6 USD) - 2015/12/04 12:17:26 ET
Table 'Fujian' 6-max Seat #6 is the button
Seat 1: SashaYuvelir ($108.50 in chips)
Seat 6: Philly0813 ($150.83 in chips)
Philly0813: posts small blind $1
SashaYuvelir: posts big blind $3
*** HOLE CARDS ***
Philly0813: folds
Uncalled bet ($2) returned to SashaYuvelir
SashaYuvelir collected $2 from pot
*** SUMMARY ***
Total pot $2 | Rake $0
Seat 1: SashaYuvelir (big blind) collected ($2)
Seat 6: Philly0813 (button) (small blind) folded before Flop


PokerStars Hand #144813383922:  Hold'em Limit ($3/$6 USD) - 2015/12/04 12:16:46 ET
Table 'Fujian' 6-max Seat #1 is the button
Seat 1: SashaYuvelir ($73 in chips)
Seat 6: Philly0813 ($186.83 in chips)
SashaYuvelir: posts small blind $1
Philly0813: posts big blind $3
*** HOLE CARDS ***
SashaYuvelir: raises $3 to $6
Philly0813: raises $3 to $9
SashaYuvelir: calls $3
*** FLOP *** [3c Jd 5h]
Philly0813: bets $3
SashaYuvelir: calls $3
*** TURN *** [3c Jd 5h] [4c]
Philly0813: bets $6
SashaYuvelir: raises $6 to $12
Philly0813: raises $6 to $18
SashaYuvelir: calls $6
*** RIVER *** [3c Jd 5h 4c] [7c]
Philly0813: checks
SashaYuvelir: bets $6
Philly0813: calls $6
*** SHOW DOWN ***
SashaYuvelir: shows [Jh 6s] (a straight, Three to Seven)
Philly0813: mucks hand
SashaYuvelir collected $71.50 from pot
*** SUMMARY ***
Total pot $72 | Rake $0.50
Board [3c Jd 5h 4c 7c]
Seat 1: SashaYuvelir (button) (small blind) showed [Jh 6s] and won ($71.50) with a straight, Three to Seven
Seat 6: Philly0813 (big blind) mucked


PokerStars Hand #144813436872:  Hold'em Limit ($3/$6 USD) - 2015/12/04 12:17:52 ET
Table 'Fujian' 6-max Seat #6 is the button
Seat 1: SashaYuvelir ($115.26 in chips)
Seat 6: Philly0813 ($143.83 in chips)
Philly0813: posts small blind $1
SashaYuvelir: posts big blind $3
*** HOLE CARDS ***
Philly0813: raises $3 to $6
SashaYuvelir: calls $3
*** FLOP *** [6c Kh 5s]
SashaYuvelir: checks
Philly0813: bets $3
SashaYuvelir: calls $3
*** TURN *** [6c Kh 5s] [4d]
SashaYuvelir: checks
Philly0813: checks
*** RIVER *** [6c Kh 5s 4d] [4c]
SashaYuvelir: checks
Philly0813: bets $6
SashaYuvelir: calls $6
*** SHOW DOWN ***
Philly0813: shows [2c 9c] (a pair of Fours)
SashaYuvelir: shows [Td Qs] (a pair of Fours - King+Queen kicker)
SashaYuvelir collected $29.50 from pot
*** SUMMARY ***
Total pot $30 | Rake $0.50
Board [6c Kh 5s 4d 4c]
Seat 1: SashaYuvelir (big blind) showed [Td Qs] and won ($29.50) with a pair of Fours
Seat 6: Philly0813 (button) (small blind) showed [2c 9c] and lost with a pair of Fours


PokerStars Hand #144813520222:  Hold'em Limit ($3/$6 USD) - 2015/12/04 12:19:36 ET
Table 'Fujian' 6-max Seat #6 is the button
Seat 1: SashaYuvelir ($142.28 in chips)
Seat 6: Philly0813 ($115.83 in chips)
Philly0813: posts small blind $1
SashaYuvelir: posts big blind $3
*** HOLE CARDS ***
Philly0813: raises $3 to $6
SashaYuvelir: folds
Uncalled bet ($3) returned to Philly0813
Philly0813 collected $6 from pot
Philly0813: doesn't show hand
*** SUMMARY ***
Total pot $6 | Rake $0
Seat 1: SashaYuvelir (big blind) folded before Flop
Seat 6: Philly0813 (button) (small blind) collected ($6)


PokerStars Hand #144813507905:  Hold'em Limit ($3/$6 USD) - 2015/12/04 12:19:21 ET
Table 'Fujian' 6-max Seat #1 is the button
Seat 1: SashaYuvelir ($136.52 in chips)
Seat 6: Philly0813 ($121.83 in chips)
SashaYuvelir: posts small blind $1
Philly0813: posts big blind $3
*** HOLE CARDS ***
SashaYuvelir: raises $3 to $6
Philly0813: calls $3
*** FLOP *** [Jd Qh Kh]
Philly0813: checks
SashaYuvelir: bets $3
Philly0813: folds
Uncalled bet ($3) returned to SashaYuvelir
SashaYuvelir collected $11.76 from pot
SashaYuvelir: doesn't show hand
*** SUMMARY ***
Total pot $12 | Rake $0.24
Board [Jd Qh Kh]
Seat 1: SashaYuvelir (button) (small blind) collected ($11.76)
Seat 6: Philly0813 (big blind) folded on the Flop


PokerStars Hand #144813501125:  Hold'em Limit ($3/$6 USD) - 2015/12/04 12:19:13 ET
Table 'Fujian' 6-max Seat #6 is the button
Seat 1: SashaYuvelir ($135.52 in chips)
Seat 6: Philly0813 ($122.83 in chips)
Philly0813: posts small blind $1
SashaYuvelir: posts big blind $3
*** HOLE CARDS ***
Philly0813: folds
Uncalled bet ($2) returned to SashaYuvelir
SashaYuvelir collected $2 from pot
*** SUMMARY ***
Total pot $2 | Rake $0
Seat 1: SashaYuvelir (big blind) collected ($2)
Seat 6: Philly0813 (button) (small blind) folded before Flop


PokerStars Hand #144813477091:  Hold'em Limit ($3/$6 USD) - 2015/12/04 12:18:43 ET
Table 'Fujian' 6-max Seat #1 is the button
Seat 1: SashaYuvelir ($129.76 in chips)
Seat 6: Philly0813 ($128.83 in chips)
SashaYuvelir: posts small blind $1
Philly0813: posts big blind $3
*** HOLE CARDS ***
SashaYuvelir: raises $3 to $6
Philly0813: calls $3
*** FLOP *** [3s 2c 6c]
Philly0813: checks
SashaYuvelir: checks
*** TURN *** [3s 2c 6c] [Kh]
Philly0813: checks
SashaYuvelir: bets $6
Philly0813: folds
Uncalled bet ($6) returned to SashaYuvelir
SashaYuvelir collected $11.76 from pot
*** SUMMARY ***
Total pot $12 | Rake $0.24
Board [3s 2c 6c Kh]
Seat 1: SashaYuvelir (button) (small blind) collected ($11.76)
Seat 6: Philly0813 (big blind) folded on the Turn


PokerStars Hand #144813526124:  Hold'em Limit ($3/$6 USD) - 2015/12/04 12:19:44 ET
Table 'Fujian' 6-max Seat #1 is the button
Seat 1: SashaYuvelir ($139.28 in chips)
Seat 6: Philly0813 ($118.83 in chips)
SashaYuvelir: posts small blind $1
Philly0813: posts big blind $3
*** HOLE CARDS ***
SashaYuvelir: raises $3 to $6
Philly0813: folds
Uncalled bet ($3) returned to SashaYuvelir
SashaYuvelir collected $6 from pot
SashaYuvelir: doesn't show hand
*** SUMMARY ***
Total pot $6 | Rake $0
Seat 1: SashaYuvelir (button) (small blind) collected ($6)
Seat 6: Philly0813 (big blind) folded before Flop


PokerStars Hand #144813530060:  Hold'em Limit ($3/$6 USD) - 2015/12/04 12:19:49 ET
Table 'Fujian' 6-max Seat #6 is the button
Seat 1: SashaYuvelir ($142.28 in chips)
Seat 6: Philly0813 ($115.83 in chips)
Philly0813: posts small blind $1
SashaYuvelir: posts big blind $3
*** HOLE CARDS ***
Philly0813: raises $3 to $6
SashaYuvelir: calls $3
*** FLOP *** [6s 5d 4h]
SashaYuvelir: checks
Philly0813: bets $3
SashaYuvelir: raises $3 to $6
Philly0813: calls $3
*** TURN *** [6s 5d 4h] [7d]
SashaYuvelir: bets $6
Philly0813: calls $6
*** RIVER *** [6s 5d 4h 7d] [2d]
SashaYuvelir: bets $6
Philly0813: raises $6 to $12
SashaYuvelir: calls $6
*** SHOW DOWN ***
Philly0813: shows [8c Jc] (a straight, Four to Eight)
SashaYuvelir: mucks hand
Philly0813 collected $59.50 from pot
*** SUMMARY ***
Total pot $60 | Rake $0.50
Board [6s 5d 4h 7d 2d]
Seat 1: SashaYuvelir (big blind) mucked
Seat 6: Philly0813 (button) (small blind) showed [8c Jc] and won ($59.50) with a straight, Four to Eight


PokerStars Hand #144813562581:  Hold'em Limit ($3/$6 USD) - 2015/12/04 12:20:29 ET
Table 'Fujian' 6-max Seat #6 is the button
Seat 1: SashaYuvelir ($127.68 in chips)
Seat 6: Philly0813 ($129.33 in chips)
Philly0813: posts small blind $1
SashaYuvelir: posts big blind $3
*** HOLE CARDS ***
tuni2013 joins the table at seat #2
Philly0813: folds
Uncalled bet ($2) returned to SashaYuvelir
SashaYuvelir collected $2 from pot
SashaYuvelir: doesn't show hand
nikenike777 joins the table at seat #3
*** SUMMARY ***
Total pot $2 | Rake $0
Seat 1: SashaYuvelir (big blind) collected ($2)
Seat 6: Philly0813 (button) (small blind) folded before Flop


PokerStars Hand #144813555582:  Hold'em Limit ($3/$6 USD) - 2015/12/04 12:20:21 ET
Table 'Fujian' 6-max Seat #1 is the button
Seat 1: SashaYuvelir ($121.92 in chips)
Seat 6: Philly0813 ($135.33 in chips)
SashaYuvelir: posts small blind $1
Philly0813: posts big blind $3
*** HOLE CARDS ***
SashaYuvelir: raises $3 to $6
Philly0813: calls $3
*** FLOP *** [3d 5s 5h]
Philly0813: checks
SashaYuvelir: bets $3
Philly0813: folds
Uncalled bet ($3) returned to SashaYuvelir
SashaYuvelir collected $11.76 from pot
SashaYuvelir: doesn't show hand
*** SUMMARY ***
Total pot $12 | Rake $0.24
Board [3d 5s 5h]
Seat 1: SashaYuvelir (button) (small blind) collected ($11.76)
Seat 6: Philly0813 (big blind) folded on the Flop


PokerStars Hand #144813552288:  Hold'em Limit ($3/$6 USD) - 2015/12/04 12:20:17 ET
Table 'Fujian' 6-max Seat #6 is the button
Seat 1: SashaYuvelir ($120.92 in chips)
Seat 6: Philly0813 ($136.33 in chips)
Philly0813: posts small blind $1
SashaYuvelir: posts big blind $3
*** HOLE CARDS ***
Philly0813: folds
Uncalled bet ($2) returned to SashaYuvelir
SashaYuvelir collected $2 from pot
SashaYuvelir: doesn't show hand
*** SUMMARY ***
Total pot $2 | Rake $0
Seat 1: SashaYuvelir (big blind) collected ($2)
Seat 6: Philly0813 (button) (small blind) folded before Flop


PokerStars Hand #144813541295:  Hold'em Limit ($3/$6 USD) - 2015/12/04 12:20:03 ET
Table 'Fujian' 6-max Seat #1 is the button
Seat 1: SashaYuvelir ($112.28 in chips)
Seat 6: Philly0813 ($145.33 in chips)
SashaYuvelir: posts small blind $1
Philly0813: posts big blind $3
*** HOLE CARDS ***
SashaYuvelir: raises $3 to $6
Philly0813: calls $3
*** FLOP *** [8h 2s 3s]
Philly0813: checks
SashaYuvelir: bets $3
Philly0813: calls $3
*** TURN *** [8h 2s 3s] [2h]
Philly0813: checks
SashaYuvelir: checks
*** RIVER *** [8h 2s 3s 2h] [Jc]
Philly0813: checks
SashaYuvelir: bets $6
Philly0813: folds
Uncalled bet ($6) returned to SashaYuvelir
SashaYuvelir collected $17.64 from pot
SashaYuvelir: doesn't show hand
*** SUMMARY ***
Total pot $18 | Rake $0.36
Board [8h 2s 3s 2h Jc]
Seat 1: SashaYuvelir (button) (small blind) collected ($17.64)
Seat 6: Philly0813 (big blind) folded on the River


PokerStars Hand #144818300595:  Hold'em Limit ($3/$6 USD) - 2015/12/04 13:54:56 ET
Table 'Fujian' 6-max Seat #1 is the button
Seat 1: SashaYuvelir ($99.44 in chips)
Seat 3: korrnel ($99 in chips)
SashaYuvelir: posts small blind $1
Chessnok: is sitting out
korrnel: posts big blind $3
*** HOLE CARDS ***
SashaYuvelir: raises $3 to $6
korrnel: calls $3
*** FLOP *** [4c Ad 2s]
korrnel: checks
SashaYuvelir: bets $3
korrnel: raises $3 to $6
SashaYuvelir: calls $3
*** TURN *** [4c Ad 2s] [7d]
korrnel: checks
SashaYuvelir: bets $6
korrnel: calls $6
*** RIVER *** [4c Ad 2s 7d] [Qs]
Chessnok leaves the table
korrnel: checks
SashaYuvelir: bets $6
korrnel: folds
Uncalled bet ($6) returned to SashaYuvelir
SashaYuvelir collected $35.50 from pot
SashaYuvelir: doesn't show hand
*** SUMMARY ***
Total pot $36 | Rake $0.50
Board [4c Ad 2s 7d Qs]
Seat 1: SashaYuvelir (button) (small blind) collected ($35.50)
Seat 3: korrnel (big blind) folded on the River


