PokerStars Hand #157627250988:  Hold'em Limit ($3/$6 USD) - 2016/08/23 2:55:40 ET
Table 'Fujian' 6-max Seat #1 is the button
Seat 1: LifeisagameX ($85 in chips)
Seat 2: MsBjorn ($127.64 in chips)
LifeisagameX: posts small blind $1
MsBjorn: posts big blind $3
*** HOLE CARDS ***
LifeisagameX: raises $3 to $6
MsBjorn: folds
Uncalled bet ($3) returned to LifeisagameX
LifeisagameX collected $6 from pot
LifeisagameX: doesn't show hand
*** SUMMARY ***
Total pot $6 | Rake $0
Seat 1: LifeisagameX (button) (small blind) collected ($6)
Seat 2: MsBjorn (big blind) folded before Flop


PokerStars Hand #157627248046:  Hold'em Limit ($3/$6 USD) - 2016/08/23 2:55:26 ET
Table 'Fujian' 6-max Seat #2 is the button
Seat 1: LifeisagameX ($84 in chips)
Seat 2: MsBjorn ($128.64 in chips)
MsBjorn: posts small blind $1
LifeisagameX: posts big blind $3
*** HOLE CARDS ***
MsBjorn: folds
Uncalled bet ($2) returned to LifeisagameX
LifeisagameX collected $2 from pot
LifeisagameX: doesn't show hand
*** SUMMARY ***
Total pot $2 | Rake $0
Seat 1: LifeisagameX (big blind) collected ($2)
Seat 2: MsBjorn (button) (small blind) folded before Flop


PokerStars Hand #157627233469:  Hold'em Limit ($3/$6 USD) - 2016/08/23 2:54:24 ET
Table 'Fujian' 6-max Seat #1 is the button
Seat 1: LifeisagameX ($84 in chips)
Seat 2: MsBjorn ($120 in chips)
LifeisagameX: posts small blind $1
MsBjorn is connected
MsBjorn: posts big blind $3
*** HOLE CARDS ***
LifeisagameX: raises $3 to $6
MsBjorn: raises $3 to $9
LifeisagameX: calls $3
*** FLOP *** [Js 4d Kc]
MsBjorn: bets $3
LifeisagameX: folds
Uncalled bet ($3) returned to MsBjorn
MsBjorn collected $17.64 from pot
*** SUMMARY ***
Total pot $18 | Rake $0.36
Board [Js 4d Kc]
Seat 1: LifeisagameX (button) (small blind) folded on the Flop
Seat 2: MsBjorn (big blind) collected ($17.64)


PokerStars Hand #157627255532:  Hold'em Limit ($3/$6 USD) - 2016/08/23 2:56:01 ET
Table 'Fujian' 6-max Seat #2 is the button
Seat 1: LifeisagameX ($88 in chips)
Seat 2: MsBjorn ($124.64 in chips)
MsBjorn: posts small blind $1
LifeisagameX: posts big blind $3
*** HOLE CARDS ***
MsBjorn: raises $3 to $6
LifeisagameX: calls $3
*** FLOP *** [9s 8d 8c]
LifeisagameX: checks
MsBjorn: bets $3
LifeisagameX: raises $3 to $6
MsBjorn: calls $3
*** TURN *** [9s 8d 8c] [Js]
LifeisagameX: bets $6
MsBjorn: calls $6
*** RIVER *** [9s 8d 8c Js] [4c]
LifeisagameX: bets $6
MsBjorn: calls $6
*** SHOW DOWN ***
LifeisagameX: shows [6d 8s] (three of a kind, Eights)
MsBjorn: mucks hand
LifeisagameX collected $47.50 from pot
*** SUMMARY ***
Total pot $48 | Rake $0.50
Board [9s 8d 8c Js 4c]
Seat 1: LifeisagameX (big blind) showed [6d 8s] and won ($47.50) with three of a kind, Eights
Seat 2: MsBjorn (button) (small blind) mucked


PokerStars Hand #157627267984:  Hold'em Limit ($3/$6 USD) - 2016/08/23 2:56:59 ET
Table 'Fujian' 6-max Seat #1 is the button
Seat 1: LifeisagameX ($111.50 in chips)
Seat 2: MsBjorn ($100.64 in chips)
LifeisagameX: posts small blind $1
MsBjorn: posts big blind $3
*** HOLE CARDS ***
LifeisagameX: raises $3 to $6
MsBjorn: raises $3 to $9
LifeisagameX: calls $3
*** FLOP *** [3h Kc Ah]
MsBjorn: bets $3
LifeisagameX: folds
Uncalled bet ($3) returned to MsBjorn
MsBjorn collected $17.64 from pot
*** SUMMARY ***
Total pot $18 | Rake $0.36
Board [3h Kc Ah]
Seat 1: LifeisagameX (button) (small blind) folded on the Flop
Seat 2: MsBjorn (big blind) collected ($17.64)


PokerStars Hand #157627272600:  Hold'em Limit ($3/$6 USD) - 2016/08/23 2:57:19 ET
Table 'Fujian' 6-max Seat #2 is the button
Seat 1: LifeisagameX ($102.50 in chips)
Seat 2: MsBjorn ($109.28 in chips)
MsBjorn: posts small blind $1
LifeisagameX: posts big blind $3
*** HOLE CARDS ***
MsBjorn: raises $3 to $6
LifeisagameX: calls $3
*** FLOP *** [7s 6h 4d]
LifeisagameX: checks
MsBjorn: bets $3
LifeisagameX: raises $3 to $6
MsBjorn: calls $3
*** TURN *** [7s 6h 4d] [9s]
LifeisagameX: checks
MsBjorn: bets $6
LifeisagameX: calls $6
*** RIVER *** [7s 6h 4d 9s] [3d]
LifeisagameX: checks
MsBjorn: checks
*** SHOW DOWN ***
LifeisagameX: shows [6d 3c] (two pair, Sixes and Threes)
MsBjorn: mucks hand
LifeisagameX collected $35.50 from pot
*** SUMMARY ***
Total pot $36 | Rake $0.50
Board [7s 6h 4d 9s 3d]
Seat 1: LifeisagameX (big blind) showed [6d 3c] and won ($35.50) with two pair, Sixes and Threes
Seat 2: MsBjorn (button) (small blind) mucked


PokerStars Hand #157627292713:  Hold'em Limit ($3/$6 USD) - 2016/08/23 2:58:51 ET
Table 'Fujian' 6-max Seat #2 is the button
Seat 1: LifeisagameX ($93 in chips)
Seat 2: MsBjorn ($117.78 in chips)
MsBjorn: posts small blind $1
LifeisagameX: posts big blind $3
*** HOLE CARDS ***
MsBjorn: raises $3 to $6
LifeisagameX: folds
Uncalled bet ($3) returned to MsBjorn
MsBjorn collected $6 from pot
*** SUMMARY ***
Total pot $6 | Rake $0
Seat 1: LifeisagameX (big blind) folded before Flop
Seat 2: MsBjorn (button) (small blind) collected ($6)


PokerStars Hand #157627289171:  Hold'em Limit ($3/$6 USD) - 2016/08/23 2:58:35 ET
Table 'Fujian' 6-max Seat #2 is the button
Seat 1: LifeisagameX ($93 in chips)
Seat 2: MsBjorn ($117.78 in chips)
MsBjorn: posts small blind $1
LifeisagameX: posts big blind $3
*** HOLE CARDS ***
MsBjorn: folds
Uncalled bet ($2) returned to LifeisagameX
LifeisagameX collected $2 from pot
LifeisagameX: doesn't show hand
*** SUMMARY ***
Total pot $2 | Rake $0
Seat 1: LifeisagameX (big blind) collected ($2)
Seat 2: MsBjorn (button) (small blind) folded before Flop


PokerStars Hand #157627282347:  Hold'em Limit ($3/$6 USD) - 2016/08/23 2:58:04 ET
Table 'Fujian' 6-max Seat #1 is the button
Seat 1: LifeisagameX ($120 in chips)
Seat 2: MsBjorn ($91.28 in chips)
LifeisagameX: posts small blind $1
MsBjorn: posts big blind $3
*** HOLE CARDS ***
LifeisagameX: raises $3 to $6
MsBjorn: calls $3
*** FLOP *** [Qd Td Kd]
MsBjorn: checks
LifeisagameX: bets $3
MsBjorn: calls $3
*** TURN *** [Qd Td Kd] [3h]
MsBjorn: checks
LifeisagameX: bets $6
MsBjorn: raises $6 to $12
LifeisagameX: calls $6
*** RIVER *** [Qd Td Kd 3h] [8h]
MsBjorn: bets $6
LifeisagameX: calls $6
*** SHOW DOWN ***
MsBjorn: shows [6d 9d] (a flush, King high)
LifeisagameX: mucks hand
MsBjorn collected $53.50 from pot
*** SUMMARY ***
Total pot $54 | Rake $0.50
Board [Qd Td Kd 3h 8h]
Seat 1: LifeisagameX (button) (small blind) mucked
Seat 2: MsBjorn (big blind) showed [6d 9d] and won ($53.50) with a flush, King high


PokerStars Hand #157627291073:  Hold'em Limit ($3/$6 USD) - 2016/08/23 2:58:44 ET
Table 'Fujian' 6-max Seat #1 is the button
Seat 1: LifeisagameX ($94 in chips)
Seat 2: MsBjorn ($116.78 in chips)
LifeisagameX: posts small blind $1
MsBjorn: posts big blind $3
*** HOLE CARDS ***
LifeisagameX: folds
Uncalled bet ($2) returned to MsBjorn
MsBjorn collected $2 from pot
*** SUMMARY ***
Total pot $2 | Rake $0
Seat 1: LifeisagameX (button) (small blind) folded before Flop
Seat 2: MsBjorn (big blind) collected ($2)


PokerStars Hand #157627294505:  Hold'em Limit ($3/$6 USD) - 2016/08/23 2:59:00 ET
Table 'Fujian' 6-max Seat #1 is the button
Seat 1: LifeisagameX ($90 in chips)
Seat 2: MsBjorn ($120.78 in chips)
LifeisagameX: posts small blind $1
MsBjorn: posts big blind $3
*** HOLE CARDS ***
LifeisagameX: raises $3 to $6
MsBjorn: calls $3
*** FLOP *** [6d 3s 9h]
MsBjorn: checks
LifeisagameX: bets $3
MsBjorn: calls $3
*** TURN *** [6d 3s 9h] [4h]
MsBjorn: checks
LifeisagameX: bets $6
MsBjorn: folds
Uncalled bet ($6) returned to LifeisagameX
LifeisagameX collected $17.64 from pot
LifeisagameX: doesn't show hand
*** SUMMARY ***
Total pot $18 | Rake $0.36
Board [6d 3s 9h 4h]
Seat 1: LifeisagameX (button) (small blind) collected ($17.64)
Seat 2: MsBjorn (big blind) folded on the Turn


PokerStars Hand #157627301851:  Hold'em Limit ($3/$6 USD) - 2016/08/23 2:59:33 ET
Table 'Fujian' 6-max Seat #2 is the button
Seat 1: LifeisagameX ($98.64 in chips)
Seat 2: MsBjorn ($111.78 in chips)
MsBjorn: posts small blind $1
LifeisagameX: posts big blind $3
*** HOLE CARDS ***
MsBjorn: raises $3 to $6
LifeisagameX: calls $3
*** FLOP *** [Tc 8c 5h]
LifeisagameX: checks
MsBjorn: bets $3
LifeisagameX: raises $3 to $6
MsBjorn: calls $3
*** TURN *** [Tc 8c 5h] [7c]
LifeisagameX: bets $6
MsBjorn: calls $6
*** RIVER *** [Tc 8c 5h 7c] [Ac]
LifeisagameX: bets $6
MsBjorn: calls $6
*** SHOW DOWN ***
LifeisagameX: shows [Ts 3c] (a flush, Ace high)
MsBjorn: shows [9c 7d] (a flush, Ace high - Nine higher)
MsBjorn collected $47.50 from pot
*** SUMMARY ***
Total pot $48 | Rake $0.50
Board [Tc 8c 5h 7c Ac]
Seat 1: LifeisagameX (big blind) showed [Ts 3c] and lost with a flush, Ace high
Seat 2: MsBjorn (button) (small blind) showed [9c 7d] and won ($47.50) with a flush, Ace high


PokerStars Hand #157627313665:  Hold'em Limit ($3/$6 USD) - 2016/08/23 3:00:25 ET
Table 'Fujian' 6-max Seat #2 is the button
Seat 1: LifeisagameX ($87 in chips)
Seat 2: MsBjorn ($132.28 in chips)
MsBjorn: posts small blind $1
LifeisagameX: posts big blind $3
*** HOLE CARDS ***
MsBjorn: raises $3 to $6
LifeisagameX: calls $3
*** FLOP *** [Ad 4c 2d]
LifeisagameX: checks
MsBjorn: bets $3
LifeisagameX: calls $3
*** TURN *** [Ad 4c 2d] [6s]
LifeisagameX: checks
MsBjorn: checks
*** RIVER *** [Ad 4c 2d 6s] [Th]
LifeisagameX: bets $6
MsBjorn: folds
Uncalled bet ($6) returned to LifeisagameX
LifeisagameX collected $17.64 from pot
LifeisagameX: doesn't show hand
*** SUMMARY ***
Total pot $18 | Rake $0.36
Board [Ad 4c 2d 6s Th]
Seat 1: LifeisagameX (big blind) collected ($17.64)
Seat 2: MsBjorn (button) (small blind) folded on the River


PokerStars Hand #157627324168:  Hold'em Limit ($3/$6 USD) - 2016/08/23 3:01:10 ET
Table 'Fujian' 6-max Seat #2 is the button
Seat 1: LifeisagameX ($94.64 in chips)
Seat 2: MsBjorn ($124.28 in chips)
MsBjorn: posts small blind $1
LifeisagameX: posts big blind $3
*** HOLE CARDS ***
MsBjorn: folds
Uncalled bet ($2) returned to LifeisagameX
LifeisagameX collected $2 from pot
LifeisagameX: doesn't show hand
*** SUMMARY ***
Total pot $2 | Rake $0
Seat 1: LifeisagameX (big blind) collected ($2)
Seat 2: MsBjorn (button) (small blind) folded before Flop


PokerStars Hand #157627322639:  Hold'em Limit ($3/$6 USD) - 2016/08/23 3:01:03 ET
Table 'Fujian' 6-max Seat #1 is the button
Seat 1: LifeisagameX ($95.64 in chips)
Seat 2: MsBjorn ($123.28 in chips)
LifeisagameX: posts small blind $1
MsBjorn: posts big blind $3
*** HOLE CARDS ***
LifeisagameX: folds
Uncalled bet ($2) returned to MsBjorn
MsBjorn collected $2 from pot
*** SUMMARY ***
Total pot $2 | Rake $0
Seat 1: LifeisagameX (button) (small blind) folded before Flop
Seat 2: MsBjorn (big blind) collected ($2)


PokerStars Hand #157627311979:  Hold'em Limit ($3/$6 USD) - 2016/08/23 3:00:18 ET
Table 'Fujian' 6-max Seat #1 is the button
Seat 1: LifeisagameX ($84 in chips)
Seat 2: MsBjorn ($135.28 in chips)
LifeisagameX: posts small blind $1
MsBjorn: posts big blind $3
*** HOLE CARDS ***
LifeisagameX: raises $3 to $6
MsBjorn: folds
Uncalled bet ($3) returned to LifeisagameX
LifeisagameX collected $6 from pot
LifeisagameX: doesn't show hand
*** SUMMARY ***
Total pot $6 | Rake $0
Seat 1: LifeisagameX (button) (small blind) collected ($6)
Seat 2: MsBjorn (big blind) folded before Flop


PokerStars Hand #157627330264:  Hold'em Limit ($3/$6 USD) - 2016/08/23 3:01:35 ET
Table 'Fujian' 6-max Seat #2 is the button
Seat 1: LifeisagameX ($86.64 in chips)
Seat 2: MsBjorn ($131.92 in chips)
MsBjorn: posts small blind $1
LifeisagameX: posts big blind $3
*** HOLE CARDS ***
MsBjorn: raises $3 to $6
LifeisagameX: calls $3
*** FLOP *** [Qs 3c Jc]
LifeisagameX: checks
MsBjorn: bets $3
LifeisagameX: folds
Uncalled bet ($3) returned to MsBjorn
MsBjorn collected $11.76 from pot
*** SUMMARY ***
Total pot $12 | Rake $0.24
Board [Qs 3c Jc]
Seat 1: LifeisagameX (big blind) folded on the Flop
Seat 2: MsBjorn (button) (small blind) collected ($11.76)


PokerStars Hand #157627325387:  Hold'em Limit ($3/$6 USD) - 2016/08/23 3:01:15 ET
Table 'Fujian' 6-max Seat #1 is the button
Seat 1: LifeisagameX ($95.64 in chips)
Seat 2: MsBjorn ($123.28 in chips)
LifeisagameX: posts small blind $1
MsBjorn: posts big blind $3
*** HOLE CARDS ***
LifeisagameX: raises $3 to $6
MsBjorn: raises $3 to $9
LifeisagameX: calls $3
*** FLOP *** [Tc 2d Js]
MsBjorn: bets $3
LifeisagameX: folds
Uncalled bet ($3) returned to MsBjorn
MsBjorn collected $17.64 from pot
*** SUMMARY ***
Total pot $18 | Rake $0.36
Board [Tc 2d Js]
Seat 1: LifeisagameX (button) (small blind) folded on the Flop
Seat 2: MsBjorn (big blind) collected ($17.64)


PokerStars Hand #157627336298:  Hold'em Limit ($3/$6 USD) - 2016/08/23 3:02:00 ET
Table 'Fujian' 6-max Seat #1 is the button
Seat 1: LifeisagameX ($84 in chips)
Seat 2: MsBjorn ($137.68 in chips)
LifeisagameX: posts small blind $1
MsBjorn: posts big blind $3
*** HOLE CARDS ***
LifeisagameX: raises $3 to $6
MsBjorn: calls $3
*** FLOP *** [Qs 6d Jh]
MsBjorn: checks
LifeisagameX: bets $3
MsBjorn: calls $3
*** TURN *** [Qs 6d Jh] [Qc]
MsBjorn: checks
LifeisagameX: bets $6
MsBjorn: raises $6 to $12
LifeisagameX: calls $6
*** RIVER *** [Qs 6d Jh Qc] [8d]
MsBjorn: bets $6
LifeisagameX: calls $6
*** SHOW DOWN ***
MsBjorn: shows [7d Qh] (three of a kind, Queens)
LifeisagameX: mucks hand
MsBjorn collected $53.50 from pot
*** SUMMARY ***
Total pot $54 | Rake $0.50
Board [Qs 6d Jh Qc 8d]
Seat 1: LifeisagameX (button) (small blind) mucked
Seat 2: MsBjorn (big blind) showed [7d Qh] and won ($53.50) with three of a kind, Queens


PokerStars Hand #157627362946:  Hold'em Limit ($3/$6 USD) - 2016/08/23 3:03:47 ET
Table 'Fujian' 6-max Seat #1 is the button
Seat 1: LifeisagameX ($105.50 in chips)
Seat 2: MsBjorn ($142.18 in chips)
LifeisagameX: posts small blind $1
MsBjorn: posts big blind $3
*** HOLE CARDS ***
LifeisagameX: folds
Uncalled bet ($2) returned to MsBjorn
MsBjorn collected $2 from pot
*** SUMMARY ***
Total pot $2 | Rake $0
Seat 1: LifeisagameX (button) (small blind) folded before Flop
Seat 2: MsBjorn (big blind) collected ($2)


PokerStars Hand #157627361535:  Hold'em Limit ($3/$6 USD) - 2016/08/23 3:03:41 ET
Table 'Fujian' 6-max Seat #2 is the button
Seat 1: LifeisagameX ($104.50 in chips)
Seat 2: MsBjorn ($143.18 in chips)
MsBjorn: posts small blind $1
LifeisagameX: posts big blind $3
*** HOLE CARDS ***
MsBjorn: folds
Uncalled bet ($2) returned to LifeisagameX
LifeisagameX collected $2 from pot
LifeisagameX: doesn't show hand
*** SUMMARY ***
Total pot $2 | Rake $0
Seat 1: LifeisagameX (big blind) collected ($2)
Seat 2: MsBjorn (button) (small blind) folded before Flop


PokerStars Hand #157627348522:  Hold'em Limit ($3/$6 USD) - 2016/08/23 3:02:49 ET
Table 'Fujian' 6-max Seat #2 is the button
Seat 1: LifeisagameX ($84 in chips)
Seat 2: MsBjorn ($164.18 in chips)
MsBjorn: posts small blind $1
LifeisagameX: posts big blind $3
*** HOLE CARDS ***
MsBjorn: raises $3 to $6
LifeisagameX: calls $3
*** FLOP *** [6h 3h 8h]
LifeisagameX: checks
MsBjorn: bets $3
LifeisagameX: raises $3 to $6
MsBjorn: calls $3
*** TURN *** [6h 3h 8h] [Qc]
LifeisagameX: bets $6
MsBjorn: calls $6
*** RIVER *** [6h 3h 8h Qc] [5d]
LifeisagameX: bets $6
MsBjorn: folds
Uncalled bet ($6) returned to LifeisagameX
LifeisagameX collected $35.50 from pot
LifeisagameX: doesn't show hand
*** SUMMARY ***
Total pot $36 | Rake $0.50
Board [6h 3h 8h Qc 5d]
Seat 1: LifeisagameX (big blind) collected ($35.50)
Seat 2: MsBjorn (button) (small blind) folded on the River


PokerStars Hand #157627364868:  Hold'em Limit ($3/$6 USD) - 2016/08/23 3:03:54 ET
Table 'Fujian' 6-max Seat #2 is the button
Seat 1: LifeisagameX ($104.50 in chips)
Seat 2: MsBjorn ($143.18 in chips)
MsBjorn: posts small blind $1
LifeisagameX: posts big blind $3
*** HOLE CARDS ***
MsBjorn: folds
Uncalled bet ($2) returned to LifeisagameX
LifeisagameX collected $2 from pot
LifeisagameX: doesn't show hand
*** SUMMARY ***
Total pot $2 | Rake $0
Seat 1: LifeisagameX (big blind) collected ($2)
Seat 2: MsBjorn (button) (small blind) folded before Flop


PokerStars Hand #157627366383:  Hold'em Limit ($3/$6 USD) - 2016/08/23 3:04:00 ET
Table 'Fujian' 6-max Seat #1 is the button
Seat 1: LifeisagameX ($105.50 in chips)
Seat 2: MsBjorn ($142.18 in chips)
LifeisagameX: posts small blind $1
MsBjorn: posts big blind $3
*** HOLE CARDS ***
LifeisagameX: raises $3 to $6
MsBjorn: calls $3
*** FLOP *** [Ad Jd 9h]
MsBjorn: checks
LifeisagameX: bets $3
MsBjorn: calls $3
*** TURN *** [Ad Jd 9h] [9d]
MsBjorn: checks
LifeisagameX: bets $6
MsBjorn: folds
Uncalled bet ($6) returned to LifeisagameX
LifeisagameX collected $17.64 from pot
LifeisagameX: doesn't show hand
*** SUMMARY ***
Total pot $18 | Rake $0.36
Board [Ad Jd 9h 9d]
Seat 1: LifeisagameX (button) (small blind) collected ($17.64)
Seat 2: MsBjorn (big blind) folded on the Turn


PokerStars Hand #157627373727:  Hold'em Limit ($3/$6 USD) - 2016/08/23 3:04:29 ET
Table 'Fujian' 6-max Seat #2 is the button
Seat 1: LifeisagameX ($114.14 in chips)
Seat 2: MsBjorn ($133.18 in chips)
MsBjorn: posts small blind $1
LifeisagameX: posts big blind $3
*** HOLE CARDS ***
MsBjorn: raises $3 to $6
LifeisagameX: calls $3
*** FLOP *** [3d 4s Ad]
LifeisagameX: checks
MsBjorn: bets $3
LifeisagameX: raises $3 to $6
MsBjorn: calls $3
*** TURN *** [3d 4s Ad] [Tc]
LifeisagameX: bets $6
MsBjorn: calls $6
*** RIVER *** [3d 4s Ad Tc] [4d]
LifeisagameX: bets $6
MsBjorn: calls $6
*** SHOW DOWN ***
LifeisagameX: shows [Jc 2d] (a pair of Fours)
MsBjorn: shows [Qd Ts] (two pair, Tens and Fours)
MsBjorn collected $47.50 from pot
*** SUMMARY ***
Total pot $48 | Rake $0.50
Board [3d 4s Ad Tc 4d]
Seat 1: LifeisagameX (big blind) showed [Jc 2d] and lost with a pair of Fours
Seat 2: MsBjorn (button) (small blind) showed [Qd Ts] and won ($47.50) with two pair, Tens and Fours


PokerStars Hand #157627383578:  Hold'em Limit ($3/$6 USD) - 2016/08/23 3:05:08 ET
Table 'Fujian' 6-max Seat #1 is the button
Seat 1: LifeisagameX ($90.14 in chips)
Seat 2: MsBjorn ($156.68 in chips)
LifeisagameX: posts small blind $1
MsBjorn: posts big blind $3
*** HOLE CARDS ***
LifeisagameX: raises $3 to $6
MsBjorn: calls $3
*** FLOP *** [3d 5s 7h]
MsBjorn: checks
LifeisagameX: bets $3
MsBjorn: calls $3
*** TURN *** [3d 5s 7h] [7d]
MsBjorn: checks
LifeisagameX: bets $6
MsBjorn: raises $6 to $12
LifeisagameX: calls $6
*** RIVER *** [3d 5s 7h 7d] [Jc]
MsBjorn: bets $6
LifeisagameX: calls $6
*** SHOW DOWN ***
MsBjorn: shows [3s 7s] (a full house, Sevens full of Threes)
LifeisagameX: mucks hand
MsBjorn collected $53.50 from pot
*** SUMMARY ***
Total pot $54 | Rake $0.50
Board [3d 5s 7h 7d Jc]
Seat 1: LifeisagameX (button) (small blind) mucked
Seat 2: MsBjorn (big blind) showed [3s 7s] and won ($53.50) with a full house, Sevens full of Threes


PokerStars Hand #157627398649:  Hold'em Limit ($3/$6 USD) - 2016/08/23 3:06:08 ET
Table 'Fujian' 6-max Seat #2 is the button
Seat 1: LifeisagameX ($84 in chips)
Seat 2: MsBjorn ($183.18 in chips)
MsBjorn: posts small blind $1
LifeisagameX: posts big blind $3
*** HOLE CARDS ***
MsBjorn: raises $3 to $6
LifeisagameX: calls $3
*** FLOP *** [9d Jc Ah]
LifeisagameX: checks
MsBjorn: bets $3
LifeisagameX: calls $3
*** TURN *** [9d Jc Ah] [Ac]
LifeisagameX: checks
MsBjorn: checks
*** RIVER *** [9d Jc Ah Ac] [3s]
LifeisagameX: bets $6
MsBjorn: folds
Uncalled bet ($6) returned to LifeisagameX
LifeisagameX collected $17.64 from pot
LifeisagameX: doesn't show hand
*** SUMMARY ***
Total pot $18 | Rake $0.36
Board [9d Jc Ah Ac 3s]
Seat 1: LifeisagameX (big blind) collected ($17.64)
Seat 2: MsBjorn (button) (small blind) folded on the River


PokerStars Hand #157627415469:  Hold'em Limit ($3/$6 USD) - 2016/08/23 3:07:15 ET
Table 'Fujian' 6-max Seat #1 is the button
Seat 1: LifeisagameX ($92.64 in chips)
Seat 2: MsBjorn ($174.18 in chips)
LifeisagameX: posts small blind $1
MsBjorn: posts big blind $3
*** HOLE CARDS ***
LifeisagameX: raises $3 to $6
MsBjorn: calls $3
*** FLOP *** [2d 2s 6s]
MsBjorn: checks
LifeisagameX: checks
*** TURN *** [2d 2s 6s] [7s]
MsBjorn: bets $6
LifeisagameX: folds
Uncalled bet ($6) returned to MsBjorn
MsBjorn collected $11.76 from pot
*** SUMMARY ***
Total pot $12 | Rake $0.24
Board [2d 2s 6s 7s]
Seat 1: LifeisagameX (button) (small blind) folded on the Turn
Seat 2: MsBjorn (big blind) collected ($11.76)


PokerStars Hand #157627425484:  Hold'em Limit ($3/$6 USD) - 2016/08/23 3:07:55 ET
Table 'Fujian' 6-max Seat #2 is the button
Seat 1: LifeisagameX ($86.64 in chips)
Seat 2: MsBjorn ($179.94 in chips)
MsBjorn: posts small blind $1
LifeisagameX: posts big blind $3
*** HOLE CARDS ***
MsBjorn: raises $3 to $6
LifeisagameX: calls $3
*** FLOP *** [5s 9h 9c]
Agrotait joins the table at seat #3
LifeisagameX: checks
MsBjorn: bets $3
LifeisagameX: raises $3 to $6
MsBjorn: calls $3
*** TURN *** [5s 9h 9c] [Ah]
LifeisagameX: bets $6
MsBjorn: calls $6
*** RIVER *** [5s 9h 9c Ah] [Jc]
LifeisagameX: bets $6
MsBjorn: calls $6
*** SHOW DOWN ***
LifeisagameX: shows [Jd As] (two pair, Aces and Jacks)
MsBjorn: mucks hand
FabronxRJ joins the table at seat #4
LifeisagameX collected $47.50 from pot
*** SUMMARY ***
Total pot $48 | Rake $0.50
Board [5s 9h 9c Ah Jc]
Seat 1: LifeisagameX (big blind) showed [Jd As] and won ($47.50) with two pair, Aces and Jacks
Seat 2: MsBjorn (button) (small blind) mucked


PokerStars Hand #157627439743:  Hold'em Limit ($3/$6 USD) - 2016/08/23 3:08:51 ET
Table 'Fujian' 6-max Seat #1 is the button
Seat 1: LifeisagameX ($110.14 in chips)
Seat 2: MsBjorn ($155.94 in chips)
LifeisagameX: posts small blind $1
MsBjorn: posts big blind $3
*** HOLE CARDS ***
LifeisagameX: raises $3 to $6
MsBjorn: calls $3
*** FLOP *** [Ks 7d 2h]
MsBjorn: checks
LifeisagameX: bets $3
MsBjorn: calls $3
*** TURN *** [Ks 7d 2h] [6s]
MsBjorn: checks
LifeisagameX: bets $6
MsBjorn: folds
Uncalled bet ($6) returned to LifeisagameX
LifeisagameX collected $17.64 from pot
LifeisagameX: doesn't show hand
*** SUMMARY ***
Total pot $18 | Rake $0.36
Board [Ks 7d 2h 6s]
Seat 1: LifeisagameX (button) (small blind) collected ($17.64)
Seat 2: MsBjorn (big blind) folded on the Turn


