PokerStars Hand #152939505510:  Hold'em Limit ($3/$6 USD) - 2016/05/06 14:15:14 ET
Table 'Fulvia' 6-max Seat #5 is the button
Seat 5: Krazy90 ($212.86 in chips)
Seat 6: criscos09 ($194.98 in chips)
Krazy90: posts small blind $1
criscos09: posts big blind $3
*** HOLE CARDS ***
Krazy90: raises $3 to $6
criscos09: calls $3
*** FLOP *** [Ah 7s Js]
criscos09: checks
Krazy90: bets $3
conanboy joins the table at seat #4
criscos09: calls $3
*** TURN *** [Ah 7s Js] [Ts]
criscos09: checks
Krazy90: checks
*** RIVER *** [Ah 7s Js Ts] [2h]
criscos09: bets $6
Krazy90: raises $6 to $12
criscos09: calls $6
*** SHOW DOWN ***
Krazy90: shows [2s 2d] (three of a kind, Deuces)
criscos09: mucks hand
Krazy90 collected $41.50 from pot
*** SUMMARY ***
Total pot $42 | Rake $0.50
Board [Ah 7s Js Ts 2h]
Seat 5: Krazy90 (button) (small blind) showed [2s 2d] and won ($41.50) with three of a kind, Deuces
Seat 6: criscos09 (big blind) mucked


PokerStars Hand #152939485734:  Hold'em Limit ($3/$6 USD) - 2016/05/06 14:14:48 ET
Table 'Fulvia' 6-max Seat #6 is the button
Seat 5: Krazy90 ($201.34 in chips)
Seat 6: criscos09 ($206.98 in chips)
criscos09: posts small blind $1
samurai.ru: is sitting out
vestimokrec: is sitting out
Krazy90: posts big blind $3
*** HOLE CARDS ***
vestimokrec leaves the table
criscos09: raises $3 to $6
Krazy90: calls $3
*** FLOP *** [Jd 8d 7s]
Krazy90: checks
criscos09: checks
*** TURN *** [Jd 8d 7s] [2d]
Krazy90: bets $6
criscos09: calls $6
*** RIVER *** [Jd 8d 7s 2d] [Qc]
Krazy90: checks
criscos09: checks
*** SHOW DOWN ***
Krazy90: shows [5h 5d] (a pair of Fives)
criscos09: mucks hand
Krazy90 collected $23.52 from pot
*** SUMMARY ***
Total pot $24 | Rake $0.48
Board [Jd 8d 7s 2d Qc]
Seat 5: Krazy90 (big blind) showed [5h 5d] and won ($23.52) with a pair of Fives
Seat 6: criscos09 (button) (small blind) mucked


PokerStars Hand #152939538359:  Hold'em Limit ($3/$6 USD) - 2016/05/06 14:15:59 ET
Table 'Fulvia' 6-max Seat #5 is the button
Seat 4: conanboy ($119 in chips)
Seat 5: Krazy90 ($234.36 in chips)
Krazy90: posts small blind $1
conanboy: posts big blind $3
*** HOLE CARDS ***
Krazy90: calls $2
conanboy: raises $3 to $6
Krazy90: calls $3
*** FLOP *** [6d 9h 5s]
conanboy: bets $3
Krazy90: calls $3
*** TURN *** [6d 9h 5s] [Qh]
conanboy: bets $6
Krazy90: raises $6 to $12
conanboy: calls $6
*** RIVER *** [6d 9h 5s Qh] [Jc]
conanboy: checks
Krazy90: bets $6
conanboy: folds
Uncalled bet ($6) returned to Krazy90
Krazy90 collected $41.50 from pot
Krazy90: doesn't show hand
*** SUMMARY ***
Total pot $42 | Rake $0.50
Board [6d 9h 5s Qh Jc]
Seat 4: conanboy (big blind) folded on the River
Seat 5: Krazy90 (button) (small blind) collected ($41.50)


PokerStars Hand #152939533866:  Hold'em Limit ($3/$6 USD) - 2016/05/06 14:15:53 ET
Table 'Fulvia' 6-max Seat #4 is the button
Seat 4: conanboy ($120 in chips)
Seat 5: Krazy90 ($233.36 in chips)
conanboy: posts small blind $1
Krazy90: posts big blind $3
*** HOLE CARDS ***
conanboy: folds
Uncalled bet ($2) returned to Krazy90
Krazy90 collected $2 from pot
Krazy90: doesn't show hand
*** SUMMARY ***
Total pot $2 | Rake $0
Seat 4: conanboy (button) (small blind) folded before Flop
Seat 5: Krazy90 (big blind) collected ($2)


PokerStars Hand #152940720703:  Hold'em Limit ($3/$6 USD) - 2016/05/06 14:42:36 ET
Table 'Fulvia' 6-max Seat #1 is the button
Seat 1: Mr. X1825 ($112.82 in chips)
Seat 6: ZinZar ($83.48 in chips)
Mr. X1825: posts small blind $1
samurai.ru: is sitting out
$polu4atel*$: is sitting out
ZinZar: posts big blind $3
*** HOLE CARDS ***
$polu4atel*$ leaves the table
Mr. X1825: folds
Uncalled bet ($2) returned to ZinZar
ZinZar collected $2 from pot
ZinZar: doesn't show hand
*** SUMMARY ***
Total pot $2 | Rake $0
Seat 1: Mr. X1825 (button) (small blind) folded before Flop
Seat 6: ZinZar (big blind) collected ($2)


PokerStars Hand #152942872912:  Hold'em Limit ($3/$6 USD) - 2016/05/06 15:27:53 ET
Table 'Fulvia' 6-max Seat #4 is the button
Seat 3: Vampo U ($86.10 in chips)
Seat 4: ZinZar ($73 in chips)
ZinZar: posts small blind $1
krossguard: is sitting out
Vampo U: posts big blind $3
*** HOLE CARDS ***
ZinZar: raises $3 to $6
Vampo U: calls $3
*** FLOP *** [8c 7d 9d]
krossguard leaves the table
Vampo U: checks
ZinZar: bets $3
Vampo U: calls $3
*** TURN *** [8c 7d 9d] [4h]
Vampo U: checks
ZinZar: bets $6
Vampo U: raises $6 to $12
ZinZar: folds
Uncalled bet ($6) returned to Vampo U
Vampo U collected $29.50 from pot
Vampo U: doesn't show hand
*** SUMMARY ***
Total pot $30 | Rake $0.50
Board [8c 7d 9d 4h]
Seat 3: Vampo U (big blind) collected ($29.50)
Seat 4: ZinZar (button) (small blind) folded on the Turn


PokerStars Hand #152944418540:  Hold'em Limit ($3/$6 USD) - 2016/05/06 15:58:04 ET
Table 'Fulvia' 6-max Seat #4 is the button
Seat 4: hairy1961 ($25 in chips)
Seat 5: Tryptamean ($154.50 in chips)
hairy1961: posts small blind $1
Tryptamean: posts big blind $3
*** HOLE CARDS ***
hairy1961: raises $3 to $6
Tryptamean: calls $3
*** FLOP *** [6c Kc 2h]
Tryptamean: checks
hairy1961: bets $3
Tryptamean: folds
Uncalled bet ($3) returned to hairy1961
hairy1961 collected $11.76 from pot
*** SUMMARY ***
Total pot $12 | Rake $0.24
Board [6c Kc 2h]
Seat 4: hairy1961 (button) (small blind) collected ($11.76)
Seat 5: Tryptamean (big blind) folded on the Flop


PokerStars Hand #152944433203:  Hold'em Limit ($3/$6 USD) - 2016/05/06 15:58:27 ET
Table 'Fulvia' 6-max Seat #5 is the button
Seat 4: hairy1961 ($30.76 in chips)
Seat 5: Tryptamean ($148.50 in chips)
Tryptamean: posts small blind $1
hairy1961: posts big blind $3
*** HOLE CARDS ***
Tryptamean: folds
Uncalled bet ($2) returned to hairy1961
hairy1961 collected $2 from pot
*** SUMMARY ***
Total pot $2 | Rake $0
Seat 4: hairy1961 (big blind) collected ($2)
Seat 5: Tryptamean (button) (small blind) folded before Flop


PokerStars Hand #152944413665:  Hold'em Limit ($3/$6 USD) - 2016/05/06 15:57:57 ET
Table 'Fulvia' 6-max Seat #5 is the button
Seat 4: hairy1961 ($28 in chips)
Seat 5: Tryptamean ($151.50 in chips)
Tryptamean: posts small blind $1
hairy1961: posts big blind $3
*** HOLE CARDS ***
Tryptamean: raises $3 to $6
hairy1961: folds
Uncalled bet ($3) returned to Tryptamean
Tryptamean collected $6 from pot
Tryptamean: doesn't show hand
*** SUMMARY ***
Total pot $6 | Rake $0
Seat 4: hairy1961 (big blind) folded before Flop
Seat 5: Tryptamean (button) (small blind) collected ($6)


PokerStars Hand #152944381510:  Hold'em Limit ($3/$6 USD) - 2016/05/06 15:57:08 ET
Table 'Fulvia' 6-max Seat #5 is the button
Seat 4: hairy1961 ($59 in chips)
Seat 5: Tryptamean ($121 in chips)
Tryptamean: posts small blind $1
hairy1961: posts big blind $3
*** HOLE CARDS ***
Tryptamean: raises $3 to $6
hairy1961: raises $3 to $9
Tryptamean: calls $3
*** FLOP *** [Kd 9h 8h]
hairy1961: bets $3
Tryptamean: calls $3
*** TURN *** [Kd 9h 8h] [7d]
hairy1961: bets $6
Tryptamean: raises $6 to $12
hairy1961: calls $6
*** RIVER *** [Kd 9h 8h 7d] [Js]
hairy1961: checks
Tryptamean: bets $6
hairy1961: calls $6
*** SHOW DOWN ***
Tryptamean: shows [Kc Jd] (two pair, Kings and Jacks)
hairy1961: mucks hand
Tryptamean collected $59.50 from pot
*** SUMMARY ***
Total pot $60 | Rake $0.50
Board [Kd 9h 8h 7d Js]
Seat 4: hairy1961 (big blind) mucked
Seat 5: Tryptamean (button) (small blind) showed [Kc Jd] and won ($59.50) with two pair, Kings and Jacks


PokerStars Hand #152944455111:  Hold'em Limit ($3/$6 USD) - 2016/05/06 15:59:00 ET
Table 'Fulvia' 6-max Seat #5 is the button
Seat 4: hairy1961 ($46.26 in chips)
Seat 5: Tryptamean ($132.50 in chips)
Tryptamean: posts small blind $1
hairy1961: posts big blind $3
*** HOLE CARDS ***
Tryptamean: raises $3 to $6
hairy1961: folds
Uncalled bet ($3) returned to Tryptamean
Tryptamean collected $6 from pot
Tryptamean: doesn't show hand
*** SUMMARY ***
Total pot $6 | Rake $0
Seat 4: hairy1961 (big blind) folded before Flop
Seat 5: Tryptamean (button) (small blind) collected ($6)


PokerStars Hand #152944436913:  Hold'em Limit ($3/$6 USD) - 2016/05/06 15:58:32 ET
Table 'Fulvia' 6-max Seat #4 is the button
Seat 4: hairy1961 ($31.76 in chips)
Seat 5: Tryptamean ($147.50 in chips)
hairy1961: posts small blind $1
Tryptamean: posts big blind $3
*** HOLE CARDS ***
hairy1961: raises $3 to $6
Tryptamean: calls $3
*** FLOP *** [Kc Ac 7s]
Tryptamean: checks
hairy1961: bets $3
Tryptamean: calls $3
*** TURN *** [Kc Ac 7s] [8h]
Tryptamean: checks
hairy1961: bets $6
Tryptamean: calls $6
*** RIVER *** [Kc Ac 7s 8h] [Th]
Tryptamean: checks
hairy1961: checks
*** SHOW DOWN ***
Tryptamean: shows [Jd 7c] (a pair of Sevens)
hairy1961: shows [Js Kd] (a pair of Kings)
hairy1961 collected $29.50 from pot
*** SUMMARY ***
Total pot $30 | Rake $0.50
Board [Kc Ac 7s 8h Th]
Seat 4: hairy1961 (button) (small blind) showed [Js Kd] and won ($29.50) with a pair of Kings
Seat 5: Tryptamean (big blind) showed [Jd 7c] and lost with a pair of Sevens


PokerStars Hand #152944502671:  Hold'em Limit ($3/$6 USD) - 2016/05/06 16:00:12 ET
Table 'Fulvia' 6-max Seat #4 is the button
Seat 4: hairy1961 ($75.40 in chips)
Seat 5: Tryptamean ($102.50 in chips)
hairy1961: posts small blind $1
Tryptamean: posts big blind $3
*** HOLE CARDS ***
hairy1961: folds
Uncalled bet ($2) returned to Tryptamean
Tryptamean collected $2 from pot
Tryptamean: doesn't show hand
*** SUMMARY ***
Total pot $2 | Rake $0
Seat 4: hairy1961 (button) (small blind) folded before Flop
Seat 5: Tryptamean (big blind) collected ($2)


PokerStars Hand #152944483301:  Hold'em Limit ($3/$6 USD) - 2016/05/06 15:59:43 ET
Table 'Fulvia' 6-max Seat #5 is the button
Seat 4: hairy1961 ($51.90 in chips)
Seat 5: Tryptamean ($126.50 in chips)
Tryptamean: posts small blind $1
hairy1961: posts big blind $3
*** HOLE CARDS ***
Tryptamean: raises $3 to $6
hairy1961: raises $3 to $9
Tryptamean: calls $3
*** FLOP *** [2c 6s 2h]
hairy1961: bets $3
Tryptamean: calls $3
*** TURN *** [2c 6s 2h] [3d]
hairy1961: bets $6
Tryptamean: calls $6
*** RIVER *** [2c 6s 2h 3d] [4s]
hairy1961: checks
Tryptamean: bets $6
hairy1961: calls $6
*** SHOW DOWN ***
Tryptamean: shows [4h Ks] (two pair, Fours and Deuces)
hairy1961: shows [7c 7d] (two pair, Sevens and Deuces)
hairy1961 collected $47.50 from pot
*** SUMMARY ***
Total pot $48 | Rake $0.50
Board [2c 6s 2h 3d 4s]
Seat 4: hairy1961 (big blind) showed [7c 7d] and won ($47.50) with two pair, Sevens and Deuces
Seat 5: Tryptamean (button) (small blind) showed [4h Ks] and lost with two pair, Fours and Deuces


PokerStars Hand #152944512736:  Hold'em Limit ($3/$6 USD) - 2016/05/06 16:00:27 ET
Table 'Fulvia' 6-max Seat #4 is the button
Seat 4: hairy1961 ($71.40 in chips)
Seat 5: Tryptamean ($106.50 in chips)
hairy1961: posts small blind $1
Tryptamean: posts big blind $3
*** HOLE CARDS ***
hairy1961: folds
Uncalled bet ($2) returned to Tryptamean
Tryptamean collected $2 from pot
Tryptamean: doesn't show hand
*** SUMMARY ***
Total pot $2 | Rake $0
Seat 4: hairy1961 (button) (small blind) folded before Flop
Seat 5: Tryptamean (big blind) collected ($2)


PokerStars Hand #152944459889:  Hold'em Limit ($3/$6 USD) - 2016/05/06 15:59:07 ET
Table 'Fulvia' 6-max Seat #4 is the button
Seat 4: hairy1961 ($43.26 in chips)
Seat 5: Tryptamean ($135.50 in chips)
hairy1961: posts small blind $1
Tryptamean: posts big blind $3
*** HOLE CARDS ***
hairy1961: raises $3 to $6
Tryptamean: calls $3
*** FLOP *** [Ts Td 6d]
Tryptamean: checks
hairy1961: bets $3
Tryptamean: calls $3
*** TURN *** [Ts Td 6d] [Jc]
Tryptamean: checks
hairy1961: bets $6
Tryptamean: folds
Uncalled bet ($6) returned to hairy1961
hairy1961 collected $17.64 from pot
*** SUMMARY ***
Total pot $18 | Rake $0.36
Board [Ts Td 6d Jc]
Seat 4: hairy1961 (button) (small blind) collected ($17.64)
Seat 5: Tryptamean (big blind) folded on the Turn


PokerStars Hand #152944506673:  Hold'em Limit ($3/$6 USD) - 2016/05/06 16:00:18 ET
Table 'Fulvia' 6-max Seat #5 is the button
Seat 4: hairy1961 ($74.40 in chips)
Seat 5: Tryptamean ($103.50 in chips)
Tryptamean: posts small blind $1
hairy1961: posts big blind $3
*** HOLE CARDS ***
Tryptamean: raises $3 to $6
hairy1961: folds
Uncalled bet ($3) returned to Tryptamean
Tryptamean collected $6 from pot
Azrarn joins the table at seat #6
Tryptamean: doesn't show hand
*** SUMMARY ***
Total pot $6 | Rake $0
Seat 4: hairy1961 (big blind) folded before Flop
Seat 5: Tryptamean (button) (small blind) collected ($6)


PokerStars Hand #152944688612:  Hold'em Limit ($3/$6 USD) - 2016/05/06 16:04:07 ET
Table 'Fulvia' 6-max Seat #6 is the button
Seat 5: Tryptamean ($107.85 in chips)
Seat 6: Azrarn ($109.86 in chips)
Azrarn: posts small blind $1
hairy1961: is sitting out
Tryptamean: posts big blind $3
*** HOLE CARDS ***
Azrarn: raises $3 to $6
Tryptamean: calls $3
*** FLOP *** [9c 8h 3h]
Tryptamean: checks
Azrarn: bets $3
Tryptamean: raises $3 to $6
Azrarn: calls $3
*** TURN *** [9c 8h 3h] [6c]
Tryptamean: bets $6
Azrarn: calls $6
*** RIVER *** [9c 8h 3h 6c] [Tc]
Tryptamean: bets $6
Azrarn: calls $6
*** SHOW DOWN ***
Tryptamean: shows [9d 7c] (a straight, Six to Ten)
Azrarn: mucks hand
Tryptamean collected $47.50 from pot
*** SUMMARY ***
Total pot $48 | Rake $0.50
Board [9c 8h 3h 6c Tc]
Seat 5: Tryptamean (big blind) showed [9d 7c] and won ($47.50) with a straight, Six to Ten
Seat 6: Azrarn (button) (small blind) mucked


