PokerStars Hand #159532160807:  Hold'em Limit ($3/$6 USD) - 2016/10/05 19:07:57 ET
Table 'Fulvia' 6-max Seat #4 is the button
Seat 4: Actionni13 ($151 in chips)
Seat 5: hairy1961 ($49 in chips)
Actionni13: posts small blind $1
hairy1961: posts big blind $3
*** HOLE CARDS ***
Actionni13: raises $3 to $6
hairy1961: calls $3
*** FLOP *** [Qh 6c 8c]
hairy1961: checks
Actionni13: bets $3
hairy1961: raises $3 to $6
Actionni13: calls $3
*** TURN *** [Qh 6c 8c] [2h]
hairy1961: bets $6
Actionni13: calls $6
*** RIVER *** [Qh 6c 8c 2h] [7c]
hairy1961: bets $6
Actionni13: folds
Uncalled bet ($6) returned to hairy1961
hairy1961 collected $35.50 from pot
*** SUMMARY ***
Total pot $36 | Rake $0.50
Board [Qh 6c 8c 2h 7c]
Seat 4: Actionni13 (button) (small blind) folded on the River
Seat 5: hairy1961 (big blind) collected ($35.50)


PokerStars Hand #159532177714:  Hold'em Limit ($3/$6 USD) - 2016/10/05 19:08:27 ET
Table 'Fulvia' 6-max Seat #5 is the button
Seat 4: Actionni13 ($150 in chips)
Seat 5: hairy1961 ($66.50 in chips)
hairy1961: posts small blind $1
Actionni13: posts big blind $3
*** HOLE CARDS ***
hairy1961: folds
Uncalled bet ($2) returned to Actionni13
Actionni13 collected $2 from pot
Actionni13: doesn't show hand
*** SUMMARY ***
Total pot $2 | Rake $0
Seat 4: Actionni13 (big blind) collected ($2)
Seat 5: hairy1961 (button) (small blind) folded before Flop


PokerStars Hand #159532156945:  Hold'em Limit ($3/$6 USD) - 2016/10/05 19:07:51 ET
Table 'Fulvia' 6-max Seat #5 is the button
Seat 4: Actionni13 ($154 in chips)
Seat 5: hairy1961 ($46 in chips)
hairy1961: posts small blind $1
Actionni13: posts big blind $3
*** HOLE CARDS ***
hairy1961: raises $3 to $6
Actionni13: folds
Uncalled bet ($3) returned to hairy1961
hairy1961 collected $6 from pot
*** SUMMARY ***
Total pot $6 | Rake $0
Seat 4: Actionni13 (big blind) folded before Flop
Seat 5: hairy1961 (button) (small blind) collected ($6)


PokerStars Hand #159532180836:  Hold'em Limit ($3/$6 USD) - 2016/10/05 19:08:32 ET
Table 'Fulvia' 6-max Seat #4 is the button
Seat 4: Actionni13 ($151 in chips)
Seat 5: hairy1961 ($65.50 in chips)
Actionni13: posts small blind $1
hairy1961: posts big blind $3
*** HOLE CARDS ***
Actionni13: raises $3 to $6
hairy1961: folds
Uncalled bet ($3) returned to Actionni13
Actionni13 collected $6 from pot
Actionni13: doesn't show hand
*** SUMMARY ***
Total pot $6 | Rake $0
Seat 4: Actionni13 (button) (small blind) collected ($6)
Seat 5: hairy1961 (big blind) folded before Flop


PokerStars Hand #159532185013:  Hold'em Limit ($3/$6 USD) - 2016/10/05 19:08:39 ET
Table 'Fulvia' 6-max Seat #5 is the button
Seat 4: Actionni13 ($154 in chips)
Seat 5: hairy1961 ($62.50 in chips)
hairy1961: posts small blind $1
Actionni13: posts big blind $3
*** HOLE CARDS ***
hairy1961: raises $3 to $6
Actionni13: raises $3 to $9
hairy1961: calls $3
*** FLOP *** [Ks Kd 9c]
Actionni13: bets $3
hairy1961: raises $3 to $6
ToDaFelt joins the table at seat #6
Actionni13: calls $3
*** TURN *** [Ks Kd 9c] [Js]
Actionni13: checks
hairy1961: checks
*** RIVER *** [Ks Kd 9c Js] [2d]
Actionni13: checks
hairy1961: checks
*** SHOW DOWN ***
Actionni13: shows [8d 8s] (two pair, Kings and Eights)
hairy1961: mucks hand
Actionni13 collected $29.50 from pot
eldanis joins the table at seat #3
*** SUMMARY ***
Total pot $30 | Rake $0.50
Board [Ks Kd 9c Js 2d]
Seat 4: Actionni13 (big blind) showed [8d 8s] and won ($29.50) with two pair, Kings and Eights
Seat 5: hairy1961 (button) (small blind) mucked


PokerStars Hand #159532208881:  Hold'em Limit ($3/$6 USD) - 2016/10/05 19:09:21 ET
Table 'Fulvia' 6-max Seat #4 is the button
Seat 4: Actionni13 ($168.50 in chips)
Seat 5: hairy1961 ($47.50 in chips)
Actionni13: posts small blind $1
hairy1961: posts big blind $3
*** HOLE CARDS ***
Actionni13: raises $3 to $6
hairy1961: calls $3
*** FLOP *** [Ah 6h 8c]
hairy1961: checks
Actionni13: bets $3
hairy1961: calls $3
*** TURN *** [Ah 6h 8c] [4d]
hairy1961: checks
Actionni13: checks
*** RIVER *** [Ah 6h 8c 4d] [4h]
hairy1961: bets $6
Actionni13: calls $6
*** SHOW DOWN ***
hairy1961: shows [Tc 7c] (a pair of Fours)
Actionni13: shows [6c 5h] (two pair, Sixes and Fours)
Actionni13 collected $29.50 from pot
*** SUMMARY ***
Total pot $30 | Rake $0.50
Board [Ah 6h 8c 4d 4h]
Seat 4: Actionni13 (button) (small blind) showed [6c 5h] and won ($29.50) with two pair, Sixes and Fours
Seat 5: hairy1961 (big blind) showed [Tc 7c] and lost with a pair of Fours


