PokerStars Hand #149642438102:  Hold'em Limit ($3/$6 USD) - 2016/02/29 18:59:25 ET
Table 'Fulvia' 6-max Seat #6 is the button
Seat 4: BuzovaPro ($84 in chips)
Seat 6: HAOYUN88888 ($120.50 in chips)
HAOYUN88888: posts small blind $1
BuzovaPro: posts big blind $3
*** HOLE CARDS ***
HAOYUN88888: raises $3 to $6
BuzovaPro: raises $3 to $9
HAOYUN88888: calls $3
*** FLOP *** [3c Qc 3h]
BuzovaPro: bets $3
HAOYUN88888: calls $3
*** TURN *** [3c Qc 3h] [Jc]
BuzovaPro: bets $6
HAOYUN88888: calls $6
*** RIVER *** [3c Qc 3h Jc] [5d]
BuzovaPro: checks
HAOYUN88888: checks
*** SHOW DOWN ***
BuzovaPro: shows [9d Ad] (a pair of Threes)
HAOYUN88888: shows [9c Ah] (a pair of Threes)
BuzovaPro collected $17.75 from pot
HAOYUN88888 collected $17.75 from pot
*** SUMMARY ***
Total pot $36 | Rake $0.50
Board [3c Qc 3h Jc 5d]
Seat 4: BuzovaPro (big blind) showed [9d Ad] and won ($17.75) with a pair of Threes
Seat 6: HAOYUN88888 (button) (small blind) showed [9c Ah] and won ($17.75) with a pair of Threes


PokerStars Hand #149642433658:  Hold'em Limit ($3/$6 USD) - 2016/02/29 18:59:18 ET
Table 'Fulvia' 6-max Seat #4 is the button
Seat 4: BuzovaPro ($81 in chips)
Seat 6: HAOYUN88888 ($123.50 in chips)
BuzovaPro: posts small blind $1
HAOYUN88888: posts big blind $3
*** HOLE CARDS ***
BuzovaPro: raises $3 to $6
HAOYUN88888: folds
Uncalled bet ($3) returned to BuzovaPro
BuzovaPro collected $6 from pot
BuzovaPro: doesn't show hand
*** SUMMARY ***
Total pot $6 | Rake $0
Seat 4: BuzovaPro (button) (small blind) collected ($6)
Seat 6: HAOYUN88888 (big blind) folded before Flop


PokerStars Hand #149642430519:  Hold'em Limit ($3/$6 USD) - 2016/02/29 18:59:12 ET
Table 'Fulvia' 6-max Seat #6 is the button
Seat 4: BuzovaPro ($80 in chips)
Seat 6: HAOYUN88888 ($124.50 in chips)
HAOYUN88888: posts small blind $1
BuzovaPro: posts big blind $3
*** HOLE CARDS ***
HAOYUN88888: folds
Uncalled bet ($2) returned to BuzovaPro
BuzovaPro collected $2 from pot
BuzovaPro: doesn't show hand
*** SUMMARY ***
Total pot $2 | Rake $0
Seat 4: BuzovaPro (big blind) collected ($2)
Seat 6: HAOYUN88888 (button) (small blind) folded before Flop


PokerStars Hand #149642425476:  Hold'em Limit ($3/$6 USD) - 2016/02/29 18:59:04 ET
Table 'Fulvia' 6-max Seat #4 is the button
Seat 4: BuzovaPro ($81 in chips)
Seat 6: HAOYUN88888 ($123.50 in chips)
BuzovaPro: posts small blind $1
HAOYUN88888: posts big blind $3
*** HOLE CARDS ***
BuzovaPro: folds
Uncalled bet ($2) returned to HAOYUN88888
HAOYUN88888 collected $2 from pot
HAOYUN88888: doesn't show hand
*** SUMMARY ***
Total pot $2 | Rake $0
Seat 4: BuzovaPro (button) (small blind) folded before Flop
Seat 6: HAOYUN88888 (big blind) collected ($2)


PokerStars Hand #149642421762:  Hold'em Limit ($3/$6 USD) - 2016/02/29 18:58:58 ET
Table 'Fulvia' 6-max Seat #6 is the button
Seat 4: BuzovaPro ($80 in chips)
Seat 6: HAOYUN88888 ($124.50 in chips)
HAOYUN88888: posts small blind $1
BuzovaPro: posts big blind $3
*** HOLE CARDS ***
HAOYUN88888: folds
Uncalled bet ($2) returned to BuzovaPro
BuzovaPro collected $2 from pot
BuzovaPro: doesn't show hand
*** SUMMARY ***
Total pot $2 | Rake $0
Seat 4: BuzovaPro (big blind) collected ($2)
Seat 6: HAOYUN88888 (button) (small blind) folded before Flop


PokerStars Hand #149642416349:  Hold'em Limit ($3/$6 USD) - 2016/02/29 18:58:49 ET
Table 'Fulvia' 6-max Seat #4 is the button
Seat 4: BuzovaPro ($77 in chips)
Seat 6: HAOYUN88888 ($127.50 in chips)
BuzovaPro: posts small blind $1
HAOYUN88888: posts big blind $3
*** HOLE CARDS ***
BuzovaPro: raises $3 to $6
HAOYUN88888: folds
Uncalled bet ($3) returned to BuzovaPro
BuzovaPro collected $6 from pot
BuzovaPro: doesn't show hand
*** SUMMARY ***
Total pot $6 | Rake $0
Seat 4: BuzovaPro (button) (small blind) collected ($6)
Seat 6: HAOYUN88888 (big blind) folded before Flop


PokerStars Hand #149642480549:  Hold'em Limit ($3/$6 USD) - 2016/02/29 19:00:34 ET
Table 'Fulvia' 6-max Seat #4 is the button
Seat 4: BuzovaPro ($72 in chips)
Seat 6: HAOYUN88888 ($164.25 in chips)
BuzovaPro: posts small blind $1
HAOYUN88888: posts big blind $3
*** HOLE CARDS ***
BuzovaPro: raises $3 to $6
HAOYUN88888: folds
Uncalled bet ($3) returned to BuzovaPro
BuzovaPro collected $6 from pot
BuzovaPro: doesn't show hand
*** SUMMARY ***
Total pot $6 | Rake $0
Seat 4: BuzovaPro (button) (small blind) collected ($6)
Seat 6: HAOYUN88888 (big blind) folded before Flop


PokerStars Hand #149642468110:  Hold'em Limit ($3/$6 USD) - 2016/02/29 19:00:14 ET
Table 'Fulvia' 6-max Seat #6 is the button
Seat 4: BuzovaPro ($72 in chips)
Seat 6: HAOYUN88888 ($143.75 in chips)
HAOYUN88888: posts small blind $1
BuzovaPro: posts big blind $3
*** HOLE CARDS ***
HAOYUN88888: raises $3 to $6
BuzovaPro: calls $3
*** FLOP *** [9c 9d 9h]
BuzovaPro: checks
HAOYUN88888: bets $3
BuzovaPro: calls $3
*** TURN *** [9c 9d 9h] [Ac]
BuzovaPro: checks
HAOYUN88888: bets $6
BuzovaPro: calls $6
*** RIVER *** [9c 9d 9h Ac] [Jd]
BuzovaPro: checks
HAOYUN88888: bets $6
BuzovaPro: calls $6
*** SHOW DOWN ***
HAOYUN88888: shows [Kc Ah] (a full house, Nines full of Aces)
BuzovaPro: mucks hand
HAOYUN88888 collected $41.50 from pot
*** SUMMARY ***
Total pot $42 | Rake $0.50
Board [9c 9d 9h Ac Jd]
Seat 4: BuzovaPro (big blind) mucked
Seat 6: HAOYUN88888 (button) (small blind) showed [Kc Ah] and won ($41.50) with a full house, Nines full of Aces


PokerStars Hand #149642450877:  Hold'em Limit ($3/$6 USD) - 2016/02/29 18:59:46 ET
Table 'Fulvia' 6-max Seat #4 is the button
Seat 4: BuzovaPro ($83.75 in chips)
Seat 6: HAOYUN88888 ($120.25 in chips)
BuzovaPro: posts small blind $1
HAOYUN88888: posts big blind $3
*** HOLE CARDS ***
BuzovaPro: raises $3 to $6
HAOYUN88888: calls $3
*** FLOP *** [5c 4c 2d]
HAOYUN88888: checks
BuzovaPro: bets $3
HAOYUN88888: raises $3 to $6
BuzovaPro: calls $3
*** TURN *** [5c 4c 2d] [8s]
HAOYUN88888: bets $6
BuzovaPro: calls $6
*** RIVER *** [5c 4c 2d 8s] [7d]
HAOYUN88888: bets $6
BuzovaPro: calls $6
*** SHOW DOWN ***
HAOYUN88888: shows [Jc 6c] (a straight, Four to Eight)
BuzovaPro: mucks hand
HAOYUN88888 collected $47.50 from pot
*** SUMMARY ***
Total pot $48 | Rake $0.50
Board [5c 4c 2d 8s 7d]
Seat 4: BuzovaPro (button) (small blind) mucked
Seat 6: HAOYUN88888 (big blind) showed [Jc 6c] and won ($47.50) with a straight, Four to Eight


PokerStars Hand #149642508119:  Hold'em Limit ($3/$6 USD) - 2016/02/29 19:01:17 ET
Table 'Fulvia' 6-max Seat #4 is the button
Seat 4: BuzovaPro ($90.52 in chips)
Seat 6: HAOYUN88888 ($145.25 in chips)
BuzovaPro: posts small blind $1
HAOYUN88888: posts big blind $3
*** HOLE CARDS ***
BuzovaPro: raises $3 to $6
HAOYUN88888: calls $3
*** FLOP *** [4h 6d 5s]
HAOYUN88888: checks
BuzovaPro: checks
*** TURN *** [4h 6d 5s] [7d]
HAOYUN88888: bets $6
BuzovaPro: calls $6
*** RIVER *** [4h 6d 5s 7d] [Jc]
HAOYUN88888: bets $6
BuzovaPro: calls $6
*** SHOW DOWN ***
HAOYUN88888: shows [5c 7s] (two pair, Sevens and Fives)
BuzovaPro: mucks hand
HAOYUN88888 collected $35.50 from pot
*** SUMMARY ***
Total pot $36 | Rake $0.50
Board [4h 6d 5s 7d Jc]
Seat 4: BuzovaPro (button) (small blind) mucked
Seat 6: HAOYUN88888 (big blind) showed [5c 7s] and won ($35.50) with two pair, Sevens and Fives


PokerStars Hand #149642504641:  Hold'em Limit ($3/$6 USD) - 2016/02/29 19:01:11 ET
Table 'Fulvia' 6-max Seat #6 is the button
Seat 4: BuzovaPro ($89.52 in chips)
Seat 6: HAOYUN88888 ($146.25 in chips)
HAOYUN88888: posts small blind $1
BuzovaPro: posts big blind $3
*** HOLE CARDS ***
HAOYUN88888: folds
Uncalled bet ($2) returned to BuzovaPro
BuzovaPro collected $2 from pot
BuzovaPro: doesn't show hand
*** SUMMARY ***
Total pot $2 | Rake $0
Seat 4: BuzovaPro (big blind) collected ($2)
Seat 6: HAOYUN88888 (button) (small blind) folded before Flop


PokerStars Hand #149642498406:  Hold'em Limit ($3/$6 USD) - 2016/02/29 19:01:02 ET
Table 'Fulvia' 6-max Seat #4 is the button
Seat 4: BuzovaPro ($86.52 in chips)
Seat 6: HAOYUN88888 ($149.25 in chips)
BuzovaPro: posts small blind $1
HAOYUN88888: posts big blind $3
*** HOLE CARDS ***
BuzovaPro: raises $3 to $6
HAOYUN88888: folds
Uncalled bet ($3) returned to BuzovaPro
BuzovaPro collected $6 from pot
BuzovaPro: doesn't show hand
*** SUMMARY ***
Total pot $6 | Rake $0
Seat 4: BuzovaPro (button) (small blind) collected ($6)
Seat 6: HAOYUN88888 (big blind) folded before Flop


PokerStars Hand #149642484399:  Hold'em Limit ($3/$6 USD) - 2016/02/29 19:00:40 ET
Table 'Fulvia' 6-max Seat #6 is the button
Seat 4: BuzovaPro ($75 in chips)
Seat 6: HAOYUN88888 ($161.25 in chips)
HAOYUN88888: posts small blind $1
BuzovaPro: posts big blind $3
*** HOLE CARDS ***
HAOYUN88888: raises $3 to $6
BuzovaPro: calls $3
*** FLOP *** [5h 5s 8s]
BuzovaPro: checks
HAOYUN88888: checks
*** TURN *** [5h 5s 8s] [Qh]
BuzovaPro: checks
HAOYUN88888: bets $6
BuzovaPro: raises $6 to $12
HAOYUN88888: folds
Uncalled bet ($6) returned to BuzovaPro
BuzovaPro collected $23.52 from pot
BuzovaPro: doesn't show hand
*** SUMMARY ***
Total pot $24 | Rake $0.48
Board [5h 5s 8s Qh]
Seat 4: BuzovaPro (big blind) collected ($23.52)
Seat 6: HAOYUN88888 (button) (small blind) folded on the Turn


PokerStars Hand #149642547695:  Hold'em Limit ($3/$6 USD) - 2016/02/29 19:02:14 ET
Table 'Fulvia' 6-max Seat #4 is the button
Seat 4: BuzovaPro ($76 in chips)
Seat 6: HAOYUN88888 ($167.39 in chips)
BuzovaPro: posts small blind $1
HAOYUN88888: posts big blind $3
*** HOLE CARDS ***
BuzovaPro: raises $3 to $6
HAOYUN88888: calls $3
*** FLOP *** [6h Qs 9d]
HAOYUN88888: checks
BuzovaPro: checks
*** TURN *** [6h Qs 9d] [5h]
HAOYUN88888: bets $6
BuzovaPro: folds
Uncalled bet ($6) returned to HAOYUN88888
HAOYUN88888 collected $11.76 from pot
HAOYUN88888: doesn't show hand
*** SUMMARY ***
Total pot $12 | Rake $0.24
Board [6h Qs 9d 5h]
Seat 4: BuzovaPro (button) (small blind) folded on the Turn
Seat 6: HAOYUN88888 (big blind) collected ($11.76)


PokerStars Hand #149642543827:  Hold'em Limit ($3/$6 USD) - 2016/02/29 19:02:08 ET
Table 'Fulvia' 6-max Seat #6 is the button
Seat 4: BuzovaPro ($75 in chips)
Seat 6: HAOYUN88888 ($168.39 in chips)
HAOYUN88888: posts small blind $1
BuzovaPro: posts big blind $3
*** HOLE CARDS ***
HAOYUN88888: folds
Uncalled bet ($2) returned to BuzovaPro
BuzovaPro collected $2 from pot
BuzovaPro: doesn't show hand
*** SUMMARY ***
Total pot $2 | Rake $0
Seat 4: BuzovaPro (big blind) collected ($2)
Seat 6: HAOYUN88888 (button) (small blind) folded before Flop


PokerStars Hand #149642540546:  Hold'em Limit ($3/$6 USD) - 2016/02/29 19:02:03 ET
Table 'Fulvia' 6-max Seat #4 is the button
Seat 4: BuzovaPro ($72 in chips)
Seat 6: HAOYUN88888 ($171.39 in chips)
BuzovaPro: posts small blind $1
HAOYUN88888: posts big blind $3
*** HOLE CARDS ***
BuzovaPro: raises $3 to $6
HAOYUN88888: folds
Uncalled bet ($3) returned to BuzovaPro
BuzovaPro collected $6 from pot
BuzovaPro: doesn't show hand
*** SUMMARY ***
Total pot $6 | Rake $0
Seat 4: BuzovaPro (button) (small blind) collected ($6)
Seat 6: HAOYUN88888 (big blind) folded before Flop


PokerStars Hand #149642518860:  Hold'em Limit ($3/$6 USD) - 2016/02/29 19:01:32 ET
Table 'Fulvia' 6-max Seat #6 is the button
Seat 4: BuzovaPro ($72.52 in chips)
Seat 6: HAOYUN88888 ($162.75 in chips)
HAOYUN88888: posts small blind $1
BuzovaPro: posts big blind $3
*** HOLE CARDS ***
HAOYUN88888: raises $3 to $6
BuzovaPro: calls $3
*** FLOP *** [9c 5h Ah]
BuzovaPro: checks
HAOYUN88888: bets $3
BuzovaPro: calls $3
*** TURN *** [9c 5h Ah] [6d]
BuzovaPro: checks
HAOYUN88888: bets $6
BuzovaPro: folds
Uncalled bet ($6) returned to HAOYUN88888
HAOYUN88888 collected $17.64 from pot
HAOYUN88888: doesn't show hand
*** SUMMARY ***
Total pot $18 | Rake $0.36
Board [9c 5h Ah 6d]
Seat 4: BuzovaPro (big blind) folded on the Turn
Seat 6: HAOYUN88888 (button) (small blind) collected ($17.64)


PokerStars Hand #149642597231:  Hold'em Limit ($3/$6 USD) - 2016/02/29 19:03:25 ET
Table 'Fulvia' 6-max Seat #6 is the button
Seat 4: BuzovaPro ($96.50 in chips)
Seat 6: HAOYUN88888 ($157.79 in chips)
HAOYUN88888: posts small blind $1
BuzovaPro: posts big blind $3
*** HOLE CARDS ***
HAOYUN88888: raises $3 to $6
BuzovaPro: calls $3
*** FLOP *** [2h 4s 9d]
BuzovaPro: checks
HAOYUN88888: bets $3
BuzovaPro: calls $3
*** TURN *** [2h 4s 9d] [2d]
BuzovaPro: checks
HAOYUN88888: bets $6
BuzovaPro: calls $6
*** RIVER *** [2h 4s 9d 2d] [7d]
BuzovaPro: checks
HAOYUN88888: checks
*** SHOW DOWN ***
BuzovaPro: shows [8d Kc] (a pair of Deuces)
HAOYUN88888: shows [Js As] (a pair of Deuces - Ace kicker)
HAOYUN88888 collected $29.50 from pot
*** SUMMARY ***
Total pot $30 | Rake $0.50
Board [2h 4s 9d 2d 7d]
Seat 4: BuzovaPro (big blind) showed [8d Kc] and lost with a pair of Deuces
Seat 6: HAOYUN88888 (button) (small blind) showed [Js As] and won ($29.50) with a pair of Deuces


PokerStars Hand #149642582458:  Hold'em Limit ($3/$6 USD) - 2016/02/29 19:03:04 ET
Table 'Fulvia' 6-max Seat #4 is the button
Seat 4: BuzovaPro ($73 in chips)
Seat 6: HAOYUN88888 ($181.79 in chips)
BuzovaPro: posts small blind $1
HAOYUN88888: posts big blind $3
*** HOLE CARDS ***
BuzovaPro: raises $3 to $6
HAOYUN88888: raises $3 to $9
BuzovaPro: calls $3
*** FLOP *** [Tc 9s 8s]
HAOYUN88888: bets $3
BuzovaPro: calls $3
*** TURN *** [Tc 9s 8s] [4d]
HAOYUN88888: bets $6
BuzovaPro: calls $6
*** RIVER *** [Tc 9s 8s 4d] [2h]
HAOYUN88888: bets $6
BuzovaPro: calls $6
*** SHOW DOWN ***
HAOYUN88888: shows [Qd Ks] (high card King)
BuzovaPro: shows [Qc Ad] (high card Ace)
BuzovaPro collected $47.50 from pot
*** SUMMARY ***
Total pot $48 | Rake $0.50
Board [Tc 9s 8s 4d 2h]
Seat 4: BuzovaPro (button) (small blind) showed [Qc Ad] and won ($47.50) with high card Ace
Seat 6: HAOYUN88888 (big blind) showed [Qd Ks] and lost with high card King


PokerStars Hand #149642579386:  Hold'em Limit ($3/$6 USD) - 2016/02/29 19:02:59 ET
Table 'Fulvia' 6-max Seat #6 is the button
Seat 4: BuzovaPro ($72 in chips)
Seat 6: HAOYUN88888 ($182.79 in chips)
HAOYUN88888: posts small blind $1
BuzovaPro: posts big blind $3
*** HOLE CARDS ***
HAOYUN88888: folds
Uncalled bet ($2) returned to BuzovaPro
BuzovaPro collected $2 from pot
BuzovaPro: doesn't show hand
*** SUMMARY ***
Total pot $2 | Rake $0
Seat 4: BuzovaPro (big blind) collected ($2)
Seat 6: HAOYUN88888 (button) (small blind) folded before Flop


PokerStars Hand #149642576216:  Hold'em Limit ($3/$6 USD) - 2016/02/29 19:02:55 ET
Table 'Fulvia' 6-max Seat #4 is the button
Seat 4: BuzovaPro ($72 in chips)
Seat 6: HAOYUN88888 ($181.79 in chips)
BuzovaPro: posts small blind $1
HAOYUN88888: posts big blind $3
*** HOLE CARDS ***
BuzovaPro: folds
Uncalled bet ($2) returned to HAOYUN88888
HAOYUN88888 collected $2 from pot
HAOYUN88888: doesn't show hand
*** SUMMARY ***
Total pot $2 | Rake $0
Seat 4: BuzovaPro (button) (small blind) folded before Flop
Seat 6: HAOYUN88888 (big blind) collected ($2)


PokerStars Hand #149642564987:  Hold'em Limit ($3/$6 USD) - 2016/02/29 19:02:38 ET
Table 'Fulvia' 6-max Seat #6 is the button
Seat 4: BuzovaPro ($72 in chips)
Seat 6: HAOYUN88888 ($173.15 in chips)
HAOYUN88888: posts small blind $1
BuzovaPro: posts big blind $3
*** HOLE CARDS ***
HAOYUN88888: raises $3 to $6
BuzovaPro: calls $3
*** FLOP *** [7d Kc 8h]
BuzovaPro: checks
HAOYUN88888: bets $3
BuzovaPro: calls $3
*** TURN *** [7d Kc 8h] [Jc]
BuzovaPro: checks
HAOYUN88888: bets $6
BuzovaPro: folds
Uncalled bet ($6) returned to HAOYUN88888
HAOYUN88888 collected $17.64 from pot
HAOYUN88888: doesn't show hand
*** SUMMARY ***
Total pot $18 | Rake $0.36
Board [7d Kc 8h Jc]
Seat 4: BuzovaPro (big blind) folded on the Turn
Seat 6: HAOYUN88888 (button) (small blind) collected ($17.64)


PokerStars Hand #149642653258:  Hold'em Limit ($3/$6 USD) - 2016/02/29 19:04:45 ET
Table 'Fulvia' 6-max Seat #6 is the button
Seat 4: BuzovaPro ($85.50 in chips)
Seat 6: HAOYUN88888 ($181.79 in chips)
HAOYUN88888: posts small blind $1
BuzovaPro: posts big blind $3
*** HOLE CARDS ***
HAOYUN88888: folds
Uncalled bet ($2) returned to BuzovaPro
PayMyAudiR8 joins the table at seat #1
BuzovaPro collected $2 from pot
BuzovaPro: doesn't show hand
*** SUMMARY ***
Total pot $2 | Rake $0
Seat 4: BuzovaPro (big blind) collected ($2)
Seat 6: HAOYUN88888 (button) (small blind) folded before Flop


PokerStars Hand #149642649771:  Hold'em Limit ($3/$6 USD) - 2016/02/29 19:04:40 ET
Table 'Fulvia' 6-max Seat #4 is the button
Seat 4: BuzovaPro ($86.50 in chips)
Seat 6: HAOYUN88888 ($180.79 in chips)
BuzovaPro: posts small blind $1
HAOYUN88888: posts big blind $3
*** HOLE CARDS ***
BuzovaPro: folds
Uncalled bet ($2) returned to HAOYUN88888
HAOYUN88888 collected $2 from pot
HAOYUN88888: doesn't show hand
*** SUMMARY ***
Total pot $2 | Rake $0
Seat 4: BuzovaPro (button) (small blind) folded before Flop
Seat 6: HAOYUN88888 (big blind) collected ($2)


PokerStars Hand #149642625022:  Hold'em Limit ($3/$6 USD) - 2016/02/29 19:04:04 ET
Table 'Fulvia' 6-max Seat #6 is the button
Seat 4: BuzovaPro ($72 in chips)
Seat 6: HAOYUN88888 ($195.79 in chips)
HAOYUN88888: posts small blind $1
BuzovaPro: posts big blind $3
*** HOLE CARDS ***
HAOYUN88888: raises $3 to $6
BuzovaPro: calls $3
*** FLOP *** [7s 8c Qh]
BuzovaPro: checks
HAOYUN88888: bets $3
BuzovaPro: calls $3
*** TURN *** [7s 8c Qh] [Kh]
BuzovaPro: checks
HAOYUN88888: bets $6
BuzovaPro: calls $6
*** RIVER *** [7s 8c Qh Kh] [Qs]
BuzovaPro: checks
HAOYUN88888: checks
*** SHOW DOWN ***
BuzovaPro: shows [3s 3d] (two pair, Queens and Threes)
HAOYUN88888: mucks hand
BuzovaPro collected $29.50 from pot
*** SUMMARY ***
Total pot $30 | Rake $0.50
Board [7s 8c Qh Kh Qs]
Seat 4: BuzovaPro (big blind) showed [3s 3d] and won ($29.50) with two pair, Queens and Threes
Seat 6: HAOYUN88888 (button) (small blind) mucked


PokerStars Hand #149642609782:  Hold'em Limit ($3/$6 USD) - 2016/02/29 19:03:43 ET
Table 'Fulvia' 6-max Seat #4 is the button
Seat 4: BuzovaPro ($81.50 in chips)
Seat 6: HAOYUN88888 ($172.29 in chips)
BuzovaPro: posts small blind $1
HAOYUN88888: posts big blind $3
*** HOLE CARDS ***
BuzovaPro: raises $3 to $6
HAOYUN88888: calls $3
*** FLOP *** [5d 9d 6s]
HAOYUN88888: checks
BuzovaPro: checks
*** TURN *** [5d 9d 6s] [7s]
HAOYUN88888: bets $6
BuzovaPro: calls $6
*** RIVER *** [5d 9d 6s 7s] [5c]
HAOYUN88888: bets $6
BuzovaPro: raises $6 to $12
HAOYUN88888: calls $6
*** SHOW DOWN ***
BuzovaPro: shows [Th Jc] (a pair of Fives)
HAOYUN88888: shows [As 9c] (two pair, Nines and Fives)
HAOYUN88888 collected $47.50 from pot
*** SUMMARY ***
Total pot $48 | Rake $0.50
Board [5d 9d 6s 7s 5c]
Seat 4: BuzovaPro (button) (small blind) showed [Th Jc] and lost with a pair of Fives
Seat 6: HAOYUN88888 (big blind) showed [As 9c] and won ($47.50) with two pair, Nines and Fives


PokerStars Hand #149642656620:  Hold'em Limit ($3/$6 USD) - 2016/02/29 19:04:49 ET
Table 'Fulvia' 6-max Seat #4 is the button
Seat 4: BuzovaPro ($86.50 in chips)
Seat 6: HAOYUN88888 ($180.79 in chips)
BuzovaPro: posts small blind $1
HAOYUN88888: posts big blind $3
*** HOLE CARDS ***
BuzovaPro: raises $3 to $6
HAOYUN88888: calls $3
*** FLOP *** [3c 4d 7d]
HAOYUN88888: bets $3
BuzovaPro: calls $3
*** TURN *** [3c 4d 7d] [Kh]
HAOYUN88888: checks
BuzovaPro: checks
*** RIVER *** [3c 4d 7d Kh] [As]
HAOYUN88888: checks
BuzovaPro: checks
*** SHOW DOWN ***
HAOYUN88888: shows [3h 9h] (a pair of Threes)
BuzovaPro: mucks hand
HAOYUN88888 collected $17.64 from pot
*** SUMMARY ***
Total pot $18 | Rake $0.36
Board [3c 4d 7d Kh As]
Seat 4: BuzovaPro (button) (small blind) mucked
Seat 6: HAOYUN88888 (big blind) showed [3h 9h] and won ($17.64) with a pair of Threes


