PokerStars Hand #170935874465:  Hold'em Limit ($3/$6 USD) - 2017/05/26 8:59:23 ET
Table 'Fulvia' 6-max Seat #4 is the button
Seat 4: Agrotait ($62 in chips)
Seat 5: Bird87bird ($129.52 in chips)
Agrotait: posts small blind $1
Bird87bird: posts big blind $3
*** HOLE CARDS ***
Z435A791B joins the table at seat #1
Agrotait: raises $3 to $6
Bird87bird: raises $3 to $9
Agrotait: calls $3
*** FLOP *** [Qd 2d 4c]
Bird87bird: bets $3
Agrotait: folds
Uncalled bet ($3) returned to Bird87bird
Bird87bird collected $17.64 from pot
Bird87bird: doesn't show hand
*** SUMMARY ***
Total pot $18 | Rake $0.36
Board [Qd 2d 4c]
Seat 4: Agrotait (button) (small blind) folded on the Flop
Seat 5: Bird87bird (big blind) collected ($17.64)


PokerStars Hand #170935854030:  Hold'em Limit ($3/$6 USD) - 2017/05/26 8:58:36 ET
Table 'Fulvia' 6-max Seat #5 is the button
Seat 4: Agrotait ($68 in chips)
Seat 5: Bird87bird ($123.76 in chips)
Bird87bird: posts small blind $1
Agrotait: posts big blind $3
*** HOLE CARDS ***
Bird87bird: calls $2
Agrotait: checks
*** FLOP *** [Qh Js Ts]
Agrotait: bets $3
Bird87bird: calls $3
*** TURN *** [Qh Js Ts] [6d]
Agrotait: checks
Bird87bird: checks
*** RIVER *** [Qh Js Ts 6d] [8s]
Agrotait: checks
Bird87bird: checks
*** SHOW DOWN ***
Agrotait: shows [Th 3c] (a pair of Tens)
Bird87bird: shows [Jc 3h] (a pair of Jacks)
Bird87bird collected $11.76 from pot
*** SUMMARY ***
Total pot $12 | Rake $0.24
Board [Qh Js Ts 6d 8s]
Seat 4: Agrotait (big blind) showed [Th 3c] and lost with a pair of Tens
Seat 5: Bird87bird (button) (small blind) showed [Jc 3h] and won ($11.76) with a pair of Jacks


PokerStars Hand #170936367672:  Hold'em Limit ($3/$6 USD) - 2017/05/26 9:15:50 ET
Table 'Fulvia' 6-max Seat #6 is the button
Seat 1: Homasapien ($335.99 in chips)
Seat 6: zsomz ($131.69 in chips)
zsomz: posts small blind $1
Homasapien: posts big blind $3
*** HOLE CARDS ***
zsomz: folds
Uncalled bet ($2) returned to Homasapien
Homasapien collected $2 from pot
Homasapien: doesn't show hand
*** SUMMARY ***
Total pot $2 | Rake $0
Seat 1: Homasapien (big blind) collected ($2)
Seat 6: zsomz (button) (small blind) folded before Flop


