PokerStars Hand #160286110421:  Hold'em Limit ($3/$6 USD) - 2016/10/22 13:09:38 ET
Table 'Fulvia' 6-max Seat #5 is the button
Seat 2: ZinZar ($99.26 in chips)
Seat 5: mogoallin ($103.50 in chips)
mogoallin: posts small blind $1
ZinZar: posts big blind $3
*** HOLE CARDS ***
mogoallin: raises $3 to $6
ZinZar: folds
Uncalled bet ($3) returned to mogoallin
mogoallin collected $6 from pot
mogoallin: doesn't show hand
*** SUMMARY ***
Total pot $6 | Rake $0
Seat 2: ZinZar (big blind) folded before Flop
Seat 5: mogoallin (button) (small blind) collected ($6)


PokerStars Hand #160286096604:  Hold'em Limit ($3/$6 USD) - 2016/10/22 13:09:22 ET
Table 'Fulvia' 6-max Seat #5 is the button
Seat 2: ZinZar ($92.50 in chips)
Seat 5: mogoallin ($110.50 in chips)
mogoallin: posts small blind $1
ZinZar: posts big blind $3
*** HOLE CARDS ***
mogoallin: folds
Uncalled bet ($2) returned to ZinZar
ZinZar collected $2 from pot
ZinZar: doesn't show hand
*** SUMMARY ***
Total pot $2 | Rake $0
Seat 2: ZinZar (big blind) collected ($2)
Seat 5: mogoallin (button) (small blind) folded before Flop


PokerStars Hand #160286080061:  Hold'em Limit ($3/$6 USD) - 2016/10/22 13:09:02 ET
Table 'Fulvia' 6-max Seat #2 is the button
Seat 2: ZinZar ($72 in chips)
Seat 5: mogoallin ($131.50 in chips)
ZinZar: posts small blind $1
mogoallin: posts big blind $3
*** HOLE CARDS ***
ZinZar: raises $3 to $6
mogoallin: calls $3
*** FLOP *** [Ts 8h 6s]
mogoallin: checks
ZinZar: bets $3
mogoallin: calls $3
*** TURN *** [Ts 8h 6s] [4h]
mogoallin: checks
ZinZar: bets $6
mogoallin: calls $6
*** RIVER *** [Ts 8h 6s 4h] [9h]
mogoallin: checks
ZinZar: bets $6
mogoallin: calls $6
*** SHOW DOWN ***
ZinZar: shows [Th Kd] (a pair of Tens)
mogoallin: mucks hand
ZinZar collected $41.50 from pot
*** SUMMARY ***
Total pot $42 | Rake $0.50
Board [Ts 8h 6s 4h 9h]
Seat 2: ZinZar (button) (small blind) showed [Th Kd] and won ($41.50) with a pair of Tens
Seat 5: mogoallin (big blind) mucked


PokerStars Hand #160286067351:  Hold'em Limit ($3/$6 USD) - 2016/10/22 13:08:47 ET
Table 'Fulvia' 6-max Seat #5 is the button
Seat 2: ZinZar ($75 in chips)
Seat 5: mogoallin ($117 in chips)
mogoallin: posts small blind $1
ZinZar: posts big blind $3
*** HOLE CARDS ***
mogoallin: raises $3 to $6
ZinZar: calls $3
*** FLOP *** [6c 4h Ac]
ZinZar: checks
mogoallin: bets $3
ZinZar: raises $3 to $6
mogoallin: raises $3 to $9
ZinZar: calls $3
*** TURN *** [6c 4h Ac] [8d]
ZinZar: checks
mogoallin: checks
*** RIVER *** [6c 4h Ac 8d] [4s]
ZinZar: checks
mogoallin: checks
*** SHOW DOWN ***
ZinZar: shows [5d 6s] (two pair, Sixes and Fours)
mogoallin: shows [Td 4d] (three of a kind, Fours)
mogoallin collected $29.50 from pot
*** SUMMARY ***
Total pot $30 | Rake $0.50
Board [6c 4h Ac 8d 4s]
Seat 2: ZinZar (big blind) showed [5d 6s] and lost with two pair, Sixes and Fours
Seat 5: mogoallin (button) (small blind) showed [Td 4d] and won ($29.50) with three of a kind, Fours


PokerStars Hand #160286143366:  Hold'em Limit ($3/$6 USD) - 2016/10/22 13:10:17 ET
Table 'Fulvia' 6-max Seat #5 is the button
Seat 2: ZinZar ($84.26 in chips)
Seat 5: mogoallin ($117.90 in chips)
mogoallin: posts small blind $1
ZinZar: posts big blind $3
*** HOLE CARDS ***
mogoallin: raises $3 to $6
ZinZar: raises $3 to $9
mogoallin: calls $3
*** FLOP *** [5d 8d Td]
ZinZar: bets $3
mogoallin: raises $3 to $6
ZinZar: folds
Uncalled bet ($3) returned to mogoallin
mogoallin collected $23.52 from pot
mogoallin: doesn't show hand
*** SUMMARY ***
Total pot $24 | Rake $0.48
Board [5d 8d Td]
Seat 2: ZinZar (big blind) folded on the Flop
Seat 5: mogoallin (button) (small blind) collected ($23.52)


PokerStars Hand #160286138096:  Hold'em Limit ($3/$6 USD) - 2016/10/22 13:10:11 ET
Table 'Fulvia' 6-max Seat #2 is the button
Seat 2: ZinZar ($81.26 in chips)
Seat 5: mogoallin ($120.90 in chips)
ZinZar: posts small blind $1
mogoallin: posts big blind $3
*** HOLE CARDS ***
ZinZar: raises $3 to $6
mogoallin: folds
Uncalled bet ($3) returned to ZinZar
ZinZar collected $6 from pot
ZinZar: doesn't show hand
*** SUMMARY ***
Total pot $6 | Rake $0
Seat 2: ZinZar (button) (small blind) collected ($6)
Seat 5: mogoallin (big blind) folded before Flop


PokerStars Hand #160286126340:  Hold'em Limit ($3/$6 USD) - 2016/10/22 13:09:57 ET
Table 'Fulvia' 6-max Seat #5 is the button
Seat 2: ZinZar ($87.26 in chips)
Seat 5: mogoallin ($115.14 in chips)
mogoallin: posts small blind $1
ZinZar: posts big blind $3
*** HOLE CARDS ***
mogoallin: raises $3 to $6
ZinZar: calls $3
*** FLOP *** [Ad 2h 3s]
ZinZar: checks
mogoallin: bets $3
ZinZar: folds
Uncalled bet ($3) returned to mogoallin
mogoallin collected $11.76 from pot
mogoallin: doesn't show hand
*** SUMMARY ***
Total pot $12 | Rake $0.24
Board [Ad 2h 3s]
Seat 2: ZinZar (big blind) folded on the Flop
Seat 5: mogoallin (button) (small blind) collected ($11.76)


PokerStars Hand #160286115962:  Hold'em Limit ($3/$6 USD) - 2016/10/22 13:09:45 ET
Table 'Fulvia' 6-max Seat #2 is the button
Seat 2: ZinZar ($96.26 in chips)
Seat 5: mogoallin ($106.50 in chips)
ZinZar: posts small blind $1
mogoallin: posts big blind $3
*** HOLE CARDS ***
ZinZar: raises $3 to $6
mogoallin: raises $3 to $9
ZinZar: calls $3
*** FLOP *** [Ah Th 4d]
mogoallin: bets $3
ZinZar: folds
Uncalled bet ($3) returned to mogoallin
mogoallin collected $17.64 from pot
mogoallin: doesn't show hand
*** SUMMARY ***
Total pot $18 | Rake $0.36
Board [Ah Th 4d]
Seat 2: ZinZar (button) (small blind) folded on the Flop
Seat 5: mogoallin (big blind) collected ($17.64)


PokerStars Hand #160286192391:  Hold'em Limit ($3/$6 USD) - 2016/10/22 13:11:15 ET
Table 'Fulvia' 6-max Seat #5 is the button
Seat 2: ZinZar ($72.75 in chips)
Seat 5: mogoallin ($136.81 in chips)
mogoallin: posts small blind $1
ZinZar: posts big blind $3
*** HOLE CARDS ***
mogoallin: raises $3 to $6
ZinZar: calls $3
*** FLOP *** [Td 6h Jd]
ZinZar: checks
mogoallin: checks
*** TURN *** [Td 6h Jd] [2d]
ZinZar: bets $6
mogoallin: folds
Uncalled bet ($6) returned to ZinZar
ZinZar collected $11.76 from pot
ZinZar: doesn't show hand
*** SUMMARY ***
Total pot $12 | Rake $0.24
Board [Td 6h Jd 2d]
Seat 2: ZinZar (big blind) collected ($11.76)
Seat 5: mogoallin (button) (small blind) folded on the Turn


PokerStars Hand #160286206644:  Hold'em Limit ($3/$6 USD) - 2016/10/22 13:11:32 ET
Table 'Fulvia' 6-max Seat #2 is the button
Seat 2: ZinZar ($78.51 in chips)
Seat 5: mogoallin ($130.81 in chips)
ZinZar: posts small blind $1
mogoallin: posts big blind $3
*** HOLE CARDS ***
ZinZar: raises $3 to $6
mogoallin: raises $3 to $9
ZinZar: calls $3
*** FLOP *** [Jh 3c Kh]
mogoallin: bets $3
KhazoSL joins the table at seat #4
ZinZar: calls $3
*** TURN *** [Jh 3c Kh] [Kd]
mogoallin: bets $6
ZinZar: calls $6
*** RIVER *** [Jh 3c Kh Kd] [Jd]
mogoallin: checks
ZinZar: bets $6
mogoallin: calls $6
*** SHOW DOWN ***
ZinZar: shows [Js 8s] (a full house, Jacks full of Kings)
mogoallin: mucks hand
ZinZar collected $47.50 from pot
*** SUMMARY ***
Total pot $48 | Rake $0.50
Board [Jh 3c Kh Kd Jd]
Seat 2: ZinZar (button) (small blind) showed [Js 8s] and won ($47.50) with a full house, Jacks full of Kings
Seat 5: mogoallin (big blind) mucked


PokerStars Hand #160286223218:  Hold'em Limit ($3/$6 USD) - 2016/10/22 13:11:51 ET
Table 'Fulvia' 6-max Seat #5 is the button
Seat 2: ZinZar ($102.01 in chips)
Seat 5: mogoallin ($106.81 in chips)
mogoallin: posts small blind $1
ZinZar: posts big blind $3
*** HOLE CARDS ***
mogoallin: raises $3 to $6
ZinZar: raises $3 to $9
vestimokrec joins the table at seat #6
mogoallin: calls $3
*** FLOP *** [7h Ad 2c]
ZinZar: bets $3
mogoallin: raises $3 to $6
ZinZar: raises $3 to $9
mogoallin: calls $3
*** TURN *** [7h Ad 2c] [3c]
ZinZar: bets $6
mogoallin: calls $6
*** RIVER *** [7h Ad 2c 3c] [Qd]
ZinZar: bets $6
mogoallin: calls $6
*** SHOW DOWN ***
ZinZar: shows [Ac Kc] (a pair of Aces)
mogoallin: mucks hand
ZinZar collected $59.50 from pot
*** SUMMARY ***
Total pot $60 | Rake $0.50
Board [7h Ad 2c 3c Qd]
Seat 2: ZinZar (big blind) showed [Ac Kc] and won ($59.50) with a pair of Aces
Seat 5: mogoallin (button) (small blind) mucked


PokerStars Hand #160286156525:  Hold'em Limit ($3/$6 USD) - 2016/10/22 13:10:33 ET
Table 'Fulvia' 6-max Seat #2 is the button
Seat 2: ZinZar ($72.26 in chips)
Seat 5: mogoallin ($129.42 in chips)
ZinZar: posts small blind $1
mogoallin: posts big blind $3
*** HOLE CARDS ***
ZinZar: raises $3 to $6
mogoallin: raises $3 to $9
ZinZar: calls $3
*** FLOP *** [Th 9h 9s]
mogoallin: bets $3
ZinZar: folds
Uncalled bet ($3) returned to mogoallin
mogoallin collected $17.64 from pot
mogoallin: doesn't show hand
*** SUMMARY ***
Total pot $18 | Rake $0.36
Board [Th 9h 9s]
Seat 2: ZinZar (button) (small blind) folded on the Flop
Seat 5: mogoallin (big blind) collected ($17.64)


PokerStars Hand #160286172128:  Hold'em Limit ($3/$6 USD) - 2016/10/22 13:10:51 ET
Table 'Fulvia' 6-max Seat #5 is the button
Seat 2: ZinZar ($72 in chips)
Seat 5: mogoallin ($138.06 in chips)
mogoallin: posts small blind $1
ZinZar: posts big blind $3
*** HOLE CARDS ***
mogoallin: folds
Uncalled bet ($2) returned to ZinZar
ZinZar collected $2 from pot
ZinZar: doesn't show hand
*** SUMMARY ***
Total pot $2 | Rake $0
Seat 2: ZinZar (big blind) collected ($2)
Seat 5: mogoallin (button) (small blind) folded before Flop


PokerStars Hand #160286176630:  Hold'em Limit ($3/$6 USD) - 2016/10/22 13:10:56 ET
Table 'Fulvia' 6-max Seat #2 is the button
Seat 2: ZinZar ($73 in chips)
Seat 5: mogoallin ($137.06 in chips)
ZinZar: posts small blind $1
mogoallin: posts big blind $3
*** HOLE CARDS ***
ZinZar: raises $3 to $6
mogoallin: calls $3
*** FLOP *** [2d Ks Ad]
mogoallin: checks
ZinZar: bets $3
mogoallin: calls $3
*** TURN *** [2d Ks Ad] [2c]
mogoallin: checks
ZinZar: bets $6
mogoallin: calls $6
*** RIVER *** [2d Ks Ad 2c] [5s]
mogoallin: checks
ZinZar: bets $6
mogoallin: calls $6
*** SHOW DOWN ***
ZinZar: shows [Qh Kh] (two pair, Kings and Deuces)
mogoallin: shows [Kc 9h] (two pair, Kings and Deuces)
mogoallin collected $20.75 from pot
ZinZar collected $20.75 from pot
*** SUMMARY ***
Total pot $42 | Rake $0.50
Board [2d Ks Ad 2c 5s]
Seat 2: ZinZar (button) (small blind) showed [Qh Kh] and won ($20.75) with two pair, Kings and Deuces
Seat 5: mogoallin (big blind) showed [Kc 9h] and won ($20.75) with two pair, Kings and Deuces


PokerStars Hand #160287363961:  Hold'em Limit ($3/$6 USD) - 2016/10/22 13:34:47 ET
Table 'Fulvia' 6-max Seat #3 is the button
Seat 3: milen 176 ($65.91 in chips)
Seat 4: AzureCaper ($72 in chips)
milen 176: posts small blind $1
AzureCaper: posts big blind $3
*** HOLE CARDS ***
milen 176: folds
Uncalled bet ($2) returned to AzureCaper
AzureCaper collected $2 from pot
AzureCaper: doesn't show hand
*** SUMMARY ***
Total pot $2 | Rake $0
Seat 3: milen 176 (button) (small blind) folded before Flop
Seat 4: AzureCaper (big blind) collected ($2)


PokerStars Hand #160287353868:  Hold'em Limit ($3/$6 USD) - 2016/10/22 13:34:35 ET
Table 'Fulvia' 6-max Seat #4 is the button
Seat 3: milen 176 ($57.27 in chips)
Seat 4: AzureCaper ($78.76 in chips)
AzureCaper: posts small blind $1
milen 176: posts big blind $3
*** HOLE CARDS ***
AzureCaper: raises $3 to $6
milen 176: raises $3 to $9
AzureCaper: calls $3
*** FLOP *** [2h 6d Kd]
milen 176: bets $3
AzureCaper: folds
Uncalled bet ($3) returned to milen 176
milen 176 collected $17.64 from pot
milen 176: doesn't show hand
*** SUMMARY ***
Total pot $18 | Rake $0.36
Board [2h 6d Kd]
Seat 3: milen 176 (big blind) collected ($17.64)
Seat 4: AzureCaper (button) (small blind) folded on the Flop


PokerStars Hand #160287349494:  Hold'em Limit ($3/$6 USD) - 2016/10/22 13:34:29 ET
Table 'Fulvia' 6-max Seat #3 is the button
Seat 3: milen 176 ($58.27 in chips)
Seat 4: AzureCaper ($77.76 in chips)
milen 176: posts small blind $1
AzureCaper: posts big blind $3
*** HOLE CARDS ***
milen 176: folds
Uncalled bet ($2) returned to AzureCaper
AzureCaper collected $2 from pot
AzureCaper: doesn't show hand
*** SUMMARY ***
Total pot $2 | Rake $0
Seat 3: milen 176 (button) (small blind) folded before Flop
Seat 4: AzureCaper (big blind) collected ($2)


PokerStars Hand #160287336067:  Hold'em Limit ($3/$6 USD) - 2016/10/22 13:34:13 ET
Table 'Fulvia' 6-max Seat #4 is the button
Seat 3: milen 176 ($64.27 in chips)
Seat 4: AzureCaper ($72 in chips)
AzureCaper: posts small blind $1
ZinZar: is sitting out
ZinZar leaves the table
milen 176: posts big blind $3
*** HOLE CARDS ***
AzureCaper: raises $3 to $6
milen 176: calls $3
*** FLOP *** [9h 5d 5c]
milen 176: checks
AzureCaper: bets $3
milen 176: folds
Uncalled bet ($3) returned to AzureCaper
AzureCaper collected $11.76 from pot
AzureCaper: doesn't show hand
*** SUMMARY ***
Total pot $12 | Rake $0.24
Board [9h 5d 5c]
Seat 3: milen 176 (big blind) folded on the Flop
Seat 4: AzureCaper (button) (small blind) collected ($11.76)


PokerStars Hand #160287368614:  Hold'em Limit ($3/$6 USD) - 2016/10/22 13:34:53 ET
Table 'Fulvia' 6-max Seat #4 is the button
Seat 3: milen 176 ($64.91 in chips)
Seat 4: AzureCaper ($73 in chips)
AzureCaper: posts small blind $1
milen 176: posts big blind $3
*** HOLE CARDS ***
AzureCaper: raises $3 to $6
milen 176: raises $3 to $9
AzureCaper: calls $3
*** FLOP *** [7s 3h Kh]
Zooshark joins the table at seat #2
milen 176: bets $3
AzureCaper: calls $3
*** TURN *** [7s 3h Kh] [Jh]
milen 176: bets $6
AzureCaper: calls $6
*** RIVER *** [7s 3h Kh Jh] [8d]
milen 176: bets $6
AzureCaper: calls $6
*** SHOW DOWN ***
milen 176: shows [7c Ah] (a pair of Sevens)
AzureCaper: shows [7d As] (a pair of Sevens)
milen 176 collected $23.75 from pot
AzureCaper collected $23.75 from pot
*** SUMMARY ***
Total pot $48 | Rake $0.50
Board [7s 3h Kh Jh 8d]
Seat 3: milen 176 (big blind) showed [7c Ah] and won ($23.75) with a pair of Sevens
Seat 4: AzureCaper (button) (small blind) showed [7d As] and won ($23.75) with a pair of Sevens


PokerStars Hand #160287383430:  Hold'em Limit ($3/$6 USD) - 2016/10/22 13:35:11 ET
Table 'Fulvia' 6-max Seat #3 is the button
Seat 3: milen 176 ($64.66 in chips)
Seat 4: AzureCaper ($72.75 in chips)
milen 176: posts small blind $1
AzureCaper: posts big blind $3
*** HOLE CARDS ***
milen 176: calls $2
AzureCaper: checks
*** FLOP *** [4c 7h Ts]
AzureCaper: bets $3
milen 176: raises $3 to $6
AzureCaper: calls $3
*** TURN *** [4c 7h Ts] [Jc]
AzureCaper: checks
milen 176: bets $6
AzureCaper: raises $6 to $12
milen 176: raises $6 to $18
AzureCaper: calls $6
*** RIVER *** [4c 7h Ts Jc] [Tc]
AzureCaper: checks
milen 176: bets $6
AzureCaper: calls $6
*** SHOW DOWN ***
milen 176: shows [8d 9h] (a straight, Seven to Jack)
AzureCaper: mucks hand
milen 176 collected $65.50 from pot
*** SUMMARY ***
Total pot $66 | Rake $0.50
Board [4c 7h Ts Jc Tc]
Seat 3: milen 176 (button) (small blind) showed [8d 9h] and won ($65.50) with a straight, Seven to Jack
Seat 4: AzureCaper (big blind) mucked


PokerStars Hand #160290311595:  Hold'em Limit ($3/$6 USD) - 2016/10/22 14:38:05 ET
Table 'Fulvia' 6-max Seat #4 is the button
Seat 1: Nyalya ($175.47 in chips)
Seat 4: bobs32 ($268.75 in chips)
LWNS will be allowed to play after the button
bobs32: posts small blind $1
Big_M: is sitting out
Nyalya: posts big blind $3
*** HOLE CARDS ***
Big_M leaves the table
bobs32: folds
Uncalled bet ($2) returned to Nyalya
Nyalya collected $2 from pot
Nyalya: doesn't show hand
*** SUMMARY ***
Total pot $2 | Rake $0
Seat 1: Nyalya (big blind) collected ($2)
Seat 4: bobs32 (button) (small blind) folded before Flop


PokerStars Hand #160290340621:  Hold'em Limit ($3/$6 USD) - 2016/10/22 14:38:42 ET
Table 'Fulvia' 6-max Seat #2 is the button
Seat 1: Nyalya ($175.47 in chips)
Seat 2: LWNS ($100.71 in chips)
LWNS: posts small blind $1
arocar was removed from the table for failing to post
Nyalya: posts big blind $3
*** HOLE CARDS ***
bobs32 leaves the table
LWNS: folds
Uncalled bet ($2) returned to Nyalya
Nyalya collected $2 from pot
Nyalya: doesn't show hand
*** SUMMARY ***
Total pot $2 | Rake $0
Seat 1: Nyalya (big blind) collected ($2)
Seat 2: LWNS (button) (small blind) folded before Flop


