PokerStars Hand #164290479749:  Hold'em Limit ($3/$6 USD) - 2017/01/09 8:14:52 ET
Table 'Furud' 6-max Seat #1 is the button
Seat 1: Velbor107 ($304 in chips)
Seat 5: Chrisgalo33 ($25.88 in chips)
Velbor107: posts small blind $1
Chrisgalo33: posts big blind $3
*** HOLE CARDS ***
Velbor107: raises $3 to $6
Chrisgalo33: raises $3 to $9
Velbor107: calls $3
*** FLOP *** [Tc 2h Jh]
Chrisgalo33: bets $3
Velbor107: folds
Uncalled bet ($3) returned to Chrisgalo33
Chrisgalo33 collected $17.64 from pot
Chrisgalo33: doesn't show hand
*** SUMMARY ***
Total pot $18 | Rake $0.36
Board [Tc 2h Jh]
Seat 1: Velbor107 (button) (small blind) folded on the Flop
Seat 5: Chrisgalo33 (big blind) collected ($17.64)


PokerStars Hand #164290472665:  Hold'em Limit ($3/$6 USD) - 2017/01/09 8:14:40 ET
Table 'Furud' 6-max Seat #5 is the button
Seat 1: Velbor107 ($307 in chips)
Seat 5: Chrisgalo33 ($22.88 in chips)
Chrisgalo33: posts small blind $1
Velbor107: posts big blind $3
*** HOLE CARDS ***
Chrisgalo33: raises $3 to $6
Velbor107: folds
Uncalled bet ($3) returned to Chrisgalo33
Chrisgalo33 collected $6 from pot
Chrisgalo33: doesn't show hand
*** SUMMARY ***
Total pot $6 | Rake $0
Seat 1: Velbor107 (big blind) folded before Flop
Seat 5: Chrisgalo33 (button) (small blind) collected ($6)


PokerStars Hand #164290491439:  Hold'em Limit ($3/$6 USD) - 2017/01/09 8:15:12 ET
Table 'Furud' 6-max Seat #5 is the button
Seat 1: Velbor107 ($295 in chips)
Seat 5: Chrisgalo33 ($34.52 in chips)
Chrisgalo33: posts small blind $1
Velbor107: posts big blind $3
*** HOLE CARDS ***
Chrisgalo33: folds
Uncalled bet ($2) returned to Velbor107
Velbor107 collected $2 from pot
*** SUMMARY ***
Total pot $2 | Rake $0
Seat 1: Velbor107 (big blind) collected ($2)
Seat 5: Chrisgalo33 (button) (small blind) folded before Flop


PokerStars Hand #164293059066:  Hold'em Limit ($3/$6 USD) - 2017/01/09 9:25:15 ET
Table 'Furud' 6-max Seat #2 is the button
Seat 2: TinaTurner72 ($121 in chips)
Seat 5: kolaz03 ($90.74 in chips)
TinaTurner72: posts small blind $1
kolaz03: posts big blind $3
*** HOLE CARDS ***
TinaTurner72: raises $3 to $6
kolaz03: raises $3 to $9
TinaTurner72: raises $3 to $12
Betting is capped
kolaz03: calls $3
*** FLOP *** [6d 8h Kh]
kolaz03: checks
TinaTurner72: bets $3
kolaz03: calls $3
*** TURN *** [6d 8h Kh] [4c]
kolaz03: checks
TinaTurner72: bets $6
kolaz03: raises $6 to $12
TinaTurner72: calls $6
*** RIVER *** [6d 8h Kh 4c] [Kc]
kolaz03: bets $6
TinaTurner72: calls $6
*** SHOW DOWN ***
kolaz03: shows [Ah As] (two pair, Aces and Kings)
TinaTurner72: mucks hand
kolaz03 collected $65.50 from pot
*** SUMMARY ***
Total pot $66 | Rake $0.50
Board [6d 8h Kh 4c Kc]
Seat 2: TinaTurner72 (button) (small blind) mucked
Seat 5: kolaz03 (big blind) showed [Ah As] and won ($65.50) with two pair, Aces and Kings


