PokerStars Hand #146496144580:  Hold'em Limit ($3/$6 USD) - 2016/01/05 4:47:47 ET
Table 'Gabriella II' 6-max Seat #1 is the button
Seat 1: VolkovDmitri ($146.50 in chips)
Seat 2: termi3333 ($94 in chips)
VolkovDmitri: posts small blind $1
termi3333: posts big blind $3
*** HOLE CARDS ***
VolkovDmitri: raises $3 to $6
termi3333: raises $3 to $9
VolkovDmitri: calls $3
*** FLOP *** [2s 4s Tc]
termi3333: bets $3
VolkovDmitri: calls $3
*** TURN *** [2s 4s Tc] [Qd]
termi3333: bets $6
VolkovDmitri: calls $6
*** RIVER *** [2s 4s Tc Qd] [9h]
termi3333: checks
VolkovDmitri: bets $6
termi3333: calls $6
*** SHOW DOWN ***
VolkovDmitri: shows [4c Ks] (a pair of Fours)
termi3333: mucks hand
VolkovDmitri collected $47.50 from pot
*** SUMMARY ***
Total pot $48 | Rake $0.50
Board [2s 4s Tc Qd 9h]
Seat 1: VolkovDmitri (button) (small blind) showed [4c Ks] and won ($47.50) with a pair of Fours
Seat 2: termi3333 (big blind) mucked


PokerStars Hand #146496127133:  Hold'em Limit ($3/$6 USD) - 2016/01/05 4:47:16 ET
Table 'Gabriella II' 6-max Seat #2 is the button
Seat 1: VolkovDmitri ($120 in chips)
Seat 2: termi3333 ($121 in chips)
termi3333: posts small blind $1
VolkovDmitri: posts big blind $3
*** HOLE CARDS ***
SmellyToes4u joins the table at seat #3
termi3333: raises $3 to $6
VolkovDmitri: raises $3 to $9
termi3333: calls $3
*** FLOP *** [Ts 4c Jc]
VolkovDmitri: bets $3
termi3333: raises $3 to $6
VolkovDmitri: calls $3
*** TURN *** [Ts 4c Jc] [3c]
VolkovDmitri: checks
termi3333: bets $6
VolkovDmitri: calls $6
*** RIVER *** [Ts 4c Jc 3c] [2d]
VolkovDmitri: checks
termi3333: bets $6
VolkovDmitri: calls $6
*** SHOW DOWN ***
termi3333: shows [Qs 4s] (a pair of Fours)
VolkovDmitri: shows [8h 8d] (a pair of Eights)
VolkovDmitri collected $53.50 from pot
*** SUMMARY ***
Total pot $54 | Rake $0.50
Board [Ts 4c Jc 3c 2d]
Seat 1: VolkovDmitri (big blind) showed [8h 8d] and won ($53.50) with a pair of Eights
Seat 2: termi3333 (button) (small blind) showed [Qs 4s] and lost with a pair of Fours


PokerStars Hand #146496184120:  Hold'em Limit ($3/$6 USD) - 2016/01/05 4:49:16 ET
Table 'Gabriella II' 6-max Seat #3 is the button
Seat 2: termi3333 ($85.50 in chips)
Seat 3: SmellyToes4u ($106.64 in chips)
SmellyToes4u: posts small blind $1
termi3333: posts big blind $3
*** HOLE CARDS ***
SmellyToes4u: raises $3 to $6
termi3333: folds
Uncalled bet ($3) returned to SmellyToes4u
SmellyToes4u collected $6 from pot
SmellyToes4u: doesn't show hand
*** SUMMARY ***
Total pot $6 | Rake $0
Seat 2: termi3333 (big blind) folded before Flop
Seat 3: SmellyToes4u (button) (small blind) collected ($6)


PokerStars Hand #146496178061:  Hold'em Limit ($3/$6 USD) - 2016/01/05 4:49:02 ET
Table 'Gabriella II' 6-max Seat #2 is the button
Seat 2: termi3333 ($94.50 in chips)
Seat 3: SmellyToes4u ($98 in chips)
termi3333: posts small blind $1
SmellyToes4u: posts big blind $3
*** HOLE CARDS ***
termi3333: raises $3 to $6
SmellyToes4u: calls $3
*** FLOP *** [7c Td Ac]
SmellyToes4u: checks
termi3333: bets $3
SmellyToes4u: raises $3 to $6
termi3333: folds
Uncalled bet ($3) returned to SmellyToes4u
SmellyToes4u collected $17.64 from pot
SmellyToes4u: doesn't show hand
*** SUMMARY ***
Total pot $18 | Rake $0.36
Board [7c Td Ac]
Seat 2: termi3333 (button) (small blind) folded on the Flop
Seat 3: SmellyToes4u (big blind) collected ($17.64)


PokerStars Hand #146496175957:  Hold'em Limit ($3/$6 USD) - 2016/01/05 4:48:57 ET
Table 'Gabriella II' 6-max Seat #3 is the button
Seat 2: termi3333 ($93.50 in chips)
Seat 3: SmellyToes4u ($99 in chips)
SmellyToes4u: posts small blind $1
termi3333: posts big blind $3
*** HOLE CARDS ***
SmellyToes4u: folds
Uncalled bet ($2) returned to termi3333
termi3333 collected $2 from pot
termi3333: doesn't show hand
*** SUMMARY ***
Total pot $2 | Rake $0
Seat 2: termi3333 (big blind) collected ($2)
Seat 3: SmellyToes4u (button) (small blind) folded before Flop


PokerStars Hand #146496158264:  Hold'em Limit ($3/$6 USD) - 2016/01/05 4:48:17 ET
Table 'Gabriella II' 6-max Seat #2 is the button
Seat 2: termi3333 ($70 in chips)
Seat 3: SmellyToes4u ($123 in chips)
termi3333: posts small blind $1
SmellyToes4u: posts big blind $3
*** HOLE CARDS ***
termi3333: raises $3 to $6
VolkovDmitri leaves the table
SmellyToes4u: calls $3
*** FLOP *** [7s 6d Qh]
SmellyToes4u: checks
termi3333: bets $3
SmellyToes4u: raises $3 to $6
termi3333: calls $3
*** TURN *** [7s 6d Qh] [8c]
SmellyToes4u: bets $6
termi3333: calls $6
*** RIVER *** [7s 6d Qh 8c] [6h]
SmellyToes4u: checks
termi3333: bets $6
SmellyToes4u: calls $6
*** SHOW DOWN ***
termi3333: shows [4s 6c] (three of a kind, Sixes)
SmellyToes4u: mucks hand
termi3333 collected $47.50 from pot
*** SUMMARY ***
Total pot $48 | Rake $0.50
Board [7s 6d Qh 8c 6h]
Seat 2: termi3333 (button) (small blind) showed [4s 6c] and won ($47.50) with three of a kind, Sixes
Seat 3: SmellyToes4u (big blind) mucked


PokerStars Hand #146496200514:  Hold'em Limit ($3/$6 USD) - 2016/01/05 4:49:53 ET
Table 'Gabriella II' 6-max Seat #2 is the button
Seat 2: termi3333 ($85.02 in chips)
Seat 3: SmellyToes4u ($106.28 in chips)
termi3333: posts small blind $1
SmellyToes4u: posts big blind $3
*** HOLE CARDS ***
termi3333: raises $3 to $6
SmellyToes4u: folds
Uncalled bet ($3) returned to termi3333
termi3333 collected $6 from pot
termi3333: doesn't show hand
*** SUMMARY ***
Total pot $6 | Rake $0
Seat 2: termi3333 (button) (small blind) collected ($6)
Seat 3: SmellyToes4u (big blind) folded before Flop


PokerStars Hand #146496194753:  Hold'em Limit ($3/$6 USD) - 2016/01/05 4:49:40 ET
Table 'Gabriella II' 6-max Seat #3 is the button
Seat 2: termi3333 ($73.50 in chips)
Seat 3: SmellyToes4u ($118.28 in chips)
SmellyToes4u: posts small blind $1
termi3333: posts big blind $3
*** HOLE CARDS ***
SmellyToes4u: raises $3 to $6
termi3333: calls $3
*** FLOP *** [Jh 7c Qd]
termi3333: checks
SmellyToes4u: bets $3
termi3333: raises $3 to $6
SmellyToes4u: calls $3
*** TURN *** [Jh 7c Qd] [5c]
termi3333: bets $6
SmellyToes4u: folds
Uncalled bet ($6) returned to termi3333
termi3333 collected $23.52 from pot
termi3333: doesn't show hand
*** SUMMARY ***
Total pot $24 | Rake $0.48
Board [Jh 7c Qd 5c]
Seat 2: termi3333 (big blind) collected ($23.52)
Seat 3: SmellyToes4u (button) (small blind) folded on the Turn


PokerStars Hand #146496187942:  Hold'em Limit ($3/$6 USD) - 2016/01/05 4:49:24 ET
Table 'Gabriella II' 6-max Seat #2 is the button
Seat 2: termi3333 ($82.50 in chips)
Seat 3: SmellyToes4u ($109.64 in chips)
termi3333: posts small blind $1
SmellyToes4u: posts big blind $3
*** HOLE CARDS ***
termi3333: raises $3 to $6
SmellyToes4u: raises $3 to $9
termi3333: calls $3
*** FLOP *** [2d Qs 6h]
SmellyToes4u: bets $3
termi3333: folds
Uncalled bet ($3) returned to SmellyToes4u
SmellyToes4u collected $17.64 from pot
SmellyToes4u: doesn't show hand
*** SUMMARY ***
Total pot $18 | Rake $0.36
Board [2d Qs 6h]
Seat 2: termi3333 (button) (small blind) folded on the Flop
Seat 3: SmellyToes4u (big blind) collected ($17.64)


PokerStars Hand #146496240325:  Hold'em Limit ($3/$6 USD) - 2016/01/05 4:51:22 ET
Table 'Gabriella II' 6-max Seat #2 is the button
Seat 2: termi3333 ($135.02 in chips)
Seat 3: SmellyToes4u ($55.04 in chips)
termi3333: posts small blind $1
SmellyToes4u: posts big blind $3
*** HOLE CARDS ***
termi3333: folds
Uncalled bet ($2) returned to SmellyToes4u
SmellyToes4u collected $2 from pot
SmellyToes4u: doesn't show hand
*** SUMMARY ***
Total pot $2 | Rake $0
Seat 2: termi3333 (button) (small blind) folded before Flop
Seat 3: SmellyToes4u (big blind) collected ($2)


PokerStars Hand #146496232966:  Hold'em Limit ($3/$6 USD) - 2016/01/05 4:51:06 ET
Table 'Gabriella II' 6-max Seat #3 is the button
Seat 2: termi3333 ($117.52 in chips)
Seat 3: SmellyToes4u ($73.04 in chips)
SmellyToes4u: posts small blind $1
termi3333: posts big blind $3
*** HOLE CARDS ***
SmellyToes4u: raises $3 to $6
termi3333: calls $3
*** FLOP *** [9d 3c Ts]
termi3333: checks
SmellyToes4u: bets $3
termi3333: raises $3 to $6
SmellyToes4u: calls $3
*** TURN *** [9d 3c Ts] [7d]
termi3333: bets $6
SmellyToes4u: calls $6
*** RIVER *** [9d 3c Ts 7d] [Jh]
termi3333: bets $6
SmellyToes4u: folds
Uncalled bet ($6) returned to termi3333
termi3333 collected $35.50 from pot
termi3333: doesn't show hand
*** SUMMARY ***
Total pot $36 | Rake $0.50
Board [9d 3c Ts 7d Jh]
Seat 2: termi3333 (big blind) collected ($35.50)
Seat 3: SmellyToes4u (button) (small blind) folded on the River


PokerStars Hand #146496220476:  Hold'em Limit ($3/$6 USD) - 2016/01/05 4:50:38 ET
Table 'Gabriella II' 6-max Seat #2 is the button
Seat 2: termi3333 ($82.02 in chips)
Seat 3: SmellyToes4u ($109.04 in chips)
termi3333: posts small blind $1
SmellyToes4u: posts big blind $3
*** HOLE CARDS ***
termi3333: raises $3 to $6
SmellyToes4u: raises $3 to $9
termi3333: calls $3
*** FLOP *** [2s 6d 8h]
SmellyToes4u: bets $3
termi3333: raises $3 to $6
SmellyToes4u: raises $3 to $9
termi3333: calls $3
*** TURN *** [2s 6d 8h] [9s]
SmellyToes4u: bets $6
termi3333: raises $6 to $12
SmellyToes4u: calls $6
*** RIVER *** [2s 6d 8h 9s] [6s]
SmellyToes4u: checks
termi3333: bets $6
SmellyToes4u: calls $6
*** SHOW DOWN ***
termi3333: shows [Ts 8s] (a flush, Ten high)
SmellyToes4u: mucks hand
termi3333 collected $71.50 from pot
*** SUMMARY ***
Total pot $72 | Rake $0.50
Board [2s 6d 8h 9s 6s]
Seat 2: termi3333 (button) (small blind) showed [Ts 8s] and won ($71.50) with a flush, Ten high
Seat 3: SmellyToes4u (big blind) mucked


PokerStars Hand #146496206661:  Hold'em Limit ($3/$6 USD) - 2016/01/05 4:50:06 ET
Table 'Gabriella II' 6-max Seat #3 is the button
Seat 2: termi3333 ($88.02 in chips)
Seat 3: SmellyToes4u ($103.28 in chips)
SmellyToes4u: posts small blind $1
termi3333: posts big blind $3
*** HOLE CARDS ***
SmellyToes4u: raises $3 to $6
termi3333: calls $3
*** FLOP *** [6c Kc Ts]
termi3333: checks
SmellyToes4u: bets $3
termi3333: folds
Uncalled bet ($3) returned to SmellyToes4u
SmellyToes4u collected $11.76 from pot
SmellyToes4u: doesn't show hand
*** SUMMARY ***
Total pot $12 | Rake $0.24
Board [6c Kc Ts]
Seat 2: termi3333 (big blind) folded on the Flop
Seat 3: SmellyToes4u (button) (small blind) collected ($11.76)


PokerStars Hand #146496259089:  Hold'em Limit ($3/$6 USD) - 2016/01/05 4:52:05 ET
Table 'Gabriella II' 6-max Seat #3 is the button
Seat 2: termi3333 ($125.02 in chips)
Seat 3: SmellyToes4u ($64.80 in chips)
SmellyToes4u: posts small blind $1
termi3333: posts big blind $3
*** HOLE CARDS ***
SmellyToes4u: raises $3 to $6
termi3333: folds
Uncalled bet ($3) returned to SmellyToes4u
SmellyToes4u collected $6 from pot
SmellyToes4u: doesn't show hand
*** SUMMARY ***
Total pot $6 | Rake $0
Seat 2: termi3333 (big blind) folded before Flop
Seat 3: SmellyToes4u (button) (small blind) collected ($6)


PokerStars Hand #146496251012:  Hold'em Limit ($3/$6 USD) - 2016/01/05 4:51:47 ET
Table 'Gabriella II' 6-max Seat #2 is the button
Seat 2: termi3333 ($131.02 in chips)
Seat 3: SmellyToes4u ($59.04 in chips)
termi3333: posts small blind $1
SmellyToes4u: posts big blind $3
*** HOLE CARDS ***
termi3333: calls $2
SmellyToes4u: raises $3 to $6
termi3333: calls $3
*** FLOP *** [3s 8s 7d]
SmellyToes4u: bets $3
termi3333: folds
Uncalled bet ($3) returned to SmellyToes4u
SmellyToes4u collected $11.76 from pot
SmellyToes4u: doesn't show hand
*** SUMMARY ***
Total pot $12 | Rake $0.24
Board [3s 8s 7d]
Seat 2: termi3333 (button) (small blind) folded on the Flop
Seat 3: SmellyToes4u (big blind) collected ($11.76)


PokerStars Hand #146496242234:  Hold'em Limit ($3/$6 USD) - 2016/01/05 4:51:27 ET
Table 'Gabriella II' 6-max Seat #3 is the button
Seat 2: termi3333 ($134.02 in chips)
Seat 3: SmellyToes4u ($56.04 in chips)
SmellyToes4u: posts small blind $1
termi3333: posts big blind $3
*** HOLE CARDS ***
SmellyToes4u: raises $3 to $6
termi3333: folds
Uncalled bet ($3) returned to SmellyToes4u
SmellyToes4u collected $6 from pot
SmellyToes4u: doesn't show hand
*** SUMMARY ***
Total pot $6 | Rake $0
Seat 2: termi3333 (big blind) folded before Flop
Seat 3: SmellyToes4u (button) (small blind) collected ($6)


PokerStars Hand #146496282141:  Hold'em Limit ($3/$6 USD) - 2016/01/05 4:52:56 ET
Table 'Gabriella II' 6-max Seat #2 is the button
Seat 2: termi3333 ($107.02 in chips)
Seat 3: SmellyToes4u ($82.20 in chips)
termi3333: posts small blind $1
SmellyToes4u: posts big blind $3
*** HOLE CARDS ***
termi3333: raises $3 to $6
SmellyToes4u: calls $3
*** FLOP *** [Td 2s 2h]
SmellyToes4u: checks
termi3333: bets $3
SmellyToes4u: folds
Uncalled bet ($3) returned to termi3333
termi3333 collected $11.76 from pot
termi3333: doesn't show hand
*** SUMMARY ***
Total pot $12 | Rake $0.24
Board [Td 2s 2h]
Seat 2: termi3333 (button) (small blind) collected ($11.76)
Seat 3: SmellyToes4u (big blind) folded on the Flop


PokerStars Hand #146496276010:  Hold'em Limit ($3/$6 USD) - 2016/01/05 4:52:43 ET
Table 'Gabriella II' 6-max Seat #3 is the button
Seat 2: termi3333 ($113.02 in chips)
Seat 3: SmellyToes4u ($76.44 in chips)
SmellyToes4u: posts small blind $1
termi3333: posts big blind $3
*** HOLE CARDS ***
SmellyToes4u: raises $3 to $6
termi3333: calls $3
*** FLOP *** [Kc 3s 5h]
termi3333: checks
SmellyToes4u: bets $3
termi3333: folds
Uncalled bet ($3) returned to SmellyToes4u
SmellyToes4u collected $11.76 from pot
*** SUMMARY ***
Total pot $12 | Rake $0.24
Board [Kc 3s 5h]
Seat 2: termi3333 (big blind) folded on the Flop
Seat 3: SmellyToes4u (button) (small blind) collected ($11.76)


PokerStars Hand #146496298728:  Hold'em Limit ($3/$6 USD) - 2016/01/05 4:53:34 ET
Table 'Gabriella II' 6-max Seat #2 is the button
Seat 2: termi3333 ($121.42 in chips)
Seat 3: SmellyToes4u ($67.20 in chips)
termi3333: posts small blind $1
SmellyToes4u: posts big blind $3
*** HOLE CARDS ***
termi3333: raises $3 to $6
SmellyToes4u: folds
Uncalled bet ($3) returned to termi3333
termi3333 collected $6 from pot
termi3333: doesn't show hand
*** SUMMARY ***
Total pot $6 | Rake $0
Seat 2: termi3333 (button) (small blind) collected ($6)
Seat 3: SmellyToes4u (big blind) folded before Flop


PokerStars Hand #146496286699:  Hold'em Limit ($3/$6 USD) - 2016/01/05 4:53:07 ET
Table 'Gabriella II' 6-max Seat #3 is the button
Seat 2: termi3333 ($112.78 in chips)
Seat 3: SmellyToes4u ($76.20 in chips)
SmellyToes4u: posts small blind $1
termi3333: posts big blind $3
*** HOLE CARDS ***
SmellyToes4u: raises $3 to $6
termi3333: calls $3
*** FLOP *** [6c Kd Ks]
termi3333: checks
SmellyToes4u: bets $3
termi3333: calls $3
*** TURN *** [6c Kd Ks] [4d]
termi3333: checks
SmellyToes4u: checks
*** RIVER *** [6c Kd Ks 4d] [Qs]
termi3333: bets $6
SmellyToes4u: folds
Uncalled bet ($6) returned to termi3333
termi3333 collected $17.64 from pot
termi3333: doesn't show hand
*** SUMMARY ***
Total pot $18 | Rake $0.36
Board [6c Kd Ks 4d Qs]
Seat 2: termi3333 (big blind) collected ($17.64)
Seat 3: SmellyToes4u (button) (small blind) folded on the River


PokerStars Hand #146496315323:  Hold'em Limit ($3/$6 USD) - 2016/01/05 4:54:11 ET
Table 'Gabriella II' 6-max Seat #2 is the button
Seat 2: termi3333 ($121.42 in chips)
Seat 3: SmellyToes4u ($67.20 in chips)
termi3333: posts small blind $1
SmellyToes4u: posts big blind $3
*** HOLE CARDS ***
termi3333: raises $3 to $6
SmellyToes4u: raises $3 to $9
termi3333: calls $3
*** FLOP *** [Kh Qc 8d]
SmellyToes4u: bets $3
termi3333: folds
Uncalled bet ($3) returned to SmellyToes4u
SmellyToes4u collected $17.64 from pot
SmellyToes4u: doesn't show hand
*** SUMMARY ***
Total pot $18 | Rake $0.36
Board [Kh Qc 8d]
Seat 2: termi3333 (button) (small blind) folded on the Flop
Seat 3: SmellyToes4u (big blind) collected ($17.64)


PokerStars Hand #146496312213:  Hold'em Limit ($3/$6 USD) - 2016/01/05 4:54:04 ET
Table 'Gabriella II' 6-max Seat #3 is the button
Seat 2: termi3333 ($124.42 in chips)
Seat 3: SmellyToes4u ($64.20 in chips)
SmellyToes4u: posts small blind $1
termi3333: posts big blind $3
*** HOLE CARDS ***
SmellyToes4u: raises $3 to $6
termi3333: folds
Uncalled bet ($3) returned to SmellyToes4u
SmellyToes4u collected $6 from pot
SmellyToes4u: doesn't show hand
*** SUMMARY ***
Total pot $6 | Rake $0
Seat 2: termi3333 (big blind) folded before Flop
Seat 3: SmellyToes4u (button) (small blind) collected ($6)


PokerStars Hand #146496321202:  Hold'em Limit ($3/$6 USD) - 2016/01/05 4:54:24 ET
Table 'Gabriella II' 6-max Seat #3 is the button
Seat 2: termi3333 ($112.42 in chips)
Seat 3: SmellyToes4u ($75.84 in chips)
SmellyToes4u: posts small blind $1
termi3333: posts big blind $3
*** HOLE CARDS ***
SmellyToes4u: raises $3 to $6
termi3333: calls $3
*** FLOP *** [2s Ah 9s]
termi3333: checks
SmellyToes4u: bets $3
termi3333: folds
Uncalled bet ($3) returned to SmellyToes4u
SmellyToes4u collected $11.76 from pot
SmellyToes4u: doesn't show hand
*** SUMMARY ***
Total pot $12 | Rake $0.24
Board [2s Ah 9s]
Seat 2: termi3333 (big blind) folded on the Flop
Seat 3: SmellyToes4u (button) (small blind) collected ($11.76)


PokerStars Hand #146496302926:  Hold'em Limit ($3/$6 USD) - 2016/01/05 4:53:43 ET
Table 'Gabriella II' 6-max Seat #3 is the button
Seat 2: termi3333 ($124.42 in chips)
Seat 3: SmellyToes4u ($64.20 in chips)
SmellyToes4u: posts small blind $1
termi3333: posts big blind $3
*** HOLE CARDS ***
SmellyToes4u: folds
Uncalled bet ($2) returned to termi3333
termi3333 collected $2 from pot
termi3333: doesn't show hand
*** SUMMARY ***
Total pot $2 | Rake $0
Seat 2: termi3333 (big blind) collected ($2)
Seat 3: SmellyToes4u (button) (small blind) folded before Flop


PokerStars Hand #146496332434:  Hold'em Limit ($3/$6 USD) - 2016/01/05 4:54:49 ET
Table 'Gabriella II' 6-max Seat #3 is the button
Seat 2: termi3333 ($103.42 in chips)
Seat 3: SmellyToes4u ($84.48 in chips)
SmellyToes4u: posts small blind $1
termi3333: posts big blind $3
*** HOLE CARDS ***
SmellyToes4u: raises $3 to $6
termi3333: calls $3
*** FLOP *** [8c 7d Tc]
termi3333: checks
SmellyToes4u: bets $3
termi3333: folds
Uncalled bet ($3) returned to SmellyToes4u
SmellyToes4u collected $11.76 from pot
SmellyToes4u: doesn't show hand
*** SUMMARY ***
Total pot $12 | Rake $0.24
Board [8c 7d Tc]
Seat 2: termi3333 (big blind) folded on the Flop
Seat 3: SmellyToes4u (button) (small blind) collected ($11.76)


PokerStars Hand #146496351654:  Hold'em Limit ($3/$6 USD) - 2016/01/05 4:55:35 ET
Table 'Gabriella II' 6-max Seat #2 is the button
Seat 2: termi3333 ($105.92 in chips)
Seat 3: SmellyToes4u ($80.74 in chips)
termi3333: posts small blind $1
SmellyToes4u: posts big blind $3
*** HOLE CARDS ***
termi3333: raises $3 to $6
SmellyToes4u: folds
Uncalled bet ($3) returned to termi3333
termi3333 collected $6 from pot
termi3333: doesn't show hand
*** SUMMARY ***
Total pot $6 | Rake $0
Seat 2: termi3333 (button) (small blind) collected ($6)
Seat 3: SmellyToes4u (big blind) folded before Flop


PokerStars Hand #146496345085:  Hold'em Limit ($3/$6 USD) - 2016/01/05 4:55:18 ET
Table 'Gabriella II' 6-max Seat #3 is the button
Seat 2: termi3333 ($82.42 in chips)
Seat 3: SmellyToes4u ($104.74 in chips)
SmellyToes4u: posts small blind $1
termi3333: posts big blind $3
*** HOLE CARDS ***
SmellyToes4u: raises $3 to $6
termi3333: raises $3 to $9
SmellyToes4u: calls $3
*** FLOP *** [3s Kh Jc]
termi3333: bets $3
SmellyToes4u: calls $3
*** TURN *** [3s Kh Jc] [5s]
termi3333: bets $6
SmellyToes4u: calls $6
*** RIVER *** [3s Kh Jc 5s] [Kc]
termi3333: bets $6
SmellyToes4u: calls $6
*** SHOW DOWN ***
termi3333: shows [Jd Ad] (two pair, Kings and Jacks)
SmellyToes4u: mucks hand
termi3333 collected $47.50 from pot
*** SUMMARY ***
Total pot $48 | Rake $0.50
Board [3s Kh Jc 5s Kc]
Seat 2: termi3333 (big blind) showed [Jd Ad] and won ($47.50) with two pair, Kings and Jacks
Seat 3: SmellyToes4u (button) (small blind) mucked


PokerStars Hand #146496336951:  Hold'em Limit ($3/$6 USD) - 2016/01/05 4:55:00 ET
Table 'Gabriella II' 6-max Seat #2 is the button
Seat 2: termi3333 ($97.42 in chips)
Seat 3: SmellyToes4u ($90.24 in chips)
termi3333: posts small blind $1
SmellyToes4u: posts big blind $3
*** HOLE CARDS ***
termi3333: raises $3 to $6
SmellyToes4u: calls $3
*** FLOP *** [7s 6c 9d]
SmellyToes4u: checks
termi3333: bets $3
SmellyToes4u: calls $3
*** TURN *** [7s 6c 9d] [4h]
SmellyToes4u: checks
termi3333: bets $6
SmellyToes4u: calls $6
*** RIVER *** [7s 6c 9d 4h] [4c]
SmellyToes4u: checks
termi3333: checks
*** SHOW DOWN ***
SmellyToes4u: shows [Qs 7h] (two pair, Sevens and Fours)
termi3333: mucks hand
SmellyToes4u collected $29.50 from pot
*** SUMMARY ***
Total pot $30 | Rake $0.50
Board [7s 6c 9d 4h 4c]
Seat 2: termi3333 (button) (small blind) mucked
Seat 3: SmellyToes4u (big blind) showed [Qs 7h] and won ($29.50) with two pair, Sevens and Fours


PokerStars Hand #146496327009:  Hold'em Limit ($3/$6 USD) - 2016/01/05 4:54:37 ET
Table 'Gabriella II' 6-max Seat #2 is the button
Seat 2: termi3333 ($106.42 in chips)
Seat 3: SmellyToes4u ($81.60 in chips)
termi3333: posts small blind $1
SmellyToes4u: posts big blind $3
*** HOLE CARDS ***
termi3333: calls $2
SmellyToes4u: checks
*** FLOP *** [Js 2h Kd]
SmellyToes4u: bets $3
termi3333: folds
Uncalled bet ($3) returned to SmellyToes4u
SmellyToes4u collected $5.88 from pot
SmellyToes4u: doesn't show hand
*** SUMMARY ***
Total pot $6 | Rake $0.12
Board [Js 2h Kd]
Seat 2: termi3333 (button) (small blind) folded on the Flop
Seat 3: SmellyToes4u (big blind) collected ($5.88)


PokerStars Hand #146496372010:  Hold'em Limit ($3/$6 USD) - 2016/01/05 4:56:26 ET
Table 'Gabriella II' 6-max Seat #2 is the button
Seat 2: termi3333 ($133.94 in chips)
Seat 3: SmellyToes4u ($51.74 in chips)
termi3333: posts small blind $1
SmellyToes4u: posts big blind $3
*** HOLE CARDS ***
termi3333: calls $2
SmellyToes4u: raises $3 to $6
termi3333: calls $3
*** FLOP *** [6h 6c 4c]
SmellyToes4u: bets $3
termi3333: calls $3
*** TURN *** [6h 6c 4c] [Ks]
SmellyToes4u: bets $6
termi3333: calls $6
*** RIVER *** [6h 6c 4c Ks] [2d]
SmellyToes4u: bets $6
termi3333: folds
Uncalled bet ($6) returned to SmellyToes4u
SmellyToes4u collected $29.50 from pot
SmellyToes4u: doesn't show hand
*** SUMMARY ***
Total pot $30 | Rake $0.50
Board [6h 6c 4c Ks 2d]
Seat 2: termi3333 (button) (small blind) folded on the River
Seat 3: SmellyToes4u (big blind) collected ($29.50)


PokerStars Hand #146496364170:  Hold'em Limit ($3/$6 USD) - 2016/01/05 4:56:06 ET
Table 'Gabriella II' 6-max Seat #3 is the button
Seat 2: termi3333 ($122.42 in chips)
Seat 3: SmellyToes4u ($63.74 in chips)
SmellyToes4u: posts small blind $1
termi3333: posts big blind $3
*** HOLE CARDS ***
SmellyToes4u: raises $3 to $6
termi3333: calls $3
*** FLOP *** [9c Qs 2s]
termi3333: checks
SmellyToes4u: bets $3
termi3333: raises $3 to $6
patrikskjold joins the table at seat #4
SmellyToes4u: calls $3
*** TURN *** [9c Qs 2s] [6s]
termi3333: checks
SmellyToes4u: checks
*** RIVER *** [9c Qs 2s 6s] [7s]
termi3333: checks
SmellyToes4u: checks
*** SHOW DOWN ***
termi3333: shows [5d 5h] (a pair of Fives)
SmellyToes4u: mucks hand
termi3333 collected $23.52 from pot
*** SUMMARY ***
Total pot $24 | Rake $0.48
Board [9c Qs 2s 6s 7s]
Seat 2: termi3333 (big blind) showed [5d 5h] and won ($23.52) with a pair of Fives
Seat 3: SmellyToes4u (button) (small blind) mucked


PokerStars Hand #146496355101:  Hold'em Limit ($3/$6 USD) - 2016/01/05 4:55:43 ET
Table 'Gabriella II' 6-max Seat #3 is the button
Seat 2: termi3333 ($108.92 in chips)
Seat 3: SmellyToes4u ($77.74 in chips)
SmellyToes4u: posts small blind $1
termi3333: posts big blind $3
*** HOLE CARDS ***
SmellyToes4u: raises $3 to $6
termi3333: calls $3
*** FLOP *** [5d 8h 2h]
termi3333: checks
SmellyToes4u: bets $3
termi3333: raises $3 to $6
SmellyToes4u: raises $3 to $9
termi3333: calls $3
*** TURN *** [5d 8h 2h] [9s]
termi3333: checks
SmellyToes4u: checks
*** RIVER *** [5d 8h 2h 9s] [Ac]
termi3333: checks
SmellyToes4u: checks
*** SHOW DOWN ***
termi3333: shows [Qd 8c] (a pair of Eights)
SmellyToes4u: mucks hand
termi3333 collected $29.50 from pot
*** SUMMARY ***
Total pot $30 | Rake $0.50
Board [5d 8h 2h 9s Ac]
Seat 2: termi3333 (big blind) showed [Qd 8c] and won ($29.50) with a pair of Eights
Seat 3: SmellyToes4u (button) (small blind) mucked


PokerStars Hand #146496471608:  Hold'em Limit ($3/$6 USD) - 2016/01/05 5:00:34 ET
Table 'Gabriella II' 6-max Seat #3 is the button
Seat 3: SmellyToes4u ($91.62 in chips)
Seat 5: svoy2 ($551.38 in chips)
SmellyToes4u: posts small blind $1
svoy2: posts big blind $3
*** HOLE CARDS ***
SmellyToes4u: raises $3 to $6
svoy2: raises $3 to $9
termi3333 leaves the table
SmellyToes4u: calls $3
*** FLOP *** [8d 8h 3d]
svoy2: bets $3
SmellyToes4u: calls $3
*** TURN *** [8d 8h 3d] [9s]
svoy2: bets $6
SmellyToes4u: calls $6
*** RIVER *** [8d 8h 3d 9s] [2h]
svoy2: bets $6
SmellyToes4u: folds
Uncalled bet ($6) returned to svoy2
svoy2 collected $35.50 from pot
svoy2: doesn't show hand
SmellyToes4u leaves the table
*** SUMMARY ***
Total pot $36 | Rake $0.50
Board [8d 8h 3d 9s 2h]
Seat 3: SmellyToes4u (button) (small blind) folded on the River
Seat 5: svoy2 (big blind) collected ($35.50)


