PokerStars Hand #144596290160:  Hold'em Limit ($3/$6 USD) - 2015/11/30 0:47:48 ET
Table 'Gabriella' 6-max Seat #1 is the button
Seat 1: _fayzulllo_ ($72 in chips)
Seat 4: Agrotait ($72 in chips)
_fayzulllo_: posts small blind $1
Agrotait: posts big blind $3
*** HOLE CARDS ***
_fayzulllo_: calls $2
Agrotait: raises $3 to $6
_fayzulllo_: calls $3
*** FLOP *** [Ks 3h 3d]
Agrotait: bets $3
_fayzulllo_: calls $3
*** TURN *** [Ks 3h 3d] [Kc]
Agrotait: checks
_fayzulllo_: checks
*** RIVER *** [Ks 3h 3d Kc] [Ts]
Agrotait: checks
_fayzulllo_: checks
*** SHOW DOWN ***
Agrotait: shows [9c Qc] (two pair, Kings and Threes)
_fayzulllo_: mucks hand
Agrotait collected $17.64 from pot
*** SUMMARY ***
Total pot $18 | Rake $0.36
Board [Ks 3h 3d Kc Ts]
Seat 1: _fayzulllo_ (button) (small blind) mucked
Seat 4: Agrotait (big blind) showed [9c Qc] and won ($17.64) with two pair, Kings and Threes


PokerStars Hand #144596295852:  Hold'em Limit ($3/$6 USD) - 2015/11/30 0:48:11 ET
Table 'Gabriella' 6-max Seat #4 is the button
Seat 1: _fayzulllo_ ($63 in chips)
Seat 4: Agrotait ($80.64 in chips)
Agrotait: posts small blind $1
_fayzulllo_: posts big blind $3
*** HOLE CARDS ***
Agrotait: folds
Uncalled bet ($2) returned to _fayzulllo_
_fayzulllo_ collected $2 from pot
_fayzulllo_: doesn't show hand
*** SUMMARY ***
Total pot $2 | Rake $0
Seat 1: _fayzulllo_ (big blind) collected ($2)
Seat 4: Agrotait (button) (small blind) folded before Flop


PokerStars Hand #144596298127:  Hold'em Limit ($3/$6 USD) - 2015/11/30 0:48:21 ET
Table 'Gabriella' 6-max Seat #1 is the button
Seat 1: _fayzulllo_ ($64 in chips)
Seat 4: Agrotait ($79.64 in chips)
_fayzulllo_: posts small blind $1
Agrotait: posts big blind $3
*** HOLE CARDS ***
_fayzulllo_: calls $2
Agrotait: raises $3 to $6
_fayzulllo_: calls $3
*** FLOP *** [9c Ac 3c]
Agrotait: bets $3
_fayzulllo_: folds
Uncalled bet ($3) returned to Agrotait
Agrotait collected $11.76 from pot
Agrotait: doesn't show hand
*** SUMMARY ***
Total pot $12 | Rake $0.24
Board [9c Ac 3c]
Seat 1: _fayzulllo_ (button) (small blind) folded on the Flop
Seat 4: Agrotait (big blind) collected ($11.76)


PokerStars Hand #144596300429:  Hold'em Limit ($3/$6 USD) - 2015/11/30 0:48:31 ET
Table 'Gabriella' 6-max Seat #4 is the button
Seat 1: _fayzulllo_ ($58 in chips)
Seat 4: Agrotait ($85.40 in chips)
Agrotait: posts small blind $1
_fayzulllo_: posts big blind $3
*** HOLE CARDS ***
Agrotait: folds
Uncalled bet ($2) returned to _fayzulllo_
_fayzulllo_ collected $2 from pot
_fayzulllo_: doesn't show hand
*** SUMMARY ***
Total pot $2 | Rake $0
Seat 1: _fayzulllo_ (big blind) collected ($2)
Seat 4: Agrotait (button) (small blind) folded before Flop


PokerStars Hand #144596303575:  Hold'em Limit ($3/$6 USD) - 2015/11/30 0:48:44 ET
Table 'Gabriella' 6-max Seat #1 is the button
Seat 1: _fayzulllo_ ($59 in chips)
Seat 4: Agrotait ($84.40 in chips)
_fayzulllo_: posts small blind $1
Agrotait: posts big blind $3
*** HOLE CARDS ***
_fayzulllo_: calls $2
Agrotait: checks
*** FLOP *** [Jc Ac 4h]
Agrotait: bets $3
_fayzulllo_: calls $3
*** TURN *** [Jc Ac 4h] [Qh]
Agrotait: bets $6
_fayzulllo_: calls $6
*** RIVER *** [Jc Ac 4h Qh] [8d]
Agrotait: checks
_fayzulllo_: checks
*** SHOW DOWN ***
Agrotait: shows [6s Jd] (a pair of Jacks)
_fayzulllo_: mucks hand
Agrotait collected $23.52 from pot
*** SUMMARY ***
Total pot $24 | Rake $0.48
Board [Jc Ac 4h Qh 8d]
Seat 1: _fayzulllo_ (button) (small blind) mucked
Seat 4: Agrotait (big blind) showed [6s Jd] and won ($23.52) with a pair of Jacks


PokerStars Hand #144596308495:  Hold'em Limit ($3/$6 USD) - 2015/11/30 0:49:05 ET
Table 'Gabriella' 6-max Seat #4 is the button
Seat 1: _fayzulllo_ ($47 in chips)
Seat 4: Agrotait ($95.92 in chips)
Agrotait: posts small blind $1
_fayzulllo_: posts big blind $3
*** HOLE CARDS ***
Chessnok joins the table at seat #2
Agrotait: raises $3 to $6
_fayzulllo_: raises $3 to $9
Agrotait: calls $3
*** FLOP *** [5c Ah 8d]
_fayzulllo_: bets $3
Agrotait: calls $3
*** TURN *** [5c Ah 8d] [3d]
_fayzulllo_: checks
Agrotait: bets $6
_fayzulllo_: calls $6
*** RIVER *** [5c Ah 8d 3d] [7h]
_fayzulllo_: checks
Agrotait: checks
*** SHOW DOWN ***
_fayzulllo_: shows [Qh Kd] (high card Ace)
Agrotait: shows [5s Qc] (a pair of Fives)
Agrotait collected $35.50 from pot
*** SUMMARY ***
Total pot $36 | Rake $0.50
Board [5c Ah 8d 3d 7h]
Seat 1: _fayzulllo_ (big blind) showed [Qh Kd] and lost with high card Ace
Seat 4: Agrotait (button) (small blind) showed [5s Qc] and won ($35.50) with a pair of Fives


PokerStars Hand #144596761787:  Hold'em Limit ($3/$6 USD) - 2015/11/30 1:21:18 ET
Table 'Gabriella' 6-max Seat #6 is the button
Seat 1: scorpio04 ($153.11 in chips)
Seat 6: Teddy-CSIS ($157.23 in chips)
Teddy-CSIS: posts small blind $1
scorpio04: posts big blind $3
*** HOLE CARDS ***
Teddy-CSIS: folds
Uncalled bet ($2) returned to scorpio04
scorpio04 collected $2 from pot
scorpio04: doesn't show hand
*** SUMMARY ***
Total pot $2 | Rake $0
Seat 1: scorpio04 (big blind) collected ($2)
Seat 6: Teddy-CSIS (button) (small blind) folded before Flop


PokerStars Hand #144596759688:  Hold'em Limit ($3/$6 USD) - 2015/11/30 1:21:09 ET
Table 'Gabriella' 6-max Seat #1 is the button
Seat 1: scorpio04 ($150.11 in chips)
Seat 6: Teddy-CSIS ($160.23 in chips)
scorpio04: posts small blind $1
Agrotait: is sitting out
Teddy-CSIS: posts big blind $3
*** HOLE CARDS ***
scorpio04: raises $3 to $6
Teddy-CSIS: folds
Uncalled bet ($3) returned to scorpio04
scorpio04 collected $6 from pot
scorpio04: doesn't show hand
*** SUMMARY ***
Total pot $6 | Rake $0
Seat 1: scorpio04 (button) (small blind) collected ($6)
Seat 6: Teddy-CSIS (big blind) folded before Flop


PokerStars Hand #144596763282:  Hold'em Limit ($3/$6 USD) - 2015/11/30 1:21:25 ET
Table 'Gabriella' 6-max Seat #1 is the button
Seat 1: scorpio04 ($154.11 in chips)
Seat 6: Teddy-CSIS ($156.23 in chips)
scorpio04: posts small blind $1
Teddy-CSIS: posts big blind $3
*** HOLE CARDS ***
scorpio04: raises $3 to $6
Agrotait leaves the table
Teddy-CSIS: calls $3
*** FLOP *** [Ks Qd 9d]
Teddy-CSIS: checks
scorpio04: bets $3
Teddy-CSIS: folds
Uncalled bet ($3) returned to scorpio04
scorpio04 collected $11.76 from pot
scorpio04: doesn't show hand
*** SUMMARY ***
Total pot $12 | Rake $0.24
Board [Ks Qd 9d]
Seat 1: scorpio04 (button) (small blind) collected ($11.76)
Seat 6: Teddy-CSIS (big blind) folded on the Flop


PokerStars Hand #144596768733:  Hold'em Limit ($3/$6 USD) - 2015/11/30 1:21:48 ET
Table 'Gabriella' 6-max Seat #6 is the button
Seat 1: scorpio04 ($159.87 in chips)
Seat 6: Teddy-CSIS ($150.23 in chips)
Teddy-CSIS: posts small blind $1
scorpio04: posts big blind $3
*** HOLE CARDS ***
Teddy-CSIS: raises $3 to $6
scorpio04: calls $3
*** FLOP *** [6h 3c 5d]
scorpio04: checks
Teddy-CSIS: bets $3
scorpio04: raises $3 to $6
Teddy-CSIS: calls $3
*** TURN *** [6h 3c 5d] [Kc]
scorpio04: bets $6
Teddy-CSIS: folds
Uncalled bet ($6) returned to scorpio04
scorpio04 collected $23.52 from pot
scorpio04: doesn't show hand
*** SUMMARY ***
Total pot $24 | Rake $0.48
Board [6h 3c 5d Kc]
Seat 1: scorpio04 (big blind) collected ($23.52)
Seat 6: Teddy-CSIS (button) (small blind) folded on the Turn


PokerStars Hand #144596780575:  Hold'em Limit ($3/$6 USD) - 2015/11/30 1:22:37 ET
Table 'Gabriella' 6-max Seat #1 is the button
Seat 1: scorpio04 ($171.39 in chips)
Seat 6: Teddy-CSIS ($138.23 in chips)
scorpio04: posts small blind $1
Teddy-CSIS: posts big blind $3
*** HOLE CARDS ***
scorpio04: raises $3 to $6
Teddy-CSIS: calls $3
*** FLOP *** [Kc 5h 4h]
Teddy-CSIS: checks
scorpio04: bets $3
Teddy-CSIS: raises $3 to $6
scorpio04: calls $3
*** TURN *** [Kc 5h 4h] [7d]
Teddy-CSIS: bets $6
scorpio04: calls $6
*** RIVER *** [Kc 5h 4h 7d] [Ks]
Teddy-CSIS: bets $6
scorpio04: calls $6
*** SHOW DOWN ***
Teddy-CSIS: shows [6s 5s] (two pair, Kings and Fives)
scorpio04: mucks hand
Teddy-CSIS collected $47.50 from pot
*** SUMMARY ***
Total pot $48 | Rake $0.50
Board [Kc 5h 4h 7d Ks]
Seat 1: scorpio04 (button) (small blind) mucked
Seat 6: Teddy-CSIS (big blind) showed [6s 5s] and won ($47.50) with two pair, Kings and Fives


PokerStars Hand #144596792709:  Hold'em Limit ($3/$6 USD) - 2015/11/30 1:23:28 ET
Table 'Gabriella' 6-max Seat #6 is the button
Seat 1: scorpio04 ($147.39 in chips)
Seat 6: Teddy-CSIS ($161.73 in chips)
Teddy-CSIS: posts small blind $1
scorpio04: posts big blind $3
*** HOLE CARDS ***
Teddy-CSIS: raises $3 to $6
scorpio04: calls $3
*** FLOP *** [5d Js 7c]
scorpio04: checks
Teddy-CSIS: bets $3
scorpio04: folds
Uncalled bet ($3) returned to Teddy-CSIS
Teddy-CSIS collected $11.76 from pot
Teddy-CSIS: doesn't show hand
*** SUMMARY ***
Total pot $12 | Rake $0.24
Board [5d Js 7c]
Seat 1: scorpio04 (big blind) folded on the Flop
Seat 6: Teddy-CSIS (button) (small blind) collected ($11.76)


PokerStars Hand #144596796498:  Hold'em Limit ($3/$6 USD) - 2015/11/30 1:23:44 ET
Table 'Gabriella' 6-max Seat #1 is the button
Seat 1: scorpio04 ($141.39 in chips)
Seat 6: Teddy-CSIS ($167.49 in chips)
scorpio04: posts small blind $1
Teddy-CSIS: posts big blind $3
*** HOLE CARDS ***
scorpio04: raises $3 to $6
Teddy-CSIS: calls $3
*** FLOP *** [Kh Qh 3d]
Teddy-CSIS: checks
scorpio04: bets $3
Teddy-CSIS: folds
Uncalled bet ($3) returned to scorpio04
scorpio04 collected $11.76 from pot
scorpio04: doesn't show hand
*** SUMMARY ***
Total pot $12 | Rake $0.24
Board [Kh Qh 3d]
Seat 1: scorpio04 (button) (small blind) collected ($11.76)
Seat 6: Teddy-CSIS (big blind) folded on the Flop


PokerStars Hand #144596809523:  Hold'em Limit ($3/$6 USD) - 2015/11/30 1:24:39 ET
Table 'Gabriella' 6-max Seat #1 is the button
Seat 1: scorpio04 ($117.15 in chips)
Seat 6: Teddy-CSIS ($190.99 in chips)
scorpio04: posts small blind $1
Teddy-CSIS: posts big blind $3
*** HOLE CARDS ***
scorpio04: raises $3 to $6
Teddy-CSIS: calls $3
*** FLOP *** [Js 3h 8c]
Teddy-CSIS: checks
scorpio04: bets $3
Teddy-CSIS: raises $3 to $6
scorpio04: folds
Uncalled bet ($3) returned to Teddy-CSIS
Teddy-CSIS collected $17.64 from pot
Teddy-CSIS: doesn't show hand
*** SUMMARY ***
Total pot $18 | Rake $0.36
Board [Js 3h 8c]
Seat 1: scorpio04 (button) (small blind) folded on the Flop
Seat 6: Teddy-CSIS (big blind) collected ($17.64)


PokerStars Hand #144596801265:  Hold'em Limit ($3/$6 USD) - 2015/11/30 1:24:04 ET
Table 'Gabriella' 6-max Seat #6 is the button
Seat 1: scorpio04 ($147.15 in chips)
Seat 6: Teddy-CSIS ($161.49 in chips)
Teddy-CSIS: posts small blind $1
scorpio04: posts big blind $3
*** HOLE CARDS ***
Teddy-CSIS: raises $3 to $6
scorpio04: raises $3 to $9
Teddy-CSIS: calls $3
*** FLOP *** [Kh 7s 6h]
scorpio04: bets $3
Teddy-CSIS: calls $3
*** TURN *** [Kh 7s 6h] [8c]
scorpio04: bets $6
Teddy-CSIS: raises $6 to $12
scorpio04: calls $6
*** RIVER *** [Kh 7s 6h 8c] [9c]
scorpio04: checks
Teddy-CSIS: bets $6
scorpio04: calls $6
*** SHOW DOWN ***
Teddy-CSIS: shows [5s Kd] (a straight, Five to Nine)
scorpio04: mucks hand
Teddy-CSIS collected $59.50 from pot
*** SUMMARY ***
Total pot $60 | Rake $0.50
Board [Kh 7s 6h 8c 9c]
Seat 1: scorpio04 (big blind) mucked
Seat 6: Teddy-CSIS (button) (small blind) showed [5s Kd] and won ($59.50) with a straight, Five to Nine


PokerStars Hand #144596814801:  Hold'em Limit ($3/$6 USD) - 2015/11/30 1:25:01 ET
Table 'Gabriella' 6-max Seat #6 is the button
Seat 1: scorpio04 ($108.15 in chips)
Seat 6: Teddy-CSIS ($199.63 in chips)
Teddy-CSIS: posts small blind $1
scorpio04: posts big blind $3
*** HOLE CARDS ***
Teddy-CSIS: raises $3 to $6
scorpio04: calls $3
*** FLOP *** [6h 8h Tc]
scorpio04: checks
Teddy-CSIS: checks
*** TURN *** [6h 8h Tc] [5s]
scorpio04: bets $6
Teddy-CSIS: folds
Uncalled bet ($6) returned to scorpio04
scorpio04 collected $11.76 from pot
scorpio04: doesn't show hand
*** SUMMARY ***
Total pot $12 | Rake $0.24
Board [6h 8h Tc 5s]
Seat 1: scorpio04 (big blind) collected ($11.76)
Seat 6: Teddy-CSIS (button) (small blind) folded on the Turn


PokerStars Hand #144596821838:  Hold'em Limit ($3/$6 USD) - 2015/11/30 1:25:31 ET
Table 'Gabriella' 6-max Seat #1 is the button
Seat 1: scorpio04 ($113.91 in chips)
Seat 6: Teddy-CSIS ($193.63 in chips)
scorpio04: posts small blind $1
Teddy-CSIS: posts big blind $3
*** HOLE CARDS ***
scorpio04: raises $3 to $6
Teddy-CSIS: raises $3 to $9
scorpio04: calls $3
*** FLOP *** [Qc 6h 8s]
Teddy-CSIS: bets $3
scorpio04: calls $3
*** TURN *** [Qc 6h 8s] [9d]
Teddy-CSIS: checks
scorpio04: bets $6
Teddy-CSIS: calls $6
*** RIVER *** [Qc 6h 8s 9d] [7h]
Teddy-CSIS: checks
scorpio04: checks
*** SHOW DOWN ***
Teddy-CSIS: shows [Ad Kd] (high card Ace)
scorpio04: shows [3h 3c] (a pair of Threes)
scorpio04 collected $35.50 from pot
*** SUMMARY ***
Total pot $36 | Rake $0.50
Board [Qc 6h 8s 9d 7h]
Seat 1: scorpio04 (button) (small blind) showed [3h 3c] and won ($35.50) with a pair of Threes
Seat 6: Teddy-CSIS (big blind) showed [Ad Kd] and lost with high card Ace


PokerStars Hand #144596836945:  Hold'em Limit ($3/$6 USD) - 2015/11/30 1:26:36 ET
Table 'Gabriella' 6-max Seat #1 is the button
Seat 1: scorpio04 ($142.93 in chips)
Seat 6: Teddy-CSIS ($163.63 in chips)
scorpio04: posts small blind $1
Teddy-CSIS: posts big blind $3
*** HOLE CARDS ***
scorpio04: raises $3 to $6
Teddy-CSIS: calls $3
*** FLOP *** [7h 7d Th]
Teddy-CSIS: checks
scorpio04: bets $3
Teddy-CSIS: raises $3 to $6
scorpio04: calls $3
*** TURN *** [7h 7d Th] [4h]
Teddy-CSIS: bets $6
scorpio04: raises $6 to $12
Teddy-CSIS: raises $6 to $18
scorpio04: calls $6
*** RIVER *** [7h 7d Th 4h] [Ks]
Teddy-CSIS: bets $6
scorpio04: calls $6
*** SHOW DOWN ***
Teddy-CSIS: shows [7c Td] (a full house, Sevens full of Tens)
scorpio04: mucks hand
Teddy-CSIS collected $71.50 from pot
*** SUMMARY ***
Total pot $72 | Rake $0.50
Board [7h 7d Th 4h Ks]
Seat 1: scorpio04 (button) (small blind) mucked
Seat 6: Teddy-CSIS (big blind) showed [7c Td] and won ($71.50) with a full house, Sevens full of Tens


PokerStars Hand #144596828467:  Hold'em Limit ($3/$6 USD) - 2015/11/30 1:26:00 ET
Table 'Gabriella' 6-max Seat #6 is the button
Seat 1: scorpio04 ($131.41 in chips)
Seat 6: Teddy-CSIS ($175.63 in chips)
Teddy-CSIS: posts small blind $1
scorpio04: posts big blind $3
*** HOLE CARDS ***
Teddy-CSIS: raises $3 to $6
scorpio04: raises $3 to $9
Teddy-CSIS: calls $3
*** FLOP *** [3c 8c 2s]
scorpio04: bets $3
Teddy-CSIS: calls $3
*** TURN *** [3c 8c 2s] [2d]
scorpio04: bets $6
Teddy-CSIS: folds
Uncalled bet ($6) returned to scorpio04
scorpio04 collected $23.52 from pot
scorpio04: doesn't show hand
*** SUMMARY ***
Total pot $24 | Rake $0.48
Board [3c 8c 2s 2d]
Seat 1: scorpio04 (big blind) collected ($23.52)
Seat 6: Teddy-CSIS (button) (small blind) folded on the Turn


PokerStars Hand #144596845268:  Hold'em Limit ($3/$6 USD) - 2015/11/30 1:27:11 ET
Table 'Gabriella' 6-max Seat #6 is the button
Seat 1: scorpio04 ($106.93 in chips)
Seat 6: Teddy-CSIS ($199.13 in chips)
Teddy-CSIS: posts small blind $1
scorpio04: posts big blind $3
*** HOLE CARDS ***
Teddy-CSIS: raises $3 to $6
scorpio04: calls $3
*** FLOP *** [Tc 4h 9d]
scorpio04: checks
Teddy-CSIS: bets $3
scorpio04: folds
Uncalled bet ($3) returned to Teddy-CSIS
Teddy-CSIS collected $11.76 from pot
Teddy-CSIS: doesn't show hand
*** SUMMARY ***
Total pot $12 | Rake $0.24
Board [Tc 4h 9d]
Seat 1: scorpio04 (big blind) folded on the Flop
Seat 6: Teddy-CSIS (button) (small blind) collected ($11.76)


PokerStars Hand #144596851728:  Hold'em Limit ($3/$6 USD) - 2015/11/30 1:27:39 ET
Table 'Gabriella' 6-max Seat #6 is the button
Seat 1: scorpio04 ($99.93 in chips)
Seat 6: Teddy-CSIS ($205.89 in chips)
Teddy-CSIS: posts small blind $1
scorpio04: posts big blind $3
*** HOLE CARDS ***
_fayzulllo_ joins the table at seat #2
Teddy-CSIS: raises $3 to $6
scorpio04: folds
Uncalled bet ($3) returned to Teddy-CSIS
Teddy-CSIS collected $6 from pot
Teddy-CSIS: doesn't show hand
*** SUMMARY ***
Total pot $6 | Rake $0
Seat 1: scorpio04 (big blind) folded before Flop
Seat 6: Teddy-CSIS (button) (small blind) collected ($6)


PokerStars Hand #144596849276:  Hold'em Limit ($3/$6 USD) - 2015/11/30 1:27:28 ET
Table 'Gabriella' 6-max Seat #1 is the button
Seat 1: scorpio04 ($100.93 in chips)
Seat 6: Teddy-CSIS ($204.89 in chips)
scorpio04: posts small blind $1
Poo Chana leaves the table
Teddy-CSIS: posts big blind $3
*** HOLE CARDS ***
scorpio04: folds
Uncalled bet ($2) returned to Teddy-CSIS
Teddy-CSIS collected $2 from pot
Teddy-CSIS: doesn't show hand
*** SUMMARY ***
Total pot $2 | Rake $0
Seat 1: scorpio04 (button) (small blind) folded before Flop
Seat 6: Teddy-CSIS (big blind) collected ($2)


PokerStars Hand #144597275092:  Hold'em Limit ($3/$6 USD) - 2015/11/30 1:58:03 ET
Table 'Gabriella' 6-max Seat #4 is the button
Seat 2: belik555 ($136.76 in chips)
Seat 4: Actionni13 ($193.79 in chips)
Actionni13: posts small blind $1
civilmoose: is sitting out
belik555: posts big blind $3
*** HOLE CARDS ***
civilmoose leaves the table
Actionni13: raises $3 to $6
belik555: calls $3
*** FLOP *** [8c As Ad]
belik555: checks
Actionni13: bets $3
belik555: folds
Uncalled bet ($3) returned to Actionni13
Actionni13 collected $11.76 from pot
*** SUMMARY ***
Total pot $12 | Rake $0.24
Board [8c As Ad]
Seat 2: belik555 (big blind) folded on the Flop
Seat 4: Actionni13 (button) (small blind) collected ($11.76)


