PokerStars Hand #155015761807:  Hold'em Limit ($3/$6 USD) - 2016/06/21 8:54:55 ET
Table 'Gabriella II' 6-max Seat #4 is the button
Seat 2: WillemDuit ($119 in chips)
Seat 4: VolkovDmitri ($121 in chips)
VolkovDmitri: posts small blind $1
WillemDuit: posts big blind $3
*** HOLE CARDS ***
VolkovDmitri: raises $3 to $6
WillemDuit: calls $3
*** FLOP *** [6c 5d 9s]
WillemDuit: checks
VolkovDmitri: bets $3
WillemDuit: calls $3
*** TURN *** [6c 5d 9s] [7c]
WillemDuit: checks
VolkovDmitri: checks
*** RIVER *** [6c 5d 9s 7c] [8d]
WillemDuit: bets $6
VolkovDmitri: calls $6
*** SHOW DOWN ***
WillemDuit: shows [9h Td] (a straight, Six to Ten)
VolkovDmitri: mucks hand
WillemDuit collected $29.50 from pot
*** SUMMARY ***
Total pot $30 | Rake $0.50
Board [6c 5d 9s 7c 8d]
Seat 2: WillemDuit (big blind) showed [9h Td] and won ($29.50) with a straight, Six to Ten
Seat 4: VolkovDmitri (button) (small blind) mucked


PokerStars Hand #155015758165:  Hold'em Limit ($3/$6 USD) - 2016/06/21 8:54:48 ET
Table 'Gabriella II' 6-max Seat #2 is the button
Seat 2: WillemDuit ($120 in chips)
Seat 4: VolkovDmitri ($120 in chips)
WillemDuit: posts small blind $1
VolkovDmitri: posts big blind $3
*** HOLE CARDS ***
WillemDuit: folds
Uncalled bet ($2) returned to VolkovDmitri
VolkovDmitri collected $2 from pot
VolkovDmitri: doesn't show hand
*** SUMMARY ***
Total pot $2 | Rake $0
Seat 2: WillemDuit (button) (small blind) folded before Flop
Seat 4: VolkovDmitri (big blind) collected ($2)


PokerStars Hand #155015770767:  Hold'em Limit ($3/$6 USD) - 2016/06/21 8:55:14 ET
Table 'Gabriella II' 6-max Seat #2 is the button
Seat 2: WillemDuit ($133.50 in chips)
Seat 4: VolkovDmitri ($120 in chips)
WillemDuit: posts small blind $1
VolkovDmitri: posts big blind $3
*** HOLE CARDS ***
WillemDuit: raises $3 to $6
VolkovDmitri: calls $3
*** FLOP *** [5c Qh 4s]
VolkovDmitri: checks
WillemDuit: bets $3
VolkovDmitri: calls $3
*** TURN *** [5c Qh 4s] [Kd]
VolkovDmitri: checks
WillemDuit: checks
*** RIVER *** [5c Qh 4s Kd] [5s]
VolkovDmitri: bets $6
WillemDuit: calls $6
*** SHOW DOWN ***
VolkovDmitri: shows [9h 8c] (a pair of Fives)
WillemDuit: shows [4h 8h] (two pair, Fives and Fours)
WillemDuit collected $29.50 from pot
*** SUMMARY ***
Total pot $30 | Rake $0.50
Board [5c Qh 4s Kd 5s]
Seat 2: WillemDuit (button) (small blind) showed [4h 8h] and won ($29.50) with two pair, Fives and Fours
Seat 4: VolkovDmitri (big blind) showed [9h 8c] and lost with a pair of Fives


PokerStars Hand #155015822781:  Hold'em Limit ($3/$6 USD) - 2016/06/21 8:57:14 ET
Table 'Gabriella II' 6-max Seat #2 is the button
Seat 2: WillemDuit ($135.76 in chips)
Seat 4: VolkovDmitri ($131.50 in chips)
WillemDuit: posts small blind $1
VolkovDmitri: posts big blind $3
*** HOLE CARDS ***
WillemDuit: folds
Uncalled bet ($2) returned to VolkovDmitri
VolkovDmitri collected $2 from pot
VolkovDmitri: doesn't show hand
*** SUMMARY ***
Total pot $2 | Rake $0
Seat 2: WillemDuit (button) (small blind) folded before Flop
Seat 4: VolkovDmitri (big blind) collected ($2)


PokerStars Hand #155015819122:  Hold'em Limit ($3/$6 USD) - 2016/06/21 8:57:06 ET
Table 'Gabriella II' 6-max Seat #4 is the button
Seat 2: WillemDuit ($138.76 in chips)
Seat 4: VolkovDmitri ($128.50 in chips)
VolkovDmitri: posts small blind $1
WillemDuit: posts big blind $3
*** HOLE CARDS ***
VolkovDmitri: raises $3 to $6
WillemDuit: folds
Uncalled bet ($3) returned to VolkovDmitri
VolkovDmitri collected $6 from pot
VolkovDmitri: doesn't show hand
*** SUMMARY ***
Total pot $6 | Rake $0
Seat 2: WillemDuit (big blind) folded before Flop
Seat 4: VolkovDmitri (button) (small blind) collected ($6)


PokerStars Hand #155015810777:  Hold'em Limit ($3/$6 USD) - 2016/06/21 8:56:46 ET
Table 'Gabriella II' 6-max Seat #2 is the button
Seat 2: WillemDuit ($133 in chips)
Seat 4: VolkovDmitri ($134.50 in chips)
WillemDuit: posts small blind $1
VolkovDmitri: posts big blind $3
*** HOLE CARDS ***
WillemDuit: raises $3 to $6
VolkovDmitri: calls $3
*** FLOP *** [6h 6d 7h]
VolkovDmitri: checks
WillemDuit: bets $3
VolkovDmitri: folds
Uncalled bet ($3) returned to WillemDuit
WillemDuit collected $11.76 from pot
WillemDuit: doesn't show hand
*** SUMMARY ***
Total pot $12 | Rake $0.24
Board [6h 6d 7h]
Seat 2: WillemDuit (button) (small blind) collected ($11.76)
Seat 4: VolkovDmitri (big blind) folded on the Flop


PokerStars Hand #155015789043:  Hold'em Limit ($3/$6 USD) - 2016/06/21 8:55:56 ET
Table 'Gabriella II' 6-max Seat #4 is the button
Seat 2: WillemDuit ($148 in chips)
Seat 4: VolkovDmitri ($120 in chips)
VolkovDmitri: posts small blind $1
WillemDuit: posts big blind $3
*** HOLE CARDS ***
VolkovDmitri: raises $3 to $6
WillemDuit: calls $3
*** FLOP *** [2c 7d Kd]
WillemDuit: checks
VolkovDmitri: bets $3
WillemDuit: calls $3
*** TURN *** [2c 7d Kd] [Th]
WillemDuit: checks
VolkovDmitri: checks
*** RIVER *** [2c 7d Kd Th] [6c]
WillemDuit: bets $6
VolkovDmitri: calls $6
*** SHOW DOWN ***
WillemDuit: shows [5d Qd] (high card King)
VolkovDmitri: shows [4c 2d] (a pair of Deuces)
VolkovDmitri collected $29.50 from pot
*** SUMMARY ***
Total pot $30 | Rake $0.50
Board [2c 7d Kd Th 6c]
Seat 2: WillemDuit (big blind) showed [5d Qd] and lost with high card King
Seat 4: VolkovDmitri (button) (small blind) showed [4c 2d] and won ($29.50) with a pair of Deuces


PokerStars Hand #155015827796:  Hold'em Limit ($3/$6 USD) - 2016/06/21 8:57:26 ET
Table 'Gabriella II' 6-max Seat #2 is the button
Seat 2: WillemDuit ($131.76 in chips)
Seat 4: VolkovDmitri ($135.50 in chips)
WillemDuit: posts small blind $1
VolkovDmitri: posts big blind $3
*** HOLE CARDS ***
WillemDuit: raises $3 to $6
VolkovDmitri: calls $3
*** FLOP *** [Ts Ad Qh]
VolkovDmitri: checks
WillemDuit: bets $3
VolkovDmitri: raises $3 to $6
WillemDuit: calls $3
*** TURN *** [Ts Ad Qh] [5c]
VolkovDmitri: bets $6
WillemDuit: folds
Uncalled bet ($6) returned to VolkovDmitri
VolkovDmitri collected $23.52 from pot
VolkovDmitri: doesn't show hand
*** SUMMARY ***
Total pot $24 | Rake $0.48
Board [Ts Ad Qh 5c]
Seat 2: WillemDuit (button) (small blind) folded on the Turn
Seat 4: VolkovDmitri (big blind) collected ($23.52)


PokerStars Hand #155015838947:  Hold'em Limit ($3/$6 USD) - 2016/06/21 8:57:52 ET
Table 'Gabriella II' 6-max Seat #4 is the button
Seat 2: WillemDuit ($119.76 in chips)
Seat 4: VolkovDmitri ($147.02 in chips)
VolkovDmitri: posts small blind $1
WillemDuit: posts big blind $3
*** HOLE CARDS ***
Hi Im Alexey joins the table at seat #3
VolkovDmitri: raises $3 to $6
WillemDuit: folds
Uncalled bet ($3) returned to VolkovDmitri
VolkovDmitri collected $6 from pot
VolkovDmitri: doesn't show hand
*** SUMMARY ***
Total pot $6 | Rake $0
Seat 2: WillemDuit (big blind) folded before Flop
Seat 4: VolkovDmitri (button) (small blind) collected ($6)


PokerStars Hand #155015824865:  Hold'em Limit ($3/$6 USD) - 2016/06/21 8:57:19 ET
Table 'Gabriella II' 6-max Seat #4 is the button
Seat 2: WillemDuit ($134.76 in chips)
Seat 4: VolkovDmitri ($132.50 in chips)
VolkovDmitri: posts small blind $1
WillemDuit: posts big blind $3
*** HOLE CARDS ***
VolkovDmitri: raises $3 to $6
WillemDuit: folds
Uncalled bet ($3) returned to VolkovDmitri
VolkovDmitri collected $6 from pot
VolkovDmitri: doesn't show hand
*** SUMMARY ***
Total pot $6 | Rake $0
Seat 2: WillemDuit (big blind) folded before Flop
Seat 4: VolkovDmitri (button) (small blind) collected ($6)


PokerStars Hand #155015855634:  Hold'em Limit ($3/$6 USD) - 2016/06/21 8:58:30 ET
Table 'Gabriella II' 6-max Seat #3 is the button
Seat 2: WillemDuit ($122.52 in chips)
Seat 3: Hi Im Alexey ($72 in chips)
Hi Im Alexey: posts small blind $1
WillemDuit: posts big blind $3
*** HOLE CARDS ***
Hi Im Alexey: folds
Uncalled bet ($2) returned to WillemDuit
WillemDuit collected $2 from pot
WillemDuit: doesn't show hand
*** SUMMARY ***
Total pot $2 | Rake $0
Seat 2: WillemDuit (big blind) collected ($2)
Seat 3: Hi Im Alexey (button) (small blind) folded before Flop


PokerStars Hand #155015842954:  Hold'em Limit ($3/$6 USD) - 2016/06/21 8:58:01 ET
Table 'Gabriella II' 6-max Seat #2 is the button
Seat 2: WillemDuit ($116.76 in chips)
Seat 3: Hi Im Alexey ($72 in chips)
WillemDuit: posts small blind $1
Hi Im Alexey: posts big blind $3
*** HOLE CARDS ***
WillemDuit: raises $3 to $6
VolkovDmitri leaves the table
Hi Im Alexey: calls $3
*** FLOP *** [3s As Th]
Hi Im Alexey: checks
WillemDuit: checks
*** TURN *** [3s As Th] [9c]
Hi Im Alexey: checks
WillemDuit: checks
*** RIVER *** [3s As Th 9c] [Td]
Hi Im Alexey: checks
WillemDuit: checks
*** SHOW DOWN ***
Hi Im Alexey: shows [Qh 8h] (a pair of Tens)
WillemDuit: shows [8d Kd] (a pair of Tens - Ace+King kicker)
WillemDuit collected $11.76 from pot
*** SUMMARY ***
Total pot $12 | Rake $0.24
Board [3s As Th 9c Td]
Seat 2: WillemDuit (button) (small blind) showed [8d Kd] and won ($11.76) with a pair of Tens
Seat 3: Hi Im Alexey (big blind) showed [Qh 8h] and lost with a pair of Tens


PokerStars Hand #155015859040:  Hold'em Limit ($3/$6 USD) - 2016/06/21 8:58:38 ET
Table 'Gabriella II' 6-max Seat #2 is the button
Seat 2: WillemDuit ($123.52 in chips)
Seat 3: Hi Im Alexey ($72 in chips)
WillemDuit: posts small blind $1
Hi Im Alexey: posts big blind $3
*** HOLE CARDS ***
WillemDuit: raises $3 to $6
Hi Im Alexey: calls $3
*** FLOP *** [2c Th 3s]
Hi Im Alexey: checks
WillemDuit: checks
*** TURN *** [2c Th 3s] [Ah]
Hi Im Alexey: checks
WillemDuit: checks
*** RIVER *** [2c Th 3s Ah] [5s]
Hi Im Alexey: checks
WillemDuit: bets $6
Hi Im Alexey: folds
Uncalled bet ($6) returned to WillemDuit
WillemDuit collected $11.76 from pot
WillemDuit: doesn't show hand
*** SUMMARY ***
Total pot $12 | Rake $0.24
Board [2c Th 3s Ah 5s]
Seat 2: WillemDuit (button) (small blind) collected ($11.76)
Seat 3: Hi Im Alexey (big blind) folded on the River


PokerStars Hand #155015874860:  Hold'em Limit ($3/$6 USD) - 2016/06/21 8:59:14 ET
Table 'Gabriella II' 6-max Seat #3 is the button
Seat 2: WillemDuit ($129.28 in chips)
Seat 3: Hi Im Alexey ($72 in chips)
Hi Im Alexey: posts small blind $1
WillemDuit: posts big blind $3
*** HOLE CARDS ***
Hi Im Alexey: raises $3 to $6
WillemDuit: calls $3
*** FLOP *** [8d Tc 4c]
WillemDuit: bets $3
Hi Im Alexey: calls $3
*** TURN *** [8d Tc 4c] [Ac]
WillemDuit: checks
Hi Im Alexey: bets $6
WillemDuit: calls $6
*** RIVER *** [8d Tc 4c Ac] [8h]
WillemDuit: checks
Hi Im Alexey: bets $6
WillemDuit: calls $6
*** SHOW DOWN ***
Hi Im Alexey: shows [2s Ad] (two pair, Aces and Eights)
WillemDuit: mucks hand
Hi Im Alexey collected $41.50 from pot
*** SUMMARY ***
Total pot $42 | Rake $0.50
Board [8d Tc 4c Ac 8h]
Seat 2: WillemDuit (big blind) mucked
Seat 3: Hi Im Alexey (button) (small blind) showed [2s Ad] and won ($41.50) with two pair, Aces and Eights


PokerStars Hand #155015888821:  Hold'em Limit ($3/$6 USD) - 2016/06/21 8:59:46 ET
Table 'Gabriella II' 6-max Seat #2 is the button
Seat 2: WillemDuit ($108.28 in chips)
Seat 3: Hi Im Alexey ($92.50 in chips)
WillemDuit: posts small blind $1
Hi Im Alexey: posts big blind $3
*** HOLE CARDS ***
WillemDuit: raises $3 to $6
Hi Im Alexey: calls $3
*** FLOP *** [Jh 2d Tc]
Hi Im Alexey: checks
WillemDuit: bets $3
Hi Im Alexey: folds
Uncalled bet ($3) returned to WillemDuit
WillemDuit collected $11.76 from pot
WillemDuit: doesn't show hand
*** SUMMARY ***
Total pot $12 | Rake $0.24
Board [Jh 2d Tc]
Seat 2: WillemDuit (button) (small blind) collected ($11.76)
Seat 3: Hi Im Alexey (big blind) folded on the Flop


PokerStars Hand #155015915328:  Hold'em Limit ($3/$6 USD) - 2016/06/21 9:00:37 ET
Table 'Gabriella II' 6-max Seat #2 is the button
Seat 2: WillemDuit ($108.04 in chips)
Seat 3: Hi Im Alexey ($92.26 in chips)
WillemDuit: posts small blind $1
Hi Im Alexey: posts big blind $3
*** HOLE CARDS ***
WillemDuit: raises $3 to $6
Hi Im Alexey: calls $3
*** FLOP *** [2c 8c Ks]
Hi Im Alexey: checks
WillemDuit: bets $3
Hi Im Alexey: folds
Uncalled bet ($3) returned to WillemDuit
WillemDuit collected $11.76 from pot
WillemDuit: doesn't show hand
*** SUMMARY ***
Total pot $12 | Rake $0.24
Board [2c 8c Ks]
Seat 2: WillemDuit (button) (small blind) collected ($11.76)
Seat 3: Hi Im Alexey (big blind) folded on the Flop


PokerStars Hand #155015949796:  Hold'em Limit ($3/$6 USD) - 2016/06/21 9:01:49 ET
Table 'Gabriella II' 6-max Seat #3 is the button
Seat 2: WillemDuit ($137.30 in chips)
Seat 3: Hi Im Alexey ($72 in chips)
Hi Im Alexey: posts small blind $1
WillemDuit: posts big blind $3
*** HOLE CARDS ***
Hi Im Alexey: folds
Uncalled bet ($2) returned to WillemDuit
WillemDuit collected $2 from pot
WillemDuit: doesn't show hand
*** SUMMARY ***
Total pot $2 | Rake $0
Seat 2: WillemDuit (big blind) collected ($2)
Seat 3: Hi Im Alexey (button) (small blind) folded before Flop


PokerStars Hand #155015928455:  Hold'em Limit ($3/$6 USD) - 2016/06/21 9:01:05 ET
Table 'Gabriella II' 6-max Seat #3 is the button
Seat 2: WillemDuit ($113.80 in chips)
Seat 3: Hi Im Alexey ($86.26 in chips)
Hi Im Alexey: posts small blind $1
WillemDuit: posts big blind $3
*** HOLE CARDS ***
Hi Im Alexey: raises $3 to $6
WillemDuit: calls $3
*** FLOP *** [3c 8h Th]
WillemDuit: bets $3
Hi Im Alexey: calls $3
*** TURN *** [3c 8h Th] [5d]
WillemDuit: bets $6
Hi Im Alexey: calls $6
*** RIVER *** [3c 8h Th 5d] [2d]
WillemDuit: bets $6
Hi Im Alexey: calls $6
*** SHOW DOWN ***
WillemDuit: shows [3d 4s] (a pair of Threes)
Hi Im Alexey: mucks hand
WillemDuit collected $41.50 from pot
*** SUMMARY ***
Total pot $42 | Rake $0.50
Board [3c 8h Th 5d 2d]
Seat 2: WillemDuit (big blind) showed [3d 4s] and won ($41.50) with a pair of Threes
Seat 3: Hi Im Alexey (button) (small blind) mucked


PokerStars Hand #155015944982:  Hold'em Limit ($3/$6 USD) - 2016/06/21 9:01:39 ET
Table 'Gabriella II' 6-max Seat #2 is the button
Seat 2: WillemDuit ($134.30 in chips)
Seat 3: Hi Im Alexey ($72 in chips)
WillemDuit: posts small blind $1
Hi Im Alexey: posts big blind $3
*** HOLE CARDS ***
WillemDuit: raises $3 to $6
Hi Im Alexey: folds
Uncalled bet ($3) returned to WillemDuit
WillemDuit collected $6 from pot
WillemDuit: doesn't show hand
*** SUMMARY ***
Total pot $6 | Rake $0
Seat 2: WillemDuit (button) (small blind) collected ($6)
Seat 3: Hi Im Alexey (big blind) folded before Flop


PokerStars Hand #155015958922:  Hold'em Limit ($3/$6 USD) - 2016/06/21 9:02:08 ET
Table 'Gabriella II' 6-max Seat #2 is the button
Seat 2: WillemDuit ($138.30 in chips)
Seat 3: Hi Im Alexey ($72 in chips)
WillemDuit: posts small blind $1
Hi Im Alexey: posts big blind $3
*** HOLE CARDS ***
WillemDuit: raises $3 to $6
Hi Im Alexey: calls $3
*** FLOP *** [Qs 9h 2h]
Hi Im Alexey: bets $3
WillemDuit: calls $3
*** TURN *** [Qs 9h 2h] [Td]
Hi Im Alexey: bets $6
WillemDuit: calls $6
*** RIVER *** [Qs 9h 2h Td] [8s]
Hi Im Alexey: bets $6
WillemDuit: folds
Uncalled bet ($6) returned to Hi Im Alexey
Hi Im Alexey collected $29.50 from pot
*** SUMMARY ***
Total pot $30 | Rake $0.50
Board [Qs 9h 2h Td 8s]
Seat 2: WillemDuit (button) (small blind) folded on the River
Seat 3: Hi Im Alexey (big blind) collected ($29.50)


PokerStars Hand #155015967966:  Hold'em Limit ($3/$6 USD) - 2016/06/21 9:02:26 ET
Table 'Gabriella II' 6-max Seat #3 is the button
Seat 2: WillemDuit ($123.30 in chips)
Seat 3: Hi Im Alexey ($86.50 in chips)
Hi Im Alexey: posts small blind $1
WillemDuit: posts big blind $3
*** HOLE CARDS ***
Hi Im Alexey: raises $3 to $6
WillemDuit: calls $3
*** FLOP *** [Th 2c 5s]
WillemDuit: bets $3
Hi Im Alexey: calls $3
*** TURN *** [Th 2c 5s] [7c]
WillemDuit: bets $6
Hi Im Alexey: calls $6
*** RIVER *** [Th 2c 5s 7c] [Ks]
WillemDuit: bets $6
Hi Im Alexey: calls $6
*** SHOW DOWN ***
WillemDuit: shows [8c 7h] (a pair of Sevens)
Hi Im Alexey: mucks hand
WillemDuit collected $41.50 from pot
*** SUMMARY ***
Total pot $42 | Rake $0.50
Board [Th 2c 5s 7c Ks]
Seat 2: WillemDuit (big blind) showed [8c 7h] and won ($41.50) with a pair of Sevens
Seat 3: Hi Im Alexey (button) (small blind) mucked


PokerStars Hand #155016001304:  Hold'em Limit ($3/$6 USD) - 2016/06/21 9:03:32 ET
Table 'Gabriella II' 6-max Seat #3 is the button
Seat 2: WillemDuit ($125.80 in chips)
Seat 3: Hi Im Alexey ($89.50 in chips)
Hi Im Alexey: posts small blind $1
WillemDuit: posts big blind $3
*** HOLE CARDS ***
Hi Im Alexey: raises $3 to $6
WillemDuit: calls $3
*** FLOP *** [2h 7h 5s]
WillemDuit: bets $3
Hi Im Alexey: raises $3 to $6
WillemDuit: calls $3
*** TURN *** [2h 7h 5s] [As]
WillemDuit: checks
Hi Im Alexey: bets $6
WillemDuit: calls $6
*** RIVER *** [2h 7h 5s As] [6c]
WillemDuit: bets $6
Hi Im Alexey: raises $6 to $12
WillemDuit: raises $6 to $18
Hi Im Alexey: calls $6
*** SHOW DOWN ***
WillemDuit: shows [6h 5d] (two pair, Sixes and Fives)
Hi Im Alexey: shows [Ac 2c] (two pair, Aces and Deuces)
Hi Im Alexey collected $71.50 from pot
*** SUMMARY ***
Total pot $72 | Rake $0.50
Board [2h 7h 5s As 6c]
Seat 2: WillemDuit (big blind) showed [6h 5d] and lost with two pair, Sixes and Fives
Seat 3: Hi Im Alexey (button) (small blind) showed [Ac 2c] and won ($71.50) with two pair, Aces and Deuces


PokerStars Hand #155015982387:  Hold'em Limit ($3/$6 USD) - 2016/06/21 9:02:55 ET
Table 'Gabriella II' 6-max Seat #2 is the button
Seat 2: WillemDuit ($143.80 in chips)
Seat 3: Hi Im Alexey ($72 in chips)
WillemDuit: posts small blind $1
Hi Im Alexey: posts big blind $3
*** HOLE CARDS ***
WillemDuit: raises $3 to $6
Hi Im Alexey: raises $3 to $9
WillemDuit: calls $3
*** FLOP *** [3c 7c 3h]
Hi Im Alexey: bets $3
WillemDuit: calls $3
*** TURN *** [3c 7c 3h] [7d]
Hi Im Alexey: bets $6
WillemDuit: calls $6
*** RIVER *** [3c 7c 3h 7d] [Kh]
Hi Im Alexey: checks
WillemDuit: checks
*** SHOW DOWN ***
Hi Im Alexey: shows [8c 8d] (two pair, Eights and Sevens)
WillemDuit: mucks hand
Hi Im Alexey collected $35.50 from pot
*** SUMMARY ***
Total pot $36 | Rake $0.50
Board [3c 7c 3h 7d Kh]
Seat 2: WillemDuit (button) (small blind) mucked
Seat 3: Hi Im Alexey (big blind) showed [8c 8d] and won ($35.50) with two pair, Eights and Sevens


PokerStars Hand #155016039524:  Hold'em Limit ($3/$6 USD) - 2016/06/21 9:04:48 ET
Table 'Gabriella II' 6-max Seat #3 is the button
Seat 2: WillemDuit ($160.45 in chips)
Seat 3: Hi Im Alexey ($133.64 in chips)
Hi Im Alexey: posts small blind $1
WillemDuit: posts big blind $3
*** HOLE CARDS ***
Hi Im Alexey: raises $3 to $6
WillemDuit: calls $3
*** FLOP *** [4h 4d 8c]
WillemDuit: checks
Hi Im Alexey: bets $3
WillemDuit: raises $3 to $6
Hi Im Alexey: folds
Uncalled bet ($3) returned to WillemDuit
WillemDuit collected $17.64 from pot
WillemDuit: doesn't show hand
*** SUMMARY ***
Total pot $18 | Rake $0.36
Board [4h 4d 8c]
Seat 2: WillemDuit (big blind) collected ($17.64)
Seat 3: Hi Im Alexey (button) (small blind) folded on the Flop


PokerStars Hand #155016019041:  Hold'em Limit ($3/$6 USD) - 2016/06/21 9:04:07 ET
Table 'Gabriella II' 6-max Seat #2 is the button
Seat 2: WillemDuit ($89.80 in chips)
Seat 3: Hi Im Alexey ($125 in chips)
WillemDuit: posts small blind $1
Hi Im Alexey: posts big blind $3
*** HOLE CARDS ***
WillemDuit: raises $3 to $6
Hi Im Alexey: calls $3
*** FLOP *** [Td 3h 5h]
Hi Im Alexey: bets $3
WillemDuit: calls $3
*** TURN *** [Td 3h 5h] [4c]
Hi Im Alexey: bets $6
WillemDuit: folds
Uncalled bet ($6) returned to Hi Im Alexey
Hi Im Alexey collected $17.64 from pot
*** SUMMARY ***
Total pot $18 | Rake $0.36
Board [Td 3h 5h 4c]
Seat 2: WillemDuit (button) (small blind) folded on the Turn
Seat 3: Hi Im Alexey (big blind) collected ($17.64)


PokerStars Hand #155016050080:  Hold'em Limit ($3/$6 USD) - 2016/06/21 9:05:07 ET
Table 'Gabriella II' 6-max Seat #2 is the button
Seat 2: WillemDuit ($169.09 in chips)
Seat 3: Hi Im Alexey ($124.64 in chips)
WillemDuit: posts small blind $1
Hi Im Alexey: posts big blind $3
*** HOLE CARDS ***
WillemDuit: raises $3 to $6
Hi Im Alexey: folds
Uncalled bet ($3) returned to WillemDuit
WillemDuit collected $6 from pot
WillemDuit: doesn't show hand
*** SUMMARY ***
Total pot $6 | Rake $0
Seat 2: WillemDuit (button) (small blind) collected ($6)
Seat 3: Hi Im Alexey (big blind) folded before Flop


PokerStars Hand #155016055079:  Hold'em Limit ($3/$6 USD) - 2016/06/21 9:05:17 ET
Table 'Gabriella II' 6-max Seat #3 is the button
Seat 2: WillemDuit ($172.09 in chips)
Seat 3: Hi Im Alexey ($121.64 in chips)
Hi Im Alexey: posts small blind $1
WillemDuit: posts big blind $3
*** HOLE CARDS ***
Hi Im Alexey: raises $3 to $6
WillemDuit: calls $3
*** FLOP *** [Js 6d 8h]
WillemDuit: checks
Hi Im Alexey: checks
*** TURN *** [Js 6d 8h] [Jc]
WillemDuit: checks
Hi Im Alexey: checks
*** RIVER *** [Js 6d 8h Jc] [As]
WillemDuit: checks
Hi Im Alexey: bets $6
WillemDuit: folds
Uncalled bet ($6) returned to Hi Im Alexey
Hi Im Alexey collected $11.76 from pot
*** SUMMARY ***
Total pot $12 | Rake $0.24
Board [Js 6d 8h Jc As]
Seat 2: WillemDuit (big blind) folded on the River
Seat 3: Hi Im Alexey (button) (small blind) collected ($11.76)


PokerStars Hand #155016095917:  Hold'em Limit ($3/$6 USD) - 2016/06/21 9:06:37 ET
Table 'Gabriella II' 6-max Seat #2 is the button
Seat 2: WillemDuit ($187.59 in chips)
Seat 3: Hi Im Alexey ($105.40 in chips)
WillemDuit: posts small blind $1
Hi Im Alexey: posts big blind $3
*** HOLE CARDS ***
WillemDuit: raises $3 to $6
Hi Im Alexey: raises $3 to $9
WillemDuit: calls $3
*** FLOP *** [Kh 7h 9d]
Hi Im Alexey: bets $3
WillemDuit: calls $3
*** TURN *** [Kh 7h 9d] [5s]
Hi Im Alexey: bets $6
WillemDuit: raises $6 to $12
Hi Im Alexey: calls $6
*** RIVER *** [Kh 7h 9d 5s] [8c]
Hi Im Alexey: checks
WillemDuit: bets $6
Hi Im Alexey: calls $6
*** SHOW DOWN ***
WillemDuit: shows [7c 9s] (two pair, Nines and Sevens)
Hi Im Alexey: mucks hand
WillemDuit collected $59.50 from pot
*** SUMMARY ***
Total pot $60 | Rake $0.50
Board [Kh 7h 9d 5s 8c]
Seat 2: WillemDuit (button) (small blind) showed [7c 9s] and won ($59.50) with two pair, Nines and Sevens
Seat 3: Hi Im Alexey (big blind) mucked


PokerStars Hand #155016093665:  Hold'em Limit ($3/$6 USD) - 2016/06/21 9:06:32 ET
Table 'Gabriella II' 6-max Seat #3 is the button
Seat 2: WillemDuit ($186.59 in chips)
Seat 3: Hi Im Alexey ($106.40 in chips)
Hi Im Alexey: posts small blind $1
WillemDuit: posts big blind $3
*** HOLE CARDS ***
Hi Im Alexey: folds
Uncalled bet ($2) returned to WillemDuit
WillemDuit collected $2 from pot
WillemDuit: doesn't show hand
*** SUMMARY ***
Total pot $2 | Rake $0
Seat 2: WillemDuit (big blind) collected ($2)
Seat 3: Hi Im Alexey (button) (small blind) folded before Flop


PokerStars Hand #155016076347:  Hold'em Limit ($3/$6 USD) - 2016/06/21 9:05:59 ET
Table 'Gabriella II' 6-max Seat #2 is the button
Seat 2: WillemDuit ($166.09 in chips)
Seat 3: Hi Im Alexey ($127.40 in chips)
WillemDuit: posts small blind $1
Hi Im Alexey: posts big blind $3
*** HOLE CARDS ***
WillemDuit: raises $3 to $6
Hi Im Alexey: calls $3
*** FLOP *** [6c Qc 5h]
Hi Im Alexey: checks
WillemDuit: bets $3
Hi Im Alexey: calls $3
*** TURN *** [6c Qc 5h] [7h]
Hi Im Alexey: checks
WillemDuit: checks
*** RIVER *** [6c Qc 5h 7h] [3d]
Hi Im Alexey: bets $6
WillemDuit: raises $6 to $12
Hi Im Alexey: calls $6
*** SHOW DOWN ***
WillemDuit: shows [Qd Ad] (a pair of Queens)
Hi Im Alexey: mucks hand
WillemDuit collected $41.50 from pot
*** SUMMARY ***
Total pot $42 | Rake $0.50
Board [6c Qc 5h 7h 3d]
Seat 2: WillemDuit (button) (small blind) showed [Qd Ad] and won ($41.50) with a pair of Queens
Seat 3: Hi Im Alexey (big blind) mucked


PokerStars Hand #155016133204:  Hold'em Limit ($3/$6 USD) - 2016/06/21 9:07:48 ET
Table 'Gabriella II' 6-max Seat #3 is the button
Seat 2: WillemDuit ($228.59 in chips)
Seat 3: Hi Im Alexey ($89.50 in chips)
Hi Im Alexey: posts small blind $1
WillemDuit: posts big blind $3
*** HOLE CARDS ***
Hi Im Alexey: raises $3 to $6
WillemDuit: calls $3
*** FLOP *** [7c 8d Jh]
WillemDuit: checks
Hi Im Alexey: bets $3
WillemDuit: calls $3
*** TURN *** [7c 8d Jh] [Kh]
WillemDuit: checks
Hi Im Alexey: bets $6
WillemDuit: raises $6 to $12
Hi Im Alexey: calls $6
*** RIVER *** [7c 8d Jh Kh] [Qs]
WillemDuit: bets $6
Hi Im Alexey: calls $6
*** SHOW DOWN ***
WillemDuit: shows [3d Kd] (a pair of Kings)
Hi Im Alexey: shows [6d Kc] (a pair of Kings)
WillemDuit collected $26.75 from pot
Hi Im Alexey collected $26.75 from pot
*** SUMMARY ***
Total pot $54 | Rake $0.50
Board [7c 8d Jh Kh Qs]
Seat 2: WillemDuit (big blind) showed [3d Kd] and won ($26.75) with a pair of Kings
Seat 3: Hi Im Alexey (button) (small blind) showed [6d Kc] and won ($26.75) with a pair of Kings


PokerStars Hand #155016110749:  Hold'em Limit ($3/$6 USD) - 2016/06/21 9:07:05 ET
Table 'Gabriella II' 6-max Seat #3 is the button
Seat 2: WillemDuit ($217.09 in chips)
Seat 3: Hi Im Alexey ($75.40 in chips)
Hi Im Alexey: posts small blind $1
WillemDuit: posts big blind $3
*** HOLE CARDS ***
Hi Im Alexey: raises $3 to $6
WillemDuit: calls $3
*** FLOP *** [Tc 3h 5d]
WillemDuit: bets $3
Hi Im Alexey: raises $3 to $6
WillemDuit: calls $3
*** TURN *** [Tc 3h 5d] [Jd]
WillemDuit: checks
Hi Im Alexey: bets $6
WillemDuit: calls $6
*** RIVER *** [Tc 3h 5d Jd] [6h]
WillemDuit: checks
Hi Im Alexey: bets $6
WillemDuit: raises $6 to $12
Hi Im Alexey: calls $6
*** SHOW DOWN ***
WillemDuit: shows [Ts 2s] (a pair of Tens)
Hi Im Alexey: mucks hand
WillemDuit collected $59.50 from pot
*** SUMMARY ***
Total pot $60 | Rake $0.50
Board [Tc 3h 5d Jd 6h]
Seat 2: WillemDuit (big blind) showed [Ts 2s] and won ($59.50) with a pair of Tens
Seat 3: Hi Im Alexey (button) (small blind) mucked


PokerStars Hand #155016166078:  Hold'em Limit ($3/$6 USD) - 2016/06/21 9:08:52 ET
Table 'Gabriella II' 6-max Seat #2 is the button
Seat 2: WillemDuit ($242.84 in chips)
Seat 3: Hi Im Alexey ($73.75 in chips)
WillemDuit: posts small blind $1
Hi Im Alexey: posts big blind $3
*** HOLE CARDS ***
WillemDuit: folds
Uncalled bet ($2) returned to Hi Im Alexey
Hi Im Alexey collected $2 from pot
*** SUMMARY ***
Total pot $2 | Rake $0
Seat 2: WillemDuit (button) (small blind) folded before Flop
Seat 3: Hi Im Alexey (big blind) collected ($2)


PokerStars Hand #155016152626:  Hold'em Limit ($3/$6 USD) - 2016/06/21 9:08:26 ET
Table 'Gabriella II' 6-max Seat #3 is the button
Seat 2: WillemDuit ($207.34 in chips)
Seat 3: Hi Im Alexey ($109.75 in chips)
Hi Im Alexey: posts small blind $1
WillemDuit: posts big blind $3
*** HOLE CARDS ***
HAOYUN88888 joins the table at seat #6
Hi Im Alexey: raises $3 to $6
WillemDuit: raises $3 to $9
Hi Im Alexey: calls $3
*** FLOP *** [7d Qd As]
Nordq joins the table at seat #1
WillemDuit: bets $3
Hi Im Alexey: calls $3
*** TURN *** [7d Qd As] [8h]
WillemDuit: bets $6
Hi Im Alexey: raises $6 to $12
WillemDuit: raises $6 to $18
Hi Im Alexey: calls $6
*** RIVER *** [7d Qd As 8h] [9d]
WillemDuit: bets $6
Hi Im Alexey: calls $6
*** SHOW DOWN ***
WillemDuit: shows [8s 8c] (three of a kind, Eights)
Hi Im Alexey: mucks hand
WillemDuit collected $71.50 from pot
*** SUMMARY ***
Total pot $72 | Rake $0.50
Board [7d Qd As 8h 9d]
Seat 2: WillemDuit (big blind) showed [8s 8c] and won ($71.50) with three of a kind, Eights
Seat 3: Hi Im Alexey (button) (small blind) mucked


PokerStars Hand #155016144911:  Hold'em Limit ($3/$6 USD) - 2016/06/21 9:08:11 ET
Table 'Gabriella II' 6-max Seat #2 is the button
Seat 2: WillemDuit ($228.34 in chips)
Seat 3: Hi Im Alexey ($89.25 in chips)
WillemDuit: posts small blind $1
Hi Im Alexey: posts big blind $3
*** HOLE CARDS ***
WillemDuit: raises $3 to $6
Hi Im Alexey: calls $3
*** FLOP *** [5s Qs 4d]
Hi Im Alexey: bets $3
WillemDuit: calls $3
*** TURN *** [5s Qs 4d] [4h]
Hi Im Alexey: bets $6
WillemDuit: calls $6
*** RIVER *** [5s Qs 4d 4h] [9c]
Hi Im Alexey: bets $6
WillemDuit: calls $6
*** SHOW DOWN ***
Hi Im Alexey: shows [4c 5h] (a full house, Fours full of Fives)
WillemDuit: mucks hand
Hi Im Alexey collected $41.50 from pot
*** SUMMARY ***
Total pot $42 | Rake $0.50
Board [5s Qs 4d 4h 9c]
Seat 2: WillemDuit (button) (small blind) mucked
Seat 3: Hi Im Alexey (big blind) showed [4c 5h] and won ($41.50) with a full house, Fours full of Fives


PokerStars Hand #155019724861:  Hold'em Limit ($3/$6 USD) - 2016/06/21 10:59:24 ET
Table 'Gabriella II' 6-max Seat #2 is the button
Seat 2: WillemDuit ($168.89 in chips)
Seat 3: Hi Im Alexey ($91.53 in chips)
WillemDuit: posts small blind $1
Hi Im Alexey: posts big blind $3
*** HOLE CARDS ***
WillemDuit: raises $3 to $6
MR.SUPREMACY leaves the table
Hi Im Alexey: folds
Uncalled bet ($3) returned to WillemDuit
WillemDuit collected $6 from pot
WillemDuit: doesn't show hand
*** SUMMARY ***
Total pot $6 | Rake $0
Seat 2: WillemDuit (button) (small blind) collected ($6)
Seat 3: Hi Im Alexey (big blind) folded before Flop


PokerStars Hand #155019731430:  Hold'em Limit ($3/$6 USD) - 2016/06/21 10:59:38 ET
Table 'Gabriella II' 6-max Seat #3 is the button
Seat 2: WillemDuit ($171.89 in chips)
Seat 3: Hi Im Alexey ($88.53 in chips)
Hi Im Alexey: posts small blind $1
WillemDuit: posts big blind $3
*** HOLE CARDS ***
Hi Im Alexey: folds
Uncalled bet ($2) returned to WillemDuit
WillemDuit collected $2 from pot
WillemDuit: doesn't show hand
*** SUMMARY ***
Total pot $2 | Rake $0
Seat 2: WillemDuit (big blind) collected ($2)
Seat 3: Hi Im Alexey (button) (small blind) folded before Flop


PokerStars Hand #155019737156:  Hold'em Limit ($3/$6 USD) - 2016/06/21 10:59:49 ET
Table 'Gabriella II' 6-max Seat #2 is the button
Seat 2: WillemDuit ($172.89 in chips)
Seat 3: Hi Im Alexey ($87.53 in chips)
WillemDuit: posts small blind $1
Hi Im Alexey: posts big blind $3
*** HOLE CARDS ***
WillemDuit: raises $3 to $6
Hi Im Alexey: raises $3 to $9
WillemDuit: raises $3 to $12
Betting is capped
Hi Im Alexey: calls $3
*** FLOP *** [7d 8d 7c]
Hi Im Alexey: checks
WillemDuit: bets $3
Hi Im Alexey: calls $3
*** TURN *** [7d 8d 7c] [Qs]
Hi Im Alexey: checks
WillemDuit: bets $6
Hi Im Alexey: calls $6
*** RIVER *** [7d 8d 7c Qs] [Td]
Hi Im Alexey: checks
WillemDuit: bets $6
Hi Im Alexey: calls $6
*** SHOW DOWN ***
WillemDuit: shows [Kc Kh] (two pair, Kings and Sevens)
Hi Im Alexey: mucks hand
WillemDuit collected $53.50 from pot
*** SUMMARY ***
Total pot $54 | Rake $0.50
Board [7d 8d 7c Qs Td]
Seat 2: WillemDuit (button) (small blind) showed [Kc Kh] and won ($53.50) with two pair, Kings and Sevens
Seat 3: Hi Im Alexey (big blind) mucked


PokerStars Hand #155019783611:  Hold'em Limit ($3/$6 USD) - 2016/06/21 11:01:15 ET
Table 'Gabriella II' 6-max Seat #3 is the button
Seat 2: WillemDuit ($219.89 in chips)
Seat 3: Hi Im Alexey ($73 in chips)
Hi Im Alexey: posts small blind $1
WillemDuit: posts big blind $3
*** HOLE CARDS ***
Hi Im Alexey: raises $3 to $6
WillemDuit: calls $3
*** FLOP *** [3s 7d Ah]
WillemDuit: checks
Hi Im Alexey: bets $3
WillemDuit: folds
Uncalled bet ($3) returned to Hi Im Alexey
Hi Im Alexey collected $11.76 from pot
*** SUMMARY ***
Total pot $12 | Rake $0.24
Board [3s 7d Ah]
Seat 2: WillemDuit (big blind) folded on the Flop
Seat 3: Hi Im Alexey (button) (small blind) collected ($11.76)


PokerStars Hand #155019781182:  Hold'em Limit ($3/$6 USD) - 2016/06/21 11:01:11 ET
Table 'Gabriella II' 6-max Seat #2 is the button
Seat 2: WillemDuit ($220.89 in chips)
Seat 3: Hi Im Alexey ($72 in chips)
WillemDuit: posts small blind $1
Hi Im Alexey: posts big blind $3
*** HOLE CARDS ***
WillemDuit: folds
Uncalled bet ($2) returned to Hi Im Alexey
Hi Im Alexey collected $2 from pot
*** SUMMARY ***
Total pot $2 | Rake $0
Seat 2: WillemDuit (button) (small blind) folded before Flop
Seat 3: Hi Im Alexey (big blind) collected ($2)


PokerStars Hand #155019776360:  Hold'em Limit ($3/$6 USD) - 2016/06/21 11:01:06 ET
Table 'Gabriella II' 6-max Seat #3 is the button
Seat 2: WillemDuit ($219.89 in chips)
Seat 3: Hi Im Alexey ($72 in chips)
Hi Im Alexey: posts small blind $1
WillemDuit: posts big blind $3
*** HOLE CARDS ***
Hi Im Alexey: folds
Uncalled bet ($2) returned to WillemDuit
WillemDuit collected $2 from pot
WillemDuit: doesn't show hand
*** SUMMARY ***
Total pot $2 | Rake $0
Seat 2: WillemDuit (big blind) collected ($2)
Seat 3: Hi Im Alexey (button) (small blind) folded before Flop


PokerStars Hand #155019765935:  Hold'em Limit ($3/$6 USD) - 2016/06/21 11:00:46 ET
Table 'Gabriella II' 6-max Seat #2 is the button
Seat 2: WillemDuit ($190.39 in chips)
Seat 3: Hi Im Alexey ($80.64 in chips)
WillemDuit: posts small blind $1
Hi Im Alexey: posts big blind $3
*** HOLE CARDS ***
WillemDuit: raises $3 to $6
Hi Im Alexey: raises $3 to $9
WillemDuit: calls $3
*** FLOP *** [6h Jc Qs]
Hi Im Alexey: bets $3
WillemDuit: calls $3
*** TURN *** [6h Jc Qs] [Ah]
Hi Im Alexey: bets $6
WillemDuit: raises $6 to $12
Hi Im Alexey: calls $6
*** RIVER *** [6h Jc Qs Ah] [Jh]
Hi Im Alexey: checks
WillemDuit: bets $6
Hi Im Alexey: calls $6
*** SHOW DOWN ***
WillemDuit: shows [Ad 8s] (two pair, Aces and Jacks)
Hi Im Alexey: mucks hand
WillemDuit collected $59.50 from pot
*** SUMMARY ***
Total pot $60 | Rake $0.50
Board [6h Jc Qs Ah Jh]
Seat 2: WillemDuit (button) (small blind) showed [Ad 8s] and won ($59.50) with two pair, Aces and Jacks
Seat 3: Hi Im Alexey (big blind) mucked


PokerStars Hand #155019757784:  Hold'em Limit ($3/$6 USD) - 2016/06/21 11:00:30 ET
Table 'Gabriella II' 6-max Seat #3 is the button
Seat 2: WillemDuit ($199.39 in chips)
Seat 3: Hi Im Alexey ($72 in chips)
Hi Im Alexey: posts small blind $1
WillemDuit: posts big blind $3
*** HOLE CARDS ***
Hi Im Alexey: raises $3 to $6
WillemDuit: calls $3
*** FLOP *** [8c 5s 4d]
WillemDuit: checks
Hi Im Alexey: bets $3
WillemDuit: calls $3
*** TURN *** [8c 5s 4d] [4h]
WillemDuit: checks
Hi Im Alexey: bets $6
WillemDuit: folds
Uncalled bet ($6) returned to Hi Im Alexey
Hi Im Alexey collected $17.64 from pot
*** SUMMARY ***
Total pot $18 | Rake $0.36
Board [8c 5s 4d 4h]
Seat 2: WillemDuit (big blind) folded on the Turn
Seat 3: Hi Im Alexey (button) (small blind) collected ($17.64)


PokerStars Hand #155019802831:  Hold'em Limit ($3/$6 USD) - 2016/06/21 11:01:50 ET
Table 'Gabriella II' 6-max Seat #3 is the button
Seat 2: WillemDuit ($224.53 in chips)
Seat 3: Hi Im Alexey ($72 in chips)
Hi Im Alexey: posts small blind $1
WillemDuit: posts big blind $3
*** HOLE CARDS ***
Hi Im Alexey: raises $3 to $6
WillemDuit: calls $3
*** FLOP *** [Tc 8c Ad]
WillemDuit: checks
Hi Im Alexey: bets $3
WillemDuit: calls $3
*** TURN *** [Tc 8c Ad] [4h]
WillemDuit: checks
Hi Im Alexey: checks
*** RIVER *** [Tc 8c Ad 4h] [5c]
WillemDuit: bets $6
Hi Im Alexey: calls $6
*** SHOW DOWN ***
WillemDuit: shows [5h 8d] (two pair, Eights and Fives)
Hi Im Alexey: mucks hand
WillemDuit collected $29.50 from pot
*** SUMMARY ***
Total pot $30 | Rake $0.50
Board [Tc 8c Ad 4h 5c]
Seat 2: WillemDuit (big blind) showed [5h 8d] and won ($29.50) with two pair, Eights and Fives
Seat 3: Hi Im Alexey (button) (small blind) mucked


PokerStars Hand #155019790836:  Hold'em Limit ($3/$6 USD) - 2016/06/21 11:01:28 ET
Table 'Gabriella II' 6-max Seat #3 is the button
Seat 2: WillemDuit ($212.89 in chips)
Seat 3: Hi Im Alexey ($79.76 in chips)
Hi Im Alexey: posts small blind $1
WillemDuit: posts big blind $3
*** HOLE CARDS ***
Hi Im Alexey: raises $3 to $6
WillemDuit: raises $3 to $9
Hi Im Alexey: calls $3
*** FLOP *** [9d Kh 3d]
WillemDuit: bets $3
Hi Im Alexey: folds
Uncalled bet ($3) returned to WillemDuit
WillemDuit collected $17.64 from pot
WillemDuit: doesn't show hand
*** SUMMARY ***
Total pot $18 | Rake $0.36
Board [9d Kh 3d]
Seat 2: WillemDuit (big blind) collected ($17.64)
Seat 3: Hi Im Alexey (button) (small blind) folded on the Flop


PokerStars Hand #155019817101:  Hold'em Limit ($3/$6 USD) - 2016/06/21 11:02:15 ET
Table 'Gabriella II' 6-max Seat #2 is the button
Seat 2: WillemDuit ($239.03 in chips)
Seat 3: Hi Im Alexey ($72 in chips)
WillemDuit: posts small blind $1
Hi Im Alexey: posts big blind $3
*** HOLE CARDS ***
WillemDuit: raises $3 to $6
Hi Im Alexey: folds
Uncalled bet ($3) returned to WillemDuit
WillemDuit collected $6 from pot
WillemDuit: doesn't show hand
*** SUMMARY ***
Total pot $6 | Rake $0
Seat 2: WillemDuit (button) (small blind) collected ($6)
Seat 3: Hi Im Alexey (big blind) folded before Flop


PokerStars Hand #155019798136:  Hold'em Limit ($3/$6 USD) - 2016/06/21 11:01:42 ET
Table 'Gabriella II' 6-max Seat #2 is the button
Seat 2: WillemDuit ($221.53 in chips)
Seat 3: Hi Im Alexey ($72 in chips)
WillemDuit: posts small blind $1
Hi Im Alexey: posts big blind $3
*** HOLE CARDS ***
WillemDuit: raises $3 to $6
Hi Im Alexey: folds
Uncalled bet ($3) returned to WillemDuit
WillemDuit collected $6 from pot
WillemDuit: doesn't show hand
*** SUMMARY ***
Total pot $6 | Rake $0
Seat 2: WillemDuit (button) (small blind) collected ($6)
Seat 3: Hi Im Alexey (big blind) folded before Flop


PokerStars Hand #155019788552:  Hold'em Limit ($3/$6 USD) - 2016/06/21 11:01:24 ET
Table 'Gabriella II' 6-max Seat #2 is the button
Seat 2: WillemDuit ($213.89 in chips)
Seat 3: Hi Im Alexey ($78.76 in chips)
WillemDuit: posts small blind $1
Hi Im Alexey: posts big blind $3
*** HOLE CARDS ***
WillemDuit: folds
Uncalled bet ($2) returned to Hi Im Alexey
Hi Im Alexey collected $2 from pot
*** SUMMARY ***
Total pot $2 | Rake $0
Seat 2: WillemDuit (button) (small blind) folded before Flop
Seat 3: Hi Im Alexey (big blind) collected ($2)


PokerStars Hand #155019848797:  Hold'em Limit ($3/$6 USD) - 2016/06/21 11:03:12 ET
Table 'Gabriella II' 6-max Seat #2 is the button
Seat 2: WillemDuit ($240.53 in chips)
Seat 3: Hi Im Alexey ($87.50 in chips)
WillemDuit: posts small blind $1
Hi Im Alexey: posts big blind $3
*** HOLE CARDS ***
WillemDuit: raises $3 to $6
Hi Im Alexey: folds
Uncalled bet ($3) returned to WillemDuit
WillemDuit collected $6 from pot
WillemDuit: doesn't show hand
*** SUMMARY ***
Total pot $6 | Rake $0
Seat 2: WillemDuit (button) (small blind) collected ($6)
Seat 3: Hi Im Alexey (big blind) folded before Flop


PokerStars Hand #155019834115:  Hold'em Limit ($3/$6 USD) - 2016/06/21 11:02:46 ET
Table 'Gabriella II' 6-max Seat #2 is the button
Seat 2: WillemDuit ($256.53 in chips)
Seat 3: Hi Im Alexey ($72 in chips)
WillemDuit: posts small blind $1
Hi Im Alexey: posts big blind $3
*** HOLE CARDS ***
WillemDuit: folds
Uncalled bet ($2) returned to Hi Im Alexey
Hi Im Alexey collected $2 from pot
*** SUMMARY ***
Total pot $2 | Rake $0
Seat 2: WillemDuit (button) (small blind) folded before Flop
Seat 3: Hi Im Alexey (big blind) collected ($2)


PokerStars Hand #155019821489:  Hold'em Limit ($3/$6 USD) - 2016/06/21 11:02:23 ET
Table 'Gabriella II' 6-max Seat #3 is the button
Seat 2: WillemDuit ($242.03 in chips)
Seat 3: Hi Im Alexey ($72 in chips)
Hi Im Alexey: posts small blind $1
WillemDuit: posts big blind $3
*** HOLE CARDS ***
Hi Im Alexey: raises $3 to $6
WillemDuit: calls $3
*** FLOP *** [Ks Ac 9h]
WillemDuit: checks
Hi Im Alexey: bets $3
WillemDuit: calls $3
*** TURN *** [Ks Ac 9h] [7c]
WillemDuit: checks
Hi Im Alexey: bets $6
WillemDuit: calls $6
*** RIVER *** [Ks Ac 9h 7c] [Js]
WillemDuit: checks
Hi Im Alexey: checks
*** SHOW DOWN ***
WillemDuit: shows [As Tc] (a pair of Aces)
Hi Im Alexey: mucks hand
WillemDuit collected $29.50 from pot
*** SUMMARY ***
Total pot $30 | Rake $0.50
Board [Ks Ac 9h 7c Js]
Seat 2: WillemDuit (big blind) showed [As Tc] and won ($29.50) with a pair of Aces
Seat 3: Hi Im Alexey (button) (small blind) mucked


PokerStars Hand #155019836633:  Hold'em Limit ($3/$6 USD) - 2016/06/21 11:02:50 ET
Table 'Gabriella II' 6-max Seat #3 is the button
Seat 2: WillemDuit ($255.53 in chips)
Seat 3: Hi Im Alexey ($73 in chips)
Hi Im Alexey: posts small blind $1
WillemDuit: posts big blind $3
*** HOLE CARDS ***
Hi Im Alexey: raises $3 to $6
WillemDuit: calls $3
*** FLOP *** [3s Th 7h]
WillemDuit: checks
Hi Im Alexey: bets $3
WillemDuit: calls $3
*** TURN *** [3s Th 7h] [8h]
WillemDuit: checks
Hi Im Alexey: checks
*** RIVER *** [3s Th 7h 8h] [5d]
WillemDuit: bets $6
Hi Im Alexey: calls $6
*** SHOW DOWN ***
WillemDuit: shows [Ks 2h] (high card King)
Hi Im Alexey: shows [Kc 5s] (a pair of Fives)
Hi Im Alexey collected $29.50 from pot
*** SUMMARY ***
Total pot $30 | Rake $0.50
Board [3s Th 7h 8h 5d]
Seat 2: WillemDuit (big blind) showed [Ks 2h] and lost with high card King
Seat 3: Hi Im Alexey (button) (small blind) showed [Kc 5s] and won ($29.50) with a pair of Fives


PokerStars Hand #155019866590:  Hold'em Limit ($3/$6 USD) - 2016/06/21 11:03:44 ET
Table 'Gabriella II' 6-max Seat #2 is the button
Seat 2: WillemDuit ($243.28 in chips)
Seat 3: Hi Im Alexey ($84.25 in chips)
WillemDuit: posts small blind $1
Hi Im Alexey: posts big blind $3
*** HOLE CARDS ***
WillemDuit: raises $3 to $6
Hi Im Alexey: calls $3
*** FLOP *** [Tc 7d 5d]
Hi Im Alexey: checks
WillemDuit: bets $3
Hi Im Alexey: folds
Uncalled bet ($3) returned to WillemDuit
WillemDuit collected $11.76 from pot
WillemDuit: doesn't show hand
*** SUMMARY ***
Total pot $12 | Rake $0.24
Board [Tc 7d 5d]
Seat 2: WillemDuit (button) (small blind) collected ($11.76)
Seat 3: Hi Im Alexey (big blind) folded on the Flop


PokerStars Hand #155019852239:  Hold'em Limit ($3/$6 USD) - 2016/06/21 11:03:18 ET
Table 'Gabriella II' 6-max Seat #3 is the button
Seat 2: WillemDuit ($243.53 in chips)
Seat 3: Hi Im Alexey ($84.50 in chips)
Hi Im Alexey: posts small blind $1
WillemDuit: posts big blind $3
*** HOLE CARDS ***
Hi Im Alexey: raises $3 to $6
WillemDuit: raises $3 to $9
Hi Im Alexey: calls $3
*** FLOP *** [2c 3d 4d]
WillemDuit: bets $3
Hi Im Alexey: calls $3
*** TURN *** [2c 3d 4d] [Kc]
WillemDuit: bets $6
Hi Im Alexey: calls $6
*** RIVER *** [2c 3d 4d Kc] [5s]
WillemDuit: bets $6
Hi Im Alexey: calls $6
*** SHOW DOWN ***
WillemDuit: shows [9d Ad] (a straight, Ace to Five)
Hi Im Alexey: shows [As 4c] (a straight, Ace to Five)
WillemDuit collected $23.75 from pot
Hi Im Alexey collected $23.75 from pot
*** SUMMARY ***
Total pot $48 | Rake $0.50
Board [2c 3d 4d Kc 5s]
Seat 2: WillemDuit (big blind) showed [9d Ad] and won ($23.75) with a straight, Ace to Five
Seat 3: Hi Im Alexey (button) (small blind) showed [As 4c] and won ($23.75) with a straight, Ace to Five


PokerStars Hand #155019919936:  Hold'em Limit ($3/$6 USD) - 2016/06/21 11:05:18 ET
Table 'Gabriella II' 6-max Seat #2 is the button
Seat 2: WillemDuit ($302.04 in chips)
Seat 3: Hi Im Alexey ($77.76 in chips)
WillemDuit: posts small blind $1
Hi Im Alexey: posts big blind $3
*** HOLE CARDS ***
WillemDuit: folds
Uncalled bet ($2) returned to Hi Im Alexey
Hi Im Alexey collected $2 from pot
*** SUMMARY ***
Total pot $2 | Rake $0
Seat 2: WillemDuit (button) (small blind) folded before Flop
Seat 3: Hi Im Alexey (big blind) collected ($2)


PokerStars Hand #155019914395:  Hold'em Limit ($3/$6 USD) - 2016/06/21 11:05:08 ET
Table 'Gabriella II' 6-max Seat #3 is the button
Seat 2: WillemDuit ($308.04 in chips)
Seat 3: Hi Im Alexey ($72 in chips)
Hi Im Alexey: posts small blind $1
WillemDuit: posts big blind $3
*** HOLE CARDS ***
Hi Im Alexey: raises $3 to $6
WillemDuit: calls $3
*** FLOP *** [4s Ad 4c]
WillemDuit: checks
Hi Im Alexey: bets $3
WillemDuit: folds
Uncalled bet ($3) returned to Hi Im Alexey
Hi Im Alexey collected $11.76 from pot
*** SUMMARY ***
Total pot $12 | Rake $0.24
Board [4s Ad 4c]
Seat 2: WillemDuit (big blind) folded on the Flop
Seat 3: Hi Im Alexey (button) (small blind) collected ($11.76)


PokerStars Hand #155019911217:  Hold'em Limit ($3/$6 USD) - 2016/06/21 11:05:02 ET
Table 'Gabriella II' 6-max Seat #2 is the button
Seat 2: WillemDuit ($305.04 in chips)
Seat 3: Hi Im Alexey ($75 in chips)
WillemDuit: posts small blind $1
Hi Im Alexey: posts big blind $3
*** HOLE CARDS ***
WillemDuit: raises $3 to $6
Hi Im Alexey: folds
Uncalled bet ($3) returned to WillemDuit
WillemDuit collected $6 from pot
WillemDuit: doesn't show hand
*** SUMMARY ***
Total pot $6 | Rake $0
Seat 2: WillemDuit (button) (small blind) collected ($6)
Seat 3: Hi Im Alexey (big blind) folded before Flop


PokerStars Hand #155019907940:  Hold'em Limit ($3/$6 USD) - 2016/06/21 11:04:57 ET
Table 'Gabriella II' 6-max Seat #3 is the button
Seat 2: WillemDuit ($308.04 in chips)
Seat 3: Hi Im Alexey ($72 in chips)
Hi Im Alexey: posts small blind $1
WillemDuit: posts big blind $3
*** HOLE CARDS ***
Hi Im Alexey: raises $3 to $6
WillemDuit: folds
Uncalled bet ($3) returned to Hi Im Alexey
Hi Im Alexey collected $6 from pot
*** SUMMARY ***
Total pot $6 | Rake $0
Seat 2: WillemDuit (big blind) folded before Flop
Seat 3: Hi Im Alexey (button) (small blind) collected ($6)


PokerStars Hand #155019896458:  Hold'em Limit ($3/$6 USD) - 2016/06/21 11:04:36 ET
Table 'Gabriella II' 6-max Seat #2 is the button
Seat 2: WillemDuit ($284.54 in chips)
Seat 3: Hi Im Alexey ($72 in chips)
WillemDuit: posts small blind $1
Hi Im Alexey: posts big blind $3
*** HOLE CARDS ***
WillemDuit: raises $3 to $6
Hi Im Alexey: raises $3 to $9
WillemDuit: calls $3
*** FLOP *** [Qs Qh 4d]
Hi Im Alexey: bets $3
WillemDuit: calls $3
*** TURN *** [Qs Qh 4d] [3d]
Hi Im Alexey: bets $6
WillemDuit: calls $6
*** RIVER *** [Qs Qh 4d 3d] [3h]
Hi Im Alexey: checks
WillemDuit: bets $6
Hi Im Alexey: calls $6
*** SHOW DOWN ***
WillemDuit: shows [Jh Jc] (two pair, Queens and Jacks)
Hi Im Alexey: mucks hand
WillemDuit collected $47.50 from pot
*** SUMMARY ***
Total pot $48 | Rake $0.50
Board [Qs Qh 4d 3d 3h]
Seat 2: WillemDuit (button) (small blind) showed [Jh Jc] and won ($47.50) with two pair, Queens and Jacks
Seat 3: Hi Im Alexey (big blind) mucked


PokerStars Hand #155019932938:  Hold'em Limit ($3/$6 USD) - 2016/06/21 11:05:41 ET
Table 'Gabriella II' 6-max Seat #2 is the button
Seat 2: WillemDuit ($321.54 in chips)
Seat 3: Hi Im Alexey ($72 in chips)
WillemDuit: posts small blind $1
Hi Im Alexey: posts big blind $3
*** HOLE CARDS ***
WillemDuit: folds
Uncalled bet ($2) returned to Hi Im Alexey
Hi Im Alexey collected $2 from pot
*** SUMMARY ***
Total pot $2 | Rake $0
Seat 2: WillemDuit (button) (small blind) folded before Flop
Seat 3: Hi Im Alexey (big blind) collected ($2)


PokerStars Hand #155019922624:  Hold'em Limit ($3/$6 USD) - 2016/06/21 11:05:23 ET
Table 'Gabriella II' 6-max Seat #3 is the button
Seat 2: WillemDuit ($301.04 in chips)
Seat 3: Hi Im Alexey ($78.76 in chips)
Hi Im Alexey: posts small blind $1
WillemDuit: posts big blind $3
*** HOLE CARDS ***
Hi Im Alexey: raises $3 to $6
WillemDuit: calls $3
*** FLOP *** [9d 6s 8d]
WillemDuit: checks
Hi Im Alexey: bets $3
WillemDuit: calls $3
*** TURN *** [9d 6s 8d] [Kc]
WillemDuit: checks
Hi Im Alexey: bets $6
WillemDuit: calls $6
*** RIVER *** [9d 6s 8d Kc] [7d]
WillemDuit: bets $6
Hi Im Alexey: calls $6
*** SHOW DOWN ***
WillemDuit: shows [6d 7c] (two pair, Sevens and Sixes)
Hi Im Alexey: mucks hand
WillemDuit collected $41.50 from pot
*** SUMMARY ***
Total pot $42 | Rake $0.50
Board [9d 6s 8d Kc 7d]
Seat 2: WillemDuit (big blind) showed [6d 7c] and won ($41.50) with two pair, Sevens and Sixes
Seat 3: Hi Im Alexey (button) (small blind) mucked


PokerStars Hand #155019935546:  Hold'em Limit ($3/$6 USD) - 2016/06/21 11:05:46 ET
Table 'Gabriella II' 6-max Seat #3 is the button
Seat 2: WillemDuit ($320.54 in chips)
Seat 3: Hi Im Alexey ($73 in chips)
Hi Im Alexey: posts small blind $1
WillemDuit: posts big blind $3
*** HOLE CARDS ***
Hi Im Alexey: raises $3 to $6
WillemDuit: calls $3
*** FLOP *** [6d 7c Kd]
WillemDuit: checks
Hi Im Alexey: bets $3
WillemDuit: calls $3
*** TURN *** [6d 7c Kd] [2s]
WillemDuit: checks
Hi Im Alexey: bets $6
WillemDuit: folds
Uncalled bet ($6) returned to Hi Im Alexey
Hi Im Alexey collected $17.64 from pot
*** SUMMARY ***
Total pot $18 | Rake $0.36
Board [6d 7c Kd 2s]
Seat 2: WillemDuit (big blind) folded on the Turn
Seat 3: Hi Im Alexey (button) (small blind) collected ($17.64)


PokerStars Hand #155019972866:  Hold'em Limit ($3/$6 USD) - 2016/06/21 11:06:52 ET
Table 'Gabriella II' 6-max Seat #2 is the button
Seat 2: WillemDuit ($296.18 in chips)
Seat 3: Hi Im Alexey ($96.14 in chips)
WillemDuit: posts small blind $1
Hi Im Alexey: posts big blind $3
*** HOLE CARDS ***
WillemDuit: raises $3 to $6
Hi Im Alexey: calls $3
*** FLOP *** [Ts 8s Ad]
Hi Im Alexey: checks
WillemDuit: bets $3
Hi Im Alexey: folds
Uncalled bet ($3) returned to WillemDuit
WillemDuit collected $11.76 from pot
WillemDuit: doesn't show hand
*** SUMMARY ***
Total pot $12 | Rake $0.24
Board [Ts 8s Ad]
Seat 2: WillemDuit (button) (small blind) collected ($11.76)
Seat 3: Hi Im Alexey (big blind) folded on the Flop


PokerStars Hand #155019946178:  Hold'em Limit ($3/$6 USD) - 2016/06/21 11:06:04 ET
Table 'Gabriella II' 6-max Seat #2 is the button
Seat 2: WillemDuit ($311.54 in chips)
Seat 3: Hi Im Alexey ($81.64 in chips)
WillemDuit: posts small blind $1
Hi Im Alexey: posts big blind $3
*** HOLE CARDS ***
WillemDuit: raises $3 to $6
Hi Im Alexey: raises $3 to $9
WillemDuit: calls $3
*** FLOP *** [2h 6s Tc]
Hi Im Alexey: bets $3
WillemDuit: calls $3
*** TURN *** [2h 6s Tc] [8c]
Hi Im Alexey: bets $6
WillemDuit: calls $6
*** RIVER *** [2h 6s Tc 8c] [9h]
Hi Im Alexey: bets $6
WillemDuit: calls $6
*** SHOW DOWN ***
Hi Im Alexey: shows [Ac Ad] (a pair of Aces)
WillemDuit: mucks hand
Hi Im Alexey collected $47.50 from pot
*** SUMMARY ***
Total pot $48 | Rake $0.50
Board [2h 6s Tc 8c 9h]
Seat 2: WillemDuit (button) (small blind) mucked
Seat 3: Hi Im Alexey (big blind) showed [Ac Ad] and won ($47.50) with a pair of Aces


PokerStars Hand #155019960952:  Hold'em Limit ($3/$6 USD) - 2016/06/21 11:06:31 ET
Table 'Gabriella II' 6-max Seat #3 is the button
Seat 2: WillemDuit ($287.54 in chips)
Seat 3: Hi Im Alexey ($105.14 in chips)
Hi Im Alexey: posts small blind $1
WillemDuit: posts big blind $3
*** HOLE CARDS ***
Hi Im Alexey: raises $3 to $6
WillemDuit: raises $3 to $9
Hi Im Alexey: calls $3
*** FLOP *** [Js 7h Qs]
WillemDuit: bets $3
Hi Im Alexey: folds
Uncalled bet ($3) returned to WillemDuit
WillemDuit collected $17.64 from pot
WillemDuit: doesn't show hand
*** SUMMARY ***
Total pot $18 | Rake $0.36
Board [Js 7h Qs]
Seat 2: WillemDuit (big blind) collected ($17.64)
Seat 3: Hi Im Alexey (button) (small blind) folded on the Flop


PokerStars Hand #155020008248:  Hold'em Limit ($3/$6 USD) - 2016/06/21 11:07:55 ET
Table 'Gabriella II' 6-max Seat #3 is the button
Seat 2: WillemDuit ($274.94 in chips)
Seat 3: Hi Im Alexey ($116.28 in chips)
Hi Im Alexey: posts small blind $1
WillemDuit: posts big blind $3
*** HOLE CARDS ***
Hi Im Alexey: raises $3 to $6
WillemDuit: raises $3 to $9
Hi Im Alexey: calls $3
*** FLOP *** [Qh 4s Qd]
WillemDuit: checks
Hi Im Alexey: bets $3
WillemDuit: calls $3
*** TURN *** [Qh 4s Qd] [2c]
WillemDuit: checks
Hi Im Alexey: bets $6
WillemDuit: raises $6 to $12
Hi Im Alexey: raises $6 to $18
WillemDuit: raises $6 to $24
Betting is capped
Hi Im Alexey: calls $6
*** RIVER *** [Qh 4s Qd 2c] [7s]
WillemDuit: bets $6
Hi Im Alexey: calls $6
*** SHOW DOWN ***
WillemDuit: shows [Kh Qs] (three of a kind, Queens)
Hi Im Alexey: mucks hand
WillemDuit collected $83.50 from pot
*** SUMMARY ***
Total pot $84 | Rake $0.50
Board [Qh 4s Qd 2c 7s]
Seat 2: WillemDuit (big blind) showed [Kh Qs] and won ($83.50) with three of a kind, Queens
Seat 3: Hi Im Alexey (button) (small blind) mucked


PokerStars Hand #155019983944:  Hold'em Limit ($3/$6 USD) - 2016/06/21 11:07:12 ET
Table 'Gabriella II' 6-max Seat #3 is the button
Seat 2: WillemDuit ($301.94 in chips)
Seat 3: Hi Im Alexey ($90.14 in chips)
Hi Im Alexey: posts small blind $1
WillemDuit: posts big blind $3
*** HOLE CARDS ***
Hi Im Alexey: raises $3 to $6
WillemDuit: calls $3
*** FLOP *** [8h 3s Ks]
WillemDuit: checks
Hi Im Alexey: bets $3
WillemDuit: calls $3
*** TURN *** [8h 3s Ks] [As]
WillemDuit: checks
Hi Im Alexey: checks
*** RIVER *** [8h 3s Ks As] [4c]
WillemDuit: checks
Hi Im Alexey: checks
*** SHOW DOWN ***
WillemDuit: shows [7h Jh] (high card Ace)
Hi Im Alexey: shows [Ts Qd] (high card Ace - King+Queen kicker)
Hi Im Alexey collected $17.64 from pot
*** SUMMARY ***
Total pot $18 | Rake $0.36
Board [8h 3s Ks As 4c]
Seat 2: WillemDuit (big blind) showed [7h Jh] and lost with high card Ace
Seat 3: Hi Im Alexey (button) (small blind) showed [Ts Qd] and won ($17.64) with high card Ace


PokerStars Hand #155019999111:  Hold'em Limit ($3/$6 USD) - 2016/06/21 11:07:38 ET
Table 'Gabriella II' 6-max Seat #2 is the button
Seat 2: WillemDuit ($292.94 in chips)
Seat 3: Hi Im Alexey ($98.78 in chips)
WillemDuit: posts small blind $1
Hi Im Alexey: posts big blind $3
*** HOLE CARDS ***
WillemDuit: raises $3 to $6
Hi Im Alexey: raises $3 to $9
WillemDuit: calls $3
*** FLOP *** [3d 6c Qh]
Hi Im Alexey: bets $3
WillemDuit: calls $3
*** TURN *** [3d 6c Qh] [8h]
Hi Im Alexey: bets $6
WillemDuit: calls $6
*** RIVER *** [3d 6c Qh 8h] [Ah]
Hi Im Alexey: bets $6
WillemDuit: folds
Uncalled bet ($6) returned to Hi Im Alexey
Hi Im Alexey collected $35.50 from pot
*** SUMMARY ***
Total pot $36 | Rake $0.50
Board [3d 6c Qh 8h Ah]
Seat 2: WillemDuit (button) (small blind) folded on the River
Seat 3: Hi Im Alexey (big blind) collected ($35.50)


PokerStars Hand #155020049674:  Hold'em Limit ($3/$6 USD) - 2016/06/21 11:09:08 ET
Table 'Gabriella II' 6-max Seat #2 is the button
Seat 2: WillemDuit ($301.94 in chips)
Seat 3: Hi Im Alexey ($87.78 in chips)
WillemDuit: posts small blind $1
Hi Im Alexey: posts big blind $3
*** HOLE CARDS ***
WillemDuit: raises $3 to $6
Hi Im Alexey: raises $3 to $9
WillemDuit: calls $3
*** FLOP *** [3c 2c 8c]
Hi Im Alexey: bets $3
WillemDuit: folds
Uncalled bet ($3) returned to Hi Im Alexey
Hi Im Alexey collected $17.64 from pot
*** SUMMARY ***
Total pot $18 | Rake $0.36
Board [3c 2c 8c]
Seat 2: WillemDuit (button) (small blind) folded on the Flop
Seat 3: Hi Im Alexey (big blind) collected ($17.64)


PokerStars Hand #155020046190:  Hold'em Limit ($3/$6 USD) - 2016/06/21 11:09:01 ET
Table 'Gabriella II' 6-max Seat #3 is the button
Seat 2: WillemDuit ($300.94 in chips)
Seat 3: Hi Im Alexey ($88.78 in chips)
Hi Im Alexey: posts small blind $1
WillemDuit: posts big blind $3
*** HOLE CARDS ***
Hi Im Alexey: folds
Uncalled bet ($2) returned to WillemDuit
WillemDuit collected $2 from pot
WillemDuit: doesn't show hand
*** SUMMARY ***
Total pot $2 | Rake $0
Seat 2: WillemDuit (big blind) collected ($2)
Seat 3: Hi Im Alexey (button) (small blind) folded before Flop


PokerStars Hand #155020054904:  Hold'em Limit ($3/$6 USD) - 2016/06/21 11:09:17 ET
Table 'Gabriella II' 6-max Seat #3 is the button
Seat 2: WillemDuit ($292.94 in chips)
Seat 3: Hi Im Alexey ($96.42 in chips)
Hi Im Alexey: posts small blind $1
WillemDuit: posts big blind $3
*** HOLE CARDS ***
Hi Im Alexey: raises $3 to $6
WillemDuit: folds
Uncalled bet ($3) returned to Hi Im Alexey
Hi Im Alexey collected $6 from pot
*** SUMMARY ***
Total pot $6 | Rake $0
Seat 2: WillemDuit (big blind) folded before Flop
Seat 3: Hi Im Alexey (button) (small blind) collected ($6)


PokerStars Hand #155020022272:  Hold'em Limit ($3/$6 USD) - 2016/06/21 11:08:19 ET
Table 'Gabriella II' 6-max Seat #2 is the button
Seat 2: WillemDuit ($316.44 in chips)
Seat 3: Hi Im Alexey ($74.28 in chips)
WillemDuit: posts small blind $1
Hi Im Alexey: posts big blind $3
*** HOLE CARDS ***
WillemDuit: raises $3 to $6
Hi Im Alexey: calls $3
*** FLOP *** [5h 3h Qs]
Hi Im Alexey: checks
WillemDuit: checks
*** TURN *** [5h 3h Qs] [Kd]
Hi Im Alexey: checks
WillemDuit: bets $6
Hi Im Alexey: raises $6 to $12
WillemDuit: calls $6
*** RIVER *** [5h 3h Qs Kd] [4s]
Hi Im Alexey: bets $6
WillemDuit: raises $6 to $12
Hi Im Alexey: raises $6 to $18
WillemDuit: calls $6
*** SHOW DOWN ***
Hi Im Alexey: shows [4h Ks] (two pair, Kings and Fours)
WillemDuit: mucks hand
Hi Im Alexey collected $71.50 from pot
*** SUMMARY ***
Total pot $72 | Rake $0.50
Board [5h 3h Qs Kd 4s]
Seat 2: WillemDuit (button) (small blind) mucked
Seat 3: Hi Im Alexey (big blind) showed [4h Ks] and won ($71.50) with two pair, Kings and Fours


PokerStars Hand #155020032184:  Hold'em Limit ($3/$6 USD) - 2016/06/21 11:08:37 ET
Table 'Gabriella II' 6-max Seat #3 is the button
Seat 2: WillemDuit ($280.44 in chips)
Seat 3: Hi Im Alexey ($109.78 in chips)
Hi Im Alexey: posts small blind $1
WillemDuit: posts big blind $3
*** HOLE CARDS ***
Hi Im Alexey: raises $3 to $6
WillemDuit: calls $3
*** FLOP *** [5h 3d Tc]
WillemDuit: bets $3
Hi Im Alexey: raises $3 to $6
WillemDuit: calls $3
*** TURN *** [5h 3d Tc] [Jh]
WillemDuit: checks
Hi Im Alexey: bets $6
WillemDuit: calls $6
*** RIVER *** [5h 3d Tc Jh] [2c]
WillemDuit: checks
Hi Im Alexey: checks
*** SHOW DOWN ***
WillemDuit: shows [7c 3s] (a pair of Threes)
Hi Im Alexey: mucks hand
WillemDuit collected $35.50 from pot
*** SUMMARY ***
Total pot $36 | Rake $0.50
Board [5h 3d Tc Jh 2c]
Seat 2: WillemDuit (big blind) showed [7c 3s] and won ($35.50) with a pair of Threes
Seat 3: Hi Im Alexey (button) (small blind) mucked


PokerStars Hand #155020042953:  Hold'em Limit ($3/$6 USD) - 2016/06/21 11:08:56 ET
Table 'Gabriella II' 6-max Seat #2 is the button
Seat 2: WillemDuit ($297.94 in chips)
Seat 3: Hi Im Alexey ($91.78 in chips)
WillemDuit: posts small blind $1
Hi Im Alexey: posts big blind $3
*** HOLE CARDS ***
WillemDuit: raises $3 to $6
Hi Im Alexey: folds
Uncalled bet ($3) returned to WillemDuit
WillemDuit collected $6 from pot
WillemDuit: doesn't show hand
*** SUMMARY ***
Total pot $6 | Rake $0
Seat 2: WillemDuit (button) (small blind) collected ($6)
Seat 3: Hi Im Alexey (big blind) folded before Flop


PokerStars Hand #155020084991:  Hold'em Limit ($3/$6 USD) - 2016/06/21 11:10:10 ET
Table 'Gabriella II' 6-max Seat #3 is the button
Seat 2: WillemDuit ($279.44 in chips)
Seat 3: Hi Im Alexey ($108.92 in chips)
Hi Im Alexey: posts small blind $1
WillemDuit: posts big blind $3
*** HOLE CARDS ***
Hi Im Alexey: folds
Uncalled bet ($2) returned to WillemDuit
WillemDuit collected $2 from pot
WillemDuit: doesn't show hand
*** SUMMARY ***
Total pot $2 | Rake $0
Seat 2: WillemDuit (big blind) collected ($2)
Seat 3: Hi Im Alexey (button) (small blind) folded before Flop


PokerStars Hand #155020082475:  Hold'em Limit ($3/$6 USD) - 2016/06/21 11:10:05 ET
Table 'Gabriella II' 6-max Seat #2 is the button
Seat 2: WillemDuit ($280.44 in chips)
Seat 3: Hi Im Alexey ($107.92 in chips)
WillemDuit: posts small blind $1
Hi Im Alexey: posts big blind $3
*** HOLE CARDS ***
WillemDuit: folds
Uncalled bet ($2) returned to Hi Im Alexey
Hi Im Alexey collected $2 from pot
*** SUMMARY ***
Total pot $2 | Rake $0
Seat 2: WillemDuit (button) (small blind) folded before Flop
Seat 3: Hi Im Alexey (big blind) collected ($2)


PokerStars Hand #155020058032:  Hold'em Limit ($3/$6 USD) - 2016/06/21 11:09:22 ET
Table 'Gabriella II' 6-max Seat #2 is the button
Seat 2: WillemDuit ($289.94 in chips)
Seat 3: Hi Im Alexey ($99.42 in chips)
WillemDuit: posts small blind $1
Hi Im Alexey: posts big blind $3
*** HOLE CARDS ***
WillemDuit: raises $3 to $6
Hi Im Alexey: calls $3
*** FLOP *** [Ts 7s Th]
Hi Im Alexey: checks
WillemDuit: checks
*** TURN *** [Ts 7s Th] [2s]
Hi Im Alexey: bets $6
WillemDuit: calls $6
*** RIVER *** [Ts 7s Th 2s] [Ac]
Hi Im Alexey: bets $6
WillemDuit: raises $6 to $12
Hi Im Alexey: calls $6
*** SHOW DOWN ***
WillemDuit: shows [3s Kd] (a pair of Tens)
Hi Im Alexey: shows [7h Js] (two pair, Tens and Sevens)
Hi Im Alexey collected $47.50 from pot
*** SUMMARY ***
Total pot $48 | Rake $0.50
Board [Ts 7s Th 2s Ac]
Seat 2: WillemDuit (button) (small blind) showed [3s Kd] and lost with a pair of Tens
Seat 3: Hi Im Alexey (big blind) showed [7h Js] and won ($47.50) with two pair, Tens and Sevens


PokerStars Hand #155020067733:  Hold'em Limit ($3/$6 USD) - 2016/06/21 11:09:39 ET
Table 'Gabriella II' 6-max Seat #3 is the button
Seat 2: WillemDuit ($265.94 in chips)
Seat 3: Hi Im Alexey ($122.92 in chips)
Hi Im Alexey: posts small blind $1
WillemDuit: posts big blind $3
*** HOLE CARDS ***
Hi Im Alexey: raises $3 to $6
WillemDuit: raises $3 to $9
Hi Im Alexey: calls $3
*** FLOP *** [Th As 9s]
WillemDuit: bets $3
Hi Im Alexey: raises $3 to $6
WillemDuit: calls $3
*** TURN *** [Th As 9s] [6s]
WillemDuit: checks
Hi Im Alexey: checks
*** RIVER *** [Th As 9s 6s] [6h]
WillemDuit: bets $6
Hi Im Alexey: folds
Uncalled bet ($6) returned to WillemDuit
WillemDuit collected $29.50 from pot
WillemDuit: doesn't show hand
*** SUMMARY ***
Total pot $30 | Rake $0.50
Board [Th As 9s 6s 6h]
Seat 2: WillemDuit (big blind) collected ($29.50)
Seat 3: Hi Im Alexey (button) (small blind) folded on the River


PokerStars Hand #155020096807:  Hold'em Limit ($3/$6 USD) - 2016/06/21 11:10:30 ET
Table 'Gabriella II' 6-max Seat #3 is the button
Seat 2: WillemDuit ($286.20 in chips)
Seat 3: Hi Im Alexey ($101.92 in chips)
Hi Im Alexey: posts small blind $1
WillemDuit: posts big blind $3
*** HOLE CARDS ***
Hi Im Alexey: folds
Uncalled bet ($2) returned to WillemDuit
WillemDuit collected $2 from pot
WillemDuit: doesn't show hand
*** SUMMARY ***
Total pot $2 | Rake $0
Seat 2: WillemDuit (big blind) collected ($2)
Seat 3: Hi Im Alexey (button) (small blind) folded before Flop


PokerStars Hand #155020088050:  Hold'em Limit ($3/$6 USD) - 2016/06/21 11:10:15 ET
Table 'Gabriella II' 6-max Seat #2 is the button
Seat 2: WillemDuit ($280.44 in chips)
Seat 3: Hi Im Alexey ($107.92 in chips)
WillemDuit: posts small blind $1
Hi Im Alexey: posts big blind $3
*** HOLE CARDS ***
WillemDuit: raises $3 to $6
Hi Im Alexey: calls $3
*** FLOP *** [6c Th Jh]
Hi Im Alexey: checks
WillemDuit: bets $3
Hi Im Alexey: folds
Uncalled bet ($3) returned to WillemDuit
WillemDuit collected $11.76 from pot
WillemDuit: doesn't show hand
*** SUMMARY ***
Total pot $12 | Rake $0.24
Board [6c Th Jh]
Seat 2: WillemDuit (button) (small blind) collected ($11.76)
Seat 3: Hi Im Alexey (big blind) folded on the Flop


PokerStars Hand #155020099510:  Hold'em Limit ($3/$6 USD) - 2016/06/21 11:10:35 ET
Table 'Gabriella II' 6-max Seat #2 is the button
Seat 2: WillemDuit ($287.20 in chips)
Seat 3: Hi Im Alexey ($100.92 in chips)
WillemDuit: posts small blind $1
Hi Im Alexey: posts big blind $3
*** HOLE CARDS ***
WillemDuit: raises $3 to $6
Hi Im Alexey: raises $3 to $9
WillemDuit: calls $3
*** FLOP *** [2s Jd Ac]
Hi Im Alexey: bets $3
WillemDuit: folds
Uncalled bet ($3) returned to Hi Im Alexey
Hi Im Alexey collected $17.64 from pot
*** SUMMARY ***
Total pot $18 | Rake $0.36
Board [2s Jd Ac]
Seat 2: WillemDuit (button) (small blind) folded on the Flop
Seat 3: Hi Im Alexey (big blind) collected ($17.64)


PokerStars Hand #155020106700:  Hold'em Limit ($3/$6 USD) - 2016/06/21 11:10:48 ET
Table 'Gabriella II' 6-max Seat #3 is the button
Seat 2: WillemDuit ($278.20 in chips)
Seat 3: Hi Im Alexey ($109.56 in chips)
Hi Im Alexey: posts small blind $1
WillemDuit: posts big blind $3
*** HOLE CARDS ***
Hi Im Alexey: raises $3 to $6
WillemDuit: calls $3
*** FLOP *** [Kd 3d Ac]
WillemDuit: checks
Hi Im Alexey: bets $3
WillemDuit: folds
Uncalled bet ($3) returned to Hi Im Alexey
Hi Im Alexey collected $11.76 from pot
*** SUMMARY ***
Total pot $12 | Rake $0.24
Board [Kd 3d Ac]
Seat 2: WillemDuit (big blind) folded on the Flop
Seat 3: Hi Im Alexey (button) (small blind) collected ($11.76)


PokerStars Hand #155020117225:  Hold'em Limit ($3/$6 USD) - 2016/06/21 11:11:06 ET
Table 'Gabriella II' 6-max Seat #2 is the button
Seat 2: WillemDuit ($272.20 in chips)
Seat 3: Hi Im Alexey ($115.32 in chips)
WillemDuit: posts small blind $1
Hi Im Alexey: posts big blind $3
*** HOLE CARDS ***
WillemDuit: folds
Uncalled bet ($2) returned to Hi Im Alexey
Hi Im Alexey collected $2 from pot
*** SUMMARY ***
Total pot $2 | Rake $0
Seat 2: WillemDuit (button) (small blind) folded before Flop
Seat 3: Hi Im Alexey (big blind) collected ($2)


PokerStars Hand #155020146717:  Hold'em Limit ($3/$6 USD) - 2016/06/21 11:11:58 ET
Table 'Gabriella II' 6-max Seat #3 is the button
Seat 2: WillemDuit ($291.70 in chips)
Seat 3: Hi Im Alexey ($94.96 in chips)
Hi Im Alexey: posts small blind $1
WillemDuit: posts big blind $3
*** HOLE CARDS ***
Hi Im Alexey: raises $3 to $6
WillemDuit: calls $3
*** FLOP *** [4c 4d 7c]
WillemDuit: checks
Hi Im Alexey: bets $3
WillemDuit: calls $3
*** TURN *** [4c 4d 7c] [2d]
WillemDuit: checks
Hi Im Alexey: checks
*** RIVER *** [4c 4d 7c 2d] [5d]
WillemDuit: checks
Hi Im Alexey: checks
*** SHOW DOWN ***
WillemDuit: shows [4h 2h] (a full house, Fours full of Deuces)
Hi Im Alexey: mucks hand
WillemDuit collected $17.64 from pot
*** SUMMARY ***
Total pot $18 | Rake $0.36
Board [4c 4d 7c 2d 5d]
Seat 2: WillemDuit (big blind) showed [4h 2h] and won ($17.64) with a full house, Fours full of Deuces
Seat 3: Hi Im Alexey (button) (small blind) mucked


PokerStars Hand #155020137123:  Hold'em Limit ($3/$6 USD) - 2016/06/21 11:11:41 ET
Table 'Gabriella II' 6-max Seat #2 is the button
Seat 2: WillemDuit ($300.70 in chips)
Seat 3: Hi Im Alexey ($86.32 in chips)
WillemDuit: posts small blind $1
Hi Im Alexey: posts big blind $3
*** HOLE CARDS ***
WillemDuit: raises $3 to $6
Hi Im Alexey: calls $3
*** FLOP *** [8d Js 2c]
Hi Im Alexey: bets $3
WillemDuit: calls $3
*** TURN *** [8d Js 2c] [2h]
Hi Im Alexey: bets $6
WillemDuit: folds
Uncalled bet ($6) returned to Hi Im Alexey
Hi Im Alexey collected $17.64 from pot
*** SUMMARY ***
Total pot $18 | Rake $0.36
Board [8d Js 2c 2h]
Seat 2: WillemDuit (button) (small blind) folded on the Turn
Seat 3: Hi Im Alexey (big blind) collected ($17.64)


PokerStars Hand #155020119702:  Hold'em Limit ($3/$6 USD) - 2016/06/21 11:11:10 ET
Table 'Gabriella II' 6-max Seat #3 is the button
Seat 2: WillemDuit ($271.20 in chips)
Seat 3: Hi Im Alexey ($116.32 in chips)
Hi Im Alexey: posts small blind $1
WillemDuit: posts big blind $3
*** HOLE CARDS ***
Hi Im Alexey: raises $3 to $6
WillemDuit: raises $3 to $9
Hi Im Alexey: calls $3
*** FLOP *** [6s 7h 9d]
WillemDuit: bets $3
Hi Im Alexey: calls $3
*** TURN *** [6s 7h 9d] [2d]
WillemDuit: bets $6
Hi Im Alexey: raises $6 to $12
WillemDuit: calls $6
*** RIVER *** [6s 7h 9d 2d] [5d]
WillemDuit: bets $6
Hi Im Alexey: calls $6
*** SHOW DOWN ***
WillemDuit: shows [Qc 6c] (a pair of Sixes)
Hi Im Alexey: mucks hand
WillemDuit collected $59.50 from pot
*** SUMMARY ***
Total pot $60 | Rake $0.50
Board [6s 7h 9d 2d 5d]
Seat 2: WillemDuit (big blind) showed [Qc 6c] and won ($59.50) with a pair of Sixes
Seat 3: Hi Im Alexey (button) (small blind) mucked


PokerStars Hand #155020184299:  Hold'em Limit ($3/$6 USD) - 2016/06/21 11:13:03 ET
Table 'Gabriella II' 6-max Seat #3 is the button
Seat 2: WillemDuit ($257.86 in chips)
Seat 3: Hi Im Alexey ($126.96 in chips)
Hi Im Alexey: posts small blind $1
WillemDuit: posts big blind $3
*** HOLE CARDS ***
Hi Im Alexey: raises $3 to $6
WillemDuit: raises $3 to $9
Hi Im Alexey: raises $3 to $12
Betting is capped
WillemDuit: calls $3
*** FLOP *** [Jd 2c 9s]
WillemDuit: bets $3
Hi Im Alexey: raises $3 to $6
WillemDuit: calls $3
*** TURN *** [Jd 2c 9s] [As]
WillemDuit: checks
Hi Im Alexey: bets $6
WillemDuit: calls $6
*** RIVER *** [Jd 2c 9s As] [6s]
WillemDuit: checks
Hi Im Alexey: bets $6
WillemDuit: calls $6
*** SHOW DOWN ***
Hi Im Alexey: shows [Js Ad] (two pair, Aces and Jacks)
WillemDuit: mucks hand
Hi Im Alexey collected $59.50 from pot
*** SUMMARY ***
Total pot $60 | Rake $0.50
Board [Jd 2c 9s As 6s]
Seat 2: WillemDuit (big blind) mucked
Seat 3: Hi Im Alexey (button) (small blind) showed [Js Ad] and won ($59.50) with two pair, Aces and Jacks


PokerStars Hand #155020181722:  Hold'em Limit ($3/$6 USD) - 2016/06/21 11:12:59 ET
Table 'Gabriella II' 6-max Seat #2 is the button
Seat 2: WillemDuit ($258.86 in chips)
Seat 3: Hi Im Alexey ($125.96 in chips)
WillemDuit: posts small blind $1
Hi Im Alexey: posts big blind $3
*** HOLE CARDS ***
WillemDuit: folds
Uncalled bet ($2) returned to Hi Im Alexey
Hi Im Alexey collected $2 from pot
*** SUMMARY ***
Total pot $2 | Rake $0
Seat 2: WillemDuit (button) (small blind) folded before Flop
Seat 3: Hi Im Alexey (big blind) collected ($2)


PokerStars Hand #155020179241:  Hold'em Limit ($3/$6 USD) - 2016/06/21 11:12:55 ET
Table 'Gabriella II' 6-max Seat #3 is the button
Seat 2: WillemDuit ($257.86 in chips)
Seat 3: Hi Im Alexey ($126.96 in chips)
Hi Im Alexey: posts small blind $1
WillemDuit: posts big blind $3
*** HOLE CARDS ***
Hi Im Alexey: folds
Uncalled bet ($2) returned to WillemDuit
WillemDuit collected $2 from pot
WillemDuit: doesn't show hand
*** SUMMARY ***
Total pot $2 | Rake $0
Seat 2: WillemDuit (big blind) collected ($2)
Seat 3: Hi Im Alexey (button) (small blind) folded before Flop


PokerStars Hand #155020164090:  Hold'em Limit ($3/$6 USD) - 2016/06/21 11:12:28 ET
Table 'Gabriella II' 6-max Seat #3 is the button
Seat 2: WillemDuit ($276.34 in chips)
Seat 3: Hi Im Alexey ($109.46 in chips)
Hi Im Alexey: posts small blind $1
WillemDuit: posts big blind $3
*** HOLE CARDS ***
Hi Im Alexey: raises $3 to $6
WillemDuit: raises $3 to $9
Hi Im Alexey: raises $3 to $12
Betting is capped
WillemDuit: calls $3
*** FLOP *** [6d 5d 3d]
WillemDuit: bets $3
Hi Im Alexey: raises $3 to $6
WillemDuit: calls $3
*** TURN *** [6d 5d 3d] [Qd]
WillemDuit: checks
Hi Im Alexey: bets $6
WillemDuit: calls $6
*** RIVER *** [6d 5d 3d Qd] [3c]
WillemDuit: checks
Hi Im Alexey: bets $6
WillemDuit: calls $6
*** SHOW DOWN ***
Hi Im Alexey: shows [3s As] (three of a kind, Threes)
WillemDuit: mucks hand
Hi Im Alexey collected $59.50 from pot
*** SUMMARY ***
Total pot $60 | Rake $0.50
Board [6d 5d 3d Qd 3c]
Seat 2: WillemDuit (big blind) mucked
Seat 3: Hi Im Alexey (button) (small blind) showed [3s As] and won ($59.50) with three of a kind, Threes


PokerStars Hand #155020172693:  Hold'em Limit ($3/$6 USD) - 2016/06/21 11:12:43 ET
Table 'Gabriella II' 6-max Seat #2 is the button
Seat 2: WillemDuit ($246.34 in chips)
Seat 3: Hi Im Alexey ($138.96 in chips)
WillemDuit: posts small blind $1
Hi Im Alexey: posts big blind $3
*** HOLE CARDS ***
WillemDuit: raises $3 to $6
Hi Im Alexey: raises $3 to $9
WillemDuit: raises $3 to $12
Betting is capped
Hi Im Alexey: calls $3
*** FLOP *** [Ks Jc 3c]
Hi Im Alexey: checks
WillemDuit: bets $3
Hi Im Alexey: folds
Uncalled bet ($3) returned to WillemDuit
WillemDuit collected $23.52 from pot
WillemDuit: doesn't show hand
*** SUMMARY ***
Total pot $24 | Rake $0.48
Board [Ks Jc 3c]
Seat 2: WillemDuit (button) (small blind) collected ($23.52)
Seat 3: Hi Im Alexey (big blind) folded on the Flop


PokerStars Hand #155020156970:  Hold'em Limit ($3/$6 USD) - 2016/06/21 11:12:15 ET
Table 'Gabriella II' 6-max Seat #2 is the button
Seat 2: WillemDuit ($300.34 in chips)
Seat 3: Hi Im Alexey ($85.96 in chips)
WillemDuit: posts small blind $1
Hi Im Alexey: posts big blind $3
*** HOLE CARDS ***
WillemDuit: raises $3 to $6
Hi Im Alexey: raises $3 to $9
WillemDuit: calls $3
*** FLOP *** [Kd Jc 9h]
Hi Im Alexey: bets $3
WillemDuit: calls $3
*** TURN *** [Kd Jc 9h] [Qc]
Hi Im Alexey: bets $6
WillemDuit: calls $6
*** RIVER *** [Kd Jc 9h Qc] [Ah]
Hi Im Alexey: bets $6
WillemDuit: calls $6
*** SHOW DOWN ***
Hi Im Alexey: shows [Ts 9s] (a straight, Ten to Ace)
WillemDuit: mucks hand
Hi Im Alexey collected $47.50 from pot
*** SUMMARY ***
Total pot $48 | Rake $0.50
Board [Kd Jc 9h Qc Ah]
Seat 2: WillemDuit (button) (small blind) mucked
Seat 3: Hi Im Alexey (big blind) showed [Ts 9s] and won ($47.50) with a straight, Ten to Ace


PokerStars Hand #155020198661:  Hold'em Limit ($3/$6 USD) - 2016/06/21 11:13:21 ET
Table 'Gabriella II' 6-max Seat #2 is the button
Seat 2: WillemDuit ($227.86 in chips)
Seat 3: Hi Im Alexey ($156.46 in chips)
WillemDuit: posts small blind $1
Hi Im Alexey: posts big blind $3
*** HOLE CARDS ***
WillemDuit: raises $3 to $6
Hi Im Alexey: calls $3
*** FLOP *** [Jd 4s 3s]
Hi Im Alexey: bets $3
WillemDuit: calls $3
*** TURN *** [Jd 4s 3s] [Ad]
Hi Im Alexey: checks
WillemDuit: bets $6
Hi Im Alexey: calls $6
*** RIVER *** [Jd 4s 3s Ad] [7d]
Hi Im Alexey: checks
WillemDuit: bets $6
Hi Im Alexey: raises $6 to $12
WillemDuit: folds
Uncalled bet ($6) returned to Hi Im Alexey
Hi Im Alexey collected $41.50 from pot
*** SUMMARY ***
Total pot $42 | Rake $0.50
Board [Jd 4s 3s Ad 7d]
Seat 2: WillemDuit (button) (small blind) folded on the River
Seat 3: Hi Im Alexey (big blind) collected ($41.50)


PokerStars Hand #155020215488:  Hold'em Limit ($3/$6 USD) - 2016/06/21 11:13:51 ET
Table 'Gabriella II' 6-max Seat #2 is the button
Seat 2: WillemDuit ($200.86 in chips)
Seat 3: Hi Im Alexey ($182.72 in chips)
WillemDuit: posts small blind $1
Hi Im Alexey: posts big blind $3
*** HOLE CARDS ***
WillemDuit: raises $3 to $6
Hi Im Alexey: raises $3 to $9
WillemDuit: calls $3
*** FLOP *** [Td 3d 7d]
Hi Im Alexey: bets $3
WillemDuit: calls $3
*** TURN *** [Td 3d 7d] [Ts]
Hi Im Alexey: checks
WillemDuit: checks
*** RIVER *** [Td 3d 7d Ts] [8s]
Hi Im Alexey: checks
WillemDuit: checks
*** SHOW DOWN ***
Hi Im Alexey: shows [Kh Qd] (a pair of Tens)
WillemDuit: shows [Qc Ks] (a pair of Tens)
Hi Im Alexey collected $11.76 from pot
WillemDuit collected $11.76 from pot
*** SUMMARY ***
Total pot $24 | Rake $0.48
Board [Td 3d 7d Ts 8s]
Seat 2: WillemDuit (button) (small blind) showed [Qc Ks] and won ($11.76) with a pair of Tens
Seat 3: Hi Im Alexey (big blind) showed [Kh Qd] and won ($11.76) with a pair of Tens


PokerStars Hand #155020210249:  Hold'em Limit ($3/$6 USD) - 2016/06/21 11:13:41 ET
Table 'Gabriella II' 6-max Seat #3 is the button
Seat 2: WillemDuit ($206.86 in chips)
Seat 3: Hi Im Alexey ($176.96 in chips)
Hi Im Alexey: posts small blind $1
WillemDuit: posts big blind $3
*** HOLE CARDS ***
Hi Im Alexey: raises $3 to $6
WillemDuit: calls $3
*** FLOP *** [2c 6d Kd]
WillemDuit: checks
ehavai joins the table at seat #4
Hi Im Alexey: bets $3
WillemDuit: folds
Uncalled bet ($3) returned to Hi Im Alexey
Hi Im Alexey collected $11.76 from pot
*** SUMMARY ***
Total pot $12 | Rake $0.24
Board [2c 6d Kd]
Seat 2: WillemDuit (big blind) folded on the Flop
Seat 3: Hi Im Alexey (button) (small blind) collected ($11.76)


