PokerStars Hand #156019319221:  Hold'em Limit ($3/$6 USD) - 2016/07/15 19:07:30 ET
Table 'Gabriella' 6-max Seat #1 is the button
Seat 1: hewey1 ($30 in chips)
Seat 4: AzureCaper ($72 in chips)
hewey1: posts small blind $1
AzureCaper: posts big blind $3
*** HOLE CARDS ***
hewey1: folds
Uncalled bet ($2) returned to AzureCaper
AzureCaper collected $2 from pot
AzureCaper: doesn't show hand
*** SUMMARY ***
Total pot $2 | Rake $0
Seat 1: hewey1 (button) (small blind) folded before Flop
Seat 4: AzureCaper (big blind) collected ($2)


PokerStars Hand #156019341815:  Hold'em Limit ($3/$6 USD) - 2016/07/15 19:08:10 ET
Table 'Gabriella' 6-max Seat #4 is the button
Seat 1: hewey1 ($32.88 in chips)
Seat 4: AzureCaper ($72 in chips)
AzureCaper: posts small blind $1
hewey1: posts big blind $3
*** HOLE CARDS ***
AzureCaper: raises $3 to $6
hewey1: calls $3
*** FLOP *** [9s 9h 3s]
hewey1: checks
AzureCaper: bets $3
hewey1: calls $3
*** TURN *** [9s 9h 3s] [Td]
hewey1: checks
AzureCaper: bets $6
hewey1: raises $6 to $12
AzureCaper: folds
Uncalled bet ($6) returned to hewey1
hewey1 collected $29.50 from pot
hewey1: doesn't show hand
*** SUMMARY ***
Total pot $30 | Rake $0.50
Board [9s 9h 3s Td]
Seat 1: hewey1 (big blind) collected ($29.50)
Seat 4: AzureCaper (button) (small blind) folded on the Turn


PokerStars Hand #156019330789:  Hold'em Limit ($3/$6 USD) - 2016/07/15 19:07:50 ET
Table 'Gabriella' 6-max Seat #1 is the button
Seat 1: hewey1 ($30 in chips)
Seat 4: AzureCaper ($72 in chips)
hewey1: posts small blind $1
AzureCaper: posts big blind $3
*** HOLE CARDS ***
hewey1: calls $2
AzureCaper: checks
*** FLOP *** [7d Tc 8d]
}{iRuRg-S joins the table at seat #3
AzureCaper: checks
hewey1: checks
*** TURN *** [7d Tc 8d] [6h]
AzureCaper: checks
hewey1: checks
*** RIVER *** [7d Tc 8d 6h] [3s]
AzureCaper: checks
hewey1: bets $6
AzureCaper: folds
Uncalled bet ($6) returned to hewey1
hewey1 collected $5.88 from pot
hewey1: doesn't show hand
*** SUMMARY ***
Total pot $6 | Rake $0.12
Board [7d Tc 8d 6h 3s]
Seat 1: hewey1 (button) (small blind) collected ($5.88)
Seat 4: AzureCaper (big blind) folded on the River


PokerStars Hand #156019328244:  Hold'em Limit ($3/$6 USD) - 2016/07/15 19:07:46 ET
Table 'Gabriella' 6-max Seat #4 is the button
Seat 1: hewey1 ($29 in chips)
Seat 4: AzureCaper ($73 in chips)
AzureCaper: posts small blind $1
hewey1: posts big blind $3
*** HOLE CARDS ***
AzureCaper: folds
Uncalled bet ($2) returned to hewey1
hewey1 collected $2 from pot
hewey1: doesn't show hand
*** SUMMARY ***
Total pot $2 | Rake $0
Seat 1: hewey1 (big blind) collected ($2)
Seat 4: AzureCaper (button) (small blind) folded before Flop


PokerStars Hand #156020868145:  Hold'em Limit ($3/$6 USD) - 2016/07/15 19:56:02 ET
Table 'Gabriella' 6-max Seat #6 is the button
Seat 2: Actionni13 ($194.78 in chips)
Seat 6: Chessnok ($103.06 in chips)
Chessnok: posts small blind $1
Actionni13: posts big blind $3
*** HOLE CARDS ***
Chessnok: raises $3 to $6
Actionni13: calls $3
*** FLOP *** [4c 9c Qc]
Actionni13: checks
Chessnok: bets $3
Actionni13: calls $3
*** TURN *** [4c 9c Qc] [4h]
Actionni13: checks
Chessnok: bets $6
Actionni13: calls $6
*** RIVER *** [4c 9c Qc 4h] [Ah]
Actionni13: checks
Chessnok: bets $6
Actionni13: folds
Uncalled bet ($6) returned to Chessnok
Chessnok collected $29.50 from pot
Chessnok: doesn't show hand
*** SUMMARY ***
Total pot $30 | Rake $0.50
Board [4c 9c Qc 4h Ah]
Seat 2: Actionni13 (big blind) folded on the River
Seat 6: Chessnok (button) (small blind) collected ($29.50)


PokerStars Hand #156020856653:  Hold'em Limit ($3/$6 USD) - 2016/07/15 19:55:34 ET
Table 'Gabriella' 6-max Seat #2 is the button
Seat 2: Actionni13 ($177.28 in chips)
Seat 6: Chessnok ($121.06 in chips)
Actionni13: posts small blind $1
7superpoker: is sitting out
Chessnok: posts big blind $3
*** HOLE CARDS ***
Actionni13: raises $3 to $6
Chessnok: calls $3
*** FLOP *** [Kc Kd 2h]
7superpoker leaves the table
Chessnok: checks
Actionni13: bets $3
Chessnok: raises $3 to $6
Actionni13: calls $3
*** TURN *** [Kc Kd 2h] [4d]
Chessnok: bets $6
Actionni13: calls $6
*** RIVER *** [Kc Kd 2h 4d] [Tc]
Chessnok: checks
Actionni13: checks
*** SHOW DOWN ***
Chessnok: shows [Js Qh] (a pair of Kings)
Actionni13: shows [6c Ad] (a pair of Kings - Ace kicker)
Actionni13 collected $35.50 from pot
*** SUMMARY ***
Total pot $36 | Rake $0.50
Board [Kc Kd 2h 4d Tc]
Seat 2: Actionni13 (button) (small blind) showed [6c Ad] and won ($35.50) with a pair of Kings
Seat 6: Chessnok (big blind) showed [Js Qh] and lost with a pair of Kings


