PokerStars Hand #175175336102:  Hold'em Limit ($3/$6 USD) - 2017/09/03 19:18:05 ET
Table 'Gaby' 6-max Seat #5 is the button
Seat 5: Whatze Phuck ($78 in chips)
Seat 6: mircea01 ($68.26 in chips)
Whatze Phuck: posts small blind $1
mircea01: posts big blind $3
*** HOLE CARDS ***
Whatze Phuck: raises $3 to $6
mircea01: calls $3
*** FLOP *** [Kc Tc 8h]
mircea01: checks
Whatze Phuck: bets $3
mircea01: folds
Uncalled bet ($3) returned to Whatze Phuck
Whatze Phuck collected $11.76 from pot
Whatze Phuck: doesn't show hand
*** SUMMARY ***
Total pot $12 | Rake $0.24
Board [Kc Tc 8h]
Seat 5: Whatze Phuck (button) (small blind) collected ($11.76)
Seat 6: mircea01 (big blind) folded on the Flop


PokerStars Hand #175175355290:  Hold'em Limit ($3/$6 USD) - 2017/09/03 19:18:38 ET
Table 'Gaby' 6-max Seat #5 is the button
Seat 5: Whatze Phuck ($92.40 in chips)
Seat 6: mircea01 ($53.26 in chips)
Whatze Phuck: posts small blind $1
mircea01: posts big blind $3
*** HOLE CARDS ***
Whatze Phuck: raises $3 to $6
mircea01: calls $3
*** FLOP *** [Ts 3c 3s]
mircea01: checks
Whatze Phuck: bets $3
mircea01: folds
Uncalled bet ($3) returned to Whatze Phuck
Whatze Phuck collected $11.76 from pot
Whatze Phuck: doesn't show hand
*** SUMMARY ***
Total pot $12 | Rake $0.24
Board [Ts 3c 3s]
Seat 5: Whatze Phuck (button) (small blind) collected ($11.76)
Seat 6: mircea01 (big blind) folded on the Flop


PokerStars Hand #175175361808:  Hold'em Limit ($3/$6 USD) - 2017/09/03 19:18:49 ET
Table 'Gaby' 6-max Seat #6 is the button
Seat 5: Whatze Phuck ($98.16 in chips)
Seat 6: mircea01 ($47.26 in chips)
mircea01: posts small blind $1
Whatze Phuck: posts big blind $3
*** HOLE CARDS ***
mircea01: raises $3 to $6
Whatze Phuck: calls $3
*** FLOP *** [8d As 7s]
Whatze Phuck: checks
mircea01: bets $3
Whatze Phuck: calls $3
*** TURN *** [8d As 7s] [2s]
Whatze Phuck: checks
mircea01: bets $6
Whatze Phuck: calls $6
*** RIVER *** [8d As 7s 2s] [Ks]
Whatze Phuck: bets $6
mircea01: calls $6
*** SHOW DOWN ***
Whatze Phuck: shows [Qh Ts] (a flush, Ace high)
mircea01: mucks hand
Whatze Phuck collected $41.50 from pot
*** SUMMARY ***
Total pot $42 | Rake $0.50
Board [8d As 7s 2s Ks]
Seat 5: Whatze Phuck (big blind) showed [Qh Ts] and won ($41.50) with a flush, Ace high
Seat 6: mircea01 (button) (small blind) mucked


PokerStars Hand #175175388768:  Hold'em Limit ($3/$6 USD) - 2017/09/03 19:19:36 ET
Table 'Gaby' 6-max Seat #6 is the button
Seat 5: Whatze Phuck ($117.66 in chips)
Seat 6: mircea01 ($27.26 in chips)
mircea01: posts small blind $1
Whatze Phuck: posts big blind $3
*** HOLE CARDS ***
mircea01: raises $3 to $6
Whatze Phuck: raises $3 to $9
mircea01: raises $3 to $12
Betting is capped
Whatze Phuck: calls $3
*** FLOP *** [As Kd 2s]
Whatze Phuck: checks
mircea01: bets $3
Whatze Phuck: calls $3
*** TURN *** [As Kd 2s] [3h]
Whatze Phuck: checks
mircea01: checks
*** RIVER *** [As Kd 2s 3h] [4s]
Whatze Phuck: checks
mircea01: bets $6
Whatze Phuck: calls $6
*** SHOW DOWN ***
mircea01: shows [5c Qc] (a straight, Ace to Five)
Whatze Phuck: mucks hand
mircea01 collected $41.50 from pot
*** SUMMARY ***
Total pot $42 | Rake $0.50
Board [As Kd 2s 3h 4s]
Seat 5: Whatze Phuck (big blind) mucked
Seat 6: mircea01 (button) (small blind) showed [5c Qc] and won ($41.50) with a straight, Ace to Five


PokerStars Hand #175175405369:  Hold'em Limit ($3/$6 USD) - 2017/09/03 19:20:05 ET
Table 'Gaby' 6-max Seat #5 is the button
Seat 5: Whatze Phuck ($96.66 in chips)
Seat 6: mircea01 ($47.76 in chips)
Whatze Phuck: posts small blind $1
mircea01: posts big blind $3
*** HOLE CARDS ***
Whatze Phuck: raises $3 to $6
mircea01: raises $3 to $9
Whatze Phuck: calls $3
*** FLOP *** [Kc 8h 3h]
granli joins the table at seat #3
mircea01: bets $3
Whatze Phuck: folds
Uncalled bet ($3) returned to mircea01
mircea01 collected $17.64 from pot
mircea01: doesn't show hand
*** SUMMARY ***
Total pot $18 | Rake $0.36
Board [Kc 8h 3h]
Seat 5: Whatze Phuck (button) (small blind) folded on the Flop
Seat 6: mircea01 (big blind) collected ($17.64)


