PokerStars Hand #175362542185:  Hold'em Limit ($3/$6 USD) - 2017/09/08 7:16:28 ET
Table 'Gaby' 6-max Seat #6 is the button
Seat 5: Psynto ($112 in chips)
Seat 6: manly70 ($224.43 in chips)
manly70: posts small blind $1
t9pkin: is sitting out
Psynto: posts big blind $3
*** HOLE CARDS ***
t9pkin leaves the table
manly70: calls $2
Psynto: checks
*** FLOP *** [Jh Kd Ac]
Psynto: checks
manly70: bets $3
Psynto: calls $3
*** TURN *** [Jh Kd Ac] [8c]
Psynto: checks
manly70: bets $6
Psynto: calls $6
*** RIVER *** [Jh Kd Ac 8c] [As]
Psynto: checks
manly70: bets $6
Psynto: calls $6
*** SHOW DOWN ***
manly70: shows [Kc 4d] (two pair, Aces and Kings)
Psynto: mucks hand
manly70 collected $35.50 from pot
*** SUMMARY ***
Total pot $36 | Rake $0.50
Board [Jh Kd Ac 8c As]
Seat 5: Psynto (big blind) mucked
Seat 6: manly70 (button) (small blind) showed [Kc 4d] and won ($35.50) with two pair, Aces and Kings


PokerStars Hand #175362550049:  Hold'em Limit ($3/$6 USD) - 2017/09/08 7:16:47 ET
Table 'Gaby' 6-max Seat #5 is the button
Seat 5: Psynto ($94 in chips)
Seat 6: manly70 ($241.93 in chips)
Psynto: posts small blind $1
manly70: posts big blind $3
*** HOLE CARDS ***
Psynto: raises $3 to $6
manly70: calls $3
*** FLOP *** [4h 4s 3h]
manly70: checks
Psynto: bets $3
manly70: calls $3
*** TURN *** [4h 4s 3h] [6d]
manly70: checks
Psynto: bets $6
manly70: folds
Uncalled bet ($6) returned to Psynto
Psynto collected $17.64 from pot
Psynto: doesn't show hand
*** SUMMARY ***
Total pot $18 | Rake $0.36
Board [4h 4s 3h 6d]
Seat 5: Psynto (button) (small blind) collected ($17.64)
Seat 6: manly70 (big blind) folded on the Turn


PokerStars Hand #175362559993:  Hold'em Limit ($3/$6 USD) - 2017/09/08 7:17:11 ET
Table 'Gaby' 6-max Seat #5 is the button
Seat 5: Psynto ($103.64 in chips)
Seat 6: manly70 ($231.93 in chips)
Psynto: posts small blind $1
manly70: posts big blind $3
*** HOLE CARDS ***
Psynto: raises $3 to $6
manly70: calls $3
*** FLOP *** [5d Td 6s]
manly70: checks
Psynto: bets $3
manly70: calls $3
*** TURN *** [5d Td 6s] [5s]
manly70: checks
Psynto: bets $6
manly70: calls $6
*** RIVER *** [5d Td 6s 5s] [3h]
manly70: checks
Psynto: bets $6
manly70: calls $6
*** SHOW DOWN ***
Psynto: shows [Jd 7c] (a pair of Fives)
manly70: shows [As 9d] (a pair of Fives - Ace kicker)
manly70 collected $41.50 from pot
*** SUMMARY ***
Total pot $42 | Rake $0.50
Board [5d Td 6s 5s 3h]
Seat 5: Psynto (button) (small blind) showed [Jd 7c] and lost with a pair of Fives
Seat 6: manly70 (big blind) showed [As 9d] and won ($41.50) with a pair of Fives


PokerStars Hand #175362557658:  Hold'em Limit ($3/$6 USD) - 2017/09/08 7:17:05 ET
Table 'Gaby' 6-max Seat #6 is the button
Seat 5: Psynto ($102.64 in chips)
Seat 6: manly70 ($232.93 in chips)
manly70: posts small blind $1
Psynto: posts big blind $3
*** HOLE CARDS ***
manly70: folds
Uncalled bet ($2) returned to Psynto
Psynto collected $2 from pot
Psynto: doesn't show hand
*** SUMMARY ***
Total pot $2 | Rake $0
Seat 5: Psynto (big blind) collected ($2)
Seat 6: manly70 (button) (small blind) folded before Flop


PokerStars Hand #175362568067:  Hold'em Limit ($3/$6 USD) - 2017/09/08 7:17:31 ET
Table 'Gaby' 6-max Seat #6 is the button
Seat 5: Psynto ($82.64 in chips)
Seat 6: manly70 ($252.43 in chips)
manly70: posts small blind $1
Psynto: posts big blind $3
*** HOLE CARDS ***
manly70: raises $3 to $6
Psynto: calls $3
*** FLOP *** [2d 4h 5c]
Psynto: checks
manly70: bets $3
Psynto: raises $3 to $6
manly70: calls $3
*** TURN *** [2d 4h 5c] [Td]
Psynto: bets $6
manly70: calls $6
*** RIVER *** [2d 4h 5c Td] [4s]
Psynto: bets $6
manly70: folds
Uncalled bet ($6) returned to Psynto
Psynto collected $35.50 from pot
Psynto: doesn't show hand
*** SUMMARY ***
Total pot $36 | Rake $0.50
Board [2d 4h 5c Td 4s]
Seat 5: Psynto (big blind) collected ($35.50)
Seat 6: manly70 (button) (small blind) folded on the River


PokerStars Hand #175362592913:  Hold'em Limit ($3/$6 USD) - 2017/09/08 7:18:31 ET
Table 'Gaby' 6-max Seat #5 is the button
Seat 5: Psynto ($90.14 in chips)
Seat 6: manly70 ($243.93 in chips)
Psynto: posts small blind $1
manly70: posts big blind $3
*** HOLE CARDS ***
Psynto: raises $3 to $6
manly70: folds
Uncalled bet ($3) returned to Psynto
Psynto collected $6 from pot
Psynto: doesn't show hand
*** SUMMARY ***
Total pot $6 | Rake $0
Seat 5: Psynto (button) (small blind) collected ($6)
Seat 6: manly70 (big blind) folded before Flop


PokerStars Hand #175362577337:  Hold'em Limit ($3/$6 USD) - 2017/09/08 7:17:53 ET
Table 'Gaby' 6-max Seat #5 is the button
Seat 5: Psynto ($100.14 in chips)
Seat 6: manly70 ($234.43 in chips)
Psynto: posts small blind $1
manly70: posts big blind $3
*** HOLE CARDS ***
Psynto: raises $3 to $6
manly70: calls $3
*** FLOP *** [Ts 5d 2d]
manly70: checks
Psynto: bets $3
manly70: calls $3
*** TURN *** [Ts 5d 2d] [3h]
manly70: checks
Psynto: bets $6
manly70: calls $6
*** RIVER *** [Ts 5d 2d 3h] [Jh]
manly70: checks
Psynto: checks
*** SHOW DOWN ***
manly70: shows [Jc Qd] (a pair of Jacks)
Psynto: mucks hand
manly70 collected $29.50 from pot
*** SUMMARY ***
Total pot $30 | Rake $0.50
Board [Ts 5d 2d 3h Jh]
Seat 5: Psynto (button) (small blind) mucked
Seat 6: manly70 (big blind) showed [Jc Qd] and won ($29.50) with a pair of Jacks


PokerStars Hand #175362588006:  Hold'em Limit ($3/$6 USD) - 2017/09/08 7:18:19 ET
Table 'Gaby' 6-max Seat #5 is the button
Seat 5: Psynto ($86.14 in chips)
Seat 6: manly70 ($247.93 in chips)
Psynto: posts small blind $1
manly70: posts big blind $3
*** HOLE CARDS ***
Psynto: raises $3 to $6
manly70: folds
Uncalled bet ($3) returned to Psynto
Psynto collected $6 from pot
Psynto: doesn't show hand
*** SUMMARY ***
Total pot $6 | Rake $0
Seat 5: Psynto (button) (small blind) collected ($6)
Seat 6: manly70 (big blind) folded before Flop


PokerStars Hand #175362585450:  Hold'em Limit ($3/$6 USD) - 2017/09/08 7:18:13 ET
Table 'Gaby' 6-max Seat #6 is the button
Seat 5: Psynto ($85.14 in chips)
Seat 6: manly70 ($248.93 in chips)
manly70: posts small blind $1
Psynto: posts big blind $3
*** HOLE CARDS ***
manly70: folds
Uncalled bet ($2) returned to Psynto
Psynto collected $2 from pot
Psynto: doesn't show hand
*** SUMMARY ***
Total pot $2 | Rake $0
Seat 5: Psynto (big blind) collected ($2)
Seat 6: manly70 (button) (small blind) folded before Flop


PokerStars Hand #175362595716:  Hold'em Limit ($3/$6 USD) - 2017/09/08 7:18:38 ET
Table 'Gaby' 6-max Seat #6 is the button
Seat 5: Psynto ($93.14 in chips)
Seat 6: manly70 ($240.93 in chips)
manly70: posts small blind $1
Psynto: posts big blind $3
*** HOLE CARDS ***
manly70: calls $2
Psynto: checks
*** FLOP *** [6c Ad 5h]
Psynto: bets $3
manly70: calls $3
*** TURN *** [6c Ad 5h] [2d]
Psynto: bets $6
manly70: calls $6
*** RIVER *** [6c Ad 5h 2d] [Jd]
Psynto: checks
manly70: checks
*** SHOW DOWN ***
Psynto: shows [5c 8d] (a pair of Fives)
manly70: mucks hand
Psynto collected $23.52 from pot
*** SUMMARY ***
Total pot $24 | Rake $0.48
Board [6c Ad 5h 2d Jd]
Seat 5: Psynto (big blind) showed [5c 8d] and won ($23.52) with a pair of Fives
Seat 6: manly70 (button) (small blind) mucked


PokerStars Hand #175362590486:  Hold'em Limit ($3/$6 USD) - 2017/09/08 7:18:25 ET
Table 'Gaby' 6-max Seat #6 is the button
Seat 5: Psynto ($89.14 in chips)
Seat 6: manly70 ($244.93 in chips)
manly70: posts small blind $1
Psynto: posts big blind $3
*** HOLE CARDS ***
manly70: folds
Uncalled bet ($2) returned to Psynto
Psynto collected $2 from pot
Psynto: doesn't show hand
*** SUMMARY ***
Total pot $2 | Rake $0
Seat 5: Psynto (big blind) collected ($2)
Seat 6: manly70 (button) (small blind) folded before Flop


PokerStars Hand #175362618520:  Hold'em Limit ($3/$6 USD) - 2017/09/08 7:19:32 ET
Table 'Gaby' 6-max Seat #5 is the button
Seat 5: Psynto ($118.18 in chips)
Seat 6: manly70 ($214.93 in chips)
Psynto: posts small blind $1
manly70: posts big blind $3
*** HOLE CARDS ***
Psynto: raises $3 to $6
manly70: calls $3
*** FLOP *** [Th 5s 9h]
manly70: checks
Psynto: bets $3
manly70: raises $3 to $6
Psynto: calls $3
*** TURN *** [Th 5s 9h] [5d]
manly70: bets $6
Psynto: raises $6 to $12
manly70: calls $6
*** RIVER *** [Th 5s 9h 5d] [3c]
manly70: checks
Psynto: bets $6
manly70: calls $6
*** SHOW DOWN ***
Psynto: shows [Tc Ad] (two pair, Tens and Fives)
manly70: mucks hand
Psynto collected $59.50 from pot
*** SUMMARY ***
Total pot $60 | Rake $0.50
Board [Th 5s 9h 5d 3c]
Seat 5: Psynto (button) (small blind) showed [Tc Ad] and won ($59.50) with two pair, Tens and Fives
Seat 6: manly70 (big blind) mucked


PokerStars Hand #175362616000:  Hold'em Limit ($3/$6 USD) - 2017/09/08 7:19:26 ET
Table 'Gaby' 6-max Seat #6 is the button
Seat 5: Psynto ($117.18 in chips)
Seat 6: manly70 ($215.93 in chips)
manly70: posts small blind $1
Psynto: posts big blind $3
*** HOLE CARDS ***
manly70: folds
Uncalled bet ($2) returned to Psynto
Psynto collected $2 from pot
Psynto: doesn't show hand
*** SUMMARY ***
Total pot $2 | Rake $0
Seat 5: Psynto (big blind) collected ($2)
Seat 6: manly70 (button) (small blind) folded before Flop


PokerStars Hand #175362611584:  Hold'em Limit ($3/$6 USD) - 2017/09/08 7:19:15 ET
Table 'Gaby' 6-max Seat #5 is the button
Seat 5: Psynto ($111.42 in chips)
Seat 6: manly70 ($221.93 in chips)
Psynto: posts small blind $1
manly70: posts big blind $3
*** HOLE CARDS ***
Psynto: raises $3 to $6
manly70: calls $3
*** FLOP *** [Qc As 9d]
manly70: checks
Psynto: bets $3
manly70: folds
Uncalled bet ($3) returned to Psynto
Psynto collected $11.76 from pot
Psynto: doesn't show hand
*** SUMMARY ***
Total pot $12 | Rake $0.24
Board [Qc As 9d]
Seat 5: Psynto (button) (small blind) collected ($11.76)
Seat 6: manly70 (big blind) folded on the Flop


PokerStars Hand #175362609195:  Hold'em Limit ($3/$6 USD) - 2017/09/08 7:19:10 ET
Table 'Gaby' 6-max Seat #6 is the button
Seat 5: Psynto ($110.42 in chips)
Seat 6: manly70 ($222.93 in chips)
manly70: posts small blind $1
Psynto: posts big blind $3
*** HOLE CARDS ***
manly70: folds
Uncalled bet ($2) returned to Psynto
Psynto collected $2 from pot
Psynto: doesn't show hand
*** SUMMARY ***
Total pot $2 | Rake $0
Seat 5: Psynto (big blind) collected ($2)
Seat 6: manly70 (button) (small blind) folded before Flop


PokerStars Hand #175362603592:  Hold'em Limit ($3/$6 USD) - 2017/09/08 7:18:56 ET
Table 'Gaby' 6-max Seat #5 is the button
Seat 5: Psynto ($104.66 in chips)
Seat 6: manly70 ($228.93 in chips)
Psynto: posts small blind $1
manly70: posts big blind $3
*** HOLE CARDS ***
Psynto: raises $3 to $6
manly70: calls $3
*** FLOP *** [8d 2s Qd]
manly70: checks
Psynto: bets $3
manly70: folds
Uncalled bet ($3) returned to Psynto
Psynto collected $11.76 from pot
Psynto: doesn't show hand
*** SUMMARY ***
Total pot $12 | Rake $0.24
Board [8d 2s Qd]
Seat 5: Psynto (button) (small blind) collected ($11.76)
Seat 6: manly70 (big blind) folded on the Flop


PokerStars Hand #175362638061:  Hold'em Limit ($3/$6 USD) - 2017/09/08 7:20:19 ET
Table 'Gaby' 6-max Seat #6 is the button
Seat 5: Psynto ($132.68 in chips)
Seat 6: manly70 ($199.33 in chips)
manly70: posts small blind $1
Psynto: posts big blind $3
*** HOLE CARDS ***
manly70: raises $3 to $6
Psynto: calls $3
*** FLOP *** [2s As 5d]
Psynto: checks
manly70: bets $3
Psynto: calls $3
*** TURN *** [2s As 5d] [4d]
Psynto: checks
manly70: checks
*** RIVER *** [2s As 5d 4d] [7h]
Psynto: checks
manly70: checks
*** SHOW DOWN ***
Psynto: shows [Js Ks] (high card Ace)
manly70: mucks hand
Psynto collected $17.64 from pot
*** SUMMARY ***
Total pot $18 | Rake $0.36
Board [2s As 5d 4d 7h]
Seat 5: Psynto (big blind) showed [Js Ks] and won ($17.64) with high card Ace
Seat 6: manly70 (button) (small blind) mucked


PokerStars Hand #175362633391:  Hold'em Limit ($3/$6 USD) - 2017/09/08 7:20:08 ET
Table 'Gaby' 6-max Seat #5 is the button
Seat 5: Psynto ($141.68 in chips)
Seat 6: manly70 ($190.69 in chips)
Psynto: posts small blind $1
manly70: posts big blind $3
*** HOLE CARDS ***
Psynto: raises $3 to $6
manly70: calls $3
*** FLOP *** [5s Jc Kd]
manly70: checks
Psynto: bets $3
manly70: raises $3 to $6
Psynto: folds
Uncalled bet ($3) returned to manly70
manly70 collected $17.64 from pot
*** SUMMARY ***
Total pot $18 | Rake $0.36
Board [5s Jc Kd]
Seat 5: Psynto (button) (small blind) folded on the Flop
Seat 6: manly70 (big blind) collected ($17.64)


PokerStars Hand #175362629333:  Hold'em Limit ($3/$6 USD) - 2017/09/08 7:19:58 ET
Table 'Gaby' 6-max Seat #6 is the button
Seat 5: Psynto ($147.68 in chips)
Seat 6: manly70 ($184.93 in chips)
manly70: posts small blind $1
Psynto: posts big blind $3
*** HOLE CARDS ***
manly70: raises $3 to $6
Psynto: calls $3
*** FLOP *** [9d 5d Kh]
Psynto: checks
manly70: bets $3
Psynto: folds
Uncalled bet ($3) returned to manly70
manly70 collected $11.76 from pot
*** SUMMARY ***
Total pot $12 | Rake $0.24
Board [9d 5d Kh]
Seat 5: Psynto (big blind) folded on the Flop
Seat 6: manly70 (button) (small blind) collected ($11.76)


PokerStars Hand #175362645322:  Hold'em Limit ($3/$6 USD) - 2017/09/08 7:20:36 ET
Table 'Gaby' 6-max Seat #5 is the button
Seat 5: Psynto ($141.32 in chips)
Seat 6: manly70 ($190.33 in chips)
Psynto: posts small blind $1
manly70: posts big blind $3
*** HOLE CARDS ***
Psynto: raises $3 to $6
manly70: calls $3
*** FLOP *** [4d 3c 3h]
manly70: checks
Psynto: bets $3
manly70: calls $3
*** TURN *** [4d 3c 3h] [Js]
manly70: checks
Psynto: bets $6
manly70: folds
Uncalled bet ($6) returned to Psynto
Psynto collected $17.64 from pot
Psynto: doesn't show hand
*** SUMMARY ***
Total pot $18 | Rake $0.36
Board [4d 3c 3h Js]
Seat 5: Psynto (button) (small blind) collected ($17.64)
Seat 6: manly70 (big blind) folded on the Turn


PokerStars Hand #175362667853:  Hold'em Limit ($3/$6 USD) - 2017/09/08 7:21:30 ET
Table 'Gaby' 6-max Seat #5 is the button
Seat 5: Psynto ($135.71 in chips)
Seat 6: manly70 ($194.58 in chips)
Psynto: posts small blind $1
manly70: posts big blind $3
*** HOLE CARDS ***
Psynto: raises $3 to $6
manly70: folds
Uncalled bet ($3) returned to Psynto
Psynto collected $6 from pot
Psynto: doesn't show hand
*** SUMMARY ***
Total pot $6 | Rake $0
Seat 5: Psynto (button) (small blind) collected ($6)
Seat 6: manly70 (big blind) folded before Flop


PokerStars Hand #175362665098:  Hold'em Limit ($3/$6 USD) - 2017/09/08 7:21:24 ET
Table 'Gaby' 6-max Seat #6 is the button
Seat 5: Psynto ($134.71 in chips)
Seat 6: manly70 ($195.58 in chips)
manly70: posts small blind $1
Psynto: posts big blind $3
*** HOLE CARDS ***
manly70: folds
Uncalled bet ($2) returned to Psynto
Psynto collected $2 from pot
Psynto: doesn't show hand
*** SUMMARY ***
Total pot $2 | Rake $0
Seat 5: Psynto (big blind) collected ($2)
Seat 6: manly70 (button) (small blind) folded before Flop


PokerStars Hand #175362659009:  Hold'em Limit ($3/$6 USD) - 2017/09/08 7:21:09 ET
Table 'Gaby' 6-max Seat #5 is the button
Seat 5: Psynto ($149.71 in chips)
Seat 6: manly70 ($181.08 in chips)
Psynto: posts small blind $1
manly70: posts big blind $3
*** HOLE CARDS ***
Psynto: raises $3 to $6
manly70: calls $3
*** FLOP *** [4h 4c Jc]
manly70: checks
Psynto: bets $3
manly70: calls $3
*** TURN *** [4h 4c Jc] [2s]
manly70: checks
Psynto: bets $6
manly70: raises $6 to $12
Psynto: folds
Uncalled bet ($6) returned to manly70
manly70 collected $29.50 from pot
*** SUMMARY ***
Total pot $30 | Rake $0.50
Board [4h 4c Jc 2s]
Seat 5: Psynto (button) (small blind) folded on the Turn
Seat 6: manly70 (big blind) collected ($29.50)


PokerStars Hand #175362670148:  Hold'em Limit ($3/$6 USD) - 2017/09/08 7:21:36 ET
Table 'Gaby' 6-max Seat #6 is the button
Seat 5: Psynto ($138.71 in chips)
Seat 6: manly70 ($191.58 in chips)
manly70: posts small blind $1
Psynto: posts big blind $3
*** HOLE CARDS ***
manly70: raises $3 to $6
Psynto: calls $3
*** FLOP *** [Jd 8d Td]
Psynto: checks
manly70: bets $3
Psynto: folds
Uncalled bet ($3) returned to manly70
manly70 collected $11.76 from pot
*** SUMMARY ***
Total pot $12 | Rake $0.24
Board [Jd 8d Td]
Seat 5: Psynto (big blind) folded on the Flop
Seat 6: manly70 (button) (small blind) collected ($11.76)


PokerStars Hand #175362674426:  Hold'em Limit ($3/$6 USD) - 2017/09/08 7:21:46 ET
Table 'Gaby' 6-max Seat #5 is the button
Seat 5: Psynto ($132.71 in chips)
Seat 6: manly70 ($197.34 in chips)
Psynto: posts small blind $1
manly70: posts big blind $3
*** HOLE CARDS ***
Psynto: raises $3 to $6
manly70: calls $3
*** FLOP *** [5c 8h Td]
manly70: checks
Psynto: bets $3
manly70: calls $3
*** TURN *** [5c 8h Td] [Ks]
manly70: checks
Psynto: checks
*** RIVER *** [5c 8h Td Ks] [Jh]
manly70: checks
Psynto: checks
*** SHOW DOWN ***
manly70: shows [8c 4s] (a pair of Eights)
Psynto: mucks hand
manly70 collected $17.64 from pot
*** SUMMARY ***
Total pot $18 | Rake $0.36
Board [5c 8h Td Ks Jh]
Seat 5: Psynto (button) (small blind) mucked
Seat 6: manly70 (big blind) showed [8c 4s] and won ($17.64) with a pair of Eights


PokerStars Hand #175362652113:  Hold'em Limit ($3/$6 USD) - 2017/09/08 7:20:52 ET
Table 'Gaby' 6-max Seat #6 is the button
Seat 5: Psynto ($149.96 in chips)
Seat 6: manly70 ($181.33 in chips)
manly70: posts small blind $1
Psynto: posts big blind $3
*** HOLE CARDS ***
manly70: raises $3 to $6
Psynto: calls $3
*** FLOP *** [7s Kc 3d]
Psynto: checks
manly70: bets $3
Psynto: calls $3
*** TURN *** [7s Kc 3d] [6d]
Psynto: checks
manly70: bets $6
Psynto: calls $6
*** RIVER *** [7s Kc 3d 6d] [6h]
Psynto: checks
manly70: bets $6
Psynto: calls $6
*** SHOW DOWN ***
manly70: shows [7d Js] (two pair, Sevens and Sixes)
Psynto: shows [7h Qc] (two pair, Sevens and Sixes)
Psynto collected $20.75 from pot
manly70 collected $20.75 from pot
*** SUMMARY ***
Total pot $42 | Rake $0.50
Board [7s Kc 3d 6d 6h]
Seat 5: Psynto (big blind) showed [7h Qc] and won ($20.75) with two pair, Sevens and Sixes
Seat 6: manly70 (button) (small blind) showed [7d Js] and won ($20.75) with two pair, Sevens and Sixes


PokerStars Hand #175362688391:  Hold'em Limit ($3/$6 USD) - 2017/09/08 7:22:19 ET
Table 'Gaby' 6-max Seat #5 is the button
Seat 5: Psynto ($132.35 in chips)
Seat 6: manly70 ($196.98 in chips)
Psynto: posts small blind $1
manly70: posts big blind $3
*** HOLE CARDS ***
Psynto: raises $3 to $6
manly70: calls $3
*** FLOP *** [3d 6h 3c]
manly70: checks
Psynto: bets $3
manly70: raises $3 to $6
Psynto: calls $3
*** TURN *** [3d 6h 3c] [5d]
manly70: bets $6
Psynto: calls $6
*** RIVER *** [3d 6h 3c 5d] [4s]
manly70: checks
Psynto: checks
*** SHOW DOWN ***
manly70: shows [Tc 6c] (two pair, Sixes and Threes)
Psynto: mucks hand
manly70 collected $35.50 from pot
*** SUMMARY ***
Total pot $36 | Rake $0.50
Board [3d 6h 3c 5d 4s]
Seat 5: Psynto (button) (small blind) mucked
Seat 6: manly70 (big blind) showed [Tc 6c] and won ($35.50) with two pair, Sixes and Threes


PokerStars Hand #175362680736:  Hold'em Limit ($3/$6 USD) - 2017/09/08 7:22:01 ET
Table 'Gaby' 6-max Seat #6 is the button
Seat 5: Psynto ($123.71 in chips)
Seat 6: manly70 ($205.98 in chips)
manly70: posts small blind $1
Psynto: posts big blind $3
*** HOLE CARDS ***
manly70: raises $3 to $6
Psynto: calls $3
*** FLOP *** [3s 2c Js]
Psynto: checks
manly70: bets $3
Psynto: calls $3
*** TURN *** [3s 2c Js] [Qc]
Psynto: checks
manly70: checks
*** RIVER *** [3s 2c Js Qc] [Ad]
Psynto: checks
manly70: checks
*** SHOW DOWN ***
Psynto: shows [Kd 6c] (high card Ace)
manly70: mucks hand
Psynto collected $17.64 from pot
*** SUMMARY ***
Total pot $18 | Rake $0.36
Board [3s 2c Js Qc Ad]
Seat 5: Psynto (big blind) showed [Kd 6c] and won ($17.64) with high card Ace
Seat 6: manly70 (button) (small blind) mucked


PokerStars Hand #175362695774:  Hold'em Limit ($3/$6 USD) - 2017/09/08 7:22:37 ET
Table 'Gaby' 6-max Seat #6 is the button
Seat 5: Psynto ($114.35 in chips)
Seat 6: manly70 ($214.48 in chips)
manly70: posts small blind $1
Psynto: posts big blind $3
*** HOLE CARDS ***
manly70: raises $3 to $6
Psynto: calls $3
*** FLOP *** [Kd 4d Qh]
Psynto: checks
manly70: bets $3
Psynto: calls $3
*** TURN *** [Kd 4d Qh] [5s]
Psynto: checks
manly70: bets $6
Psynto: folds
Uncalled bet ($6) returned to manly70
manly70 collected $17.64 from pot
*** SUMMARY ***
Total pot $18 | Rake $0.36
Board [Kd 4d Qh 5s]
Seat 5: Psynto (big blind) folded on the Turn
Seat 6: manly70 (button) (small blind) collected ($17.64)


PokerStars Hand #175362722340:  Hold'em Limit ($3/$6 USD) - 2017/09/08 7:23:41 ET
Table 'Gaby' 6-max Seat #5 is the button
Seat 5: Psynto ($95.85 in chips)
Seat 6: manly70 ($231.38 in chips)
Psynto: posts small blind $1
manly70: posts big blind $3
*** HOLE CARDS ***
Psynto: raises $3 to $6
manly70: calls $3
*** FLOP *** [Kc 4s 5c]
manly70: checks
Psynto: bets $3
manly70: raises $3 to $6
Psynto: calls $3
*** TURN *** [Kc 4s 5c] [2d]
manly70: bets $6
Psynto: folds
Uncalled bet ($6) returned to manly70
manly70 collected $23.52 from pot
*** SUMMARY ***
Total pot $24 | Rake $0.48
Board [Kc 4s 5c 2d]
Seat 5: Psynto (button) (small blind) folded on the Turn
Seat 6: manly70 (big blind) collected ($23.52)


PokerStars Hand #175362701426:  Hold'em Limit ($3/$6 USD) - 2017/09/08 7:22:51 ET
Table 'Gaby' 6-max Seat #5 is the button
Seat 5: Psynto ($105.35 in chips)
Seat 6: manly70 ($223.12 in chips)
Psynto: posts small blind $1
manly70: posts big blind $3
*** HOLE CARDS ***
Psynto: raises $3 to $6
manly70: calls $3
*** FLOP *** [3c Td Ac]
manly70: checks
Psynto: bets $3
manly70: calls $3
*** TURN *** [3c Td Ac] [Ad]
manly70: checks
Psynto: bets $6
manly70: calls $6
*** RIVER *** [3c Td Ac Ad] [5h]
manly70: checks
Psynto: checks
*** SHOW DOWN ***
manly70: shows [4h 4d] (two pair, Aces and Fours)
Psynto: shows [2d 5c] (two pair, Aces and Fives)
Psynto collected $29.50 from pot
*** SUMMARY ***
Total pot $30 | Rake $0.50
Board [3c Td Ac Ad 5h]
Seat 5: Psynto (button) (small blind) showed [2d 5c] and won ($29.50) with two pair, Aces and Fives
Seat 6: manly70 (big blind) showed [4h 4d] and lost with two pair, Aces and Fours


PokerStars Hand #175362716104:  Hold'em Limit ($3/$6 USD) - 2017/09/08 7:23:26 ET
Table 'Gaby' 6-max Seat #6 is the button
Seat 5: Psynto ($116.85 in chips)
Seat 6: manly70 ($210.88 in chips)
manly70: posts small blind $1
Psynto: posts big blind $3
*** HOLE CARDS ***
manly70: raises $3 to $6
Psynto: calls $3
*** FLOP *** [Tc Qd 7h]
Psynto: checks
manly70: bets $3
Psynto: calls $3
*** TURN *** [Tc Qd 7h] [7s]
Psynto: checks
manly70: bets $6
Psynto: calls $6
*** RIVER *** [Tc Qd 7h 7s] [Td]
Psynto: checks
manly70: bets $6
Psynto: calls $6
*** SHOW DOWN ***
manly70: shows [7d 3d] (a full house, Sevens full of Tens)
Psynto: mucks hand
manly70 collected $41.50 from pot
*** SUMMARY ***
Total pot $42 | Rake $0.50
Board [Tc Qd 7h 7s Td]
Seat 5: Psynto (big blind) mucked
Seat 6: manly70 (button) (small blind) showed [7d 3d] and won ($41.50) with a full house, Sevens full of Tens


PokerStars Hand #175362713679:  Hold'em Limit ($3/$6 USD) - 2017/09/08 7:23:21 ET
Table 'Gaby' 6-max Seat #5 is the button
Seat 5: Psynto ($113.85 in chips)
Seat 6: manly70 ($213.88 in chips)
Psynto: posts small blind $1
manly70: posts big blind $3
*** HOLE CARDS ***
Psynto: raises $3 to $6
manly70: folds
Uncalled bet ($3) returned to Psynto
Psynto collected $6 from pot
Psynto: doesn't show hand
*** SUMMARY ***
Total pot $6 | Rake $0
Seat 5: Psynto (button) (small blind) collected ($6)
Seat 6: manly70 (big blind) folded before Flop


PokerStars Hand #175362708514:  Hold'em Limit ($3/$6 USD) - 2017/09/08 7:23:08 ET
Table 'Gaby' 6-max Seat #6 is the button
Seat 5: Psynto ($119.85 in chips)
Seat 6: manly70 ($208.12 in chips)
manly70: posts small blind $1
Psynto: posts big blind $3
*** HOLE CARDS ***
manly70: raises $3 to $6
Psynto: calls $3
*** FLOP *** [8h Jc Js]
Psynto: checks
manly70: bets $3
Psynto: folds
Uncalled bet ($3) returned to manly70
manly70 collected $11.76 from pot
*** SUMMARY ***
Total pot $12 | Rake $0.24
Board [8h Jc Js]
Seat 5: Psynto (big blind) folded on the Flop
Seat 6: manly70 (button) (small blind) collected ($11.76)


PokerStars Hand #175362745974:  Hold'em Limit ($3/$6 USD) - 2017/09/08 7:24:39 ET
Table 'Gaby' 6-max Seat #5 is the button
Seat 5: Psynto ($98.50 in chips)
Seat 6: manly70 ($239.40 in chips)
Psynto: posts small blind $1
manly70: posts big blind $3
*** HOLE CARDS ***
Psynto: raises $3 to $6
manly70: calls $3
*** FLOP *** [4d 3s Ah]
manly70: checks
Psynto: bets $3
manly70: calls $3
*** TURN *** [4d 3s Ah] [Ac]
manly70: checks
Psynto: bets $6
manly70: folds
Uncalled bet ($6) returned to Psynto
Psynto collected $17.64 from pot
Psynto: doesn't show hand
*** SUMMARY ***
Total pot $18 | Rake $0.36
Board [4d 3s Ah Ac]
Seat 5: Psynto (button) (small blind) collected ($17.64)
Seat 6: manly70 (big blind) folded on the Turn


PokerStars Hand #175362737370:  Hold'em Limit ($3/$6 USD) - 2017/09/08 7:24:18 ET
Table 'Gaby' 6-max Seat #6 is the button
Seat 5: Psynto ($75 in chips)
Seat 6: manly70 ($263.40 in chips)
manly70: posts small blind $1
Psynto: posts big blind $3
*** HOLE CARDS ***
manly70: raises $3 to $6
Psynto: calls $3
*** FLOP *** [9h Tc 6c]
Psynto: checks
manly70: bets $3
Psynto: raises $3 to $6
manly70: calls $3
*** TURN *** [9h Tc 6c] [Td]
Psynto: bets $6
manly70: calls $6
*** RIVER *** [9h Tc 6c Td] [7c]
Psynto: bets $6
manly70: calls $6
*** SHOW DOWN ***
Psynto: shows [8c Ks] (a straight, Six to Ten)
manly70: mucks hand
Psynto collected $47.50 from pot
*** SUMMARY ***
Total pot $48 | Rake $0.50
Board [9h Tc 6c Td 7c]
Seat 5: Psynto (big blind) showed [8c Ks] and won ($47.50) with a straight, Six to Ten
Seat 6: manly70 (button) (small blind) mucked


PokerStars Hand #175362734806:  Hold'em Limit ($3/$6 USD) - 2017/09/08 7:24:12 ET
Table 'Gaby' 6-max Seat #5 is the button
Seat 5: Psynto ($72 in chips)
Seat 6: manly70 ($266.40 in chips)
Psynto: posts small blind $1
manly70: posts big blind $3
*** HOLE CARDS ***
Psynto: raises $3 to $6
manly70: folds
Uncalled bet ($3) returned to Psynto
Psynto collected $6 from pot
Psynto: doesn't show hand
*** SUMMARY ***
Total pot $6 | Rake $0
Seat 5: Psynto (button) (small blind) collected ($6)
Seat 6: manly70 (big blind) folded before Flop


PokerStars Hand #175362728414:  Hold'em Limit ($3/$6 USD) - 2017/09/08 7:23:56 ET
Table 'Gaby' 6-max Seat #6 is the button
Seat 5: Psynto ($83.85 in chips)
Seat 6: manly70 ($242.90 in chips)
manly70: posts small blind $1
Psynto: posts big blind $3
*** HOLE CARDS ***
manly70: raises $3 to $6
Psynto: raises $3 to $9
manly70: calls $3
*** FLOP *** [Kh Jd 3d]
Psynto: bets $3
manly70: calls $3
*** TURN *** [Kh Jd 3d] [2s]
Psynto: bets $6
manly70: calls $6
*** RIVER *** [Kh Jd 3d 2s] [7h]
Psynto: bets $6
manly70: calls $6
*** SHOW DOWN ***
Psynto: shows [7c Ad] (a pair of Sevens)
manly70: shows [Th Tc] (a pair of Tens)
manly70 collected $47.50 from pot
*** SUMMARY ***
Total pot $48 | Rake $0.50
Board [Kh Jd 3d 2s 7h]
Seat 5: Psynto (big blind) showed [7c Ad] and lost with a pair of Sevens
Seat 6: manly70 (button) (small blind) showed [Th Tc] and won ($47.50) with a pair of Tens


PokerStars Hand #175362769393:  Hold'em Limit ($3/$6 USD) - 2017/09/08 7:25:35 ET
Table 'Gaby' 6-max Seat #5 is the button
Seat 5: Psynto ($97.14 in chips)
Seat 6: manly70 ($239.90 in chips)
Psynto: posts small blind $1
manly70: posts big blind $3
*** HOLE CARDS ***
Psynto: raises $3 to $6
manly70: calls $3
*** FLOP *** [Ac Td Ah]
manly70: checks
Psynto: bets $3
manly70: calls $3
*** TURN *** [Ac Td Ah] [3c]
manly70: checks
Psynto: bets $6
manly70: calls $6
*** RIVER *** [Ac Td Ah 3c] [9s]
manly70: checks
Psynto: bets $6
manly70: calls $6
*** SHOW DOWN ***
Psynto: shows [6h Tc] (two pair, Aces and Tens)
manly70: shows [2s Ts] (two pair, Aces and Tens)
manly70 collected $20.75 from pot
Psynto collected $20.75 from pot
*** SUMMARY ***
Total pot $42 | Rake $0.50
Board [Ac Td Ah 3c 9s]
Seat 5: Psynto (button) (small blind) showed [6h Tc] and won ($20.75) with two pair, Aces and Tens
Seat 6: manly70 (big blind) showed [2s Ts] and won ($20.75) with two pair, Aces and Tens


PokerStars Hand #175362766967:  Hold'em Limit ($3/$6 USD) - 2017/09/08 7:25:29 ET
Table 'Gaby' 6-max Seat #6 is the button
Seat 5: Psynto ($96.14 in chips)
Seat 6: manly70 ($240.90 in chips)
manly70: posts small blind $1
Psynto: posts big blind $3
*** HOLE CARDS ***
manly70: folds
Uncalled bet ($2) returned to Psynto
Psynto collected $2 from pot
Psynto: doesn't show hand
*** SUMMARY ***
Total pot $2 | Rake $0
Seat 5: Psynto (big blind) collected ($2)
Seat 6: manly70 (button) (small blind) folded before Flop


PokerStars Hand #175362764372:  Hold'em Limit ($3/$6 USD) - 2017/09/08 7:25:23 ET
Table 'Gaby' 6-max Seat #5 is the button
Seat 5: Psynto ($93.14 in chips)
Seat 6: manly70 ($243.90 in chips)
Psynto: posts small blind $1
manly70: posts big blind $3
*** HOLE CARDS ***
Psynto: raises $3 to $6
manly70: folds
Uncalled bet ($3) returned to Psynto
Psynto collected $6 from pot
Psynto: doesn't show hand
*** SUMMARY ***
Total pot $6 | Rake $0
Seat 5: Psynto (button) (small blind) collected ($6)
Seat 6: manly70 (big blind) folded before Flop


PokerStars Hand #175362759240:  Hold'em Limit ($3/$6 USD) - 2017/09/08 7:25:11 ET
Table 'Gaby' 6-max Seat #5 is the button
Seat 5: Psynto ($89.14 in chips)
Seat 6: manly70 ($247.90 in chips)
Psynto: posts small blind $1
manly70: posts big blind $3
*** HOLE CARDS ***
Psynto: raises $3 to $6
manly70: folds
Uncalled bet ($3) returned to Psynto
Psynto collected $6 from pot
Psynto: doesn't show hand
*** SUMMARY ***
Total pot $6 | Rake $0
Seat 5: Psynto (button) (small blind) collected ($6)
Seat 6: manly70 (big blind) folded before Flop


PokerStars Hand #175362752271:  Hold'em Limit ($3/$6 USD) - 2017/09/08 7:24:54 ET
Table 'Gaby' 6-max Seat #6 is the button
Seat 5: Psynto ($107.14 in chips)
Seat 6: manly70 ($230.40 in chips)
manly70: posts small blind $1
Psynto: posts big blind $3
*** HOLE CARDS ***
manly70: raises $3 to $6
Psynto: raises $3 to $9
manly70: calls $3
*** FLOP *** [8s 4d 5h]
Psynto: bets $3
manly70: calls $3
*** TURN *** [8s 4d 5h] [3d]
Psynto: bets $6
manly70: calls $6
*** RIVER *** [8s 4d 5h 3d] [9s]
Psynto: checks
manly70: checks
*** SHOW DOWN ***
Psynto: shows [Qs Ah] (high card Ace)
manly70: shows [3h Th] (a pair of Threes)
manly70 collected $35.50 from pot
*** SUMMARY ***
Total pot $36 | Rake $0.50
Board [8s 4d 5h 3d 9s]
Seat 5: Psynto (big blind) showed [Qs Ah] and lost with high card Ace
Seat 6: manly70 (button) (small blind) showed [3h Th] and won ($35.50) with a pair of Threes


PokerStars Hand #175362785619:  Hold'em Limit ($3/$6 USD) - 2017/09/08 7:26:14 ET
Table 'Gaby' 6-max Seat #5 is the button
Seat 5: Psynto ($111.39 in chips)
Seat 6: manly70 ($224.65 in chips)
Psynto: posts small blind $1
manly70: posts big blind $3
*** HOLE CARDS ***
Psynto: raises $3 to $6
manly70: calls $3
*** FLOP *** [4c Ts Qs]
manly70: checks
Psynto: bets $3
manly70: raises $3 to $6
Psynto: folds
Uncalled bet ($3) returned to manly70
manly70 collected $17.64 from pot
*** SUMMARY ***
Total pot $18 | Rake $0.36
Board [4c Ts Qs]
Seat 5: Psynto (button) (small blind) folded on the Flop
Seat 6: manly70 (big blind) collected ($17.64)


PokerStars Hand #175362776929:  Hold'em Limit ($3/$6 USD) - 2017/09/08 7:25:53 ET
Table 'Gaby' 6-max Seat #6 is the button
Seat 5: Psynto ($96.89 in chips)
Seat 6: manly70 ($239.65 in chips)
manly70: posts small blind $1
Psynto: posts big blind $3
*** HOLE CARDS ***
manly70: raises $3 to $6
Psynto: calls $3
*** FLOP *** [4c Ad 4s]
Psynto: checks
manly70: bets $3
Psynto: calls $3
*** TURN *** [4c Ad 4s] [9s]
Psynto: checks
manly70: bets $6
Psynto: calls $6
*** RIVER *** [4c Ad 4s 9s] [As]
Psynto: checks
manly70: checks
*** SHOW DOWN ***
Psynto: shows [2h Ac] (a full house, Aces full of Fours)
manly70: mucks hand
Psynto collected $29.50 from pot
*** SUMMARY ***
Total pot $30 | Rake $0.50
Board [4c Ad 4s 9s As]
Seat 5: Psynto (big blind) showed [2h Ac] and won ($29.50) with a full house, Aces full of Fours
Seat 6: manly70 (button) (small blind) mucked


PokerStars Hand #175362796893:  Hold'em Limit ($3/$6 USD) - 2017/09/08 7:26:41 ET
Table 'Gaby' 6-max Seat #5 is the button
Seat 5: Psynto ($93.39 in chips)
Seat 6: manly70 ($241.93 in chips)
Psynto: posts small blind $1
manly70: posts big blind $3
*** HOLE CARDS ***
Psynto: raises $3 to $6
manly70: calls $3
*** FLOP *** [7s 7d Td]
manly70: checks
Psynto: bets $3
manly70: calls $3
*** TURN *** [7s 7d Td] [Ah]
manly70: checks
Psynto: bets $6
manly70: folds
Uncalled bet ($6) returned to Psynto
Psynto collected $17.64 from pot
Psynto: doesn't show hand
*** SUMMARY ***
Total pot $18 | Rake $0.36
Board [7s 7d Td Ah]
Seat 5: Psynto (button) (small blind) collected ($17.64)
Seat 6: manly70 (big blind) folded on the Turn


PokerStars Hand #175362803640:  Hold'em Limit ($3/$6 USD) - 2017/09/08 7:26:57 ET
Table 'Gaby' 6-max Seat #6 is the button
Seat 5: Psynto ($102.03 in chips)
Seat 6: manly70 ($232.93 in chips)
manly70: posts small blind $1
Psynto: posts big blind $3
*** HOLE CARDS ***
manly70: folds
Uncalled bet ($2) returned to Psynto
Psynto collected $2 from pot
Psynto: doesn't show hand
*** SUMMARY ***
Total pot $2 | Rake $0
Seat 5: Psynto (big blind) collected ($2)
Seat 6: manly70 (button) (small blind) folded before Flop


PokerStars Hand #175362790182:  Hold'em Limit ($3/$6 USD) - 2017/09/08 7:26:25 ET
Table 'Gaby' 6-max Seat #6 is the button
Seat 5: Psynto ($102.39 in chips)
Seat 6: manly70 ($233.29 in chips)
manly70: posts small blind $1
Psynto: posts big blind $3
*** HOLE CARDS ***
manly70: raises $3 to $6
Psynto: calls $3
*** FLOP *** [Qs Ks 4c]
Psynto: checks
manly70: bets $3
Psynto: calls $3
*** TURN *** [Qs Ks 4c] [Qh]
Psynto: checks
manly70: checks
*** RIVER *** [Qs Ks 4c Qh] [Ad]
Psynto: checks
manly70: checks
*** SHOW DOWN ***
Psynto: shows [Jh 4s] (two pair, Queens and Fours)
manly70: shows [7d 7h] (two pair, Queens and Sevens)
manly70 collected $17.64 from pot
*** SUMMARY ***
Total pot $18 | Rake $0.36
Board [Qs Ks 4c Qh Ad]
Seat 5: Psynto (big blind) showed [Jh 4s] and lost with two pair, Queens and Fours
Seat 6: manly70 (button) (small blind) showed [7d 7h] and won ($17.64) with two pair, Queens and Sevens


PokerStars Hand #175362806130:  Hold'em Limit ($3/$6 USD) - 2017/09/08 7:27:03 ET
Table 'Gaby' 6-max Seat #5 is the button
Seat 5: Psynto ($103.03 in chips)
Seat 6: manly70 ($231.93 in chips)
Psynto: posts small blind $1
manly70: posts big blind $3
*** HOLE CARDS ***
Psynto: raises $3 to $6
manly70: calls $3
*** FLOP *** [Tc Qd 6c]
manly70: checks
Psynto: bets $3
manly70: folds
Uncalled bet ($3) returned to Psynto
Psynto collected $11.76 from pot
Psynto: doesn't show hand
*** SUMMARY ***
Total pot $12 | Rake $0.24
Board [Tc Qd 6c]
Seat 5: Psynto (button) (small blind) collected ($11.76)
Seat 6: manly70 (big blind) folded on the Flop


PokerStars Hand #175362815514:  Hold'em Limit ($3/$6 USD) - 2017/09/08 7:27:25 ET
Table 'Gaby' 6-max Seat #6 is the button
Seat 5: Psynto ($108.79 in chips)
Seat 6: manly70 ($225.93 in chips)
manly70: posts small blind $1
Psynto: posts big blind $3
*** HOLE CARDS ***
manly70: folds
Uncalled bet ($2) returned to Psynto
Psynto collected $2 from pot
Psynto: doesn't show hand
*** SUMMARY ***
Total pot $2 | Rake $0
Seat 5: Psynto (big blind) collected ($2)
Seat 6: manly70 (button) (small blind) folded before Flop


PokerStars Hand #175362813476:  Hold'em Limit ($3/$6 USD) - 2017/09/08 7:27:20 ET
Table 'Gaby' 6-max Seat #5 is the button
Seat 5: Psynto ($109.79 in chips)
Seat 6: manly70 ($224.93 in chips)
Psynto: posts small blind $1
manly70: posts big blind $3
*** HOLE CARDS ***
Psynto: folds
Uncalled bet ($2) returned to manly70
manly70 collected $2 from pot
*** SUMMARY ***
Total pot $2 | Rake $0
Seat 5: Psynto (button) (small blind) folded before Flop
Seat 6: manly70 (big blind) collected ($2)


PokerStars Hand #175362811235:  Hold'em Limit ($3/$6 USD) - 2017/09/08 7:27:15 ET
Table 'Gaby' 6-max Seat #6 is the button
Seat 5: Psynto ($108.79 in chips)
Seat 6: manly70 ($225.93 in chips)
manly70: posts small blind $1
Psynto: posts big blind $3
*** HOLE CARDS ***
manly70: folds
Uncalled bet ($2) returned to Psynto
Psynto collected $2 from pot
Psynto: doesn't show hand
*** SUMMARY ***
Total pot $2 | Rake $0
Seat 5: Psynto (big blind) collected ($2)
Seat 6: manly70 (button) (small blind) folded before Flop


PokerStars Hand #175364451260:  Hold'em Limit ($3/$6 USD) - 2017/09/08 8:29:36 ET
Table 'Gaby' 6-max Seat #6 is the button
Seat 2: PayMyAudiR8 ($314.03 in chips)
Seat 6: manly70 ($328.30 in chips)
manly70: posts small blind $1
PayMyAudiR8: posts big blind $3
*** HOLE CARDS ***
manly70: raises $3 to $6
PayMyAudiR8: calls $3
*** FLOP *** [7d Jd Ac]
Anchig leaves the table
PayMyAudiR8: checks
manly70: bets $3
PayMyAudiR8: calls $3
*** TURN *** [7d Jd Ac] [3c]
PayMyAudiR8: checks
manly70: checks
*** RIVER *** [7d Jd Ac 3c] [2h]
PayMyAudiR8: bets $6
manly70: calls $6
*** SHOW DOWN ***
PayMyAudiR8: shows [Js Qc] (a pair of Jacks)
manly70: mucks hand
PayMyAudiR8 collected $29.50 from pot
*** SUMMARY ***
Total pot $30 | Rake $0.50
Board [7d Jd Ac 3c 2h]
Seat 2: PayMyAudiR8 (big blind) showed [Js Qc] and won ($29.50) with a pair of Jacks
Seat 6: manly70 (button) (small blind) mucked


PokerStars Hand #175364459593:  Hold'em Limit ($3/$6 USD) - 2017/09/08 8:29:54 ET
Table 'Gaby' 6-max Seat #2 is the button
Seat 2: PayMyAudiR8 ($328.53 in chips)
Seat 6: manly70 ($313.30 in chips)
PayMyAudiR8: posts small blind $1
manly70: posts big blind $3
*** HOLE CARDS ***
PayMyAudiR8: folds
Uncalled bet ($2) returned to manly70
manly70 collected $2 from pot
*** SUMMARY ***
Total pot $2 | Rake $0
Seat 2: PayMyAudiR8 (button) (small blind) folded before Flop
Seat 6: manly70 (big blind) collected ($2)


PokerStars Hand #175364448072:  Hold'em Limit ($3/$6 USD) - 2017/09/08 8:29:29 ET
Table 'Gaby' 6-max Seat #2 is the button
Seat 2: PayMyAudiR8 ($311.03 in chips)
Seat 6: manly70 ($331.30 in chips)
PayMyAudiR8: posts small blind $1
Anchig: is sitting out
manly70: posts big blind $3
*** HOLE CARDS ***
PayMyAudiR8: raises $3 to $6
manly70: folds
Uncalled bet ($3) returned to PayMyAudiR8
PayMyAudiR8 collected $6 from pot
PayMyAudiR8: doesn't show hand
*** SUMMARY ***
Total pot $6 | Rake $0
Seat 2: PayMyAudiR8 (button) (small blind) collected ($6)
Seat 6: manly70 (big blind) folded before Flop


PokerStars Hand #175364462240:  Hold'em Limit ($3/$6 USD) - 2017/09/08 8:29:59 ET
Table 'Gaby' 6-max Seat #6 is the button
Seat 2: PayMyAudiR8 ($327.53 in chips)
Seat 6: manly70 ($314.30 in chips)
manly70: posts small blind $1
PayMyAudiR8: posts big blind $3
*** HOLE CARDS ***
manly70: raises $3 to $6
PayMyAudiR8: calls $3
*** FLOP *** [4c 4s Ad]
PayMyAudiR8: checks
manly70: bets $3
PayMyAudiR8: calls $3
*** TURN *** [4c 4s Ad] [7c]
PayMyAudiR8: checks
manly70: bets $6
PayMyAudiR8: raises $6 to $12
manly70: raises $6 to $18
PayMyAudiR8: calls $6
*** RIVER *** [4c 4s Ad 7c] [3c]
PayMyAudiR8: checks
manly70: bets $6
PayMyAudiR8: calls $6
*** SHOW DOWN ***
manly70: shows [4d As] (a full house, Fours full of Aces)
PayMyAudiR8: mucks hand
manly70 collected $65.50 from pot
*** SUMMARY ***
Total pot $66 | Rake $0.50
Board [4c 4s Ad 7c 3c]
Seat 2: PayMyAudiR8 (big blind) mucked
Seat 6: manly70 (button) (small blind) showed [4d As] and won ($65.50) with a full house, Fours full of Aces


PokerStars Hand #175364483904:  Hold'em Limit ($3/$6 USD) - 2017/09/08 8:30:45 ET
Table 'Gaby' 6-max Seat #2 is the button
Seat 2: PayMyAudiR8 ($280.53 in chips)
Seat 6: manly70 ($360.30 in chips)
PayMyAudiR8: posts small blind $1
manly70: posts big blind $3
*** HOLE CARDS ***
PayMyAudiR8: raises $3 to $6
manly70: calls $3
*** FLOP *** [4s Ah Ac]
manly70: checks
PayMyAudiR8: bets $3
manly70: calls $3
*** TURN *** [4s Ah Ac] [2h]
manly70: checks
PayMyAudiR8: bets $6
manly70: folds
Uncalled bet ($6) returned to PayMyAudiR8
PayMyAudiR8 collected $17.64 from pot
PayMyAudiR8: doesn't show hand
*** SUMMARY ***
Total pot $18 | Rake $0.36
Board [4s Ah Ac 2h]
Seat 2: PayMyAudiR8 (button) (small blind) collected ($17.64)
Seat 6: manly70 (big blind) folded on the Turn


PokerStars Hand #175364481193:  Hold'em Limit ($3/$6 USD) - 2017/09/08 8:30:39 ET
Table 'Gaby' 6-max Seat #6 is the button
Seat 2: PayMyAudiR8 ($279.53 in chips)
Seat 6: manly70 ($361.30 in chips)
manly70: posts small blind $1
PayMyAudiR8: posts big blind $3
*** HOLE CARDS ***
manly70: folds
Uncalled bet ($2) returned to PayMyAudiR8
PayMyAudiR8 collected $2 from pot
PayMyAudiR8: doesn't show hand
*** SUMMARY ***
Total pot $2 | Rake $0
Seat 2: PayMyAudiR8 (big blind) collected ($2)
Seat 6: manly70 (button) (small blind) folded before Flop


PokerStars Hand #175364473024:  Hold'em Limit ($3/$6 USD) - 2017/09/08 8:30:22 ET
Table 'Gaby' 6-max Seat #2 is the button
Seat 2: PayMyAudiR8 ($294.53 in chips)
Seat 6: manly70 ($346.80 in chips)
PayMyAudiR8: posts small blind $1
manly70: posts big blind $3
*** HOLE CARDS ***
PayMyAudiR8: raises $3 to $6
manly70: calls $3
*** FLOP *** [As 3d 5d]
manly70: checks
PayMyAudiR8: bets $3
manly70: calls $3
*** TURN *** [As 3d 5d] [Qs]
manly70: checks
PayMyAudiR8: bets $6
manly70: calls $6
*** RIVER *** [As 3d 5d Qs] [3s]
manly70: checks
PayMyAudiR8: checks
*** SHOW DOWN ***
manly70: shows [Qc Jh] (two pair, Queens and Threes)
PayMyAudiR8: mucks hand
manly70 collected $29.50 from pot
*** SUMMARY ***
Total pot $30 | Rake $0.50
Board [As 3d 5d Qs 3s]
Seat 2: PayMyAudiR8 (button) (small blind) mucked
Seat 6: manly70 (big blind) showed [Qc Jh] and won ($29.50) with two pair, Queens and Threes


PokerStars Hand #175364494691:  Hold'em Limit ($3/$6 USD) - 2017/09/08 8:31:08 ET
Table 'Gaby' 6-max Seat #2 is the button
Seat 2: PayMyAudiR8 ($290.17 in chips)
Seat 6: manly70 ($350.30 in chips)
PayMyAudiR8: posts small blind $1
manly70: posts big blind $3
*** HOLE CARDS ***
PayMyAudiR8: raises $3 to $6
manly70: folds
Uncalled bet ($3) returned to PayMyAudiR8
PayMyAudiR8 collected $6 from pot
PayMyAudiR8: doesn't show hand
*** SUMMARY ***
Total pot $6 | Rake $0
Seat 2: PayMyAudiR8 (button) (small blind) collected ($6)
Seat 6: manly70 (big blind) folded before Flop


PokerStars Hand #175364492092:  Hold'em Limit ($3/$6 USD) - 2017/09/08 8:31:02 ET
Table 'Gaby' 6-max Seat #6 is the button
Seat 2: PayMyAudiR8 ($289.17 in chips)
Seat 6: manly70 ($351.30 in chips)
manly70: posts small blind $1
PayMyAudiR8: posts big blind $3
*** HOLE CARDS ***
manly70: folds
Uncalled bet ($2) returned to PayMyAudiR8
PayMyAudiR8 collected $2 from pot
PayMyAudiR8: doesn't show hand
*** SUMMARY ***
Total pot $2 | Rake $0
Seat 2: PayMyAudiR8 (big blind) collected ($2)
Seat 6: manly70 (button) (small blind) folded before Flop


PokerStars Hand #175364502913:  Hold'em Limit ($3/$6 USD) - 2017/09/08 8:31:25 ET
Table 'Gaby' 6-max Seat #6 is the button
Seat 2: PayMyAudiR8 ($293.17 in chips)
Seat 6: manly70 ($347.30 in chips)
manly70: posts small blind $1
PayMyAudiR8: posts big blind $3
*** HOLE CARDS ***
manly70: folds
Uncalled bet ($2) returned to PayMyAudiR8
PayMyAudiR8 collected $2 from pot
PayMyAudiR8: doesn't show hand
*** SUMMARY ***
Total pot $2 | Rake $0
Seat 2: PayMyAudiR8 (big blind) collected ($2)
Seat 6: manly70 (button) (small blind) folded before Flop


PokerStars Hand #175364500552:  Hold'em Limit ($3/$6 USD) - 2017/09/08 8:31:20 ET
Table 'Gaby' 6-max Seat #2 is the button
Seat 2: PayMyAudiR8 ($294.17 in chips)
Seat 6: manly70 ($346.30 in chips)
PayMyAudiR8: posts small blind $1
manly70: posts big blind $3
*** HOLE CARDS ***
PayMyAudiR8: folds
Uncalled bet ($2) returned to manly70
manly70 collected $2 from pot
*** SUMMARY ***
Total pot $2 | Rake $0
Seat 2: PayMyAudiR8 (button) (small blind) folded before Flop
Seat 6: manly70 (big blind) collected ($2)


PokerStars Hand #175364497760:  Hold'em Limit ($3/$6 USD) - 2017/09/08 8:31:14 ET
Table 'Gaby' 6-max Seat #6 is the button
Seat 2: PayMyAudiR8 ($293.17 in chips)
Seat 6: manly70 ($347.30 in chips)
manly70: posts small blind $1
PayMyAudiR8: posts big blind $3
*** HOLE CARDS ***
manly70: folds
Uncalled bet ($2) returned to PayMyAudiR8
PayMyAudiR8 collected $2 from pot
PayMyAudiR8: doesn't show hand
*** SUMMARY ***
Total pot $2 | Rake $0
Seat 2: PayMyAudiR8 (big blind) collected ($2)
Seat 6: manly70 (button) (small blind) folded before Flop


PokerStars Hand #175364516762:  Hold'em Limit ($3/$6 USD) - 2017/09/08 8:31:54 ET
Table 'Gaby' 6-max Seat #2 is the button
Seat 2: PayMyAudiR8 ($286.17 in chips)
Seat 6: manly70 ($353.94 in chips)
PayMyAudiR8: posts small blind $1
manly70: posts big blind $3
*** HOLE CARDS ***
PayMyAudiR8: raises $3 to $6
manly70: calls $3
*** FLOP *** [7d 5d Qd]
manly70: checks
PayMyAudiR8: bets $3
manly70: raises $3 to $6
PayMyAudiR8: calls $3
*** TURN *** [7d 5d Qd] [3s]
manly70: bets $6
PayMyAudiR8: raises $6 to $12
manly70: calls $6
*** RIVER *** [7d 5d Qd 3s] [2d]
manly70: bets $6
PayMyAudiR8: calls $6
*** SHOW DOWN ***
manly70: shows [Kd 8s] (a flush, King high)
PayMyAudiR8: mucks hand
manly70 collected $59.50 from pot
*** SUMMARY ***
Total pot $60 | Rake $0.50
Board [7d 5d Qd 3s 2d]
Seat 2: PayMyAudiR8 (button) (small blind) mucked
Seat 6: manly70 (big blind) showed [Kd 8s] and won ($59.50) with a flush, King high


PokerStars Hand #175364513820:  Hold'em Limit ($3/$6 USD) - 2017/09/08 8:31:48 ET
Table 'Gaby' 6-max Seat #6 is the button
Seat 2: PayMyAudiR8 ($285.17 in chips)
Seat 6: manly70 ($354.94 in chips)
manly70: posts small blind $1
PayMyAudiR8: posts big blind $3
*** HOLE CARDS ***
manly70: folds
Uncalled bet ($2) returned to PayMyAudiR8
PayMyAudiR8 collected $2 from pot
PayMyAudiR8: doesn't show hand
*** SUMMARY ***
Total pot $2 | Rake $0
Seat 2: PayMyAudiR8 (big blind) collected ($2)
Seat 6: manly70 (button) (small blind) folded before Flop


PokerStars Hand #175364505421:  Hold'em Limit ($3/$6 USD) - 2017/09/08 8:31:31 ET
Table 'Gaby' 6-max Seat #2 is the button
Seat 2: PayMyAudiR8 ($294.17 in chips)
Seat 6: manly70 ($346.30 in chips)
PayMyAudiR8: posts small blind $1
manly70: posts big blind $3
*** HOLE CARDS ***
PayMyAudiR8: raises $3 to $6
manly70: calls $3
*** FLOP *** [Qs Jd Jh]
manly70: checks
PayMyAudiR8: bets $3
manly70: calls $3
*** TURN *** [Qs Jd Jh] [4c]
manly70: checks
PayMyAudiR8: checks
*** RIVER *** [Qs Jd Jh 4c] [3d]
manly70: bets $6
PayMyAudiR8: folds
Uncalled bet ($6) returned to manly70
manly70 collected $17.64 from pot
*** SUMMARY ***
Total pot $18 | Rake $0.36
Board [Qs Jd Jh 4c 3d]
Seat 2: PayMyAudiR8 (button) (small blind) folded on the River
Seat 6: manly70 (big blind) collected ($17.64)


PokerStars Hand #175364535974:  Hold'em Limit ($3/$6 USD) - 2017/09/08 8:32:35 ET
Table 'Gaby' 6-max Seat #2 is the button
Seat 2: PayMyAudiR8 ($223.17 in chips)
Seat 6: manly70 ($415.94 in chips)
PayMyAudiR8: posts small blind $1
manly70: posts big blind $3
*** HOLE CARDS ***
PayMyAudiR8: folds
Uncalled bet ($2) returned to manly70
manly70 collected $2 from pot
*** SUMMARY ***
Total pot $2 | Rake $0
Seat 2: PayMyAudiR8 (button) (small blind) folded before Flop
Seat 6: manly70 (big blind) collected ($2)


PokerStars Hand #175364538483:  Hold'em Limit ($3/$6 USD) - 2017/09/08 8:32:40 ET
Table 'Gaby' 6-max Seat #6 is the button
Seat 2: PayMyAudiR8 ($222.17 in chips)
Seat 6: manly70 ($416.94 in chips)
manly70: posts small blind $1
PayMyAudiR8: posts big blind $3
*** HOLE CARDS ***
manly70: folds
Uncalled bet ($2) returned to PayMyAudiR8
PayMyAudiR8 collected $2 from pot
PayMyAudiR8: doesn't show hand
*** SUMMARY ***
Total pot $2 | Rake $0
Seat 2: PayMyAudiR8 (big blind) collected ($2)
Seat 6: manly70 (button) (small blind) folded before Flop


PokerStars Hand #175364541029:  Hold'em Limit ($3/$6 USD) - 2017/09/08 8:32:46 ET
Table 'Gaby' 6-max Seat #2 is the button
Seat 2: PayMyAudiR8 ($223.17 in chips)
Seat 6: manly70 ($415.94 in chips)
PayMyAudiR8: posts small blind $1
manly70: posts big blind $3
*** HOLE CARDS ***
PayMyAudiR8: raises $3 to $6
manly70: calls $3
*** FLOP *** [9s 6h 9d]
manly70: checks
PayMyAudiR8: bets $3
manly70: calls $3
*** TURN *** [9s 6h 9d] [5c]
manly70: checks
PayMyAudiR8: bets $6
manly70: folds
Uncalled bet ($6) returned to PayMyAudiR8
PayMyAudiR8 collected $17.64 from pot
PayMyAudiR8: doesn't show hand
*** SUMMARY ***
Total pot $18 | Rake $0.36
Board [9s 6h 9d 5c]
Seat 2: PayMyAudiR8 (button) (small blind) collected ($17.64)
Seat 6: manly70 (big blind) folded on the Turn


PokerStars Hand #175364526081:  Hold'em Limit ($3/$6 USD) - 2017/09/08 8:32:14 ET
Table 'Gaby' 6-max Seat #6 is the button
Seat 2: PayMyAudiR8 ($256.17 in chips)
Seat 6: manly70 ($383.44 in chips)
manly70: posts small blind $1
PayMyAudiR8: posts big blind $3
*** HOLE CARDS ***
manly70: raises $3 to $6
PayMyAudiR8: calls $3
*** FLOP *** [3d 5h 7d]
PayMyAudiR8: checks
manly70: bets $3
PayMyAudiR8: raises $3 to $6
manly70: raises $3 to $9
PayMyAudiR8: calls $3
*** TURN *** [3d 5h 7d] [3h]
PayMyAudiR8: checks
manly70: bets $6
PayMyAudiR8: raises $6 to $12
manly70: calls $6
*** RIVER *** [3d 5h 7d 3h] [8s]
PayMyAudiR8: bets $6
manly70: calls $6
*** SHOW DOWN ***
PayMyAudiR8: shows [4h Jh] (a pair of Threes)
manly70: shows [7c Js] (two pair, Sevens and Threes)
manly70 collected $65.50 from pot
*** SUMMARY ***
Total pot $66 | Rake $0.50
Board [3d 5h 7d 3h 8s]
Seat 2: PayMyAudiR8 (big blind) showed [4h Jh] and lost with a pair of Threes
Seat 6: manly70 (button) (small blind) showed [7c Js] and won ($65.50) with two pair, Sevens and Threes


PokerStars Hand #175364565732:  Hold'em Limit ($3/$6 USD) - 2017/09/08 8:33:38 ET
Table 'Gaby' 6-max Seat #6 is the button
Seat 2: PayMyAudiR8 ($231.31 in chips)
Seat 6: manly70 ($406.44 in chips)
manly70: posts small blind $1
PayMyAudiR8: posts big blind $3
*** HOLE CARDS ***
manly70: folds
Uncalled bet ($2) returned to PayMyAudiR8
PayMyAudiR8 collected $2 from pot
PayMyAudiR8: doesn't show hand
*** SUMMARY ***
Total pot $2 | Rake $0
Seat 2: PayMyAudiR8 (big blind) collected ($2)
Seat 6: manly70 (button) (small blind) folded before Flop


PokerStars Hand #175364556298:  Hold'em Limit ($3/$6 USD) - 2017/09/08 8:33:18 ET
Table 'Gaby' 6-max Seat #2 is the button
Seat 2: PayMyAudiR8 ($246.31 in chips)
Seat 6: manly70 ($391.94 in chips)
PayMyAudiR8: posts small blind $1
manly70: posts big blind $3
*** HOLE CARDS ***
PayMyAudiR8: raises $3 to $6
manly70: calls $3
*** FLOP *** [Qh 6d 2c]
manly70: checks
PayMyAudiR8: bets $3
manly70: calls $3
*** TURN *** [Qh 6d 2c] [8s]
manly70: checks
PayMyAudiR8: bets $6
manly70: calls $6
*** RIVER *** [Qh 6d 2c 8s] [6h]
manly70: checks
PayMyAudiR8: checks
*** SHOW DOWN ***
manly70: shows [4c 2d] (two pair, Sixes and Deuces)
PayMyAudiR8: mucks hand
manly70 collected $29.50 from pot
*** SUMMARY ***
Total pot $30 | Rake $0.50
Board [Qh 6d 2c 8s 6h]
Seat 2: PayMyAudiR8 (button) (small blind) mucked
Seat 6: manly70 (big blind) showed [4c 2d] and won ($29.50) with two pair, Sixes and Deuces


PokerStars Hand #175364571590:  Hold'em Limit ($3/$6 USD) - 2017/09/08 8:33:50 ET
Table 'Gaby' 6-max Seat #6 is the button
Seat 2: PayMyAudiR8 ($235.31 in chips)
Seat 6: manly70 ($402.44 in chips)
manly70: posts small blind $1
PayMyAudiR8: posts big blind $3
*** HOLE CARDS ***
manly70: folds
Uncalled bet ($2) returned to PayMyAudiR8
PayMyAudiR8 collected $2 from pot
PayMyAudiR8: doesn't show hand
*** SUMMARY ***
Total pot $2 | Rake $0
Seat 2: PayMyAudiR8 (big blind) collected ($2)
Seat 6: manly70 (button) (small blind) folded before Flop


PokerStars Hand #175364547547:  Hold'em Limit ($3/$6 USD) - 2017/09/08 8:32:59 ET
Table 'Gaby' 6-max Seat #6 is the button
Seat 2: PayMyAudiR8 ($231.81 in chips)
Seat 6: manly70 ($406.94 in chips)
manly70: posts small blind $1
PayMyAudiR8: posts big blind $3
*** HOLE CARDS ***
manly70: raises $3 to $6
PayMyAudiR8: calls $3
*** FLOP *** [Ah Th Jh]
PayMyAudiR8: checks
manly70: bets $3
PayMyAudiR8: calls $3
*** TURN *** [Ah Th Jh] [3s]
PayMyAudiR8: checks
manly70: bets $6
PayMyAudiR8: calls $6
*** RIVER *** [Ah Th Jh 3s] [8s]
PayMyAudiR8: checks
manly70: checks
*** SHOW DOWN ***
PayMyAudiR8: shows [Ac 2c] (a pair of Aces)
manly70: mucks hand
PayMyAudiR8 collected $29.50 from pot
*** SUMMARY ***
Total pot $30 | Rake $0.50
Board [Ah Th Jh 3s 8s]
Seat 2: PayMyAudiR8 (big blind) showed [Ac 2c] and won ($29.50) with a pair of Aces
Seat 6: manly70 (button) (small blind) mucked


PokerStars Hand #175364568387:  Hold'em Limit ($3/$6 USD) - 2017/09/08 8:33:43 ET
Table 'Gaby' 6-max Seat #2 is the button
Seat 2: PayMyAudiR8 ($232.31 in chips)
Seat 6: manly70 ($405.44 in chips)
PayMyAudiR8: posts small blind $1
manly70: posts big blind $3
*** HOLE CARDS ***
PayMyAudiR8: raises $3 to $6
manly70: folds
Uncalled bet ($3) returned to PayMyAudiR8
PayMyAudiR8 collected $6 from pot
PayMyAudiR8: doesn't show hand
*** SUMMARY ***
Total pot $6 | Rake $0
Seat 2: PayMyAudiR8 (button) (small blind) collected ($6)
Seat 6: manly70 (big blind) folded before Flop


