PokerStars Hand #169054339848:  Hold'em Limit ($3/$6 USD) - 2017/04/14 21:29:29 ET
Table 'Gacrux III' 10-max Seat #10 is the button
Seat 6: I M GOIN OFF ($181.36 in chips)
Seat 10: Garuda Black ($466.29 in chips)
Garuda Black: posts small blind $1
unclebulbus: is sitting out
I M GOIN OFF: posts big blind $3
*** HOLE CARDS ***
Garuda Black: folds
Uncalled bet ($2) returned to I M GOIN OFF
unclebulbus leaves the table
I M GOIN OFF collected $2 from pot
I M GOIN OFF: doesn't show hand
*** SUMMARY ***
Total pot $2 | Rake $0
Seat 6: I M GOIN OFF (big blind) collected ($2)
Seat 10: Garuda Black (button) (small blind) folded before Flop


PokerStars Hand #169059522493:  Hold'em Limit ($3/$6 USD) - 2017/04/15 1:44:09 ET
Table 'Gacrux III' 10-max Seat #1 is the button
Seat 1: MTails ($119.76 in chips)
Seat 5: ChawkDee ($119.76 in chips)
MTails: posts small blind $1
ChawkDee: posts big blind $3
*** HOLE CARDS ***
MTails: raises $3 to $6
ChawkDee: raises $3 to $9
MTails: calls $3
*** FLOP *** [5s 8d Kc]
ChawkDee: bets $3
MTails: folds
Uncalled bet ($3) returned to ChawkDee
ChawkDee collected $17.64 from pot
ChawkDee: doesn't show hand
*** SUMMARY ***
Total pot $18 | Rake $0.36
Board [5s 8d Kc]
Seat 1: MTails (button) (small blind) folded on the Flop
Seat 5: ChawkDee (big blind) collected ($17.64)


PokerStars Hand #169059506836:  Hold'em Limit ($3/$6 USD) - 2017/04/15 1:43:15 ET
Table 'Gacrux III' 10-max Seat #1 is the button
Seat 1: MTails ($120 in chips)
Seat 5: ChawkDee ($120 in chips)
MTails: posts small blind $1
ChawkDee: posts big blind $3
*** HOLE CARDS ***
MTails: raises $3 to $6
ChawkDee: calls $3
*** FLOP *** [Td 2d Qd]
ChawkDee: bets $3
MTails: folds
Uncalled bet ($3) returned to ChawkDee
ChawkDee collected $11.76 from pot
ChawkDee: doesn't show hand
*** SUMMARY ***
Total pot $12 | Rake $0.24
Board [Td 2d Qd]
Seat 1: MTails (button) (small blind) folded on the Flop
Seat 5: ChawkDee (big blind) collected ($11.76)


PokerStars Hand #169059515569:  Hold'em Limit ($3/$6 USD) - 2017/04/15 1:43:44 ET
Table 'Gacrux III' 10-max Seat #5 is the button
Seat 1: MTails ($114 in chips)
Seat 5: ChawkDee ($125.76 in chips)
ChawkDee: posts small blind $1
MTails: posts big blind $3
*** HOLE CARDS ***
ChawkDee said, "lol"
ChawkDee: calls $2
MTails: raises $3 to $6
ChawkDee: calls $3
*** FLOP *** [5h 5s 6d]
MTails: bets $3
ChawkDee: folds
Uncalled bet ($3) returned to MTails
MTails collected $11.76 from pot
*** SUMMARY ***
Total pot $12 | Rake $0.24
Board [5h 5s 6d]
Seat 1: MTails (big blind) collected ($11.76)
Seat 5: ChawkDee (button) (small blind) folded on the Flop


PokerStars Hand #169059528577:  Hold'em Limit ($3/$6 USD) - 2017/04/15 1:44:29 ET
Table 'Gacrux III' 10-max Seat #5 is the button
Seat 1: MTails ($110.76 in chips)
Seat 5: ChawkDee ($128.40 in chips)
ChawkDee: posts small blind $1
MTails: posts big blind $3
*** HOLE CARDS ***
ChawkDee: calls $2
MTails: raises $3 to $6
ChawkDee: calls $3
*** FLOP *** [2d As Jh]
MTails: bets $3
ChawkDee: calls $3
*** TURN *** [2d As Jh] [Jd]
MTails: checks
ChawkDee: bets $6
MTails: calls $6
*** RIVER *** [2d As Jh Jd] [Th]
MTails: checks
ChawkDee: checks
*** SHOW DOWN ***
MTails: shows [Ks 5h] (a pair of Jacks)
ChawkDee: shows [Kh Td] (two pair, Jacks and Tens)
ChawkDee collected $29.50 from pot
*** SUMMARY ***
Total pot $30 | Rake $0.50
Board [2d As Jh Jd Th]
Seat 1: MTails (big blind) showed [Ks 5h] and lost with a pair of Jacks
Seat 5: ChawkDee (button) (small blind) showed [Kh Td] and won ($29.50) with two pair, Jacks and Tens


PokerStars Hand #169059539413:  Hold'em Limit ($3/$6 USD) - 2017/04/15 1:45:07 ET
Table 'Gacrux III' 10-max Seat #1 is the button
Seat 1: MTails ($95.76 in chips)
Seat 5: ChawkDee ($142.90 in chips)
MTails: posts small blind $1
ChawkDee: posts big blind $3
*** HOLE CARDS ***
MTails: raises $3 to $6
ChawkDee: calls $3
*** FLOP *** [Ah Jc As]
ChawkDee: checks
MTails: bets $3
ChawkDee: folds
Uncalled bet ($3) returned to MTails
MTails collected $11.76 from pot
*** SUMMARY ***
Total pot $12 | Rake $0.24
Board [Ah Jc As]
Seat 1: MTails (button) (small blind) collected ($11.76)
Seat 5: ChawkDee (big blind) folded on the Flop


PokerStars Hand #169059545858:  Hold'em Limit ($3/$6 USD) - 2017/04/15 1:45:29 ET
Table 'Gacrux III' 10-max Seat #5 is the button
Seat 1: MTails ($101.52 in chips)
Seat 5: ChawkDee ($136.90 in chips)
ChawkDee: posts small blind $1
MTails: posts big blind $3
*** HOLE CARDS ***
ChawkDee: folds
Uncalled bet ($2) returned to MTails
MTails collected $2 from pot
*** SUMMARY ***
Total pot $2 | Rake $0
Seat 1: MTails (big blind) collected ($2)
Seat 5: ChawkDee (button) (small blind) folded before Flop


