PokerStars Hand #168290834160:  Hold'em Limit ($3/$6 USD) - 2017/03/29 15:15:35 ET
Table 'Gacrux' 6-max Seat #4 is the button
Seat 4: ARARAT ANAPA ($36.87 in chips)
Seat 6: vestimokrec ($116.76 in chips)
ARARAT ANAPA: posts small blind $1
vestimokrec: posts big blind $3
*** HOLE CARDS ***
ARARAT ANAPA: raises $3 to $6
vestimokrec: calls $3
*** FLOP *** [Jd 7s Kc]
vestimokrec: checks
ARARAT ANAPA: checks
*** TURN *** [Jd 7s Kc] [5h]
vestimokrec: bets $6
ARARAT ANAPA: calls $6
*** RIVER *** [Jd 7s Kc 5h] [2d]
vestimokrec: bets $6
ARARAT ANAPA: raises $6 to $12
vestimokrec: folds
Uncalled bet ($6) returned to ARARAT ANAPA
ARARAT ANAPA collected $35.50 from pot
*** SUMMARY ***
Total pot $36 | Rake $0.50
Board [Jd 7s Kc 5h 2d]
Seat 4: ARARAT ANAPA (button) (small blind) collected ($35.50)
Seat 6: vestimokrec (big blind) folded on the River


PokerStars Hand #168290883356:  Hold'em Limit ($3/$6 USD) - 2017/03/29 15:16:27 ET
Table 'Gacrux' 6-max Seat #4 is the button
Seat 4: ARARAT ANAPA ($36.37 in chips)
Seat 6: vestimokrec ($116.26 in chips)
ARARAT ANAPA: posts small blind $1
vestimokrec: posts big blind $3
*** HOLE CARDS ***
ARARAT ANAPA: folds
Uncalled bet ($2) returned to vestimokrec
vestimokrec collected $2 from pot
vestimokrec: doesn't show hand
*** SUMMARY ***
Total pot $2 | Rake $0
Seat 4: ARARAT ANAPA (button) (small blind) folded before Flop
Seat 6: vestimokrec (big blind) collected ($2)


PokerStars Hand #168290855165:  Hold'em Limit ($3/$6 USD) - 2017/03/29 15:15:57 ET
Table 'Gacrux' 6-max Seat #6 is the button
Seat 4: ARARAT ANAPA ($54.37 in chips)
Seat 6: vestimokrec ($98.76 in chips)
vestimokrec: posts small blind $1
ARARAT ANAPA: posts big blind $3
*** HOLE CARDS ***
vestimokrec: raises $3 to $6
ARARAT ANAPA: calls $3
*** FLOP *** [4h Tc 8s]
ARARAT ANAPA: checks
vestimokrec: checks
*** TURN *** [4h Tc 8s] [2h]
ARARAT ANAPA: checks
vestimokrec: bets $6
ARARAT ANAPA: calls $6
*** RIVER *** [4h Tc 8s 2h] [Qd]
ARARAT ANAPA: checks
vestimokrec: bets $6
ARARAT ANAPA: calls $6
*** SHOW DOWN ***
vestimokrec: shows [Qc Qh] (three of a kind, Queens)
ARARAT ANAPA: mucks hand
vestimokrec collected $35.50 from pot
*** SUMMARY ***
Total pot $36 | Rake $0.50
Board [4h Tc 8s 2h Qd]
Seat 4: ARARAT ANAPA (big blind) mucked
Seat 6: vestimokrec (button) (small blind) showed [Qc Qh] and won ($35.50) with three of a kind, Queens


PokerStars Hand #168290945426:  Hold'em Limit ($3/$6 USD) - 2017/03/29 15:17:32 ET
Table 'Gacrux' 6-max Seat #4 is the button
Seat 4: ARARAT ANAPA ($46.89 in chips)
Seat 6: vestimokrec ($105.26 in chips)
ARARAT ANAPA: posts small blind $1
vestimokrec: posts big blind $3
*** HOLE CARDS ***
ARARAT ANAPA: raises $3 to $6
vestimokrec: calls $3
*** FLOP *** [Qh Ks 2c]
vestimokrec: checks
ARARAT ANAPA: checks
*** TURN *** [Qh Ks 2c] [8h]
vestimokrec: bets $6
ARARAT ANAPA: calls $6
*** RIVER *** [Qh Ks 2c 8h] [7h]
vestimokrec: checks
ARARAT ANAPA: checks
*** SHOW DOWN ***
vestimokrec: shows [7c 9h] (a pair of Sevens)
ARARAT ANAPA: mucks hand
vestimokrec collected $23.52 from pot
*** SUMMARY ***
Total pot $24 | Rake $0.48
Board [Qh Ks 2c 8h 7h]
Seat 4: ARARAT ANAPA (button) (small blind) mucked
Seat 6: vestimokrec (big blind) showed [7c 9h] and won ($23.52) with a pair of Sevens


PokerStars Hand #168290887972:  Hold'em Limit ($3/$6 USD) - 2017/03/29 15:16:32 ET
Table 'Gacrux' 6-max Seat #6 is the button
Seat 4: ARARAT ANAPA ($35.37 in chips)
Seat 6: vestimokrec ($117.26 in chips)
vestimokrec: posts small blind $1
ARARAT ANAPA: posts big blind $3
*** HOLE CARDS ***
vestimokrec: raises $3 to $6
ARARAT ANAPA: calls $3
*** FLOP *** [4h 8s 8d]
GoliafUa leaves the table
ARARAT ANAPA: checks
vestimokrec: checks
*** TURN *** [4h 8s 8d] [5c]
ARARAT ANAPA: checks
vestimokrec: bets $6
ARARAT ANAPA: calls $6
*** RIVER *** [4h 8s 8d 5c] [7d]
ARARAT ANAPA: bets $6
vestimokrec: folds
Uncalled bet ($6) returned to ARARAT ANAPA
ARARAT ANAPA collected $23.52 from pot
*** SUMMARY ***
Total pot $24 | Rake $0.48
Board [4h 8s 8d 5c 7d]
Seat 4: ARARAT ANAPA (big blind) collected ($23.52)
Seat 6: vestimokrec (button) (small blind) folded on the River


PokerStars Hand #168291021321:  Hold'em Limit ($3/$6 USD) - 2017/03/29 15:18:53 ET
Table 'Gacrux' 6-max Seat #4 is the button
Seat 4: ARARAT ANAPA ($40.53 in chips)
Seat 6: vestimokrec ($110.54 in chips)
ARARAT ANAPA: posts small blind $1
vestimokrec: posts big blind $3
*** HOLE CARDS ***
ARARAT ANAPA: folds
Uncalled bet ($2) returned to vestimokrec
vestimokrec collected $2 from pot
vestimokrec: doesn't show hand
*** SUMMARY ***
Total pot $2 | Rake $0
Seat 4: ARARAT ANAPA (button) (small blind) folded before Flop
Seat 6: vestimokrec (big blind) collected ($2)


PokerStars Hand #168291004741:  Hold'em Limit ($3/$6 USD) - 2017/03/29 15:18:35 ET
Table 'Gacrux' 6-max Seat #6 is the button
Seat 4: ARARAT ANAPA ($46.53 in chips)
Seat 6: vestimokrec ($104.78 in chips)
vestimokrec: posts small blind $1
ARARAT ANAPA: posts big blind $3
*** HOLE CARDS ***
vestimokrec: raises $3 to $6
ARARAT ANAPA: calls $3
*** FLOP *** [4s 7s Jh]
ARARAT ANAPA: checks
vestimokrec: bets $3
ARARAT ANAPA: folds
Uncalled bet ($3) returned to vestimokrec
vestimokrec collected $11.76 from pot
vestimokrec: doesn't show hand
*** SUMMARY ***
Total pot $12 | Rake $0.24
Board [4s 7s Jh]
Seat 4: ARARAT ANAPA (big blind) folded on the Flop
Seat 6: vestimokrec (button) (small blind) collected ($11.76)


PokerStars Hand #168290973433:  Hold'em Limit ($3/$6 USD) - 2017/03/29 15:18:02 ET
Table 'Gacrux' 6-max Seat #6 is the button
Seat 4: ARARAT ANAPA ($34.89 in chips)
Seat 6: vestimokrec ($116.78 in chips)
vestimokrec: posts small blind $1
ARARAT ANAPA: posts big blind $3
*** HOLE CARDS ***
vestimokrec: raises $3 to $6
ARARAT ANAPA: calls $3
*** FLOP *** [7s 3h 2h]
ARARAT ANAPA: bets $3
vestimokrec: calls $3
*** TURN *** [7s 3h 2h] [Td]
ARARAT ANAPA: checks
vestimokrec: checks
*** RIVER *** [7s 3h 2h Td] [8s]
ARARAT ANAPA: bets $6
vestimokrec: folds
Uncalled bet ($6) returned to ARARAT ANAPA
ARARAT ANAPA collected $17.64 from pot
*** SUMMARY ***
Total pot $18 | Rake $0.36
Board [7s 3h 2h Td 8s]
Seat 4: ARARAT ANAPA (big blind) collected ($17.64)
Seat 6: vestimokrec (button) (small blind) folded on the River


PokerStars Hand #168290998823:  Hold'em Limit ($3/$6 USD) - 2017/03/29 15:18:29 ET
Table 'Gacrux' 6-max Seat #4 is the button
Seat 4: ARARAT ANAPA ($43.53 in chips)
Seat 6: vestimokrec ($107.78 in chips)
ARARAT ANAPA: posts small blind $1
vestimokrec: posts big blind $3
*** HOLE CARDS ***
ARARAT ANAPA: raises $3 to $6
vestimokrec: folds
Uncalled bet ($3) returned to ARARAT ANAPA
ARARAT ANAPA collected $6 from pot
*** SUMMARY ***
Total pot $6 | Rake $0
Seat 4: ARARAT ANAPA (button) (small blind) collected ($6)
Seat 6: vestimokrec (big blind) folded before Flop


PokerStars Hand #168291026167:  Hold'em Limit ($3/$6 USD) - 2017/03/29 15:18:58 ET
Table 'Gacrux' 6-max Seat #6 is the button
Seat 4: ARARAT ANAPA ($39.53 in chips)
Seat 6: vestimokrec ($111.54 in chips)
vestimokrec: posts small blind $1
ARARAT ANAPA: posts big blind $3
*** HOLE CARDS ***
vestimokrec: raises $3 to $6
ARARAT ANAPA: calls $3
*** FLOP *** [9h 6h Qs]
ARARAT ANAPA: bets $3
vestimokrec: calls $3
*** TURN *** [9h 6h Qs] [Th]
ARARAT ANAPA: checks
vestimokrec: checks
*** RIVER *** [9h 6h Qs Th] [Jh]
ARARAT ANAPA: bets $6
vestimokrec: calls $6
*** SHOW DOWN ***
ARARAT ANAPA: shows [6s Ah] (a flush, Ace high)
vestimokrec: mucks hand
ARARAT ANAPA collected $29.50 from pot
*** SUMMARY ***
Total pot $30 | Rake $0.50
Board [9h 6h Qs Th Jh]
Seat 4: ARARAT ANAPA (big blind) showed [6s Ah] and won ($29.50) with a flush, Ace high
Seat 6: vestimokrec (button) (small blind) mucked


PokerStars Hand #168291070345:  Hold'em Limit ($3/$6 USD) - 2017/03/29 15:19:45 ET
Table 'Gacrux' 6-max Seat #4 is the button
Seat 4: ARARAT ANAPA ($54.03 in chips)
Seat 6: vestimokrec ($96.54 in chips)
ARARAT ANAPA: posts small blind $1
vestimokrec: posts big blind $3
*** HOLE CARDS ***
ARARAT ANAPA: calls $2
vestimokrec: raises $3 to $6
ARARAT ANAPA: calls $3
*** FLOP *** [8h 7c 4d]
vestimokrec: bets $3
ARARAT ANAPA: calls $3
*** TURN *** [8h 7c 4d] [Qc]
vestimokrec: bets $6
ARARAT ANAPA: folds
Uncalled bet ($6) returned to vestimokrec
vestimokrec collected $17.64 from pot
vestimokrec: doesn't show hand
*** SUMMARY ***
Total pot $18 | Rake $0.36
Board [8h 7c 4d Qc]
Seat 4: ARARAT ANAPA (button) (small blind) folded on the Turn
Seat 6: vestimokrec (big blind) collected ($17.64)


PokerStars Hand #168291093276:  Hold'em Limit ($3/$6 USD) - 2017/03/29 15:20:09 ET
Table 'Gacrux' 6-max Seat #6 is the button
Seat 4: ARARAT ANAPA ($45.03 in chips)
Seat 6: vestimokrec ($105.18 in chips)
vestimokrec: posts small blind $1
ARARAT ANAPA: posts big blind $3
*** HOLE CARDS ***
vestimokrec: folds
Uncalled bet ($2) returned to ARARAT ANAPA
ARARAT ANAPA collected $2 from pot
*** SUMMARY ***
Total pot $2 | Rake $0
Seat 4: ARARAT ANAPA (big blind) collected ($2)
Seat 6: vestimokrec (button) (small blind) folded before Flop


PokerStars Hand #168291106977:  Hold'em Limit ($3/$6 USD) - 2017/03/29 15:20:23 ET
Table 'Gacrux' 6-max Seat #4 is the button
Seat 4: ARARAT ANAPA ($46.03 in chips)
Seat 6: vestimokrec ($104.18 in chips)
ARARAT ANAPA: posts small blind $1
vestimokrec: posts big blind $3
*** HOLE CARDS ***
ARARAT ANAPA: raises $3 to $6
vestimokrec: calls $3
*** FLOP *** [2c 3c 5d]
vestimokrec: bets $3
ARARAT ANAPA: raises $3 to $6
vestimokrec: calls $3
*** TURN *** [2c 3c 5d] [4h]
vestimokrec: checks
ARARAT ANAPA: checks
*** RIVER *** [2c 3c 5d 4h] [Qs]
vestimokrec: bets $6
ARARAT ANAPA: calls $6
*** SHOW DOWN ***
vestimokrec: shows [3d 6s] (a straight, Deuce to Six)
ARARAT ANAPA: mucks hand
vestimokrec collected $35.50 from pot
*** SUMMARY ***
Total pot $36 | Rake $0.50
Board [2c 3c 5d 4h Qs]
Seat 4: ARARAT ANAPA (button) (small blind) mucked
Seat 6: vestimokrec (big blind) showed [3d 6s] and won ($35.50) with a straight, Deuce to Six


PokerStars Hand #168291130076:  Hold'em Limit ($3/$6 USD) - 2017/03/29 15:20:48 ET
Table 'Gacrux' 6-max Seat #6 is the button
Seat 4: ARARAT ANAPA ($28.03 in chips)
Seat 6: vestimokrec ($121.68 in chips)
vestimokrec: posts small blind $1
ARARAT ANAPA: posts big blind $3
*** HOLE CARDS ***
vestimokrec: raises $3 to $6
ARARAT ANAPA: calls $3
*** FLOP *** [Js Qs 4s]
ARARAT ANAPA: checks
vestimokrec: bets $3
ARARAT ANAPA: folds
Uncalled bet ($3) returned to vestimokrec
vestimokrec collected $11.76 from pot
vestimokrec: doesn't show hand
*** SUMMARY ***
Total pot $12 | Rake $0.24
Board [Js Qs 4s]
Seat 4: ARARAT ANAPA (big blind) folded on the Flop
Seat 6: vestimokrec (button) (small blind) collected ($11.76)


PokerStars Hand #168291162870:  Hold'em Limit ($3/$6 USD) - 2017/03/29 15:21:22 ET
Table 'Gacrux' 6-max Seat #4 is the button
Seat 4: ARARAT ANAPA ($22.03 in chips)
Seat 6: vestimokrec ($127.44 in chips)
ARARAT ANAPA: posts small blind $1
vestimokrec: posts big blind $3
*** HOLE CARDS ***
ARARAT ANAPA: raises $3 to $6
vestimokrec: calls $3
*** FLOP *** [Qh 5s 8h]
vestimokrec: bets $3
ARARAT ANAPA: calls $3
*** TURN *** [Qh 5s 8h] [4d]
vestimokrec: bets $6
ARARAT ANAPA: folds
Uncalled bet ($6) returned to vestimokrec
vestimokrec collected $17.64 from pot
vestimokrec: doesn't show hand
*** SUMMARY ***
Total pot $18 | Rake $0.36
Board [Qh 5s 8h 4d]
Seat 4: ARARAT ANAPA (button) (small blind) folded on the Turn
Seat 6: vestimokrec (big blind) collected ($17.64)


PokerStars Hand #168291185384:  Hold'em Limit ($3/$6 USD) - 2017/03/29 15:21:47 ET
Table 'Gacrux' 6-max Seat #6 is the button
Seat 4: ARARAT ANAPA ($13.03 in chips)
Seat 6: vestimokrec ($136.08 in chips)
vestimokrec: posts small blind $1
ARARAT ANAPA: posts big blind $3
*** HOLE CARDS ***
vestimokrec: raises $3 to $6
ARARAT ANAPA: calls $3
*** FLOP *** [Qh 5d 2h]
ARARAT ANAPA: bets $3
vestimokrec: calls $3
*** TURN *** [Qh 5d 2h] [8s]
ARARAT ANAPA: bets $4.03 and is all-in
vestimokrec: calls $4.03
*** RIVER *** [Qh 5d 2h 8s] [Jc]
*** SHOW DOWN ***
ARARAT ANAPA: shows [2d 4h] (a pair of Deuces)
vestimokrec: shows [Ad As] (a pair of Aces)
vestimokrec collected $25.56 from pot
*** SUMMARY ***
Total pot $26.06 | Rake $0.50
Board [Qh 5d 2h 8s Jc]
Seat 4: ARARAT ANAPA (big blind) showed [2d 4h] and lost with a pair of Deuces
Seat 6: vestimokrec (button) (small blind) showed [Ad As] and won ($25.56) with a pair of Aces


