PokerStars Hand #157017732354:  Hold'em Limit ($3/$6 USD) - 2016/08/08 9:49:56 ET
Table 'Gacrux II' 6-max Seat #3 is the button
Seat 3: ChipsOrre ($120 in chips)
Seat 5: Pandakey ($120 in chips)
ChipsOrre: posts small blind $1
Pandakey: posts big blind $3
*** HOLE CARDS ***
ChipsOrre: raises $3 to $6
Pandakey: calls $3
*** FLOP *** [Th 7s 6d]
Pandakey: checks
ChipsOrre: bets $3
Pandakey: raises $3 to $6
ChipsOrre: calls $3
*** TURN *** [Th 7s 6d] [7c]
Pandakey: bets $6
ChipsOrre: calls $6
*** RIVER *** [Th 7s 6d 7c] [9d]
Pandakey: bets $6
ChipsOrre: raises $6 to $12
Pandakey: raises $6 to $18
ChipsOrre: calls $6
*** SHOW DOWN ***
Pandakey: shows [Tc 7d] (a full house, Sevens full of Tens)
ChipsOrre: mucks hand
Pandakey collected $71.50 from pot
*** SUMMARY ***
Total pot $72 | Rake $0.50
Board [Th 7s 6d 7c 9d]
Seat 3: ChipsOrre (button) (small blind) mucked
Seat 5: Pandakey (big blind) showed [Tc 7d] and won ($71.50) with a full house, Sevens full of Tens


PokerStars Hand #157017768999:  Hold'em Limit ($3/$6 USD) - 2016/08/08 9:51:08 ET
Table 'Gacrux II' 6-max Seat #3 is the button
Seat 3: ChipsOrre ($107.50 in chips)
Seat 5: Pandakey ($131.50 in chips)
ChipsOrre: posts small blind $1
Pandakey: posts big blind $3
*** HOLE CARDS ***
ChipsOrre: raises $3 to $6
Pandakey: folds
Uncalled bet ($3) returned to ChipsOrre
ChipsOrre collected $6 from pot
ChipsOrre: doesn't show hand
*** SUMMARY ***
Total pot $6 | Rake $0
Seat 3: ChipsOrre (button) (small blind) collected ($6)
Seat 5: Pandakey (big blind) folded before Flop


PokerStars Hand #157017752823:  Hold'em Limit ($3/$6 USD) - 2016/08/08 9:50:36 ET
Table 'Gacrux II' 6-max Seat #5 is the button
Seat 3: ChipsOrre ($84 in chips)
Seat 5: Pandakey ($155.50 in chips)
Pandakey: posts small blind $1
ChipsOrre: posts big blind $3
*** HOLE CARDS ***
Pandakey: raises $3 to $6
ChipsOrre: raises $3 to $9
Pandakey: calls $3
*** FLOP *** [Qd 7h 4h]
ChipsOrre: bets $3
Pandakey: calls $3
*** TURN *** [Qd 7h 4h] [5d]
ChipsOrre: bets $6
Pandakey: raises $6 to $12
ChipsOrre: calls $6
*** RIVER *** [Qd 7h 4h 5d] [Qh]
ChipsOrre: checks
Pandakey: checks
*** SHOW DOWN ***
ChipsOrre: shows [Kd Ac] (a pair of Queens)
Pandakey: mucks hand
ChipsOrre collected $47.50 from pot
*** SUMMARY ***
Total pot $48 | Rake $0.50
Board [Qd 7h 4h 5d Qh]
Seat 3: ChipsOrre (big blind) showed [Kd Ac] and won ($47.50) with a pair of Queens
Seat 5: Pandakey (button) (small blind) mucked


PokerStars Hand #157017780054:  Hold'em Limit ($3/$6 USD) - 2016/08/08 9:51:29 ET
Table 'Gacrux II' 6-max Seat #3 is the button
Seat 3: ChipsOrre ($101.50 in chips)
Seat 5: Pandakey ($137.14 in chips)
ChipsOrre: posts small blind $1
Pandakey: posts big blind $3
*** HOLE CARDS ***
ChipsOrre: folds
Uncalled bet ($2) returned to Pandakey
Pandakey collected $2 from pot
Pandakey: doesn't show hand
*** SUMMARY ***
Total pot $2 | Rake $0
Seat 3: ChipsOrre (button) (small blind) folded before Flop
Seat 5: Pandakey (big blind) collected ($2)


PokerStars Hand #157017772921:  Hold'em Limit ($3/$6 USD) - 2016/08/08 9:51:15 ET
Table 'Gacrux II' 6-max Seat #5 is the button
Seat 3: ChipsOrre ($110.50 in chips)
Seat 5: Pandakey ($128.50 in chips)
Pandakey: posts small blind $1
ChipsOrre: posts big blind $3
*** HOLE CARDS ***
Pandakey: raises $3 to $6
ChipsOrre: calls $3
*** FLOP *** [3c 8c 7d]
ChipsOrre: checks
Pandakey: bets $3
ChipsOrre: calls $3
*** TURN *** [3c 8c 7d] [4c]
ChipsOrre: checks
Pandakey: checks
*** RIVER *** [3c 8c 7d 4c] [5c]
ChipsOrre: checks
Pandakey: checks
*** SHOW DOWN ***
ChipsOrre: shows [Kh Qd] (high card King)
Pandakey: shows [4d Kd] (a pair of Fours)
Pandakey collected $17.64 from pot
*** SUMMARY ***
Total pot $18 | Rake $0.36
Board [3c 8c 7d 4c 5c]
Seat 3: ChipsOrre (big blind) showed [Kh Qd] and lost with high card King
Seat 5: Pandakey (button) (small blind) showed [4d Kd] and won ($17.64) with a pair of Fours


PokerStars Hand #157017805298:  Hold'em Limit ($3/$6 USD) - 2016/08/08 9:52:19 ET
Table 'Gacrux II' 6-max Seat #3 is the button
Seat 3: ChipsOrre ($150 in chips)
Seat 5: Pandakey ($87.14 in chips)
ChipsOrre: posts small blind $1
Pandakey: posts big blind $3
*** HOLE CARDS ***
ChipsOrre: raises $3 to $6
Pandakey: folds
Uncalled bet ($3) returned to ChipsOrre
ChipsOrre collected $6 from pot
ChipsOrre: doesn't show hand
*** SUMMARY ***
Total pot $6 | Rake $0
Seat 3: ChipsOrre (button) (small blind) collected ($6)
Seat 5: Pandakey (big blind) folded before Flop


PokerStars Hand #157017788591:  Hold'em Limit ($3/$6 USD) - 2016/08/08 9:51:46 ET
Table 'Gacrux II' 6-max Seat #3 is the button
Seat 3: ChipsOrre ($118 in chips)
Seat 5: Pandakey ($120.14 in chips)
ChipsOrre: posts small blind $1
Pandakey: posts big blind $3
*** HOLE CARDS ***
ChipsOrre: raises $3 to $6
Pandakey: raises $3 to $9
ChipsOrre: calls $3
*** FLOP *** [Ac 9d 4s]
Pandakey: bets $3
ChipsOrre: calls $3
*** TURN *** [Ac 9d 4s] [7h]
Pandakey: bets $6
ChipsOrre: calls $6
*** RIVER *** [Ac 9d 4s 7h] [4h]
Pandakey: checks
ChipsOrre: checks
*** SHOW DOWN ***
Pandakey: shows [6c Jc] (a pair of Fours)
ChipsOrre: shows [Ks 7d] (two pair, Sevens and Fours)
ChipsOrre collected $35.50 from pot
*** SUMMARY ***
Total pot $36 | Rake $0.50
Board [Ac 9d 4s 7h 4h]
Seat 3: ChipsOrre (button) (small blind) showed [Ks 7d] and won ($35.50) with two pair, Sevens and Fours
Seat 5: Pandakey (big blind) showed [6c Jc] and lost with a pair of Fours


PokerStars Hand #157017797077:  Hold'em Limit ($3/$6 USD) - 2016/08/08 9:52:03 ET
Table 'Gacrux II' 6-max Seat #5 is the button
Seat 3: ChipsOrre ($135.50 in chips)
Seat 5: Pandakey ($102.14 in chips)
Pandakey: posts small blind $1
ChipsOrre: posts big blind $3
*** HOLE CARDS ***
Pandakey: raises $3 to $6
ChipsOrre: calls $3
*** FLOP *** [2h Jc 4d]
ChipsOrre: checks
Pandakey: bets $3
ChipsOrre: calls $3
*** TURN *** [2h Jc 4d] [5h]
ChipsOrre: checks
Pandakey: bets $6
ChipsOrre: calls $6
*** RIVER *** [2h Jc 4d 5h] [Ad]
ChipsOrre: checks
Pandakey: checks
*** SHOW DOWN ***
ChipsOrre: shows [9d As] (a pair of Aces)
Pandakey: mucks hand
ChipsOrre collected $29.50 from pot
*** SUMMARY ***
Total pot $30 | Rake $0.50
Board [2h Jc 4d 5h Ad]
Seat 3: ChipsOrre (big blind) showed [9d As] and won ($29.50) with a pair of Aces
Seat 5: Pandakey (button) (small blind) mucked


PokerStars Hand #157017825493:  Hold'em Limit ($3/$6 USD) - 2016/08/08 9:52:58 ET
Table 'Gacrux II' 6-max Seat #5 is the button
Seat 3: ChipsOrre ($194 in chips)
Seat 5: Pandakey ($42.14 in chips)
Pandakey: posts small blind $1
ChipsOrre: posts big blind $3
*** HOLE CARDS ***
Pandakey: folds
Uncalled bet ($2) returned to ChipsOrre
ChipsOrre collected $2 from pot
ChipsOrre: doesn't show hand
*** SUMMARY ***
Total pot $2 | Rake $0
Seat 3: ChipsOrre (big blind) collected ($2)
Seat 5: Pandakey (button) (small blind) folded before Flop


PokerStars Hand #157017818034:  Hold'em Limit ($3/$6 USD) - 2016/08/08 9:52:44 ET
Table 'Gacrux II' 6-max Seat #3 is the button
Seat 3: ChipsOrre ($176.50 in chips)
Seat 5: Pandakey ($60.14 in chips)
ChipsOrre: posts small blind $1
Pandakey: posts big blind $3
*** HOLE CARDS ***
ChipsOrre: raises $3 to $6
Pandakey: calls $3
*** FLOP *** [Qs 7d Kd]
Pandakey: checks
ChipsOrre: bets $3
Pandakey: raises $3 to $6
ChipsOrre: calls $3
*** TURN *** [Qs 7d Kd] [2s]
Pandakey: bets $6
ChipsOrre: raises $6 to $12
Pandakey: folds
Uncalled bet ($6) returned to ChipsOrre
ChipsOrre collected $35.50 from pot
ChipsOrre: doesn't show hand
*** SUMMARY ***
Total pot $36 | Rake $0.50
Board [Qs 7d Kd 2s]
Seat 3: ChipsOrre (button) (small blind) collected ($35.50)
Seat 5: Pandakey (big blind) folded on the Turn


PokerStars Hand #157017836583:  Hold'em Limit ($3/$6 USD) - 2016/08/08 9:53:20 ET
Table 'Gacrux II' 6-max Seat #3 is the button
Seat 3: ChipsOrre ($202.64 in chips)
Seat 5: Pandakey ($93.14 in chips)
ChipsOrre: posts small blind $1
Pandakey: posts big blind $3
*** HOLE CARDS ***
ChipsOrre: raises $3 to $6
Pandakey: raises $3 to $9
ChipsOrre: calls $3
*** FLOP *** [2d 6s Jc]
Pandakey: bets $3
ChipsOrre: calls $3
*** TURN *** [2d 6s Jc] [5c]
Pandakey: bets $6
ChipsOrre: folds
Uncalled bet ($6) returned to Pandakey
Pandakey collected $23.52 from pot
Pandakey: doesn't show hand
*** SUMMARY ***
Total pot $24 | Rake $0.48
Board [2d 6s Jc 5c]
Seat 3: ChipsOrre (button) (small blind) folded on the Turn
Seat 5: Pandakey (big blind) collected ($23.52)


PokerStars Hand #157017830100:  Hold'em Limit ($3/$6 USD) - 2016/08/08 9:53:08 ET
Table 'Gacrux II' 6-max Seat #5 is the button
Seat 3: ChipsOrre ($194 in chips)
Seat 5: Pandakey ($102.14 in chips)
Pandakey: posts small blind $1
ChipsOrre: posts big blind $3
*** HOLE CARDS ***
Pandakey: raises $3 to $6
ChipsOrre: calls $3
*** FLOP *** [Jd 9s 2d]
ChipsOrre: checks
Pandakey: bets $3
ChipsOrre: raises $3 to $6
Pandakey: folds
Uncalled bet ($3) returned to ChipsOrre
ChipsOrre collected $17.64 from pot
ChipsOrre: doesn't show hand
*** SUMMARY ***
Total pot $18 | Rake $0.36
Board [Jd 9s 2d]
Seat 3: ChipsOrre (big blind) collected ($17.64)
Seat 5: Pandakey (button) (small blind) folded on the Flop


PokerStars Hand #157017827806:  Hold'em Limit ($3/$6 USD) - 2016/08/08 9:53:03 ET
Table 'Gacrux II' 6-max Seat #3 is the button
Seat 3: ChipsOrre ($195 in chips)
Seat 5: Pandakey ($41.14 in chips)
ChipsOrre: posts small blind $1
Pandakey: posts big blind $3
*** HOLE CARDS ***
ChipsOrre: folds
Uncalled bet ($2) returned to Pandakey
Pandakey collected $2 from pot
Pandakey: doesn't show hand
*** SUMMARY ***
Total pot $2 | Rake $0
Seat 3: ChipsOrre (button) (small blind) folded before Flop
Seat 5: Pandakey (big blind) collected ($2)


PokerStars Hand #157017865158:  Hold'em Limit ($3/$6 USD) - 2016/08/08 9:54:16 ET
Table 'Gacrux II' 6-max Seat #3 is the button
Seat 3: ChipsOrre ($160.40 in chips)
Seat 5: Pandakey ($133.92 in chips)
ChipsOrre: posts small blind $1
Pandakey: posts big blind $3
*** HOLE CARDS ***
ChipsOrre: raises $3 to $6
Pandakey: raises $3 to $9
ChipsOrre: calls $3
*** FLOP *** [Kd Tc Kh]
Pandakey: bets $3
ChipsOrre: calls $3
*** TURN *** [Kd Tc Kh] [2h]
Pandakey: checks
ChipsOrre: checks
*** RIVER *** [Kd Tc Kh 2h] [As]
Pandakey: bets $6
ChipsOrre: calls $6
*** SHOW DOWN ***
Pandakey: shows [Qc Jc] (a straight, Ten to Ace)
ChipsOrre: mucks hand
Pandakey collected $35.50 from pot
*** SUMMARY ***
Total pot $36 | Rake $0.50
Board [Kd Tc Kh 2h As]
Seat 3: ChipsOrre (button) (small blind) mucked
Seat 5: Pandakey (big blind) showed [Qc Jc] and won ($35.50) with a straight, Ten to Ace


PokerStars Hand #157017860925:  Hold'em Limit ($3/$6 USD) - 2016/08/08 9:54:08 ET
Table 'Gacrux II' 6-max Seat #5 is the button
Seat 3: ChipsOrre ($166.40 in chips)
Seat 5: Pandakey ($128.16 in chips)
Pandakey: posts small blind $1
ChipsOrre: posts big blind $3
*** HOLE CARDS ***
Pandakey: raises $3 to $6
ChipsOrre: calls $3
*** FLOP *** [Ts 2h Ks]
ChipsOrre: checks
Pandakey: bets $3
ChipsOrre: folds
Uncalled bet ($3) returned to Pandakey
Pandakey collected $11.76 from pot
Pandakey: doesn't show hand
*** SUMMARY ***
Total pot $12 | Rake $0.24
Board [Ts 2h Ks]
Seat 3: ChipsOrre (big blind) folded on the Flop
Seat 5: Pandakey (button) (small blind) collected ($11.76)


PokerStars Hand #157017856764:  Hold'em Limit ($3/$6 USD) - 2016/08/08 9:54:00 ET
Table 'Gacrux II' 6-max Seat #3 is the button
Seat 3: ChipsOrre ($160.64 in chips)
Seat 5: Pandakey ($134.16 in chips)
ChipsOrre: posts small blind $1
Pandakey: posts big blind $3
*** HOLE CARDS ***
ChipsOrre: raises $3 to $6
Pandakey: calls $3
*** FLOP *** [Qd 9h 3d]
Pandakey: checks
ChipsOrre: bets $3
Pandakey: folds
Uncalled bet ($3) returned to ChipsOrre
ChipsOrre collected $11.76 from pot
ChipsOrre: doesn't show hand
*** SUMMARY ***
Total pot $12 | Rake $0.24
Board [Qd 9h 3d]
Seat 3: ChipsOrre (button) (small blind) collected ($11.76)
Seat 5: Pandakey (big blind) folded on the Flop


PokerStars Hand #157017843327:  Hold'em Limit ($3/$6 USD) - 2016/08/08 9:53:34 ET
Table 'Gacrux II' 6-max Seat #5 is the button
Seat 3: ChipsOrre ($190.64 in chips)
Seat 5: Pandakey ($104.66 in chips)
Pandakey: posts small blind $1
ChipsOrre: posts big blind $3
*** HOLE CARDS ***
Pandakey: raises $3 to $6
ChipsOrre: raises $3 to $9
Pandakey: calls $3
*** FLOP *** [Td 8h Tc]
ChipsOrre: bets $3
Pandakey: calls $3
*** TURN *** [Td 8h Tc] [7d]
ChipsOrre: bets $6
Pandakey: raises $6 to $12
ChipsOrre: calls $6
*** RIVER *** [Td 8h Tc 7d] [6s]
ChipsOrre: checks
Pandakey: bets $6
ChipsOrre: calls $6
*** SHOW DOWN ***
Pandakey: shows [Qh Ts] (three of a kind, Tens)
ChipsOrre: mucks hand
Pandakey collected $59.50 from pot
*** SUMMARY ***
Total pot $60 | Rake $0.50
Board [Td 8h Tc 7d 6s]
Seat 3: ChipsOrre (big blind) mucked
Seat 5: Pandakey (button) (small blind) showed [Qh Ts] and won ($59.50) with three of a kind, Tens


PokerStars Hand #157017877791:  Hold'em Limit ($3/$6 USD) - 2016/08/08 9:54:41 ET
Table 'Gacrux II' 6-max Seat #3 is the button
Seat 3: ChipsOrre ($143.40 in chips)
Seat 5: Pandakey ($150.42 in chips)
ChipsOrre: posts small blind $1
Pandakey: posts big blind $3
*** HOLE CARDS ***
ChipsOrre: folds
Uncalled bet ($2) returned to Pandakey
Pandakey collected $2 from pot
Pandakey: doesn't show hand
*** SUMMARY ***
Total pot $2 | Rake $0
Seat 3: ChipsOrre (button) (small blind) folded before Flop
Seat 5: Pandakey (big blind) collected ($2)


PokerStars Hand #157017874659:  Hold'em Limit ($3/$6 USD) - 2016/08/08 9:54:35 ET
Table 'Gacrux II' 6-max Seat #5 is the button
Seat 3: ChipsOrre ($142.40 in chips)
Seat 5: Pandakey ($151.42 in chips)
Pandakey: posts small blind $1
ChipsOrre: posts big blind $3
*** HOLE CARDS ***
Pandakey: folds
Uncalled bet ($2) returned to ChipsOrre
ChipsOrre collected $2 from pot
ChipsOrre: doesn't show hand
*** SUMMARY ***
Total pot $2 | Rake $0
Seat 3: ChipsOrre (big blind) collected ($2)
Seat 5: Pandakey (button) (small blind) folded before Flop


PokerStars Hand #157017887857:  Hold'em Limit ($3/$6 USD) - 2016/08/08 9:55:01 ET
Table 'Gacrux II' 6-max Seat #3 is the button
Seat 3: ChipsOrre ($156.90 in chips)
Seat 5: Pandakey ($136.42 in chips)
ChipsOrre: posts small blind $1
Pandakey: posts big blind $3
*** HOLE CARDS ***
ChipsOrre: folds
Uncalled bet ($2) returned to Pandakey
Pandakey collected $2 from pot
Pandakey: doesn't show hand
*** SUMMARY ***
Total pot $2 | Rake $0
Seat 3: ChipsOrre (button) (small blind) folded before Flop
Seat 5: Pandakey (big blind) collected ($2)


PokerStars Hand #157017880087:  Hold'em Limit ($3/$6 USD) - 2016/08/08 9:54:46 ET
Table 'Gacrux II' 6-max Seat #5 is the button
Seat 3: ChipsOrre ($142.40 in chips)
Seat 5: Pandakey ($151.42 in chips)
Pandakey: posts small blind $1
ChipsOrre: posts big blind $3
*** HOLE CARDS ***
Pandakey: raises $3 to $6
ChipsOrre: calls $3
*** FLOP *** [Js 9c 4d]
ChipsOrre: checks
Pandakey: bets $3
ChipsOrre: calls $3
*** TURN *** [Js 9c 4d] [Jc]
ChipsOrre: checks
Pandakey: bets $6
ChipsOrre: raises $6 to $12
Pandakey: folds
Uncalled bet ($6) returned to ChipsOrre
ChipsOrre collected $29.50 from pot
ChipsOrre: doesn't show hand
*** SUMMARY ***
Total pot $30 | Rake $0.50
Board [Js 9c 4d Jc]
Seat 3: ChipsOrre (big blind) collected ($29.50)
Seat 5: Pandakey (button) (small blind) folded on the Turn


PokerStars Hand #157017901062:  Hold'em Limit ($3/$6 USD) - 2016/08/08 9:55:30 ET
Table 'Gacrux II' 6-max Seat #5 is the button
Seat 3: ChipsOrre ($171.40 in chips)
Seat 5: Pandakey ($121.42 in chips)
Pandakey: posts small blind $1
ChipsOrre: posts big blind $3
*** HOLE CARDS ***
Pandakey: raises $3 to $6
ChipsOrre: folds
Uncalled bet ($3) returned to Pandakey
Pandakey collected $6 from pot
Pandakey: doesn't show hand
*** SUMMARY ***
Total pot $6 | Rake $0
Seat 3: ChipsOrre (big blind) folded before Flop
Seat 5: Pandakey (button) (small blind) collected ($6)


PokerStars Hand #157017894495:  Hold'em Limit ($3/$6 USD) - 2016/08/08 9:55:15 ET
Table 'Gacrux II' 6-max Seat #3 is the button
Seat 3: ChipsOrre ($156.90 in chips)
Seat 5: Pandakey ($136.42 in chips)
ChipsOrre: posts small blind $1
Pandakey: posts big blind $3
*** HOLE CARDS ***
ChipsOrre: raises $3 to $6
Pandakey: calls $3
*** FLOP *** [8c Jh 5c]
Pandakey: checks
ChipsOrre: bets $3
Pandakey: calls $3
*** TURN *** [8c Jh 5c] [4c]
Pandakey: checks
ChipsOrre: bets $6
Pandakey: calls $6
*** RIVER *** [8c Jh 5c 4c] [7d]
Pandakey: checks
ChipsOrre: bets $6
Pandakey: folds
Uncalled bet ($6) returned to ChipsOrre
ChipsOrre collected $29.50 from pot
ChipsOrre: doesn't show hand
*** SUMMARY ***
Total pot $30 | Rake $0.50
Board [8c Jh 5c 4c 7d]
Seat 3: ChipsOrre (button) (small blind) collected ($29.50)
Seat 5: Pandakey (big blind) folded on the River


PokerStars Hand #157017890271:  Hold'em Limit ($3/$6 USD) - 2016/08/08 9:55:06 ET
Table 'Gacrux II' 6-max Seat #5 is the button
Seat 3: ChipsOrre ($155.90 in chips)
Seat 5: Pandakey ($137.42 in chips)
Pandakey: posts small blind $1
ChipsOrre: posts big blind $3
*** HOLE CARDS ***
Pandakey: folds
Uncalled bet ($2) returned to ChipsOrre
ChipsOrre collected $2 from pot
ChipsOrre: doesn't show hand
*** SUMMARY ***
Total pot $2 | Rake $0
Seat 3: ChipsOrre (big blind) collected ($2)
Seat 5: Pandakey (button) (small blind) folded before Flop


PokerStars Hand #157017919996:  Hold'em Limit ($3/$6 USD) - 2016/08/08 9:56:14 ET
Table 'Gacrux II' 6-max Seat #3 is the button
Seat 3: ChipsOrre ($144.40 in chips)
Seat 5: Pandakey ($147.56 in chips)
ChipsOrre: posts small blind $1
Pandakey: posts big blind $3
*** HOLE CARDS ***
ChipsOrre: raises $3 to $6
Pandakey: folds
Uncalled bet ($3) returned to ChipsOrre
ChipsOrre collected $6 from pot
ChipsOrre: doesn't show hand
*** SUMMARY ***
Total pot $6 | Rake $0
Seat 3: ChipsOrre (button) (small blind) collected ($6)
Seat 5: Pandakey (big blind) folded before Flop


PokerStars Hand #157017923170:  Hold'em Limit ($3/$6 USD) - 2016/08/08 9:56:21 ET
Table 'Gacrux II' 6-max Seat #5 is the button
Seat 3: ChipsOrre ($147.40 in chips)
Seat 5: Pandakey ($144.56 in chips)
Pandakey: posts small blind $1
ChipsOrre: posts big blind $3
*** HOLE CARDS ***
Pandakey: raises $3 to $6
ChipsOrre: raises $3 to $9
Pandakey: calls $3
*** FLOP *** [Qc 6c 9s]
ChipsOrre: bets $3
Pandakey: folds
Uncalled bet ($3) returned to ChipsOrre
ChipsOrre collected $17.64 from pot
ChipsOrre: doesn't show hand
*** SUMMARY ***
Total pot $18 | Rake $0.36
Board [Qc 6c 9s]
Seat 3: ChipsOrre (big blind) collected ($17.64)
Seat 5: Pandakey (button) (small blind) folded on the Flop


PokerStars Hand #157017903825:  Hold'em Limit ($3/$6 USD) - 2016/08/08 9:55:37 ET
Table 'Gacrux II' 6-max Seat #3 is the button
Seat 3: ChipsOrre ($168.40 in chips)
Seat 5: Pandakey ($124.42 in chips)
ChipsOrre: posts small blind $1
Pandakey: posts big blind $3
*** HOLE CARDS ***
ChipsOrre: raises $3 to $6
Pandakey: calls $3
*** FLOP *** [8d Kc 3c]
Pandakey: checks
ChipsOrre: bets $3
Pandakey: calls $3
*** TURN *** [8d Kc 3c] [4h]
Pandakey: checks
ChipsOrre: checks
*** RIVER *** [8d Kc 3c 4h] [Ts]
Pandakey: bets $6
ChipsOrre: folds
Uncalled bet ($6) returned to Pandakey
Pandakey collected $17.64 from pot
Pandakey: doesn't show hand
*** SUMMARY ***
Total pot $18 | Rake $0.36
Board [8d Kc 3c 4h Ts]
Seat 3: ChipsOrre (button) (small blind) folded on the River
Seat 5: Pandakey (big blind) collected ($17.64)


PokerStars Hand #157017913592:  Hold'em Limit ($3/$6 USD) - 2016/08/08 9:55:59 ET
Table 'Gacrux II' 6-max Seat #5 is the button
Seat 3: ChipsOrre ($159.40 in chips)
Seat 5: Pandakey ($133.06 in chips)
Pandakey: posts small blind $1
ChipsOrre: posts big blind $3
*** HOLE CARDS ***
Pandakey: raises $3 to $6
ChipsOrre: calls $3
*** FLOP *** [5h Jh Jd]
ChipsOrre: checks
Pandakey: bets $3
ChipsOrre: calls $3
*** TURN *** [5h Jh Jd] [Kh]
ChipsOrre: checks
Pandakey: checks
*** RIVER *** [5h Jh Jd Kh] [9d]
ChipsOrre: checks
Pandakey: bets $6
ChipsOrre: calls $6
*** SHOW DOWN ***
Pandakey: shows [Ad Qd] (a pair of Jacks)
ChipsOrre: mucks hand
Pandakey collected $29.50 from pot
*** SUMMARY ***
Total pot $30 | Rake $0.50
Board [5h Jh Jd Kh 9d]
Seat 3: ChipsOrre (big blind) mucked
Seat 5: Pandakey (button) (small blind) showed [Ad Qd] and won ($29.50) with a pair of Jacks


PokerStars Hand #157017939112:  Hold'em Limit ($3/$6 USD) - 2016/08/08 9:56:57 ET
Table 'Gacrux II' 6-max Seat #5 is the button
Seat 3: ChipsOrre ($161.80 in chips)
Seat 5: Pandakey ($129.56 in chips)
Pandakey: posts small blind $1
ChipsOrre: posts big blind $3
*** HOLE CARDS ***
Pandakey: raises $3 to $6
ChipsOrre: raises $3 to $9
Pandakey: calls $3
*** FLOP *** [4s 5h Kh]
ChipsOrre: bets $3
Pandakey: calls $3
*** TURN *** [4s 5h Kh] [9h]
ChipsOrre: bets $6
Pandakey: calls $6
*** RIVER *** [4s 5h Kh 9h] [5s]
ChipsOrre: bets $6
Pandakey: calls $6
*** SHOW DOWN ***
ChipsOrre: shows [As Ks] (two pair, Kings and Fives)
Pandakey: mucks hand
ChipsOrre collected $47.50 from pot
*** SUMMARY ***
Total pot $48 | Rake $0.50
Board [4s 5h Kh 9h 5s]
Seat 3: ChipsOrre (big blind) showed [As Ks] and won ($47.50) with two pair, Kings and Fives
Seat 5: Pandakey (button) (small blind) mucked


PokerStars Hand #157017929912:  Hold'em Limit ($3/$6 USD) - 2016/08/08 9:56:36 ET
Table 'Gacrux II' 6-max Seat #3 is the button
Seat 3: ChipsOrre ($156.04 in chips)
Seat 5: Pandakey ($135.56 in chips)
ChipsOrre: posts small blind $1
Pandakey: posts big blind $3
*** HOLE CARDS ***
ChipsOrre: raises $3 to $6
Pandakey: calls $3
*** FLOP *** [Js Td Jd]
Pandakey: checks
ChipsOrre: bets $3
Pandakey: folds
Uncalled bet ($3) returned to ChipsOrre
ChipsOrre collected $11.76 from pot
ChipsOrre: doesn't show hand
*** SUMMARY ***
Total pot $12 | Rake $0.24
Board [Js Td Jd]
Seat 3: ChipsOrre (button) (small blind) collected ($11.76)
Seat 5: Pandakey (big blind) folded on the Flop


PokerStars Hand #157017946336:  Hold'em Limit ($3/$6 USD) - 2016/08/08 9:57:13 ET
Table 'Gacrux II' 6-max Seat #3 is the button
Seat 3: ChipsOrre ($185.30 in chips)
Seat 5: Pandakey ($105.56 in chips)
ChipsOrre: posts small blind $1
Pandakey: posts big blind $3
*** HOLE CARDS ***
ChipsOrre: raises $3 to $6
Pandakey: calls $3
*** FLOP *** [8c 5h 7d]
Pandakey: checks
ChipsOrre: bets $3
Pandakey: raises $3 to $6
ChipsOrre: calls $3
*** TURN *** [8c 5h 7d] [Jh]
Pandakey: bets $6
ChipsOrre: raises $6 to $12
Pandakey: calls $6
*** RIVER *** [8c 5h 7d Jh] [4c]
Pandakey: bets $6
ChipsOrre: calls $6
*** SHOW DOWN ***
Pandakey: shows [6s 7c] (a straight, Four to Eight)
ChipsOrre: mucks hand
Pandakey collected $59.50 from pot
*** SUMMARY ***
Total pot $60 | Rake $0.50
Board [8c 5h 7d Jh 4c]
Seat 3: ChipsOrre (button) (small blind) mucked
Seat 5: Pandakey (big blind) showed [6s 7c] and won ($59.50) with a straight, Four to Eight


PokerStars Hand #157017965997:  Hold'em Limit ($3/$6 USD) - 2016/08/08 9:57:57 ET
Table 'Gacrux II' 6-max Seat #3 is the button
Seat 3: ChipsOrre ($156.30 in chips)
Seat 5: Pandakey ($134.06 in chips)
ChipsOrre: posts small blind $1
Pandakey: posts big blind $3
*** HOLE CARDS ***
ChipsOrre: raises $3 to $6
Pandakey: folds
Uncalled bet ($3) returned to ChipsOrre
ChipsOrre collected $6 from pot
ChipsOrre: doesn't show hand
*** SUMMARY ***
Total pot $6 | Rake $0
Seat 3: ChipsOrre (button) (small blind) collected ($6)
Seat 5: Pandakey (big blind) folded before Flop


PokerStars Hand #157017976363:  Hold'em Limit ($3/$6 USD) - 2016/08/08 9:58:20 ET
Table 'Gacrux II' 6-max Seat #3 is the button
Seat 3: ChipsOrre ($165.06 in chips)
Seat 5: Pandakey ($125.06 in chips)
ChipsOrre: posts small blind $1
Pandakey: posts big blind $3
*** HOLE CARDS ***
ChipsOrre: folds
Uncalled bet ($2) returned to Pandakey
Pandakey collected $2 from pot
Pandakey: doesn't show hand
*** SUMMARY ***
Total pot $2 | Rake $0
Seat 3: ChipsOrre (button) (small blind) folded before Flop
Seat 5: Pandakey (big blind) collected ($2)


PokerStars Hand #157017968584:  Hold'em Limit ($3/$6 USD) - 2016/08/08 9:58:03 ET
Table 'Gacrux II' 6-max Seat #5 is the button
Seat 3: ChipsOrre ($159.30 in chips)
Seat 5: Pandakey ($131.06 in chips)
Pandakey: posts small blind $1
ChipsOrre: posts big blind $3
*** HOLE CARDS ***
Pandakey: raises $3 to $6
ChipsOrre: calls $3
*** FLOP *** [7c 6s 2d]
ChipsOrre: checks
Pandakey: checks
*** TURN *** [7c 6s 2d] [6h]
ChipsOrre: bets $6
Pandakey: folds
Uncalled bet ($6) returned to ChipsOrre
ChipsOrre collected $11.76 from pot
ChipsOrre: doesn't show hand
*** SUMMARY ***
Total pot $12 | Rake $0.24
Board [7c 6s 2d 6h]
Seat 3: ChipsOrre (big blind) collected ($11.76)
Seat 5: Pandakey (button) (small blind) folded on the Turn


PokerStars Hand #157017962080:  Hold'em Limit ($3/$6 USD) - 2016/08/08 9:57:48 ET
Table 'Gacrux II' 6-max Seat #5 is the button
Seat 3: ChipsOrre ($155.30 in chips)
Seat 5: Pandakey ($135.06 in chips)
Pandakey: posts small blind $1
ChipsOrre: posts big blind $3
*** HOLE CARDS ***
Pandakey: folds
Uncalled bet ($2) returned to ChipsOrre
ChipsOrre collected $2 from pot
ChipsOrre: doesn't show hand
*** SUMMARY ***
Total pot $2 | Rake $0
Seat 3: ChipsOrre (big blind) collected ($2)
Seat 5: Pandakey (button) (small blind) folded before Flop


PokerStars Hand #157017958441:  Hold'em Limit ($3/$6 USD) - 2016/08/08 9:57:40 ET
Table 'Gacrux II' 6-max Seat #3 is the button
Seat 3: ChipsOrre ($152.30 in chips)
Seat 5: Pandakey ($138.06 in chips)
ChipsOrre: posts small blind $1
Pandakey: posts big blind $3
*** HOLE CARDS ***
ChipsOrre: raises $3 to $6
Pandakey: folds
Uncalled bet ($3) returned to ChipsOrre
ChipsOrre collected $6 from pot
ChipsOrre: doesn't show hand
*** SUMMARY ***
Total pot $6 | Rake $0
Seat 3: ChipsOrre (button) (small blind) collected ($6)
Seat 5: Pandakey (big blind) folded before Flop


PokerStars Hand #157017955847:  Hold'em Limit ($3/$6 USD) - 2016/08/08 9:57:34 ET
Table 'Gacrux II' 6-max Seat #5 is the button
Seat 3: ChipsOrre ($155.30 in chips)
Seat 5: Pandakey ($135.06 in chips)
Pandakey: posts small blind $1
ChipsOrre: posts big blind $3
*** HOLE CARDS ***
Pandakey: raises $3 to $6
ChipsOrre: folds
Uncalled bet ($3) returned to Pandakey
Pandakey collected $6 from pot
Pandakey: doesn't show hand
*** SUMMARY ***
Total pot $6 | Rake $0
Seat 3: ChipsOrre (big blind) folded before Flop
Seat 5: Pandakey (button) (small blind) collected ($6)


PokerStars Hand #157017980096:  Hold'em Limit ($3/$6 USD) - 2016/08/08 9:58:25 ET
Table 'Gacrux II' 6-max Seat #5 is the button
Seat 3: ChipsOrre ($164.06 in chips)
Seat 5: Pandakey ($126.06 in chips)
Pandakey: posts small blind $1
ChipsOrre: posts big blind $3
*** HOLE CARDS ***
Pandakey: raises $3 to $6
ChipsOrre: calls $3
*** FLOP *** [4h Jd As]
ChipsOrre: checks
Pandakey: checks
*** TURN *** [4h Jd As] [Td]
ChipsOrre: bets $6
degal76 joins the table at seat #6
Pandakey: calls $6
*** RIVER *** [4h Jd As Td] [Kh]
ChipsOrre: checks
Pandakey: checks
*** SHOW DOWN ***
ChipsOrre: shows [5c 4c] (a pair of Fours)
Pandakey: shows [Jh 7s] (a pair of Jacks)
Pandakey collected $23.52 from pot
*** SUMMARY ***
Total pot $24 | Rake $0.48
Board [4h Jd As Td Kh]
Seat 3: ChipsOrre (big blind) showed [5c 4c] and lost with a pair of Fours
Seat 5: Pandakey (button) (small blind) showed [Jh 7s] and won ($23.52) with a pair of Jacks


PokerStars Hand #157017988713:  Hold'em Limit ($3/$6 USD) - 2016/08/08 9:58:44 ET
Table 'Gacrux II' 6-max Seat #3 is the button
Seat 3: ChipsOrre ($152.06 in chips)
Seat 5: Pandakey ($137.58 in chips)
ChipsOrre: posts small blind $1
Pandakey: posts big blind $3
*** HOLE CARDS ***
ChipsOrre: folds
Uncalled bet ($2) returned to Pandakey
Pandakey collected $2 from pot
Pandakey: doesn't show hand
*** SUMMARY ***
Total pot $2 | Rake $0
Seat 3: ChipsOrre (button) (small blind) folded before Flop
Seat 5: Pandakey (big blind) collected ($2)


PokerStars Hand #157018148161:  Hold'em Limit ($3/$6 USD) - 2016/08/08 10:04:03 ET
Table 'Gacrux II' 6-max Seat #5 is the button
Seat 5: Pandakey ($51.19 in chips)
Seat 6: degal76 ($129.25 in chips)
Pandakey: posts small blind $1
degal76: posts big blind $3
*** HOLE CARDS ***
Pandakey: raises $3 to $6
degal76: calls $3
*** FLOP *** [4d 2c Ad]
degal76: checks
Pandakey: bets $3
degal76: calls $3
*** TURN *** [4d 2c Ad] [3s]
degal76: checks
Pandakey: bets $6
degal76: calls $6
*** RIVER *** [4d 2c Ad 3s] [5c]
degal76: checks
Pandakey: checks
*** SHOW DOWN ***
degal76: shows [4s Kh] (a straight, Ace to Five)
Pandakey: shows [9h Tc] (a straight, Ace to Five)
degal76 collected $14.75 from pot
Pandakey collected $14.75 from pot
*** SUMMARY ***
Total pot $30 | Rake $0.50
Board [4d 2c Ad 3s 5c]
Seat 5: Pandakey (button) (small blind) showed [9h Tc] and won ($14.75) with a straight, Ace to Five
Seat 6: degal76 (big blind) showed [4s Kh] and won ($14.75) with a straight, Ace to Five


PokerStars Hand #157018134039:  Hold'em Limit ($3/$6 USD) - 2016/08/08 10:03:37 ET
Table 'Gacrux II' 6-max Seat #6 is the button
Seat 5: Pandakey ($72.19 in chips)
Seat 6: degal76 ($108.75 in chips)
degal76: posts small blind $1
Pandakey: posts big blind $3
*** HOLE CARDS ***
ChipsOrre leaves the table
degal76: raises $3 to $6
Pandakey: calls $3
*** FLOP *** [Ad 6s 5c]
Pandakey: checks
degal76: bets $3
Pandakey: calls $3
*** TURN *** [Ad 6s 5c] [4d]
dye111 joins the table at seat #1
Pandakey: checks
degal76: bets $6
Pandakey: calls $6
*** RIVER *** [Ad 6s 5c 4d] [Ah]
Pandakey: checks
degal76: bets $6
Pandakey: calls $6
*** SHOW DOWN ***
degal76: shows [Js 4s] (two pair, Aces and Fours)
Pandakey: mucks hand
degal76 collected $41.50 from pot
*** SUMMARY ***
Total pot $42 | Rake $0.50
Board [Ad 6s 5c 4d Ah]
Seat 5: Pandakey (big blind) mucked
Seat 6: degal76 (button) (small blind) showed [Js 4s] and won ($41.50) with two pair, Aces and Fours


PokerStars Hand #157018320282:  Hold'em Limit ($3/$6 USD) - 2016/08/08 10:09:29 ET
Table 'Gacrux II' 6-max Seat #2 is the button
Seat 2: crash19867 ($192.65 in chips)
Seat 6: degal76 ($153.02 in chips)
crash19867: posts small blind $1
Chessnok: is sitting out
degal76: posts big blind $3
*** HOLE CARDS ***
crash19867: folds
Uncalled bet ($2) returned to degal76
degal76 collected $2 from pot
degal76: doesn't show hand
*** SUMMARY ***
Total pot $2 | Rake $0
Seat 2: crash19867 (button) (small blind) folded before Flop
Seat 6: degal76 (big blind) collected ($2)


PokerStars Hand #157018327097:  Hold'em Limit ($3/$6 USD) - 2016/08/08 10:09:42 ET
Table 'Gacrux II' 6-max Seat #2 is the button
Seat 2: crash19867 ($192.65 in chips)
Seat 6: degal76 ($153.02 in chips)
crash19867: posts small blind $1
degal76: posts big blind $3
*** HOLE CARDS ***
crash19867: folds
Uncalled bet ($2) returned to degal76
degal76 collected $2 from pot
degal76: doesn't show hand
*** SUMMARY ***
Total pot $2 | Rake $0
Seat 2: crash19867 (button) (small blind) folded before Flop
Seat 6: degal76 (big blind) collected ($2)


PokerStars Hand #157018324338:  Hold'em Limit ($3/$6 USD) - 2016/08/08 10:09:37 ET
Table 'Gacrux II' 6-max Seat #6 is the button
Seat 2: crash19867 ($191.65 in chips)
Seat 6: degal76 ($154.02 in chips)
degal76: posts small blind $1
Chessnok leaves the table
crash19867: posts big blind $3
*** HOLE CARDS ***
degal76: folds
Uncalled bet ($2) returned to crash19867
crash19867 collected $2 from pot
crash19867: doesn't show hand
*** SUMMARY ***
Total pot $2 | Rake $0
Seat 2: crash19867 (big blind) collected ($2)
Seat 6: degal76 (button) (small blind) folded before Flop


PokerStars Hand #157018344507:  Hold'em Limit ($3/$6 USD) - 2016/08/08 10:09:58 ET
Table 'Gacrux II' 6-max Seat #6 is the button
Seat 2: crash19867 ($191.65 in chips)
Seat 6: degal76 ($154.02 in chips)
ChipsOrre joins the table at seat #3
degal76: posts small blind $1
crash19867: posts big blind $3
*** HOLE CARDS ***
degal76: calls $2
crash19867: checks
*** FLOP *** [Jc Ac Ts]
crash19867: checks
degal76: bets $3
crash19867: folds
Uncalled bet ($3) returned to degal76
degal76 collected $5.88 from pot
degal76: doesn't show hand
*** SUMMARY ***
Total pot $6 | Rake $0.12
Board [Jc Ac Ts]
Seat 2: crash19867 (big blind) folded on the Flop
Seat 6: degal76 (button) (small blind) collected ($5.88)


PokerStars Hand #157018341866:  Hold'em Limit ($3/$6 USD) - 2016/08/08 10:09:53 ET
Table 'Gacrux II' 6-max Seat #2 is the button
Seat 2: crash19867 ($192.65 in chips)
Seat 6: degal76 ($153.02 in chips)
crash19867: posts small blind $1
degal76: posts big blind $3
*** HOLE CARDS ***
crash19867: folds
Uncalled bet ($2) returned to degal76
degal76 collected $2 from pot
degal76: doesn't show hand
*** SUMMARY ***
Total pot $2 | Rake $0
Seat 2: crash19867 (button) (small blind) folded before Flop
Seat 6: degal76 (big blind) collected ($2)


PokerStars Hand #157018330157:  Hold'em Limit ($3/$6 USD) - 2016/08/08 10:09:48 ET
Table 'Gacrux II' 6-max Seat #6 is the button
Seat 2: crash19867 ($191.65 in chips)
Seat 6: degal76 ($154.02 in chips)
degal76: posts small blind $1
crash19867: posts big blind $3
*** HOLE CARDS ***
degal76: folds
Uncalled bet ($2) returned to crash19867
crash19867 collected $2 from pot
crash19867: doesn't show hand
*** SUMMARY ***
Total pot $2 | Rake $0
Seat 2: crash19867 (big blind) collected ($2)
Seat 6: degal76 (button) (small blind) folded before Flop


PokerStars Hand #157018750389:  Hold'em Limit ($3/$6 USD) - 2016/08/08 10:22:34 ET
Table 'Gacrux II' 6-max Seat #4 is the button
Seat 3: ChipsOrre ($104.34 in chips)
Seat 4: Agrotait ($108.22 in chips)
Agrotait: posts small blind $1
ChipsOrre: posts big blind $3
*** HOLE CARDS ***
Agrotait: raises $3 to $6
ChipsOrre: folds
Uncalled bet ($3) returned to Agrotait
Agrotait collected $6 from pot
Agrotait: doesn't show hand
*** SUMMARY ***
Total pot $6 | Rake $0
Seat 3: ChipsOrre (big blind) folded before Flop
Seat 4: Agrotait (button) (small blind) collected ($6)


PokerStars Hand #157018717823:  Hold'em Limit ($3/$6 USD) - 2016/08/08 10:21:33 ET
Table 'Gacrux II' 6-max Seat #4 is the button
Seat 3: ChipsOrre ($107.84 in chips)
Seat 4: Agrotait ($105.72 in chips)
Agrotait: posts small blind $1
ChipsOrre: posts big blind $3
*** HOLE CARDS ***
Agrotait: raises $3 to $6
ChipsOrre: raises $3 to $9
Agrotait: calls $3
*** FLOP *** [Jd Qs 9h]
ChipsOrre: bets $3
Agrotait: calls $3
*** TURN *** [Jd Qs 9h] [Tc]
ChipsOrre: bets $6
Agrotait: raises $6 to $12
ChipsOrre: calls $6
*** RIVER *** [Jd Qs 9h Tc] [9d]
ChipsOrre: checks
Agrotait: bets $6
ChipsOrre: calls $6
*** SHOW DOWN ***
Agrotait: shows [Kc Jh] (a straight, Nine to King)
ChipsOrre: mucks hand
Agrotait collected $59.50 from pot
*** SUMMARY ***
Total pot $60 | Rake $0.50
Board [Jd Qs 9h Tc 9d]
Seat 3: ChipsOrre (big blind) mucked
Seat 4: Agrotait (button) (small blind) showed [Kc Jh] and won ($59.50) with a straight, Nine to King


PokerStars Hand #157018728995:  Hold'em Limit ($3/$6 USD) - 2016/08/08 10:21:54 ET
Table 'Gacrux II' 6-max Seat #3 is the button
Seat 3: ChipsOrre ($77.84 in chips)
Seat 4: Agrotait ($135.22 in chips)
ChipsOrre: posts small blind $1
Agrotait: posts big blind $3
*** HOLE CARDS ***
ChipsOrre: raises $3 to $6
Agrotait: raises $3 to $9
ChipsOrre: calls $3
*** FLOP *** [4d 5h Jc]
Agrotait: bets $3
ChipsOrre: raises $3 to $6
Agrotait: calls $3
*** TURN *** [4d 5h Jc] [Th]
Agrotait: checks
ChipsOrre: bets $6
Agrotait: calls $6
*** RIVER *** [4d 5h Jc Th] [Ah]
Agrotait: checks
ChipsOrre: bets $6
Agrotait: calls $6
*** SHOW DOWN ***
ChipsOrre: shows [7h 6h] (a flush, Ace high)
Agrotait: mucks hand
ChipsOrre collected $53.50 from pot
*** SUMMARY ***
Total pot $54 | Rake $0.50
Board [4d 5h Jc Th Ah]
Seat 3: ChipsOrre (button) (small blind) showed [7h 6h] and won ($53.50) with a flush, Ace high
Seat 4: Agrotait (big blind) mucked


PokerStars Hand #157018756554:  Hold'em Limit ($3/$6 USD) - 2016/08/08 10:22:45 ET
Table 'Gacrux II' 6-max Seat #3 is the button
Seat 3: ChipsOrre ($101.34 in chips)
Seat 4: Agrotait ($111.22 in chips)
ChipsOrre: posts small blind $1
Agrotait: posts big blind $3
*** HOLE CARDS ***
ChipsOrre: raises $3 to $6
Agrotait: calls $3
*** FLOP *** [9h 9c 6h]
Agrotait: checks
ChipsOrre: bets $3
Agrotait: calls $3
*** TURN *** [9h 9c 6h] [5s]
Agrotait: checks
ChipsOrre: checks
*** RIVER *** [9h 9c 6h 5s] [Ah]
Agrotait: bets $6
ChipsOrre: raises $6 to $12
Agrotait: folds
Uncalled bet ($6) returned to ChipsOrre
ChipsOrre collected $29.50 from pot
ChipsOrre: doesn't show hand
*** SUMMARY ***
Total pot $30 | Rake $0.50
Board [9h 9c 6h 5s Ah]
Seat 3: ChipsOrre (button) (small blind) collected ($29.50)
Seat 4: Agrotait (big blind) folded on the River


PokerStars Hand #157018776494:  Hold'em Limit ($3/$6 USD) - 2016/08/08 10:23:22 ET
Table 'Gacrux II' 6-max Seat #3 is the button
Seat 3: ChipsOrre ($115.59 in chips)
Seat 4: Agrotait ($95.97 in chips)
ChipsOrre: posts small blind $1
Agrotait: posts big blind $3
*** HOLE CARDS ***
ChipsOrre: raises $3 to $6
Agrotait: raises $3 to $9
ChipsOrre: calls $3
*** FLOP *** [4h Jc Kh]
Agrotait: checks
ChipsOrre: checks
*** TURN *** [4h Jc Kh] [3h]
Agrotait: bets $6
ChipsOrre: calls $6
*** RIVER *** [4h Jc Kh 3h] [7c]
Agrotait: bets $6
ChipsOrre: calls $6
*** SHOW DOWN ***
Agrotait: shows [7d 7h] (three of a kind, Sevens)
ChipsOrre: mucks hand
Agrotait collected $41.50 from pot
*** SUMMARY ***
Total pot $42 | Rake $0.50
Board [4h Jc Kh 3h 7c]
Seat 3: ChipsOrre (button) (small blind) mucked
Seat 4: Agrotait (big blind) showed [7d 7h] and won ($41.50) with three of a kind, Sevens


PokerStars Hand #157018767831:  Hold'em Limit ($3/$6 USD) - 2016/08/08 10:23:06 ET
Table 'Gacrux II' 6-max Seat #4 is the button
Seat 3: ChipsOrre ($115.84 in chips)
Seat 4: Agrotait ($96.22 in chips)
Agrotait: posts small blind $1
ChipsOrre: posts big blind $3
*** HOLE CARDS ***
Agrotait: raises $3 to $6
ChipsOrre: raises $3 to $9
Agrotait: calls $3
*** FLOP *** [Ad 5d 2d]
ChipsOrre: bets $3
Agrotait: calls $3
*** TURN *** [Ad 5d 2d] [3c]
ChipsOrre: bets $6
Agrotait: raises $6 to $12
ChipsOrre: raises $6 to $18
Agrotait: calls $6
*** RIVER *** [Ad 5d 2d 3c] [Th]
ChipsOrre: bets $6
Agrotait: calls $6
*** SHOW DOWN ***
ChipsOrre: shows [4d 4s] (a straight, Ace to Five)
Agrotait: shows [Qc 4c] (a straight, Ace to Five)
ChipsOrre collected $35.75 from pot
Agrotait collected $35.75 from pot
*** SUMMARY ***
Total pot $72 | Rake $0.50
Board [Ad 5d 2d 3c Th]
Seat 3: ChipsOrre (big blind) showed [4d 4s] and won ($35.75) with a straight, Ace to Five
Seat 4: Agrotait (button) (small blind) showed [Qc 4c] and won ($35.75) with a straight, Ace to Five


PokerStars Hand #157018785475:  Hold'em Limit ($3/$6 USD) - 2016/08/08 10:23:39 ET
Table 'Gacrux II' 6-max Seat #4 is the button
Seat 3: ChipsOrre ($94.59 in chips)
Seat 4: Agrotait ($116.47 in chips)
Agrotait: posts small blind $1
ChipsOrre: posts big blind $3
*** HOLE CARDS ***
Agrotait: raises $3 to $6
ChipsOrre: raises $3 to $9
Agrotait: calls $3
*** FLOP *** [4d 9d 5s]
ChipsOrre: bets $3
Agrotait: calls $3
*** TURN *** [4d 9d 5s] [2s]
ChipsOrre: bets $6
Agrotait: calls $6
*** RIVER *** [4d 9d 5s 2s] [2d]
ChipsOrre: checks
Agrotait: checks
*** SHOW DOWN ***
ChipsOrre: shows [Ac Qh] (a pair of Deuces)
Agrotait: mucks hand
ChipsOrre collected $35.50 from pot
*** SUMMARY ***
Total pot $36 | Rake $0.50
Board [4d 9d 5s 2s 2d]
Seat 3: ChipsOrre (big blind) showed [Ac Qh] and won ($35.50) with a pair of Deuces
Seat 4: Agrotait (button) (small blind) mucked


PokerStars Hand #157018819199:  Hold'em Limit ($3/$6 USD) - 2016/08/08 10:24:42 ET
Table 'Gacrux II' 6-max Seat #3 is the button
Seat 3: ChipsOrre ($112.09 in chips)
Seat 4: Agrotait ($98.47 in chips)
ChipsOrre: posts small blind $1
Agrotait: posts big blind $3
*** HOLE CARDS ***
ChipsOrre: folds
Uncalled bet ($2) returned to Agrotait
Agrotait collected $2 from pot
Agrotait: doesn't show hand
*** SUMMARY ***
Total pot $2 | Rake $0
Seat 3: ChipsOrre (button) (small blind) folded before Flop
Seat 4: Agrotait (big blind) collected ($2)


PokerStars Hand #157018821606:  Hold'em Limit ($3/$6 USD) - 2016/08/08 10:24:46 ET
Table 'Gacrux II' 6-max Seat #4 is the button
Seat 3: ChipsOrre ($111.09 in chips)
Seat 4: Agrotait ($99.47 in chips)
Agrotait: posts small blind $1
ChipsOrre: posts big blind $3
*** HOLE CARDS ***
Agrotait: raises $3 to $6
ChipsOrre: calls $3
*** FLOP *** [Ah Js 5d]
ChipsOrre: checks
Agrotait: bets $3
ChipsOrre: calls $3
*** TURN *** [Ah Js 5d] [9h]
ChipsOrre: checks
Agrotait: checks
*** RIVER *** [Ah Js 5d 9h] [2s]
ChipsOrre: checks
Agrotait: bets $6
ChipsOrre: calls $6
*** SHOW DOWN ***
Agrotait: shows [8d 7h] (high card Ace)
ChipsOrre: shows [Qd 5s] (a pair of Fives)
ChipsOrre collected $29.50 from pot
*** SUMMARY ***
Total pot $30 | Rake $0.50
Board [Ah Js 5d 9h 2s]
Seat 3: ChipsOrre (big blind) showed [Qd 5s] and won ($29.50) with a pair of Fives
Seat 4: Agrotait (button) (small blind) showed [8d 7h] and lost with high card Ace


PokerStars Hand #157018834842:  Hold'em Limit ($3/$6 USD) - 2016/08/08 10:25:11 ET
Table 'Gacrux II' 6-max Seat #3 is the button
Seat 3: ChipsOrre ($125.59 in chips)
Seat 4: Agrotait ($84.47 in chips)
ChipsOrre: posts small blind $1
Agrotait: posts big blind $3
*** HOLE CARDS ***
ChipsOrre: raises $3 to $6
Agrotait: calls $3
*** FLOP *** [Td Tc Js]
Agrotait: checks
ChipsOrre: bets $3
Agrotait: folds
Uncalled bet ($3) returned to ChipsOrre
ChipsOrre collected $11.76 from pot
ChipsOrre: doesn't show hand
*** SUMMARY ***
Total pot $12 | Rake $0.24
Board [Td Tc Js]
Seat 3: ChipsOrre (button) (small blind) collected ($11.76)
Seat 4: Agrotait (big blind) folded on the Flop


