PokerStars Hand #166948944698:  Hold'em Limit ($3/$6 USD) - 2017/03/01 9:21:17 ET
Table 'Gacrux III' 10-max Seat #10 is the button
Seat 1: Brando Jr ($302.02 in chips)
Seat 10: Whitty29 ($462.76 in chips)
Whitty29: posts small blind $1
Brando Jr: posts big blind $3
*** HOLE CARDS ***
Whitty29: raises $3 to $6
Brando Jr: folds
Uncalled bet ($3) returned to Whitty29
Whitty29 collected $6 from pot
*** SUMMARY ***
Total pot $6 | Rake $0
Seat 1: Brando Jr (big blind) folded before Flop
Seat 10: Whitty29 (button) (small blind) collected ($6)


PokerStars Hand #166948937221:  Hold'em Limit ($3/$6 USD) - 2017/03/01 9:21:05 ET
Table 'Gacrux III' 10-max Seat #10 is the button
Seat 1: Brando Jr ($302.02 in chips)
Seat 10: Whitty29 ($462.76 in chips)
Whitty29: posts small blind $1
Brando Jr: posts big blind $3
*** HOLE CARDS ***
Whitty29: folds
Uncalled bet ($2) returned to Brando Jr
Brando Jr collected $2 from pot
Brando Jr: doesn't show hand
*** SUMMARY ***
Total pot $2 | Rake $0
Seat 1: Brando Jr (big blind) collected ($2)
Seat 10: Whitty29 (button) (small blind) folded before Flop


PokerStars Hand #166948919356:  Hold'em Limit ($3/$6 USD) - 2017/03/01 9:20:35 ET
Table 'Gacrux III' 10-max Seat #1 is the button
Seat 1: Brando Jr ($281.52 in chips)
Seat 10: Whitty29 ($483.76 in chips)
Brando Jr: posts small blind $1
Whitty29: posts big blind $3
*** HOLE CARDS ***
Brando Jr: raises $3 to $6
Whitty29: calls $3
*** FLOP *** [3s 7s 5d]
Whitty29: checks
Brando Jr: bets $3
Whitty29: calls $3
*** TURN *** [3s 7s 5d] [8h]
Whitty29: checks
Brando Jr: bets $6
Whitty29: calls $6
*** RIVER *** [3s 7s 5d 8h] [6c]
Whitty29: checks
Brando Jr: bets $6
Whitty29: calls $6
*** SHOW DOWN ***
Brando Jr: shows [9s 7h] (a straight, Five to Nine)
Whitty29: mucks hand
Brando Jr collected $41.50 from pot
*** SUMMARY ***
Total pot $42 | Rake $0.50
Board [3s 7s 5d 8h 6c]
Seat 1: Brando Jr (button) (small blind) showed [9s 7h] and won ($41.50) with a straight, Five to Nine
Seat 10: Whitty29 (big blind) mucked


PokerStars Hand #166948904791:  Hold'em Limit ($3/$6 USD) - 2017/03/01 9:20:12 ET
Table 'Gacrux III' 10-max Seat #10 is the button
Seat 1: Brando Jr ($270 in chips)
Seat 10: Whitty29 ($495.76 in chips)
Whitty29: posts small blind $1
Brando Jr: posts big blind $3
*** HOLE CARDS ***
Whitty29: raises $3 to $6
Brando Jr: raises $3 to $9
Whitty29: calls $3
*** FLOP *** [7c Qc 4c]
Brando Jr: bets $3
Whitty29: calls $3
*** TURN *** [7c Qc 4c] [Tc]
Brando Jr: bets $6
Whitty29: folds
Uncalled bet ($6) returned to Brando Jr
Brando Jr collected $23.52 from pot
Brando Jr: doesn't show hand
*** SUMMARY ***
Total pot $24 | Rake $0.48
Board [7c Qc 4c Tc]
Seat 1: Brando Jr (big blind) collected ($23.52)
Seat 10: Whitty29 (button) (small blind) folded on the Turn


PokerStars Hand #166948940800:  Hold'em Limit ($3/$6 USD) - 2017/03/01 9:21:10 ET
Table 'Gacrux III' 10-max Seat #1 is the button
Seat 1: Brando Jr ($303.02 in chips)
Seat 10: Whitty29 ($461.76 in chips)
Brando Jr: posts small blind $1
Whitty29: posts big blind $3
*** HOLE CARDS ***
Pelurile joins the table at seat #2
Brando Jr: folds
Uncalled bet ($2) returned to Whitty29
Whitty29 collected $2 from pot
*** SUMMARY ***
Total pot $2 | Rake $0
Seat 1: Brando Jr (button) (small blind) folded before Flop
Seat 10: Whitty29 (big blind) collected ($2)


PokerStars Hand #166949100730:  Hold'em Limit ($3/$6 USD) - 2017/03/01 9:25:27 ET
Table 'Gacrux III' 10-max Seat #2 is the button
Seat 1: Brando Jr ($277.63 in chips)
Seat 2: Pelurile ($84.34 in chips)
Pelurile: posts small blind $1
Brando Jr: posts big blind $3
*** HOLE CARDS ***
Pelurile: raises $3 to $6
Brando Jr: calls $3
*** FLOP *** [3h 4h 9s]
Brando Jr: checks
Pelurile: bets $3
Brando Jr: raises $3 to $6
Pelurile: calls $3
*** TURN *** [3h 4h 9s] [6s]
Brando Jr: bets $6
Pelurile: raises $6 to $12
Brando Jr: calls $6
*** RIVER *** [3h 4h 9s 6s] [7c]
Brando Jr: checks
Pelurile: bets $6
Brando Jr: folds
Uncalled bet ($6) returned to Pelurile
Pelurile collected $47.50 from pot
Pelurile: doesn't show hand
*** SUMMARY ***
Total pot $48 | Rake $0.50
Board [3h 4h 9s 6s 7c]
Seat 1: Brando Jr (big blind) folded on the River
Seat 2: Pelurile (button) (small blind) collected ($47.50)


PokerStars Hand #166949138689:  Hold'em Limit ($3/$6 USD) - 2017/03/01 9:26:27 ET
Table 'Gacrux III' 10-max Seat #1 is the button
Seat 1: Brando Jr ($253.63 in chips)
Seat 2: Pelurile ($107.84 in chips)
Brando Jr: posts small blind $1
Pelurile: posts big blind $3
*** HOLE CARDS ***
Brando Jr: raises $3 to $6
Pelurile: calls $3
*** FLOP *** [Kd Qs Js]
Pelurile: checks
Brando Jr: bets $3
Pelurile: calls $3
*** TURN *** [Kd Qs Js] [As]
Pelurile: checks
Brando Jr: checks
*** RIVER *** [Kd Qs Js As] [Ah]
Pelurile: checks
Brando Jr: bets $6
Pelurile: folds
Uncalled bet ($6) returned to Brando Jr
Brando Jr collected $17.64 from pot
Brando Jr: doesn't show hand
*** SUMMARY ***
Total pot $18 | Rake $0.36
Board [Kd Qs Js As Ah]
Seat 1: Brando Jr (button) (small blind) collected ($17.64)
Seat 2: Pelurile (big blind) folded on the River


PokerStars Hand #166952335103:  Hold'em Limit ($3/$6 USD) - 2017/03/01 10:48:44 ET
Table 'Gacrux III' 10-max Seat #7 is the button
Seat 7: madmags4 ($60 in chips)
Seat 8: B_loJkl ($150 in chips)
madmags4: posts small blind $1
B_loJkl: posts big blind $3
*** HOLE CARDS ***
madmags4: folds
Uncalled bet ($2) returned to B_loJkl
B_loJkl collected $2 from pot
B_loJkl: doesn't show hand
*** SUMMARY ***
Total pot $2 | Rake $0
Seat 7: madmags4 (button) (small blind) folded before Flop
Seat 8: B_loJkl (big blind) collected ($2)


PokerStars Hand #166952382518:  Hold'em Limit ($3/$6 USD) - 2017/03/01 10:49:52 ET
Table 'Gacrux III' 10-max Seat #7 is the button
Seat 7: madmags4 ($67.64 in chips)
Seat 8: B_loJkl ($142 in chips)
madmags4: posts small blind $1
B_loJkl: posts big blind $3
*** HOLE CARDS ***
madmags4: folds
Uncalled bet ($2) returned to B_loJkl
B_loJkl collected $2 from pot
B_loJkl: doesn't show hand
*** SUMMARY ***
Total pot $2 | Rake $0
Seat 7: madmags4 (button) (small blind) folded before Flop
Seat 8: B_loJkl (big blind) collected ($2)


PokerStars Hand #166952359182:  Hold'em Limit ($3/$6 USD) - 2017/03/01 10:49:19 ET
Table 'Gacrux III' 10-max Seat #8 is the button
Seat 7: madmags4 ($59 in chips)
Seat 8: B_loJkl ($151 in chips)
B_loJkl: posts small blind $1
madmags4: posts big blind $3
*** HOLE CARDS ***
B_loJkl: raises $3 to $6
madmags4: calls $3
*** FLOP *** [Qd 6s Ac]
madmags4: checks
B_loJkl: bets $3
madmags4: calls $3
*** TURN *** [Qd 6s Ac] [Js]
madmags4: checks
B_loJkl: checks
*** RIVER *** [Qd 6s Ac Js] [Jd]
KristinaMH joins the table at seat #9
madmags4: checks
B_loJkl: checks
*** SHOW DOWN ***
madmags4: shows [3d Kc] (a pair of Jacks)
B_loJkl: mucks hand
madmags4 collected $17.64 from pot
*** SUMMARY ***
Total pot $18 | Rake $0.36
Board [Qd 6s Ac Js Jd]
Seat 7: madmags4 (big blind) showed [3d Kc] and won ($17.64) with a pair of Jacks
Seat 8: B_loJkl (button) (small blind) mucked


PokerStars Hand #166953580469:  Hold'em Limit ($3/$6 USD) - 2017/03/01 11:18:45 ET
Table 'Gacrux III' 10-max Seat #3 is the button
Seat 2: LouisB ($134.58 in chips)
Seat 3: mAscCleaner ($82.61 in chips)
mAscCleaner: posts small blind $1
B_loJkl: is sitting out
Ale4o: is sitting out
LouisB: posts big blind $3
*** HOLE CARDS ***
Ale4o leaves the table
mAscCleaner: calls $2
LouisB: checks
*** FLOP *** [7s 3h Js]
LouisB: checks
mAscCleaner: bets $3
LouisB: folds
Uncalled bet ($3) returned to mAscCleaner
mAscCleaner collected $5.88 from pot
mAscCleaner: doesn't show hand
*** SUMMARY ***
Total pot $6 | Rake $0.12
Board [7s 3h Js]
Seat 2: LouisB (big blind) folded on the Flop
Seat 3: mAscCleaner (button) (small blind) collected ($5.88)


