PokerStars Hand #146605993928:  Hold'em Limit ($3/$6 USD) - 2016/01/07 0:13:21 ET
Table 'Gacrux' 2-max Seat #2 is the button
Seat 1: Azrarn ($92.26 in chips)
Seat 2: HARDGURU ($166.15 in chips)
HARDGURU: posts small blind $1
Azrarn: posts big blind $3
*** HOLE CARDS ***
HARDGURU: raises $3 to $6
Azrarn: calls $3
*** FLOP *** [Ts Kh 4h]
Azrarn: checks
HARDGURU: bets $3
Azrarn: folds
Uncalled bet ($3) returned to HARDGURU
HARDGURU collected $11.76 from pot
HARDGURU: doesn't show hand
*** SUMMARY ***
Total pot $12 | Rake $0.24
Board [Ts Kh 4h]
Seat 1: Azrarn (big blind) folded on the Flop
Seat 2: HARDGURU (button) (small blind) collected ($11.76)


PokerStars Hand #146605980274:  Hold'em Limit ($3/$6 USD) - 2016/01/07 0:12:34 ET
Table 'Gacrux' 2-max Seat #1 is the button
Seat 1: Azrarn ($77.76 in chips)
Seat 2: HARDGURU ($181.15 in chips)
Azrarn: posts small blind $1
HARDGURU: posts big blind $3
*** HOLE CARDS ***
Azrarn: raises $3 to $6
HARDGURU: calls $3
*** FLOP *** [6d 4d 3h]
HARDGURU: checks
Azrarn: bets $3
HARDGURU: calls $3
*** TURN *** [6d 4d 3h] [Js]
HARDGURU: checks
Azrarn: bets $6
HARDGURU: calls $6
*** RIVER *** [6d 4d 3h Js] [5c]
HARDGURU: checks
Azrarn: bets $6
HARDGURU: folds
Uncalled bet ($6) returned to Azrarn
Azrarn collected $29.50 from pot
Azrarn: doesn't show hand
*** SUMMARY ***
Total pot $30 | Rake $0.50
Board [6d 4d 3h Js 5c]
Seat 1: Azrarn (button) (small blind) collected ($29.50)
Seat 2: HARDGURU (big blind) folded on the River


PokerStars Hand #146606011775:  Hold'em Limit ($3/$6 USD) - 2016/01/07 0:14:23 ET
Table 'Gacrux' 2-max Seat #1 is the button
Seat 1: Azrarn ($80.64 in chips)
Seat 2: HARDGURU ($183.41 in chips)
Azrarn: posts small blind $1
HARDGURU: posts big blind $3
*** HOLE CARDS ***
Azrarn: raises $3 to $6
HARDGURU: calls $3
*** FLOP *** [7d 9d 9h]
HARDGURU: checks
Azrarn: bets $3
HARDGURU: calls $3
*** TURN *** [7d 9d 9h] [7s]
HARDGURU: checks
Azrarn: bets $6
HARDGURU: calls $6
*** RIVER *** [7d 9d 9h 7s] [6c]
HARDGURU: checks
Azrarn: bets $6
HARDGURU: raises $6 to $12
Azrarn: folds
Uncalled bet ($6) returned to HARDGURU
HARDGURU collected $41.50 from pot
HARDGURU: doesn't show hand
*** SUMMARY ***
Total pot $42 | Rake $0.50
Board [7d 9d 9h 7s 6c]
Seat 1: Azrarn (button) (small blind) folded on the River
Seat 2: HARDGURU (big blind) collected ($41.50)


PokerStars Hand #146606007558:  Hold'em Limit ($3/$6 USD) - 2016/01/07 0:14:08 ET
Table 'Gacrux' 2-max Seat #2 is the button
Seat 1: Azrarn ($72 in chips)
Seat 2: HARDGURU ($192.41 in chips)
HARDGURU: posts small blind $1
Azrarn: posts big blind $3
*** HOLE CARDS ***
HARDGURU: raises $3 to $6
Azrarn: raises $3 to $9
HARDGURU: calls $3
*** FLOP *** [As 8h Kc]
Azrarn: bets $3
HARDGURU: folds
Uncalled bet ($3) returned to Azrarn
Azrarn collected $17.64 from pot
Azrarn: doesn't show hand
*** SUMMARY ***
Total pot $18 | Rake $0.36
Board [As 8h Kc]
Seat 1: Azrarn (big blind) collected ($17.64)
Seat 2: HARDGURU (button) (small blind) folded on the Flop


PokerStars Hand #146606987779:  Hold'em Limit ($3/$6 USD) - 2016/01/07 1:11:24 ET
Table 'Gacrux' 2-max Seat #2 is the button
Seat 1: Azrarn ($72 in chips)
Seat 2: HARDGURU ($198 in chips)
HARDGURU: posts small blind $1
Azrarn: posts big blind $3
*** HOLE CARDS ***
HARDGURU: raises $3 to $6
Azrarn: folds
Uncalled bet ($3) returned to HARDGURU
HARDGURU collected $6 from pot
HARDGURU: doesn't show hand
*** SUMMARY ***
Total pot $6 | Rake $0
Seat 1: Azrarn (big blind) folded before Flop
Seat 2: HARDGURU (button) (small blind) collected ($6)


PokerStars Hand #146606991943:  Hold'em Limit ($3/$6 USD) - 2016/01/07 1:11:38 ET
Table 'Gacrux' 2-max Seat #1 is the button
Seat 1: Azrarn ($72 in chips)
Seat 2: HARDGURU ($201 in chips)
Azrarn: posts small blind $1
HARDGURU: posts big blind $3
*** HOLE CARDS ***
Azrarn: raises $3 to $6
HARDGURU: calls $3
*** FLOP *** [Qc Ad Js]
HARDGURU: checks
Azrarn: bets $3
HARDGURU: calls $3
*** TURN *** [Qc Ad Js] [2d]
HARDGURU: checks
Azrarn: checks
*** RIVER *** [Qc Ad Js 2d] [2h]
HARDGURU: bets $6
Azrarn: folds
Uncalled bet ($6) returned to HARDGURU
HARDGURU collected $17.64 from pot
HARDGURU: doesn't show hand
*** SUMMARY ***
Total pot $18 | Rake $0.36
Board [Qc Ad Js 2d 2h]
Seat 1: Azrarn (button) (small blind) folded on the River
Seat 2: HARDGURU (big blind) collected ($17.64)


