PokerStars Hand #163234231531:  Hold'em Limit ($3/$6 USD) - 2016/12/20 6:53:55 ET
Table 'Gacrux II' 6-max Seat #4 is the button
Seat 3: gabiruboy ($35.42 in chips)
Seat 4: B_loJkl ($149.60 in chips)
B_loJkl: posts small blind $1
gabiruboy: posts big blind $3
*** HOLE CARDS ***
B_loJkl: raises $3 to $6
gabiruboy: calls $3
*** FLOP *** [4c Jh Kc]
gabiruboy: checks
B_loJkl: bets $3
gabiruboy: calls $3
*** TURN *** [4c Jh Kc] [Qc]
gabiruboy: checks
B_loJkl: checks
*** RIVER *** [4c Jh Kc Qc] [7h]
gabiruboy: bets $6
B_loJkl: folds
Uncalled bet ($6) returned to gabiruboy
gabiruboy collected $17.64 from pot
gabiruboy: doesn't show hand
*** SUMMARY ***
Total pot $18 | Rake $0.36
Board [4c Jh Kc Qc 7h]
Seat 3: gabiruboy (big blind) collected ($17.64)
Seat 4: B_loJkl (button) (small blind) folded on the River


PokerStars Hand #163234225077:  Hold'em Limit ($3/$6 USD) - 2016/12/20 6:53:41 ET
Table 'Gacrux II' 6-max Seat #3 is the button
Seat 3: gabiruboy ($29.66 in chips)
Seat 4: B_loJkl ($155.60 in chips)
gabiruboy: posts small blind $1
B_loJkl: posts big blind $3
*** HOLE CARDS ***
gabiruboy: raises $3 to $6
B_loJkl: calls $3
*** FLOP *** [Qc 7c Ad]
B_loJkl: checks
gabiruboy: bets $3
B_loJkl: folds
Uncalled bet ($3) returned to gabiruboy
gabiruboy collected $11.76 from pot
gabiruboy: doesn't show hand
*** SUMMARY ***
Total pot $12 | Rake $0.24
Board [Qc 7c Ad]
Seat 3: gabiruboy (button) (small blind) collected ($11.76)
Seat 4: B_loJkl (big blind) folded on the Flop


PokerStars Hand #163234265172:  Hold'em Limit ($3/$6 USD) - 2016/12/20 6:55:03 ET
Table 'Gacrux II' 6-max Seat #4 is the button
Seat 3: gabiruboy ($43.82 in chips)
Seat 4: B_loJkl ($140.36 in chips)
B_loJkl: posts small blind $1
gabiruboy: posts big blind $3
*** HOLE CARDS ***
B_loJkl: raises $3 to $6
gabiruboy: calls $3
*** FLOP *** [Qs Jd 5d]
gabiruboy: checks
B_loJkl: bets $3
gabiruboy: folds
Uncalled bet ($3) returned to B_loJkl
B_loJkl collected $11.76 from pot
B_loJkl: doesn't show hand
*** SUMMARY ***
Total pot $12 | Rake $0.24
Board [Qs Jd 5d]
Seat 3: gabiruboy (big blind) folded on the Flop
Seat 4: B_loJkl (button) (small blind) collected ($11.76)


PokerStars Hand #163234256868:  Hold'em Limit ($3/$6 USD) - 2016/12/20 6:54:46 ET
Table 'Gacrux II' 6-max Seat #3 is the button
Seat 3: gabiruboy ($40.94 in chips)
Seat 4: B_loJkl ($143.36 in chips)
gabiruboy: posts small blind $1
B_loJkl: posts big blind $3
*** HOLE CARDS ***
gabiruboy: calls $2
B_loJkl: checks
*** FLOP *** [5d Th 2d]
B_loJkl: checks
gabiruboy: checks
*** TURN *** [5d Th 2d] [Jd]
B_loJkl: checks
gabiruboy: bets $6
B_loJkl: folds
Uncalled bet ($6) returned to gabiruboy
gabiruboy collected $5.88 from pot
*** SUMMARY ***
Total pot $6 | Rake $0.12
Board [5d Th 2d Jd]
Seat 3: gabiruboy (button) (small blind) collected ($5.88)
Seat 4: B_loJkl (big blind) folded on the Turn


PokerStars Hand #163234249576:  Hold'em Limit ($3/$6 USD) - 2016/12/20 6:54:31 ET
Table 'Gacrux II' 6-max Seat #4 is the button
Seat 3: gabiruboy ($46.94 in chips)
Seat 4: B_loJkl ($137.60 in chips)
B_loJkl: posts small blind $1
gabiruboy: posts big blind $3
*** HOLE CARDS ***
B_loJkl: raises $3 to $6
gabiruboy: calls $3
*** FLOP *** [3h 3d 9c]
gabiruboy: checks
B_loJkl: bets $3
gabiruboy: folds
Uncalled bet ($3) returned to B_loJkl
B_loJkl collected $11.76 from pot
B_loJkl: doesn't show hand
*** SUMMARY ***
Total pot $12 | Rake $0.24
Board [3h 3d 9c]
Seat 3: gabiruboy (big blind) folded on the Flop
Seat 4: B_loJkl (button) (small blind) collected ($11.76)


PokerStars Hand #163234241184:  Hold'em Limit ($3/$6 USD) - 2016/12/20 6:54:14 ET
Table 'Gacrux II' 6-max Seat #3 is the button
Seat 3: gabiruboy ($44.06 in chips)
Seat 4: B_loJkl ($140.60 in chips)
gabiruboy: posts small blind $1
B_loJkl: posts big blind $3
*** HOLE CARDS ***
gabiruboy: calls $2
B_loJkl: checks
*** FLOP *** [Jh 3s 5h]
B_loJkl: checks
gabiruboy: checks
*** TURN *** [Jh 3s 5h] [Js]
B_loJkl: checks
gabiruboy: bets $6
B_loJkl: folds
Uncalled bet ($6) returned to gabiruboy
gabiruboy collected $5.88 from pot
*** SUMMARY ***
Total pot $6 | Rake $0.12
Board [Jh 3s 5h Js]
Seat 3: gabiruboy (button) (small blind) collected ($5.88)
Seat 4: B_loJkl (big blind) folded on the Turn


PokerStars Hand #163234280947:  Hold'em Limit ($3/$6 USD) - 2016/12/20 6:55:38 ET
Table 'Gacrux II' 6-max Seat #3 is the button
Seat 3: gabiruboy ($37.58 in chips)
Seat 4: B_loJkl ($145.88 in chips)
gabiruboy: posts small blind $1
B_loJkl: posts big blind $3
*** HOLE CARDS ***
gabiruboy: calls $2
B_loJkl: checks
*** FLOP *** [3d 5h 7s]
B_loJkl: bets $3
gabiruboy: calls $3
*** TURN *** [3d 5h 7s] [4d]
B_loJkl: checks
gabiruboy: bets $6
B_loJkl: calls $6
*** RIVER *** [3d 5h 7s 4d] [Td]
B_loJkl: checks
gabiruboy: bets $6
B_loJkl: calls $6
*** SHOW DOWN ***
gabiruboy: shows [6s Th] (a straight, Three to Seven)
B_loJkl: mucks hand
69benji joins the table at seat #1
gabiruboy collected $35.50 from pot
*** SUMMARY ***
Total pot $36 | Rake $0.50
Board [3d 5h 7s 4d Td]
Seat 3: gabiruboy (button) (small blind) showed [6s Th] and won ($35.50) with a straight, Three to Seven
Seat 4: B_loJkl (big blind) mucked


PokerStars Hand #163234276450:  Hold'em Limit ($3/$6 USD) - 2016/12/20 6:55:28 ET
Table 'Gacrux II' 6-max Seat #4 is the button
Seat 3: gabiruboy ($43.58 in chips)
Seat 4: B_loJkl ($140.12 in chips)
B_loJkl: posts small blind $1
gabiruboy: posts big blind $3
*** HOLE CARDS ***
B_loJkl: raises $3 to $6
gabiruboy: calls $3
*** FLOP *** [4c Qc Jh]
gabiruboy: checks
B_loJkl: bets $3
gabiruboy: folds
Uncalled bet ($3) returned to B_loJkl
B_loJkl collected $11.76 from pot
B_loJkl: doesn't show hand
*** SUMMARY ***
Total pot $12 | Rake $0.24
Board [4c Qc Jh]
Seat 3: gabiruboy (big blind) folded on the Flop
Seat 4: B_loJkl (button) (small blind) collected ($11.76)


PokerStars Hand #163234270965:  Hold'em Limit ($3/$6 USD) - 2016/12/20 6:55:15 ET
Table 'Gacrux II' 6-max Seat #3 is the button
Seat 3: gabiruboy ($37.82 in chips)
Seat 4: B_loJkl ($146.12 in chips)
gabiruboy: posts small blind $1
B_loJkl: posts big blind $3
*** HOLE CARDS ***
gabiruboy: raises $3 to $6
B_loJkl: calls $3
*** FLOP *** [Jc As 7s]
B_loJkl: checks
gabiruboy: bets $3
B_loJkl: folds
Uncalled bet ($3) returned to gabiruboy
gabiruboy collected $11.76 from pot
gabiruboy: doesn't show hand
*** SUMMARY ***
Total pot $12 | Rake $0.24
Board [Jc As 7s]
Seat 3: gabiruboy (button) (small blind) collected ($11.76)
Seat 4: B_loJkl (big blind) folded on the Flop


