PokerStars Hand #173298983332:  Hold'em Limit ($3/$6 USD) - 2017/07/20 20:04:47 ET
Table 'Gacrux' 6-max Seat #4 is the button
Seat 1: bAAchi ($229.72 in chips)
Seat 4: habari786 ($195.94 in chips)
simper11 will be allowed to play after the button
habari786: posts small blind $1
SEQUOIA2012: is sitting out
fifa1312: is sitting out
bAAchi: posts big blind $3
*** HOLE CARDS ***
habari786: folds
Uncalled bet ($2) returned to bAAchi
SEQUOIA2012 leaves the table
bAAchi collected $2 from pot
bAAchi: doesn't show hand
*** SUMMARY ***
Total pot $2 | Rake $0
Seat 1: bAAchi (big blind) collected ($2)
Seat 4: habari786 (button) (small blind) folded before Flop


PokerStars Hand #173299009729:  Hold'em Limit ($3/$6 USD) - 2017/07/20 20:05:39 ET
Table 'Gacrux' 6-max Seat #4 is the button
Seat 3: simper11 ($196.67 in chips)
Seat 4: habari786 ($202.95 in chips)
habari786: posts small blind $1
bAAchi: is sitting out
simper11: posts big blind $3
*** HOLE CARDS ***
habari786: folds
Uncalled bet ($2) returned to simper11
simper11 collected $2 from pot
simper11: doesn't show hand
*** SUMMARY ***
Total pot $2 | Rake $0
Seat 3: simper11 (big blind) collected ($2)
Seat 4: habari786 (button) (small blind) folded before Flop


PokerStars Hand #173299022776:  Hold'em Limit ($3/$6 USD) - 2017/07/20 20:06:06 ET
Table 'Gacrux' 6-max Seat #4 is the button
Seat 3: simper11 ($173.67 in chips)
Seat 4: habari786 ($225.45 in chips)
habari786: posts small blind $1
simper11: posts big blind $3
*** HOLE CARDS ***
habari786: folds
Uncalled bet ($2) returned to simper11
simper11 collected $2 from pot
simper11: doesn't show hand
*** SUMMARY ***
Total pot $2 | Rake $0
Seat 3: simper11 (big blind) collected ($2)
Seat 4: habari786 (button) (small blind) folded before Flop


PokerStars Hand #173299025836:  Hold'em Limit ($3/$6 USD) - 2017/07/20 20:06:12 ET
Table 'Gacrux' 6-max Seat #3 is the button
Seat 3: simper11 ($174.67 in chips)
Seat 4: habari786 ($224.45 in chips)
simper11: posts small blind $1
habari786: posts big blind $3
*** HOLE CARDS ***
simper11: raises $3 to $6
habari786: raises $3 to $9
simper11: calls $3
*** FLOP *** [7h Jh 2h]
habari786: checks
simper11: checks
*** TURN *** [7h Jh 2h] [7c]
habari786: bets $6
simper11: folds
Uncalled bet ($6) returned to habari786
habari786 collected $17.64 from pot
habari786: doesn't show hand
*** SUMMARY ***
Total pot $18 | Rake $0.36
Board [7h Jh 2h 7c]
Seat 3: simper11 (button) (small blind) folded on the Turn
Seat 4: habari786 (big blind) collected ($17.64)


PokerStars Hand #173299012196:  Hold'em Limit ($3/$6 USD) - 2017/07/20 20:05:44 ET
Table 'Gacrux' 6-max Seat #3 is the button
Seat 3: simper11 ($197.67 in chips)
Seat 4: habari786 ($201.95 in chips)
simper11: posts small blind $1
habari786: posts big blind $3
*** HOLE CARDS ***
simper11: raises $3 to $6
habari786: raises $3 to $9
simper11: calls $3
*** FLOP *** [Qc 3h 4s]
habari786: bets $3
simper11: calls $3
*** TURN *** [Qc 3h 4s] [9h]
habari786: bets $6
simper11: calls $6
*** RIVER *** [Qc 3h 4s 9h] [As]
habari786: checks
simper11: bets $6
habari786: calls $6
*** SHOW DOWN ***
simper11: shows [6c 5s] (high card Ace)
habari786: shows [Js 9s] (a pair of Nines)
habari786 collected $47.50 from pot
bAAchi leaves the table
*** SUMMARY ***
Total pot $48 | Rake $0.50
Board [Qc 3h 4s 9h As]
Seat 3: simper11 (button) (small blind) showed [6c 5s] and lost with high card Ace
Seat 4: habari786 (big blind) showed [Js 9s] and won ($47.50) with a pair of Nines


PokerStars Hand #173299044184:  Hold'em Limit ($3/$6 USD) - 2017/07/20 20:06:49 ET
Table 'Gacrux' 6-max Seat #3 is the button
Seat 3: simper11 ($159.67 in chips)
Seat 4: habari786 ($238.85 in chips)
simper11: posts small blind $1
habari786: posts big blind $3
*** HOLE CARDS ***
simper11: raises $3 to $6
habari786: raises $3 to $9
simper11: calls $3
*** FLOP *** [Qd Js 8d]
habari786: checks
simper11: checks
*** TURN *** [Qd Js 8d] [9d]
habari786: checks
simper11: bets $6
habari786: folds
Uncalled bet ($6) returned to simper11
simper11 collected $17.64 from pot
simper11: doesn't show hand
*** SUMMARY ***
Total pot $18 | Rake $0.36
Board [Qd Js 8d 9d]
Seat 3: simper11 (button) (small blind) collected ($17.64)
Seat 4: habari786 (big blind) folded on the Turn


PokerStars Hand #173299065179:  Hold'em Limit ($3/$6 USD) - 2017/07/20 20:07:32 ET
Table 'Gacrux' 6-max Seat #4 is the button
Seat 3: simper11 ($172.31 in chips)
Seat 4: habari786 ($225.85 in chips)
habari786: posts small blind $1
simper11: posts big blind $3
*** HOLE CARDS ***
habari786: folds
Uncalled bet ($2) returned to simper11
simper11 collected $2 from pot
simper11: doesn't show hand
*** SUMMARY ***
Total pot $2 | Rake $0
Seat 3: simper11 (big blind) collected ($2)
Seat 4: habari786 (button) (small blind) folded before Flop


PokerStars Hand #173299061284:  Hold'em Limit ($3/$6 USD) - 2017/07/20 20:07:24 ET
Table 'Gacrux' 6-max Seat #3 is the button
Seat 3: simper11 ($169.31 in chips)
Seat 4: habari786 ($228.85 in chips)
simper11: posts small blind $1
habari786: posts big blind $3
*** HOLE CARDS ***
simper11: raises $3 to $6
habari786: folds
Uncalled bet ($3) returned to simper11
simper11 collected $6 from pot
simper11: doesn't show hand
*** SUMMARY ***
Total pot $6 | Rake $0
Seat 3: simper11 (button) (small blind) collected ($6)
Seat 4: habari786 (big blind) folded before Flop


PokerStars Hand #173299056232:  Hold'em Limit ($3/$6 USD) - 2017/07/20 20:07:13 ET
Table 'Gacrux' 6-max Seat #4 is the button
Seat 3: simper11 ($168.31 in chips)
Seat 4: habari786 ($229.85 in chips)
habari786: posts small blind $1
simper11: posts big blind $3
*** HOLE CARDS ***
habari786: folds
Uncalled bet ($2) returned to simper11
simper11 collected $2 from pot
simper11: doesn't show hand
*** SUMMARY ***
Total pot $2 | Rake $0
Seat 3: simper11 (big blind) collected ($2)
Seat 4: habari786 (button) (small blind) folded before Flop


PokerStars Hand #173299076261:  Hold'em Limit ($3/$6 USD) - 2017/07/20 20:07:54 ET
Table 'Gacrux' 6-max Seat #3 is the button
Seat 3: simper11 ($176.07 in chips)
Seat 4: habari786 ($221.85 in chips)
simper11: posts small blind $1
habari786: posts big blind $3
*** HOLE CARDS ***
simper11: raises $3 to $6
habari786: raises $3 to $9
simper11: calls $3
*** FLOP *** [Jc Ks 5c]
habari786: bets $3
simper11: calls $3
*** TURN *** [Jc Ks 5c] [3c]
habari786: checks
simper11: checks
*** RIVER *** [Jc Ks 5c 3c] [Ad]
habari786: bets $6
simper11: calls $6
*** SHOW DOWN ***
habari786: shows [Ah 3h] (two pair, Aces and Threes)
simper11: mucks hand
habari786 collected $35.50 from pot
*** SUMMARY ***
Total pot $36 | Rake $0.50
Board [Jc Ks 5c 3c Ad]
Seat 3: simper11 (button) (small blind) mucked
Seat 4: habari786 (big blind) showed [Ah 3h] and won ($35.50) with two pair, Aces and Threes


PokerStars Hand #173299090695:  Hold'em Limit ($3/$6 USD) - 2017/07/20 20:08:13 ET
Table 'Gacrux' 6-max Seat #4 is the button
Seat 3: simper11 ($158.07 in chips)
Seat 4: habari786 ($239.35 in chips)
habari786: posts small blind $1
simper11: posts big blind $3
*** HOLE CARDS ***
habari786: folds
Uncalled bet ($2) returned to simper11
simper11 collected $2 from pot
simper11: doesn't show hand
*** SUMMARY ***
Total pot $2 | Rake $0
Seat 3: simper11 (big blind) collected ($2)
Seat 4: habari786 (button) (small blind) folded before Flop


PokerStars Hand #173299093161:  Hold'em Limit ($3/$6 USD) - 2017/07/20 20:08:18 ET
Table 'Gacrux' 6-max Seat #3 is the button
Seat 3: simper11 ($159.07 in chips)
Seat 4: habari786 ($238.35 in chips)
simper11: posts small blind $1
habari786: posts big blind $3
*** HOLE CARDS ***
simper11: folds
Uncalled bet ($2) returned to habari786
habari786 collected $2 from pot
habari786: doesn't show hand
*** SUMMARY ***
Total pot $2 | Rake $0
Seat 3: simper11 (button) (small blind) folded before Flop
Seat 4: habari786 (big blind) collected ($2)


PokerStars Hand #173299073443:  Hold'em Limit ($3/$6 USD) - 2017/07/20 20:07:48 ET
Table 'Gacrux' 6-max Seat #4 is the button
Seat 3: simper11 ($179.07 in chips)
Seat 4: habari786 ($218.85 in chips)
habari786: posts small blind $1
simper11: posts big blind $3
*** HOLE CARDS ***
habari786: raises $3 to $6
simper11: folds
Uncalled bet ($3) returned to habari786
habari786 collected $6 from pot
habari786: doesn't show hand
*** SUMMARY ***
Total pot $6 | Rake $0
Seat 3: simper11 (big blind) folded before Flop
Seat 4: habari786 (button) (small blind) collected ($6)


PokerStars Hand #173299067545:  Hold'em Limit ($3/$6 USD) - 2017/07/20 20:07:36 ET
Table 'Gacrux' 6-max Seat #3 is the button
Seat 3: simper11 ($173.31 in chips)
Seat 4: habari786 ($224.85 in chips)
simper11: posts small blind $1
habari786: posts big blind $3
*** HOLE CARDS ***
simper11: raises $3 to $6
habari786: calls $3
*** FLOP *** [Ac 2h 2s]
habari786: checks
simper11: bets $3
habari786: folds
Uncalled bet ($3) returned to simper11
simper11 collected $11.76 from pot
simper11: doesn't show hand
*** SUMMARY ***
Total pot $12 | Rake $0.24
Board [Ac 2h 2s]
Seat 3: simper11 (button) (small blind) collected ($11.76)
Seat 4: habari786 (big blind) folded on the Flop


PokerStars Hand #173299115470:  Hold'em Limit ($3/$6 USD) - 2017/07/20 20:09:04 ET
Table 'Gacrux' 6-max Seat #4 is the button
Seat 3: simper11 ($170.59 in chips)
Seat 4: habari786 ($226.35 in chips)
habari786: posts small blind $1
simper11: posts big blind $3
*** HOLE CARDS ***
habari786: folds
Uncalled bet ($2) returned to simper11
simper11 collected $2 from pot
simper11: doesn't show hand
*** SUMMARY ***
Total pot $2 | Rake $0
Seat 3: simper11 (big blind) collected ($2)
Seat 4: habari786 (button) (small blind) folded before Flop


PokerStars Hand #173299103118:  Hold'em Limit ($3/$6 USD) - 2017/07/20 20:08:39 ET
Table 'Gacrux' 6-max Seat #3 is the button
Seat 3: simper11 ($159.07 in chips)
Seat 4: habari786 ($238.35 in chips)
simper11: posts small blind $1
habari786: posts big blind $3
*** HOLE CARDS ***
simper11: raises $3 to $6
habari786: raises $3 to $9
simper11: calls $3
*** FLOP *** [4c Jh 6h]
habari786: bets $3
simper11: calls $3
*** TURN *** [4c Jh 6h] [Js]
habari786: checks
simper11: checks
*** RIVER *** [4c Jh 6h Js] [6d]
habari786: checks
simper11: checks
*** SHOW DOWN ***
habari786: shows [7d 5d] (two pair, Jacks and Sixes)
simper11: shows [Qs 9s] (two pair, Jacks and Sixes - Queen kicker)
simper11 collected $23.52 from pot
*** SUMMARY ***
Total pot $24 | Rake $0.48
Board [4c Jh 6h Js 6d]
Seat 3: simper11 (button) (small blind) showed [Qs 9s] and won ($23.52) with two pair, Jacks and Sixes
Seat 4: habari786 (big blind) showed [7d 5d] and lost with two pair, Jacks and Sixes


PokerStars Hand #173299117654:  Hold'em Limit ($3/$6 USD) - 2017/07/20 20:09:08 ET
Table 'Gacrux' 6-max Seat #3 is the button
Seat 3: simper11 ($171.59 in chips)
Seat 4: habari786 ($225.35 in chips)
simper11: posts small blind $1
habari786: posts big blind $3
*** HOLE CARDS ***
simper11: raises $3 to $6
habari786: folds
Uncalled bet ($3) returned to simper11
simper11 collected $6 from pot
simper11: doesn't show hand
*** SUMMARY ***
Total pot $6 | Rake $0
Seat 3: simper11 (button) (small blind) collected ($6)
Seat 4: habari786 (big blind) folded before Flop


PokerStars Hand #173299100001:  Hold'em Limit ($3/$6 USD) - 2017/07/20 20:08:32 ET
Table 'Gacrux' 6-max Seat #4 is the button
Seat 3: simper11 ($158.07 in chips)
Seat 4: habari786 ($239.35 in chips)
habari786: posts small blind $1
simper11: posts big blind $3
*** HOLE CARDS ***
habari786: folds
Uncalled bet ($2) returned to simper11
simper11 collected $2 from pot
simper11: doesn't show hand
*** SUMMARY ***
Total pot $2 | Rake $0
Seat 3: simper11 (big blind) collected ($2)
Seat 4: habari786 (button) (small blind) folded before Flop


PokerStars Hand #173299142547:  Hold'em Limit ($3/$6 USD) - 2017/07/20 20:09:58 ET
Table 'Gacrux' 6-max Seat #3 is the button
Seat 3: simper11 ($183.23 in chips)
Seat 4: habari786 ($213.35 in chips)
simper11: posts small blind $1
habari786: posts big blind $3
*** HOLE CARDS ***
simper11: folds
Uncalled bet ($2) returned to habari786
habari786 collected $2 from pot
habari786: doesn't show hand
*** SUMMARY ***
Total pot $2 | Rake $0
Seat 3: simper11 (button) (small blind) folded before Flop
Seat 4: habari786 (big blind) collected ($2)


PokerStars Hand #173299148749:  Hold'em Limit ($3/$6 USD) - 2017/07/20 20:10:11 ET
Table 'Gacrux' 6-max Seat #3 is the button
Seat 3: simper11 ($183.23 in chips)
Seat 4: habari786 ($213.35 in chips)
simper11: posts small blind $1
habari786: posts big blind $3
*** HOLE CARDS ***
simper11: raises $3 to $6
habari786: calls $3
*** FLOP *** [2c 3d Kd]
habari786: bets $3
simper11: raises $3 to $6
habari786: calls $3
*** TURN *** [2c 3d Kd] [6h]
habari786: checks
simper11: bets $6
habari786: calls $6
*** RIVER *** [2c 3d Kd 6h] [4s]
habari786: checks
simper11: bets $6
habari786: calls $6
*** SHOW DOWN ***
simper11: shows [5s Jc] (a straight, Deuce to Six)
habari786: mucks hand
simper11 collected $47.50 from pot
*** SUMMARY ***
Total pot $48 | Rake $0.50
Board [2c 3d Kd 6h 4s]
Seat 3: simper11 (button) (small blind) showed [5s Jc] and won ($47.50) with a straight, Deuce to Six
Seat 4: habari786 (big blind) mucked


PokerStars Hand #173299121754:  Hold'em Limit ($3/$6 USD) - 2017/07/20 20:09:16 ET
Table 'Gacrux' 6-max Seat #4 is the button
Seat 3: simper11 ($174.59 in chips)
Seat 4: habari786 ($222.35 in chips)
habari786: posts small blind $1
simper11: posts big blind $3
*** HOLE CARDS ***
habari786: raises $3 to $6
simper11: calls $3
*** FLOP *** [Qh 7c 2h]
simper11: checks
habari786: bets $3
simper11: raises $3 to $6
habari786: folds
Uncalled bet ($3) returned to simper11
simper11 collected $17.64 from pot
simper11: doesn't show hand
*** SUMMARY ***
Total pot $18 | Rake $0.36
Board [Qh 7c 2h]
Seat 3: simper11 (big blind) collected ($17.64)
Seat 4: habari786 (button) (small blind) folded on the Flop


PokerStars Hand #173299145056:  Hold'em Limit ($3/$6 USD) - 2017/07/20 20:10:03 ET
Table 'Gacrux' 6-max Seat #4 is the button
Seat 3: simper11 ($182.23 in chips)
Seat 4: habari786 ($214.35 in chips)
habari786: posts small blind $1
simper11: posts big blind $3
*** HOLE CARDS ***
habari786: folds
Uncalled bet ($2) returned to simper11
simper11 collected $2 from pot
simper11: doesn't show hand
*** SUMMARY ***
Total pot $2 | Rake $0
Seat 3: simper11 (big blind) collected ($2)
Seat 4: habari786 (button) (small blind) folded before Flop


PokerStars Hand #173299160403:  Hold'em Limit ($3/$6 USD) - 2017/07/20 20:10:35 ET
Table 'Gacrux' 6-max Seat #4 is the button
Seat 3: simper11 ($206.73 in chips)
Seat 4: habari786 ($189.35 in chips)
habari786: posts small blind $1
simper11: posts big blind $3
*** HOLE CARDS ***
habari786: raises $3 to $6
simper11: calls $3
*** FLOP *** [8h 2d 5d]
simper11: checks
habari786: bets $3
simper11: raises $3 to $6
habari786: calls $3
*** TURN *** [8h 2d 5d] [Kh]
simper11: bets $6
habari786: folds
Uncalled bet ($6) returned to simper11
simper11 collected $23.52 from pot
simper11: doesn't show hand
*** SUMMARY ***
Total pot $24 | Rake $0.48
Board [8h 2d 5d Kh]
Seat 3: simper11 (big blind) collected ($23.52)
Seat 4: habari786 (button) (small blind) folded on the Turn


PokerStars Hand #173299185574:  Hold'em Limit ($3/$6 USD) - 2017/07/20 20:11:26 ET
Table 'Gacrux' 6-max Seat #4 is the button
Seat 3: simper11 ($218.25 in chips)
Seat 4: habari786 ($177.11 in chips)
habari786: posts small blind $1
simper11: posts big blind $3
*** HOLE CARDS ***
habari786: folds
Uncalled bet ($2) returned to simper11
simper11 collected $2 from pot
simper11: doesn't show hand
*** SUMMARY ***
Total pot $2 | Rake $0
Seat 3: simper11 (big blind) collected ($2)
Seat 4: habari786 (button) (small blind) folded before Flop


PokerStars Hand #173299180559:  Hold'em Limit ($3/$6 USD) - 2017/07/20 20:11:16 ET
Table 'Gacrux' 6-max Seat #3 is the button
Seat 3: simper11 ($215.25 in chips)
Seat 4: habari786 ($180.11 in chips)
simper11: posts small blind $1
habari786: posts big blind $3
*** HOLE CARDS ***
simper11: raises $3 to $6
habari786: folds
Uncalled bet ($3) returned to simper11
simper11 collected $6 from pot
simper11: doesn't show hand
*** SUMMARY ***
Total pot $6 | Rake $0
Seat 3: simper11 (button) (small blind) collected ($6)
Seat 4: habari786 (big blind) folded before Flop


PokerStars Hand #173299168437:  Hold'em Limit ($3/$6 USD) - 2017/07/20 20:10:51 ET
Table 'Gacrux' 6-max Seat #3 is the button
Seat 3: simper11 ($218.25 in chips)
Seat 4: habari786 ($177.35 in chips)
simper11: posts small blind $1
habari786: posts big blind $3
*** HOLE CARDS ***
simper11: raises $3 to $6
habari786: folds
Uncalled bet ($3) returned to simper11
simper11 collected $6 from pot
simper11: doesn't show hand
*** SUMMARY ***
Total pot $6 | Rake $0
Seat 3: simper11 (button) (small blind) collected ($6)
Seat 4: habari786 (big blind) folded before Flop


PokerStars Hand #173299187916:  Hold'em Limit ($3/$6 USD) - 2017/07/20 20:11:31 ET
Table 'Gacrux' 6-max Seat #3 is the button
Seat 3: simper11 ($219.25 in chips)
Seat 4: habari786 ($176.11 in chips)
simper11: posts small blind $1
habari786: posts big blind $3
*** HOLE CARDS ***
simper11: raises $3 to $6
habari786: calls $3
*** FLOP *** [Kd 9s Ks]
habari786: checks
simper11: bets $3
habari786: folds
Uncalled bet ($3) returned to simper11
simper11 collected $11.76 from pot
simper11: doesn't show hand
*** SUMMARY ***
Total pot $12 | Rake $0.24
Board [Kd 9s Ks]
Seat 3: simper11 (button) (small blind) collected ($11.76)
Seat 4: habari786 (big blind) folded on the Flop


PokerStars Hand #173299214594:  Hold'em Limit ($3/$6 USD) - 2017/07/20 20:12:26 ET
Table 'Gacrux' 6-max Seat #4 is the button
Seat 3: simper11 ($251.51 in chips)
Seat 4: habari786 ($143.11 in chips)
habari786: posts small blind $1
simper11: posts big blind $3
*** HOLE CARDS ***
habari786: raises $3 to $6
simper11: folds
Uncalled bet ($3) returned to habari786
habari786 collected $6 from pot
habari786: doesn't show hand
*** SUMMARY ***
Total pot $6 | Rake $0
Seat 3: simper11 (big blind) folded before Flop
Seat 4: habari786 (button) (small blind) collected ($6)


PokerStars Hand #173299193268:  Hold'em Limit ($3/$6 USD) - 2017/07/20 20:11:42 ET
Table 'Gacrux' 6-max Seat #4 is the button
Seat 3: simper11 ($225.01 in chips)
Seat 4: habari786 ($170.11 in chips)
habari786: posts small blind $1
simper11: posts big blind $3
*** HOLE CARDS ***
habari786: raises $3 to $6
simper11: folds
Uncalled bet ($3) returned to habari786
habari786 collected $6 from pot
habari786: doesn't show hand
*** SUMMARY ***
Total pot $6 | Rake $0
Seat 3: simper11 (big blind) folded before Flop
Seat 4: habari786 (button) (small blind) collected ($6)


PokerStars Hand #173299197932:  Hold'em Limit ($3/$6 USD) - 2017/07/20 20:11:51 ET
Table 'Gacrux' 6-max Seat #3 is the button
Seat 3: simper11 ($222.01 in chips)
Seat 4: habari786 ($173.11 in chips)
simper11: posts small blind $1
habari786: posts big blind $3
*** HOLE CARDS ***
simper11: raises $3 to $6
habari786: calls $3
*** FLOP *** [2d Ad Qc]
habari786: bets $3
simper11: raises $3 to $6
habari786: calls $3
*** TURN *** [2d Ad Qc] [7s]
habari786: bets $6
simper11: raises $6 to $12
habari786: calls $6
*** RIVER *** [2d Ad Qc 7s] [9h]
habari786: checks
simper11: bets $6
habari786: calls $6
*** SHOW DOWN ***
simper11: shows [As Kd] (a pair of Aces)
habari786: mucks hand
simper11 collected $59.50 from pot
*** SUMMARY ***
Total pot $60 | Rake $0.50
Board [2d Ad Qc 7s 9h]
Seat 3: simper11 (button) (small blind) showed [As Kd] and won ($59.50) with a pair of Aces
Seat 4: habari786 (big blind) mucked


PokerStars Hand #173299224844:  Hold'em Limit ($3/$6 USD) - 2017/07/20 20:12:47 ET
Table 'Gacrux' 6-max Seat #3 is the button
Seat 3: simper11 ($248.51 in chips)
Seat 4: habari786 ($146.11 in chips)
simper11: posts small blind $1
habari786: posts big blind $3
*** HOLE CARDS ***
simper11: folds
Uncalled bet ($2) returned to habari786
habari786 collected $2 from pot
habari786: doesn't show hand
*** SUMMARY ***
Total pot $2 | Rake $0
Seat 3: simper11 (button) (small blind) folded before Flop
Seat 4: habari786 (big blind) collected ($2)


PokerStars Hand #173299229666:  Hold'em Limit ($3/$6 USD) - 2017/07/20 20:12:56 ET
Table 'Gacrux' 6-max Seat #4 is the button
Seat 3: simper11 ($247.51 in chips)
Seat 4: habari786 ($147.11 in chips)
habari786: posts small blind $1
simper11: posts big blind $3
*** HOLE CARDS ***
habari786: raises $3 to $6
simper11: calls $3
*** FLOP *** [7d 2d Jc]
simper11: checks
habari786: bets $3
simper11: calls $3
*** TURN *** [7d 2d Jc] [2s]
simper11: checks
habari786: bets $6
simper11: folds
Uncalled bet ($6) returned to habari786
habari786 collected $17.64 from pot
habari786: doesn't show hand
*** SUMMARY ***
Total pot $18 | Rake $0.36
Board [7d 2d Jc 2s]
Seat 3: simper11 (big blind) folded on the Turn
Seat 4: habari786 (button) (small blind) collected ($17.64)


PokerStars Hand #173299222057:  Hold'em Limit ($3/$6 USD) - 2017/07/20 20:12:41 ET
Table 'Gacrux' 6-max Seat #4 is the button
Seat 3: simper11 ($251.51 in chips)
Seat 4: habari786 ($143.11 in chips)
habari786: posts small blind $1
simper11: posts big blind $3
*** HOLE CARDS ***
habari786: raises $3 to $6
simper11: folds
Uncalled bet ($3) returned to habari786
habari786 collected $6 from pot
habari786: doesn't show hand
*** SUMMARY ***
Total pot $6 | Rake $0
Seat 3: simper11 (big blind) folded before Flop
Seat 4: habari786 (button) (small blind) collected ($6)


PokerStars Hand #173299218499:  Hold'em Limit ($3/$6 USD) - 2017/07/20 20:12:34 ET
Table 'Gacrux' 6-max Seat #3 is the button
Seat 3: simper11 ($248.51 in chips)
Seat 4: habari786 ($146.11 in chips)
simper11: posts small blind $1
habari786: posts big blind $3
*** HOLE CARDS ***
simper11: raises $3 to $6
habari786: folds
Uncalled bet ($3) returned to simper11
simper11 collected $6 from pot
simper11: doesn't show hand
*** SUMMARY ***
Total pot $6 | Rake $0
Seat 3: simper11 (button) (small blind) collected ($6)
Seat 4: habari786 (big blind) folded before Flop


PokerStars Hand #173299237089:  Hold'em Limit ($3/$6 USD) - 2017/07/20 20:13:12 ET
Table 'Gacrux' 6-max Seat #3 is the button
Seat 3: simper11 ($238.51 in chips)
Seat 4: habari786 ($155.75 in chips)
simper11: posts small blind $1
habari786: posts big blind $3
*** HOLE CARDS ***
simper11: raises $3 to $6
habari786: calls $3
*** FLOP *** [Ks Qh Kh]
habari786: checks
simper11: bets $3
habari786: folds
Uncalled bet ($3) returned to simper11
simper11 collected $11.76 from pot
simper11: doesn't show hand
*** SUMMARY ***
Total pot $12 | Rake $0.24
Board [Ks Qh Kh]
Seat 3: simper11 (button) (small blind) collected ($11.76)
Seat 4: habari786 (big blind) folded on the Flop


PokerStars Hand #173299260521:  Hold'em Limit ($3/$6 USD) - 2017/07/20 20:14:00 ET
Table 'Gacrux' 6-max Seat #4 is the button
Seat 3: simper11 ($258.79 in chips)
Seat 4: habari786 ($134.75 in chips)
habari786: posts small blind $1
simper11: posts big blind $3
*** HOLE CARDS ***
habari786: folds
Uncalled bet ($2) returned to simper11
simper11 collected $2 from pot
simper11: doesn't show hand
*** SUMMARY ***
Total pot $2 | Rake $0
Seat 3: simper11 (big blind) collected ($2)
Seat 4: habari786 (button) (small blind) folded before Flop


PokerStars Hand #173299263938:  Hold'em Limit ($3/$6 USD) - 2017/07/20 20:14:07 ET
Table 'Gacrux' 6-max Seat #3 is the button
Seat 3: simper11 ($259.79 in chips)
Seat 4: habari786 ($133.75 in chips)
simper11: posts small blind $1
habari786: posts big blind $3
*** HOLE CARDS ***
simper11: raises $3 to $6
habari786: calls $3
*** FLOP *** [9h 3c Td]
habari786: bets $3
simper11: calls $3
*** TURN *** [9h 3c Td] [2c]
habari786: bets $6
simper11: raises $6 to $12
habari786: calls $6
*** RIVER *** [9h 3c Td 2c] [Jd]
habari786: checks
simper11: bets $6
habari786: calls $6
*** SHOW DOWN ***
simper11: shows [Ah Tc] (a pair of Tens)
habari786: mucks hand
simper11 collected $53.50 from pot
*** SUMMARY ***
Total pot $54 | Rake $0.50
Board [9h 3c Td 2c Jd]
Seat 3: simper11 (button) (small blind) showed [Ah Tc] and won ($53.50) with a pair of Tens
Seat 4: habari786 (big blind) mucked


PokerStars Hand #173299255536:  Hold'em Limit ($3/$6 USD) - 2017/07/20 20:13:49 ET
Table 'Gacrux' 6-max Seat #3 is the button
Seat 3: simper11 ($255.79 in chips)
Seat 4: habari786 ($137.75 in chips)
simper11: posts small blind $1
habari786: posts big blind $3
*** HOLE CARDS ***
simper11: raises $3 to $6
habari786: folds
Uncalled bet ($3) returned to simper11
simper11 collected $6 from pot
simper11: doesn't show hand
*** SUMMARY ***
Total pot $6 | Rake $0
Seat 3: simper11 (button) (small blind) collected ($6)
Seat 4: habari786 (big blind) folded before Flop


PokerStars Hand #173299242469:  Hold'em Limit ($3/$6 USD) - 2017/07/20 20:13:23 ET
Table 'Gacrux' 6-max Seat #4 is the button
Seat 3: simper11 ($244.27 in chips)
Seat 4: habari786 ($149.75 in chips)
habari786: posts small blind $1
simper11: posts big blind $3
*** HOLE CARDS ***
habari786: raises $3 to $6
simper11: calls $3
*** FLOP *** [9c 5s 7d]
simper11: checks
habari786: checks
*** TURN *** [9c 5s 7d] [Ac]
simper11: checks
habari786: bets $6
simper11: calls $6
*** RIVER *** [9c 5s 7d Ac] [2h]
simper11: checks
habari786: checks
*** SHOW DOWN ***
simper11: shows [9h Ks] (a pair of Nines)
habari786: mucks hand
simper11 collected $23.52 from pot
*** SUMMARY ***
Total pot $24 | Rake $0.48
Board [9c 5s 7d Ac 2h]
Seat 3: simper11 (big blind) showed [9h Ks] and won ($23.52) with a pair of Nines
Seat 4: habari786 (button) (small blind) mucked


PokerStars Hand #173299289955:  Hold'em Limit ($3/$6 USD) - 2017/07/20 20:15:00 ET
Table 'Gacrux' 6-max Seat #4 is the button
Seat 3: simper11 ($293.93 in chips)
Seat 4: habari786 ($98.75 in chips)
habari786: posts small blind $1
simper11: posts big blind $3
*** HOLE CARDS ***
habari786: raises $3 to $6
simper11: folds
Uncalled bet ($3) returned to habari786
habari786 collected $6 from pot
habari786: doesn't show hand
*** SUMMARY ***
Total pot $6 | Rake $0
Seat 3: simper11 (big blind) folded before Flop
Seat 4: habari786 (button) (small blind) collected ($6)


PokerStars Hand #173299286549:  Hold'em Limit ($3/$6 USD) - 2017/07/20 20:14:53 ET
Table 'Gacrux' 6-max Seat #3 is the button
Seat 3: simper11 ($294.93 in chips)
Seat 4: habari786 ($97.75 in chips)
simper11: posts small blind $1
habari786: posts big blind $3
*** HOLE CARDS ***
simper11: folds
Uncalled bet ($2) returned to habari786
habari786 collected $2 from pot
habari786: doesn't show hand
*** SUMMARY ***
Total pot $2 | Rake $0
Seat 3: simper11 (button) (small blind) folded before Flop
Seat 4: habari786 (big blind) collected ($2)


PokerStars Hand #173299278312:  Hold'em Limit ($3/$6 USD) - 2017/07/20 20:14:36 ET
Table 'Gacrux' 6-max Seat #4 is the button
Seat 3: simper11 ($286.29 in chips)
Seat 4: habari786 ($106.75 in chips)
habari786: posts small blind $1
simper11: posts big blind $3
*** HOLE CARDS ***
habari786: raises $3 to $6
simper11: calls $3
*** FLOP *** [6d Jc Qc]
simper11: checks
habari786: bets $3
simper11: raises $3 to $6
habari786: folds
Uncalled bet ($3) returned to simper11
simper11 collected $17.64 from pot
simper11: doesn't show hand
*** SUMMARY ***
Total pot $18 | Rake $0.36
Board [6d Jc Qc]
Seat 3: simper11 (big blind) collected ($17.64)
Seat 4: habari786 (button) (small blind) folded on the Flop


PokerStars Hand #173299294819:  Hold'em Limit ($3/$6 USD) - 2017/07/20 20:15:09 ET
Table 'Gacrux' 6-max Seat #3 is the button
Seat 3: simper11 ($290.93 in chips)
Seat 4: habari786 ($101.75 in chips)
simper11: posts small blind $1
habari786: posts big blind $3
*** HOLE CARDS ***
simper11: raises $3 to $6
habari786: raises $3 to $9
simper11: calls $3
*** FLOP *** [6s 4d 3s]
habari786: checks
simper11: bets $3
habari786: folds
Uncalled bet ($3) returned to simper11
habari786 leaves the table
simper11 collected $17.64 from pot
simper11: doesn't show hand
*** SUMMARY ***
Total pot $18 | Rake $0.36
Board [6s 4d 3s]
Seat 3: simper11 (button) (small blind) collected ($17.64)
Seat 4: habari786 (big blind) folded on the Flop


PokerStars Hand #173302879704:  Hold'em Limit ($3/$6 USD) - 2017/07/20 22:46:13 ET
Table 'Gacrux' 6-max Seat #5 is the button
Seat 3: habari786 ($60 in chips)
Seat 5: Brama Br ($120 in chips)
Brama Br: posts small blind $1
habari786: posts big blind $3
*** HOLE CARDS ***
Brama Br: folds
Uncalled bet ($2) returned to habari786
habari786 collected $2 from pot
habari786: doesn't show hand
*** SUMMARY ***
Total pot $2 | Rake $0
Seat 3: habari786 (big blind) collected ($2)
Seat 5: Brama Br (button) (small blind) folded before Flop


PokerStars Hand #173302884962:  Hold'em Limit ($3/$6 USD) - 2017/07/20 22:46:29 ET
Table 'Gacrux' 6-max Seat #3 is the button
Seat 3: habari786 ($61 in chips)
Seat 5: Brama Br ($119 in chips)
habari786: posts small blind $1
Brama Br: posts big blind $3
*** HOLE CARDS ***
habari786: raises $3 to $6
Brama Br: calls $3
*** FLOP *** [Qd 8s 3h]
Brama Br: checks
habari786: bets $3
Brama Br: raises $3 to $6
habari786: calls $3
*** TURN *** [Qd 8s 3h] [5c]
Brama Br: bets $6
habari786: folds
Uncalled bet ($6) returned to Brama Br
Brama Br collected $23.52 from pot
Brama Br: doesn't show hand
Grumpy509 joins the table at seat #6
*** SUMMARY ***
Total pot $24 | Rake $0.48
Board [Qd 8s 3h 5c]
Seat 3: habari786 (button) (small blind) folded on the Turn
Seat 5: Brama Br (big blind) collected ($23.52)


PokerStars Hand #173302909039:  Hold'em Limit ($3/$6 USD) - 2017/07/20 22:47:44 ET
Table 'Gacrux' 6-max Seat #3 is the button
Seat 3: habari786 ($52.07 in chips)
Seat 6: Grumpy509 ($38.46 in chips)
habari786: posts small blind $1
Brama Br has timed out while being disconnected
Brama Br: is sitting out
Grumpy509: posts big blind $3
*** HOLE CARDS ***
habari786: folds
Uncalled bet ($2) returned to Grumpy509
Grumpy509 collected $2 from pot
*** SUMMARY ***
Total pot $2 | Rake $0
Seat 3: habari786 (button) (small blind) folded before Flop
Seat 6: Grumpy509 (big blind) collected ($2)


PokerStars Hand #173302918984:  Hold'em Limit ($3/$6 USD) - 2017/07/20 22:48:15 ET
Table 'Gacrux' 6-max Seat #6 is the button
Seat 3: habari786 ($51.07 in chips)
Seat 6: Grumpy509 ($39.46 in chips)
Grumpy509: posts small blind $1
habari786: posts big blind $3
*** HOLE CARDS ***
Grumpy509: calls $2
habari786: checks
*** FLOP *** [7s Qh Ts]
habari786: checks
Grumpy509: bets $3
habari786: folds
Uncalled bet ($3) returned to Grumpy509
Grumpy509 collected $5.88 from pot
*** SUMMARY ***
Total pot $6 | Rake $0.12
Board [7s Qh Ts]
Seat 3: habari786 (big blind) folded on the Flop
Seat 6: Grumpy509 (button) (small blind) collected ($5.88)


PokerStars Hand #173302922716:  Hold'em Limit ($3/$6 USD) - 2017/07/20 22:48:26 ET
Table 'Gacrux' 6-max Seat #3 is the button
Seat 3: habari786 ($48.07 in chips)
Seat 6: Grumpy509 ($42.34 in chips)
habari786: posts small blind $1
Grumpy509: posts big blind $3
*** HOLE CARDS ***
habari786: raises $3 to $6
Grumpy509: calls $3
*** FLOP *** [8s Th Jh]
Grumpy509: checks
habari786: bets $3
Grumpy509: calls $3
*** TURN *** [8s Th Jh] [2s]
Grumpy509: checks
habari786: bets $6
Grumpy509: calls $6
*** RIVER *** [8s Th Jh 2s] [6h]
Grumpy509: checks
habari786: bets $6
Grumpy509: calls $6
*** SHOW DOWN ***
habari786: shows [3s Js] (a pair of Jacks)
Grumpy509: mucks hand
habari786 collected $41.50 from pot
*** SUMMARY ***
Total pot $42 | Rake $0.50
Board [8s Th Jh 2s 6h]
Seat 3: habari786 (button) (small blind) showed [3s Js] and won ($41.50) with a pair of Jacks
Seat 6: Grumpy509 (big blind) mucked


PokerStars Hand #173302932532:  Hold'em Limit ($3/$6 USD) - 2017/07/20 22:48:58 ET
Table 'Gacrux' 6-max Seat #6 is the button
Seat 3: habari786 ($68.57 in chips)
Seat 6: Grumpy509 ($21.34 in chips)
Grumpy509: posts small blind $1
habari786: posts big blind $3
*** HOLE CARDS ***
Grumpy509: folds
Uncalled bet ($2) returned to habari786
habari786 collected $2 from pot
habari786: doesn't show hand
*** SUMMARY ***
Total pot $2 | Rake $0
Seat 3: habari786 (big blind) collected ($2)
Seat 6: Grumpy509 (button) (small blind) folded before Flop


PokerStars Hand #173310221144:  Hold'em Limit ($3/$6 USD) - 2017/07/21 6:06:12 ET
Table 'Gacrux' 6-max Seat #5 is the button
Seat 1: Bonkman05 ($155.11 in chips)
Seat 5: manly70 ($282.64 in chips)
saneklight66 joins the table at seat #3
fire852181 is disconnected
fire852181 has timed out while disconnected
fire852181: is sitting out
manly70: posts small blind $1
krossguard: is sitting out
Bonkman05: posts big blind $3
*** HOLE CARDS ***
manly70: folds
Uncalled bet ($2) returned to Bonkman05
Bonkman05 collected $2 from pot
Bonkman05: doesn't show hand
*** SUMMARY ***
Total pot $2 | Rake $0
Seat 1: Bonkman05 (big blind) collected ($2)
Seat 5: manly70 (button) (small blind) folded before Flop


PokerStars Hand #173315177896:  Hold'em Limit ($3/$6 USD) - 2017/07/21 9:20:30 ET
Table 'Gacrux' 6-max Seat #5 is the button
Seat 3: aleks_4ym ($108.53 in chips)
Seat 5: manly70 ($356.36 in chips)
manly70: posts small blind $1
Anchig: is sitting out
aleks_4ym: posts big blind $3
*** HOLE CARDS ***
manly70: folds
Uncalled bet ($2) returned to aleks_4ym
Anchig leaves the table
aleks_4ym collected $2 from pot
aleks_4ym: doesn't show hand
*** SUMMARY ***
Total pot $2 | Rake $0
Seat 3: aleks_4ym (big blind) collected ($2)
Seat 5: manly70 (button) (small blind) folded before Flop


