PokerStars Hand #150039682303:  Hold'em Limit ($3/$6 USD) - 2016/03/08 12:44:17 ET
Table 'Gacrux II' 6-max Seat #4 is the button
Seat 4: MARIBORO8 ($102.13 in chips)
Seat 5: vestimokrec ($140.50 in chips)
MARIBORO8: posts small blind $1
vestimokrec: posts big blind $3
*** HOLE CARDS ***
MARIBORO8: raises $3 to $6
vestimokrec: calls $3
*** FLOP *** [9h 2h Jd]
vestimokrec: checks
MARIBORO8: bets $3
vestimokrec: calls $3
*** TURN *** [9h 2h Jd] [Js]
vestimokrec: checks
MARIBORO8: bets $6
vestimokrec: calls $6
*** RIVER *** [9h 2h Jd Js] [3c]
vestimokrec: checks
MARIBORO8: checks
*** SHOW DOWN ***
vestimokrec: shows [4s Kh] (a pair of Jacks)
MARIBORO8: shows [Qh Ad] (a pair of Jacks - Ace kicker)
MARIBORO8 collected $29.50 from pot
*** SUMMARY ***
Total pot $30 | Rake $0.50
Board [9h 2h Jd Js 3c]
Seat 4: MARIBORO8 (button) (small blind) showed [Qh Ad] and won ($29.50) with a pair of Jacks
Seat 5: vestimokrec (big blind) showed [4s Kh] and lost with a pair of Jacks


PokerStars Hand #150039723672:  Hold'em Limit ($3/$6 USD) - 2016/03/08 12:45:08 ET
Table 'Gacrux II' 6-max Seat #4 is the button
Seat 4: MARIBORO8 ($113.63 in chips)
Seat 5: vestimokrec ($128.50 in chips)
MARIBORO8: posts small blind $1
vestimokrec: posts big blind $3
*** HOLE CARDS ***
MARIBORO8: raises $3 to $6
vestimokrec: calls $3
*** FLOP *** [Jh 7h 5h]
vestimokrec: checks
MARIBORO8: bets $3
vestimokrec: folds
Uncalled bet ($3) returned to MARIBORO8
MARIBORO8 collected $11.76 from pot
MARIBORO8: doesn't show hand
*** SUMMARY ***
Total pot $12 | Rake $0.24
Board [Jh 7h 5h]
Seat 4: MARIBORO8 (button) (small blind) collected ($11.76)
Seat 5: vestimokrec (big blind) folded on the Flop


PokerStars Hand #150039713391:  Hold'em Limit ($3/$6 USD) - 2016/03/08 12:44:55 ET
Table 'Gacrux II' 6-max Seat #5 is the button
Seat 4: MARIBORO8 ($116.63 in chips)
Seat 5: vestimokrec ($125.50 in chips)
vestimokrec: posts small blind $1
MARIBORO8: posts big blind $3
*** HOLE CARDS ***
vestimokrec: raises $3 to $6
MARIBORO8: folds
Uncalled bet ($3) returned to vestimokrec
vestimokrec collected $6 from pot
vestimokrec: doesn't show hand
*** SUMMARY ***
Total pot $6 | Rake $0
Seat 4: MARIBORO8 (big blind) folded before Flop
Seat 5: vestimokrec (button) (small blind) collected ($6)


PokerStars Hand #150039736199:  Hold'em Limit ($3/$6 USD) - 2016/03/08 12:45:23 ET
Table 'Gacrux II' 6-max Seat #5 is the button
Seat 4: MARIBORO8 ($119.39 in chips)
Seat 5: vestimokrec ($122.50 in chips)
vestimokrec: posts small blind $1
MARIBORO8: posts big blind $3
*** HOLE CARDS ***
vestimokrec: raises $3 to $6
MARIBORO8: raises $3 to $9
vestimokrec: calls $3
*** FLOP *** [6s 9d Kc]
MARIBORO8: bets $3
vestimokrec: calls $3
*** TURN *** [6s 9d Kc] [Qd]
MARIBORO8: bets $6
vestimokrec: folds
Uncalled bet ($6) returned to MARIBORO8
MARIBORO8 collected $23.52 from pot
MARIBORO8: doesn't show hand
*** SUMMARY ***
Total pot $24 | Rake $0.48
Board [6s 9d Kc Qd]
Seat 4: MARIBORO8 (big blind) collected ($23.52)
Seat 5: vestimokrec (button) (small blind) folded on the Turn


PokerStars Hand #150039769224:  Hold'em Limit ($3/$6 USD) - 2016/03/08 12:46:03 ET
Table 'Gacrux II' 6-max Seat #4 is the button
Seat 4: MARIBORO8 ($130.91 in chips)
Seat 5: vestimokrec ($120 in chips)
MARIBORO8: posts small blind $1
vestimokrec: posts big blind $3
*** HOLE CARDS ***
MARIBORO8: raises $3 to $6
vestimokrec: calls $3
*** FLOP *** [2d 9c 3s]
vestimokrec: checks
MARIBORO8: bets $3
vestimokrec: calls $3
*** TURN *** [2d 9c 3s] [7d]
vestimokrec: checks
MARIBORO8: checks
*** RIVER *** [2d 9c 3s 7d] [As]
vestimokrec: checks
MARIBORO8: bets $6
vestimokrec: calls $6
*** SHOW DOWN ***
MARIBORO8: shows [6c Qs] (high card Ace)
vestimokrec: shows [Qc 3d] (a pair of Threes)
vestimokrec collected $29.50 from pot
*** SUMMARY ***
Total pot $30 | Rake $0.50
Board [2d 9c 3s 7d As]
Seat 4: MARIBORO8 (button) (small blind) showed [6c Qs] and lost with high card Ace
Seat 5: vestimokrec (big blind) showed [Qc 3d] and won ($29.50) with a pair of Threes


PokerStars Hand #150039811238:  Hold'em Limit ($3/$6 USD) - 2016/03/08 12:46:55 ET
Table 'Gacrux II' 6-max Seat #5 is the button
Seat 4: MARIBORO8 ($115.91 in chips)
Seat 5: vestimokrec ($134.50 in chips)
vestimokrec: posts small blind $1
MARIBORO8: posts big blind $3
*** HOLE CARDS ***
vestimokrec: raises $3 to $6
MARIBORO8: calls $3
*** FLOP *** [6c Jh 8d]
MARIBORO8: checks
vestimokrec: bets $3
MARIBORO8: calls $3
*** TURN *** [6c Jh 8d] [4d]
MARIBORO8: checks
Paulllchen joins the table at seat #3
vestimokrec: bets $6
MARIBORO8: raises $6 to $12
vestimokrec: calls $6
*** RIVER *** [6c Jh 8d 4d] [Kh]
MARIBORO8: bets $6
vestimokrec: calls $6
*** SHOW DOWN ***
MARIBORO8: shows [Td 7d] (high card King)
vestimokrec: shows [Th 6d] (a pair of Sixes)
vestimokrec collected $53.50 from pot
*** SUMMARY ***
Total pot $54 | Rake $0.50
Board [6c Jh 8d 4d Kh]
Seat 4: MARIBORO8 (big blind) showed [Td 7d] and lost with high card King
Seat 5: vestimokrec (button) (small blind) showed [Th 6d] and won ($53.50) with a pair of Sixes


PokerStars Hand #150044944109:  Hold'em Limit ($3/$6 USD) - 2016/03/08 14:25:49 ET
Table 'Gacrux II' 6-max Seat #6 is the button
Seat 5: 125678724 ($96 in chips)
Seat 6: GRAILKO ($200 in chips)
GRAILKO: posts small blind $1
Mudager: is sitting out
125678724: posts big blind $3
*** HOLE CARDS ***
Mudager leaves the table
GRAILKO: raises $3 to $6
125678724: calls $3
*** FLOP *** [4h Jc Ah]
125678724: checks
GRAILKO: bets $3
125678724: calls $3
*** TURN *** [4h Jc Ah] [Th]
125678724: checks
GRAILKO: checks
*** RIVER *** [4h Jc Ah Th] [8d]
125678724: bets $6
GRAILKO: folds
Uncalled bet ($6) returned to 125678724
125678724 collected $17.64 from pot
*** SUMMARY ***
Total pot $18 | Rake $0.36
Board [4h Jc Ah Th 8d]
Seat 5: 125678724 (big blind) collected ($17.64)
Seat 6: GRAILKO (button) (small blind) folded on the River


PokerStars Hand #150044975169:  Hold'em Limit ($3/$6 USD) - 2016/03/08 14:26:24 ET
Table 'Gacrux II' 6-max Seat #5 is the button
Seat 5: 125678724 ($104.64 in chips)
Seat 6: GRAILKO ($191 in chips)
125678724: posts small blind $1
GRAILKO: posts big blind $3
*** HOLE CARDS ***
125678724: raises $3 to $6
GRAILKO: calls $3
*** FLOP *** [2h 5d 2d]
GRAILKO: checks
125678724: checks
*** TURN *** [2h 5d 2d] [4c]
GRAILKO: bets $6
125678724: calls $6
*** RIVER *** [2h 5d 2d 4c] [9h]
GRAILKO: bets $6
125678724: folds
Uncalled bet ($6) returned to GRAILKO
GRAILKO collected $23.52 from pot
GRAILKO: doesn't show hand
*** SUMMARY ***
Total pot $24 | Rake $0.48
Board [2h 5d 2d 4c 9h]
Seat 5: 125678724 (button) (small blind) folded on the River
Seat 6: GRAILKO (big blind) collected ($23.52)


PokerStars Hand #150044989968:  Hold'em Limit ($3/$6 USD) - 2016/03/08 14:26:40 ET
Table 'Gacrux II' 6-max Seat #6 is the button
Seat 5: 125678724 ($92.64 in chips)
Seat 6: GRAILKO ($202.52 in chips)
GRAILKO: posts small blind $1
125678724: posts big blind $3
*** HOLE CARDS ***
GRAILKO: raises $3 to $6
125678724: folds
Uncalled bet ($3) returned to GRAILKO
GRAILKO collected $6 from pot
GRAILKO: doesn't show hand
*** SUMMARY ***
Total pot $6 | Rake $0
Seat 5: 125678724 (big blind) folded before Flop
Seat 6: GRAILKO (button) (small blind) collected ($6)


PokerStars Hand #150044999357:  Hold'em Limit ($3/$6 USD) - 2016/03/08 14:26:51 ET
Table 'Gacrux II' 6-max Seat #5 is the button
Seat 5: 125678724 ($89.64 in chips)
Seat 6: GRAILKO ($205.52 in chips)
125678724: posts small blind $1
GRAILKO: posts big blind $3
*** HOLE CARDS ***
125678724: raises $3 to $6
GRAILKO: raises $3 to $9
125678724: calls $3
*** FLOP *** [8s Jd 8h]
GRAILKO: bets $3
125678724: raises $3 to $6
GRAILKO: calls $3
*** TURN *** [8s Jd 8h] [4d]
GRAILKO: checks
125678724: bets $6
GRAILKO: calls $6
*** RIVER *** [8s Jd 8h 4d] [6s]
GRAILKO: checks
125678724: bets $6
GRAILKO: folds
Uncalled bet ($6) returned to 125678724
125678724 collected $41.50 from pot
*** SUMMARY ***
Total pot $42 | Rake $0.50
Board [8s Jd 8h 4d 6s]
Seat 5: 125678724 (button) (small blind) collected ($41.50)
Seat 6: GRAILKO (big blind) folded on the River


PokerStars Hand #150045020435:  Hold'em Limit ($3/$6 USD) - 2016/03/08 14:27:14 ET
Table 'Gacrux II' 6-max Seat #6 is the button
Seat 5: 125678724 ($110.14 in chips)
Seat 6: GRAILKO ($184.52 in chips)
GRAILKO: posts small blind $1
125678724: posts big blind $3
*** HOLE CARDS ***
GRAILKO: raises $3 to $6
125678724: calls $3
*** FLOP *** [7c Jc 7d]
125678724: checks
GRAILKO: bets $3
125678724: calls $3
*** TURN *** [7c Jc 7d] [Kd]
125678724: checks
GRAILKO: bets $6
125678724: raises $6 to $12
GRAILKO: calls $6
*** RIVER *** [7c Jc 7d Kd] [Kc]
125678724: bets $6
GRAILKO: calls $6
*** SHOW DOWN ***
125678724: shows [Th 7h] (a full house, Sevens full of Kings)
GRAILKO: mucks hand
125678724 collected $53.50 from pot
*** SUMMARY ***
Total pot $54 | Rake $0.50
Board [7c Jc 7d Kd Kc]
Seat 5: 125678724 (big blind) showed [Th 7h] and won ($53.50) with a full house, Sevens full of Kings
Seat 6: GRAILKO (button) (small blind) mucked


PokerStars Hand #150045040460:  Hold'em Limit ($3/$6 USD) - 2016/03/08 14:27:35 ET
Table 'Gacrux II' 6-max Seat #5 is the button
Seat 5: 125678724 ($136.64 in chips)
Seat 6: GRAILKO ($157.52 in chips)
125678724: posts small blind $1
GRAILKO: posts big blind $3
*** HOLE CARDS ***
125678724: raises $3 to $6
GRAILKO: calls $3
*** FLOP *** [5h 3h 4h]
GRAILKO: checks
125678724: checks
*** TURN *** [5h 3h 4h] [Jh]
GRAILKO: bets $6
125678724: folds
Uncalled bet ($6) returned to GRAILKO
GRAILKO collected $11.76 from pot
GRAILKO: doesn't show hand
*** SUMMARY ***
Total pot $12 | Rake $0.24
Board [5h 3h 4h Jh]
Seat 5: 125678724 (button) (small blind) folded on the Turn
Seat 6: GRAILKO (big blind) collected ($11.76)


PokerStars Hand #150045051179:  Hold'em Limit ($3/$6 USD) - 2016/03/08 14:27:47 ET
Table 'Gacrux II' 6-max Seat #6 is the button
Seat 5: 125678724 ($130.64 in chips)
Seat 6: GRAILKO ($163.28 in chips)
GRAILKO: posts small blind $1
125678724: posts big blind $3
*** HOLE CARDS ***
GRAILKO: raises $3 to $6
125678724: folds
Uncalled bet ($3) returned to GRAILKO
GRAILKO collected $6 from pot
GRAILKO: doesn't show hand
*** SUMMARY ***
Total pot $6 | Rake $0
Seat 5: 125678724 (big blind) folded before Flop
Seat 6: GRAILKO (button) (small blind) collected ($6)


PokerStars Hand #150045083380:  Hold'em Limit ($3/$6 USD) - 2016/03/08 14:28:22 ET
Table 'Gacrux II' 6-max Seat #6 is the button
Seat 5: 125678724 ($112.64 in chips)
Seat 6: GRAILKO ($180.78 in chips)
GRAILKO: posts small blind $1
125678724: posts big blind $3
*** HOLE CARDS ***
GRAILKO: raises $3 to $6
125678724: folds
Uncalled bet ($3) returned to GRAILKO
GRAILKO collected $6 from pot
GRAILKO: doesn't show hand
*** SUMMARY ***
Total pot $6 | Rake $0
Seat 5: 125678724 (big blind) folded before Flop
Seat 6: GRAILKO (button) (small blind) collected ($6)


PokerStars Hand #150045055927:  Hold'em Limit ($3/$6 USD) - 2016/03/08 14:27:52 ET
Table 'Gacrux II' 6-max Seat #5 is the button
Seat 5: 125678724 ($127.64 in chips)
Seat 6: GRAILKO ($166.28 in chips)
125678724: posts small blind $1
GRAILKO: posts big blind $3
*** HOLE CARDS ***
125678724: raises $3 to $6
GRAILKO: calls $3
*** FLOP *** [Qs Jc Td]
GRAILKO: checks
125678724: bets $3
GRAILKO: calls $3
*** TURN *** [Qs Jc Td] [7h]
GRAILKO: checks
125678724: bets $6
GRAILKO: calls $6
*** RIVER *** [Qs Jc Td 7h] [Ah]
GRAILKO: checks
125678724: checks
*** SHOW DOWN ***
GRAILKO: shows [Kd 6s] (a straight, Ten to Ace)
125678724: mucks hand
GRAILKO collected $29.50 from pot
*** SUMMARY ***
Total pot $30 | Rake $0.50
Board [Qs Jc Td 7h Ah]
Seat 5: 125678724 (button) (small blind) mucked
Seat 6: GRAILKO (big blind) showed [Kd 6s] and won ($29.50) with a straight, Ten to Ace


PokerStars Hand #150045090359:  Hold'em Limit ($3/$6 USD) - 2016/03/08 14:28:30 ET
Table 'Gacrux II' 6-max Seat #5 is the button
Seat 5: 125678724 ($109.64 in chips)
Seat 6: GRAILKO ($183.78 in chips)
125678724: posts small blind $1
GRAILKO: posts big blind $3
*** HOLE CARDS ***
125678724: raises $3 to $6
GRAILKO: calls $3
*** FLOP *** [Ac 7c 3h]
GRAILKO: checks
125678724: bets $3
GRAILKO: folds
Uncalled bet ($3) returned to 125678724
125678724 collected $11.76 from pot
*** SUMMARY ***
Total pot $12 | Rake $0.24
Board [Ac 7c 3h]
Seat 5: 125678724 (button) (small blind) collected ($11.76)
Seat 6: GRAILKO (big blind) folded on the Flop


PokerStars Hand #150045104006:  Hold'em Limit ($3/$6 USD) - 2016/03/08 14:28:44 ET
Table 'Gacrux II' 6-max Seat #6 is the button
Seat 5: 125678724 ($115.40 in chips)
Seat 6: GRAILKO ($177.78 in chips)
GRAILKO: posts small blind $1
125678724: posts big blind $3
*** HOLE CARDS ***
GRAILKO: folds
Uncalled bet ($2) returned to 125678724
125678724 collected $2 from pot
*** SUMMARY ***
Total pot $2 | Rake $0
Seat 5: 125678724 (big blind) collected ($2)
Seat 6: GRAILKO (button) (small blind) folded before Flop


PokerStars Hand #150045110723:  Hold'em Limit ($3/$6 USD) - 2016/03/08 14:28:52 ET
Table 'Gacrux II' 6-max Seat #5 is the button
Seat 5: 125678724 ($116.40 in chips)
Seat 6: GRAILKO ($176.78 in chips)
125678724: posts small blind $1
GRAILKO: posts big blind $3
*** HOLE CARDS ***
125678724: calls $2
GRAILKO: checks
*** FLOP *** [4d 7c Kd]
GRAILKO: bets $3
125678724: calls $3
*** TURN *** [4d 7c Kd] [9s]
GRAILKO: bets $6
125678724: raises $6 to $12
GRAILKO: calls $6
*** RIVER *** [4d 7c Kd 9s] [9d]
GRAILKO: checks
125678724: bets $6
GRAILKO: folds
Uncalled bet ($6) returned to 125678724
125678724 collected $35.50 from pot
*** SUMMARY ***
Total pot $36 | Rake $0.50
Board [4d 7c Kd 9s 9d]
Seat 5: 125678724 (button) (small blind) collected ($35.50)
Seat 6: GRAILKO (big blind) folded on the River


PokerStars Hand #150045131216:  Hold'em Limit ($3/$6 USD) - 2016/03/08 14:29:14 ET
Table 'Gacrux II' 6-max Seat #6 is the button
Seat 5: 125678724 ($133.90 in chips)
Seat 6: GRAILKO ($158.78 in chips)
GRAILKO: posts small blind $1
125678724: posts big blind $3
*** HOLE CARDS ***
GRAILKO: folds
Uncalled bet ($2) returned to 125678724
125678724 collected $2 from pot
*** SUMMARY ***
Total pot $2 | Rake $0
Seat 5: 125678724 (big blind) collected ($2)
Seat 6: GRAILKO (button) (small blind) folded before Flop


PokerStars Hand #150045135570:  Hold'em Limit ($3/$6 USD) - 2016/03/08 14:29:19 ET
Table 'Gacrux II' 6-max Seat #5 is the button
Seat 5: 125678724 ($134.90 in chips)
Seat 6: GRAILKO ($157.78 in chips)
125678724: posts small blind $1
GRAILKO: posts big blind $3
*** HOLE CARDS ***
125678724: calls $2
GRAILKO: checks
*** FLOP *** [5d 5c Ts]
GRAILKO: checks
125678724: checks
*** TURN *** [5d 5c Ts] [Tc]
GRAILKO: checks
125678724: checks
*** RIVER *** [5d 5c Ts Tc] [9h]
GRAILKO: checks
125678724: checks
*** SHOW DOWN ***
GRAILKO: shows [Qc 6d] (two pair, Tens and Fives)
125678724: shows [Kd 6c] (two pair, Tens and Fives - King kicker)
125678724 collected $5.88 from pot
*** SUMMARY ***
Total pot $6 | Rake $0.12
Board [5d 5c Ts Tc 9h]
Seat 5: 125678724 (button) (small blind) showed [Kd 6c] and won ($5.88) with two pair, Tens and Fives
Seat 6: GRAILKO (big blind) showed [Qc 6d] and lost with two pair, Tens and Fives


PokerStars Hand #150045153471:  Hold'em Limit ($3/$6 USD) - 2016/03/08 14:29:38 ET
Table 'Gacrux II' 6-max Seat #6 is the button
Seat 5: 125678724 ($137.78 in chips)
Seat 6: GRAILKO ($154.78 in chips)
GRAILKO: posts small blind $1
125678724: posts big blind $3
*** HOLE CARDS ***
GRAILKO: folds
Uncalled bet ($2) returned to 125678724
125678724 collected $2 from pot
*** SUMMARY ***
Total pot $2 | Rake $0
Seat 5: 125678724 (big blind) collected ($2)
Seat 6: GRAILKO (button) (small blind) folded before Flop


PokerStars Hand #150045159315:  Hold'em Limit ($3/$6 USD) - 2016/03/08 14:29:44 ET
Table 'Gacrux II' 6-max Seat #5 is the button
Seat 5: 125678724 ($138.78 in chips)
Seat 6: GRAILKO ($153.78 in chips)
125678724: posts small blind $1
GRAILKO: posts big blind $3
*** HOLE CARDS ***
125678724: raises $3 to $6
GRAILKO: calls $3
*** FLOP *** [Qs Qd 9c]
GRAILKO: checks
125678724: checks
*** TURN *** [Qs Qd 9c] [6h]
GRAILKO: checks
125678724: checks
*** RIVER *** [Qs Qd 9c 6h] [Tc]
GRAILKO: checks
125678724: checks
*** SHOW DOWN ***
GRAILKO: shows [2s 4s] (a pair of Queens)
125678724: shows [As 6s] (two pair, Queens and Sixes)
125678724 collected $11.76 from pot
*** SUMMARY ***
Total pot $12 | Rake $0.24
Board [Qs Qd 9c 6h Tc]
Seat 5: 125678724 (button) (small blind) showed [As 6s] and won ($11.76) with two pair, Queens and Sixes
Seat 6: GRAILKO (big blind) showed [2s 4s] and lost with a pair of Queens


PokerStars Hand #150045175472:  Hold'em Limit ($3/$6 USD) - 2016/03/08 14:30:02 ET
Table 'Gacrux II' 6-max Seat #6 is the button
Seat 5: 125678724 ($144.54 in chips)
Seat 6: GRAILKO ($147.78 in chips)
GRAILKO: posts small blind $1
125678724: posts big blind $3
*** HOLE CARDS ***
GRAILKO: raises $3 to $6
125678724: calls $3
*** FLOP *** [Jh 8c Qd]
125678724: checks
GRAILKO: bets $3
125678724: calls $3
*** TURN *** [Jh 8c Qd] [Jd]
125678724: checks
GRAILKO: checks
*** RIVER *** [Jh 8c Qd Jd] [4c]
125678724: bets $6
GRAILKO: calls $6
*** SHOW DOWN ***
125678724: shows [As Jc] (three of a kind, Jacks)
GRAILKO: mucks hand
125678724 collected $29.50 from pot
*** SUMMARY ***
Total pot $30 | Rake $0.50
Board [Jh 8c Qd Jd 4c]
Seat 5: 125678724 (big blind) showed [As Jc] and won ($29.50) with three of a kind, Jacks
Seat 6: GRAILKO (button) (small blind) mucked


PokerStars Hand #150045190649:  Hold'em Limit ($3/$6 USD) - 2016/03/08 14:30:18 ET
Table 'Gacrux II' 6-max Seat #5 is the button
Seat 5: 125678724 ($159.04 in chips)
Seat 6: GRAILKO ($132.78 in chips)
125678724: posts small blind $1
GRAILKO: posts big blind $3
*** HOLE CARDS ***
125678724: calls $2
GRAILKO: checks
*** FLOP *** [2h 6c 3d]
GRAILKO: bets $3
125678724: folds
Uncalled bet ($3) returned to GRAILKO
GRAILKO collected $5.88 from pot
GRAILKO: doesn't show hand
*** SUMMARY ***
Total pot $6 | Rake $0.12
Board [2h 6c 3d]
Seat 5: 125678724 (button) (small blind) folded on the Flop
Seat 6: GRAILKO (big blind) collected ($5.88)


PokerStars Hand #150045208609:  Hold'em Limit ($3/$6 USD) - 2016/03/08 14:30:38 ET
Table 'Gacrux II' 6-max Seat #5 is the button
Seat 5: 125678724 ($153.04 in chips)
Seat 6: GRAILKO ($138.66 in chips)
125678724: posts small blind $1
GRAILKO: posts big blind $3
*** HOLE CARDS ***
125678724: folds
Uncalled bet ($2) returned to GRAILKO
GRAILKO collected $2 from pot
GRAILKO: doesn't show hand
*** SUMMARY ***
Total pot $2 | Rake $0
Seat 5: 125678724 (button) (small blind) folded before Flop
Seat 6: GRAILKO (big blind) collected ($2)


PokerStars Hand #150045201137:  Hold'em Limit ($3/$6 USD) - 2016/03/08 14:30:30 ET
Table 'Gacrux II' 6-max Seat #6 is the button
Seat 5: 125678724 ($156.04 in chips)
Seat 6: GRAILKO ($135.66 in chips)
GRAILKO: posts small blind $1
125678724: posts big blind $3
*** HOLE CARDS ***
GRAILKO: raises $3 to $6
125678724: folds
Uncalled bet ($3) returned to GRAILKO
GRAILKO collected $6 from pot
GRAILKO: doesn't show hand
*** SUMMARY ***
Total pot $6 | Rake $0
Seat 5: 125678724 (big blind) folded before Flop
Seat 6: GRAILKO (button) (small blind) collected ($6)


PokerStars Hand #150045212880:  Hold'em Limit ($3/$6 USD) - 2016/03/08 14:30:42 ET
Table 'Gacrux II' 6-max Seat #6 is the button
Seat 5: 125678724 ($152.04 in chips)
Seat 6: GRAILKO ($139.66 in chips)
GRAILKO: posts small blind $1
125678724: posts big blind $3
*** HOLE CARDS ***
GRAILKO: raises $3 to $6
125678724: folds
Uncalled bet ($3) returned to GRAILKO
GRAILKO collected $6 from pot
GRAILKO: doesn't show hand
*** SUMMARY ***
Total pot $6 | Rake $0
Seat 5: 125678724 (big blind) folded before Flop
Seat 6: GRAILKO (button) (small blind) collected ($6)


PokerStars Hand #150045217668:  Hold'em Limit ($3/$6 USD) - 2016/03/08 14:30:47 ET
Table 'Gacrux II' 6-max Seat #5 is the button
Seat 5: 125678724 ($149.04 in chips)
Seat 6: GRAILKO ($142.66 in chips)
125678724: posts small blind $1
GRAILKO: posts big blind $3
*** HOLE CARDS ***
125678724: folds
Uncalled bet ($2) returned to GRAILKO
GRAILKO collected $2 from pot
GRAILKO: doesn't show hand
*** SUMMARY ***
Total pot $2 | Rake $0
Seat 5: 125678724 (button) (small blind) folded before Flop
Seat 6: GRAILKO (big blind) collected ($2)


PokerStars Hand #150045221786:  Hold'em Limit ($3/$6 USD) - 2016/03/08 14:30:52 ET
Table 'Gacrux II' 6-max Seat #6 is the button
Seat 5: 125678724 ($148.04 in chips)
Seat 6: GRAILKO ($143.66 in chips)
GRAILKO: posts small blind $1
125678724: posts big blind $3
*** HOLE CARDS ***
GRAILKO: raises $3 to $6
125678724: folds
Uncalled bet ($3) returned to GRAILKO
GRAILKO collected $6 from pot
GRAILKO: doesn't show hand
*** SUMMARY ***
Total pot $6 | Rake $0
Seat 5: 125678724 (big blind) folded before Flop
Seat 6: GRAILKO (button) (small blind) collected ($6)


PokerStars Hand #150045226302:  Hold'em Limit ($3/$6 USD) - 2016/03/08 14:30:57 ET
Table 'Gacrux II' 6-max Seat #5 is the button
Seat 5: 125678724 ($145.04 in chips)
Seat 6: GRAILKO ($146.66 in chips)
125678724: posts small blind $1
GRAILKO: posts big blind $3
*** HOLE CARDS ***
125678724: raises $3 to $6
GRAILKO: calls $3
*** FLOP *** [8d 8c Kh]
GRAILKO: bets $3
125678724: folds
Uncalled bet ($3) returned to GRAILKO
GRAILKO collected $11.76 from pot
GRAILKO: doesn't show hand
*** SUMMARY ***
Total pot $12 | Rake $0.24
Board [8d 8c Kh]
Seat 5: 125678724 (button) (small blind) folded on the Flop
Seat 6: GRAILKO (big blind) collected ($11.76)


PokerStars Hand #150045235303:  Hold'em Limit ($3/$6 USD) - 2016/03/08 14:31:07 ET
Table 'Gacrux II' 6-max Seat #6 is the button
Seat 5: 125678724 ($139.04 in chips)
Seat 6: GRAILKO ($152.42 in chips)
GRAILKO: posts small blind $1
125678724: posts big blind $3
*** HOLE CARDS ***
GRAILKO: raises $3 to $6
125678724: folds
Uncalled bet ($3) returned to GRAILKO
GRAILKO collected $6 from pot
GRAILKO: doesn't show hand
*** SUMMARY ***
Total pot $6 | Rake $0
Seat 5: 125678724 (big blind) folded before Flop
Seat 6: GRAILKO (button) (small blind) collected ($6)


PokerStars Hand #150045239661:  Hold'em Limit ($3/$6 USD) - 2016/03/08 14:31:11 ET
Table 'Gacrux II' 6-max Seat #5 is the button
Seat 5: 125678724 ($136.04 in chips)
Seat 6: GRAILKO ($155.42 in chips)
125678724: posts small blind $1
GRAILKO: posts big blind $3
*** HOLE CARDS ***
125678724: folds
Uncalled bet ($2) returned to GRAILKO
GRAILKO collected $2 from pot
GRAILKO: doesn't show hand
*** SUMMARY ***
Total pot $2 | Rake $0
Seat 5: 125678724 (button) (small blind) folded before Flop
Seat 6: GRAILKO (big blind) collected ($2)


PokerStars Hand #150045244005:  Hold'em Limit ($3/$6 USD) - 2016/03/08 14:31:16 ET
Table 'Gacrux II' 6-max Seat #6 is the button
Seat 5: 125678724 ($135.04 in chips)
Seat 6: GRAILKO ($156.42 in chips)
GRAILKO: posts small blind $1
125678724: posts big blind $3
*** HOLE CARDS ***
GRAILKO: raises $3 to $6
125678724: folds
Uncalled bet ($3) returned to GRAILKO
GRAILKO collected $6 from pot
GRAILKO: doesn't show hand
*** SUMMARY ***
Total pot $6 | Rake $0
Seat 5: 125678724 (big blind) folded before Flop
Seat 6: GRAILKO (button) (small blind) collected ($6)


PokerStars Hand #150045267767:  Hold'em Limit ($3/$6 USD) - 2016/03/08 14:31:41 ET
Table 'Gacrux II' 6-max Seat #6 is the button
Seat 5: 125678724 ($123.04 in chips)
Seat 6: GRAILKO ($168.06 in chips)
GRAILKO: posts small blind $1
125678724: posts big blind $3
*** HOLE CARDS ***
GRAILKO: raises $3 to $6
125678724: raises $3 to $9
GRAILKO: calls $3
*** FLOP *** [As 9h 7h]
125678724: bets $3
GRAILKO: calls $3
*** TURN *** [As 9h 7h] [6s]
125678724: bets $6
GRAILKO: calls $6
*** RIVER *** [As 9h 7h 6s] [4c]
125678724: bets $6
GRAILKO: calls $6
*** SHOW DOWN ***
125678724: shows [Ah Ks] (a pair of Aces)
GRAILKO: mucks hand
125678724 collected $47.50 from pot
*** SUMMARY ***
Total pot $48 | Rake $0.50
Board [As 9h 7h 6s 4c]
Seat 5: 125678724 (big blind) showed [Ah Ks] and won ($47.50) with a pair of Aces
Seat 6: GRAILKO (button) (small blind) mucked


PokerStars Hand #150045283543:  Hold'em Limit ($3/$6 USD) - 2016/03/08 14:31:58 ET
Table 'Gacrux II' 6-max Seat #5 is the button
Seat 5: 125678724 ($146.54 in chips)
Seat 6: GRAILKO ($144.06 in chips)
125678724: posts small blind $1
GRAILKO: posts big blind $3
*** HOLE CARDS ***
125678724: calls $2
GRAILKO: checks
*** FLOP *** [2c 8h Td]
GRAILKO: checks
125678724: checks
*** TURN *** [2c 8h Td] [5d]
GRAILKO: checks
125678724: checks
*** RIVER *** [2c 8h Td 5d] [Ts]
GRAILKO: checks
125678724: checks
*** SHOW DOWN ***
GRAILKO: shows [6d Js] (a pair of Tens)
125678724: shows [Kc 3c] (a pair of Tens - King kicker)
125678724 collected $5.88 from pot
*** SUMMARY ***
Total pot $6 | Rake $0.12
Board [2c 8h Td 5d Ts]
Seat 5: 125678724 (button) (small blind) showed [Kc 3c] and won ($5.88) with a pair of Tens
Seat 6: GRAILKO (big blind) showed [6d Js] and lost with a pair of Tens


PokerStars Hand #150045249449:  Hold'em Limit ($3/$6 USD) - 2016/03/08 14:31:22 ET
Table 'Gacrux II' 6-max Seat #5 is the button
Seat 5: 125678724 ($132.04 in chips)
Seat 6: GRAILKO ($159.42 in chips)
125678724: posts small blind $1
GRAILKO: posts big blind $3
*** HOLE CARDS ***
125678724: raises $3 to $6
GRAILKO: calls $3
*** FLOP *** [9h 2d 3d]
GRAILKO: checks
125678724: bets $3
GRAILKO: calls $3
*** TURN *** [9h 2d 3d] [Kd]
GRAILKO: checks
125678724: checks
*** RIVER *** [9h 2d 3d Kd] [6c]
GRAILKO: bets $6
125678724: folds
Uncalled bet ($6) returned to GRAILKO
GRAILKO collected $17.64 from pot
GRAILKO: doesn't show hand
*** SUMMARY ***
Total pot $18 | Rake $0.36
Board [9h 2d 3d Kd 6c]
Seat 5: 125678724 (button) (small blind) folded on the River
Seat 6: GRAILKO (big blind) collected ($17.64)


PokerStars Hand #150045301552:  Hold'em Limit ($3/$6 USD) - 2016/03/08 14:32:18 ET
Table 'Gacrux II' 6-max Seat #6 is the button
Seat 5: 125678724 ($149.42 in chips)
Seat 6: GRAILKO ($141.06 in chips)
GRAILKO: posts small blind $1
125678724: posts big blind $3
*** HOLE CARDS ***
GRAILKO: raises $3 to $6
125678724: raises $3 to $9
GRAILKO: calls $3
*** FLOP *** [3s 5h 4d]
125678724: bets $3
GRAILKO: calls $3
*** TURN *** [3s 5h 4d] [8h]
125678724: bets $6
GRAILKO: folds
Uncalled bet ($6) returned to 125678724
125678724 collected $23.52 from pot
*** SUMMARY ***
Total pot $24 | Rake $0.48
Board [3s 5h 4d 8h]
Seat 5: 125678724 (big blind) collected ($23.52)
Seat 6: GRAILKO (button) (small blind) folded on the Turn


PokerStars Hand #150045331261:  Hold'em Limit ($3/$6 USD) - 2016/03/08 14:32:50 ET
Table 'Gacrux II' 6-max Seat #6 is the button
Seat 5: 125678724 ($199.44 in chips)
Seat 6: GRAILKO ($90.06 in chips)
GRAILKO: posts small blind $1
125678724: posts big blind $3
*** HOLE CARDS ***
GRAILKO: raises $3 to $6
125678724: calls $3
*** FLOP *** [2s 8h Kh]
125678724: checks
GRAILKO: bets $3
125678724: calls $3
*** TURN *** [2s 8h Kh] [2c]
125678724: checks
GRAILKO: checks
*** RIVER *** [2s 8h Kh 2c] [Qd]
125678724: checks
GRAILKO: bets $6
125678724: calls $6
*** SHOW DOWN ***
GRAILKO: shows [9h 3s] (a pair of Deuces)
125678724: shows [7s Ac] (a pair of Deuces - Ace kicker)
125678724 collected $29.50 from pot
*** SUMMARY ***
Total pot $30 | Rake $0.50
Board [2s 8h Kh 2c Qd]
Seat 5: 125678724 (big blind) showed [7s Ac] and won ($29.50) with a pair of Deuces
Seat 6: GRAILKO (button) (small blind) showed [9h 3s] and lost with a pair of Deuces


PokerStars Hand #150045314215:  Hold'em Limit ($3/$6 USD) - 2016/03/08 14:32:31 ET
Table 'Gacrux II' 6-max Seat #5 is the button
Seat 5: 125678724 ($160.94 in chips)
Seat 6: GRAILKO ($129.06 in chips)
125678724: posts small blind $1
GRAILKO: posts big blind $3
*** HOLE CARDS ***
125678724: calls $2
GRAILKO: raises $3 to $6
125678724: calls $3
*** FLOP *** [Tc Kd 5h]
GRAILKO: bets $3
125678724: calls $3
*** TURN *** [Tc Kd 5h] [6d]
GRAILKO: bets $6
125678724: raises $6 to $12
GRAILKO: raises $6 to $18
125678724: calls $6
*** RIVER *** [Tc Kd 5h 6d] [8d]
GRAILKO: bets $6
125678724: raises $6 to $12
GRAILKO: calls $6
*** SHOW DOWN ***
125678724: shows [Kh 5d] (two pair, Kings and Fives)
GRAILKO: mucks hand
125678724 collected $77.50 from pot
*** SUMMARY ***
Total pot $78 | Rake $0.50
Board [Tc Kd 5h 6d 8d]
Seat 5: 125678724 (button) (small blind) showed [Kh 5d] and won ($77.50) with two pair, Kings and Fives
Seat 6: GRAILKO (big blind) mucked


PokerStars Hand #150045365551:  Hold'em Limit ($3/$6 USD) - 2016/03/08 14:33:27 ET
Table 'Gacrux II' 6-max Seat #5 is the button
Seat 5: 125678724 ($206.94 in chips)
Seat 6: GRAILKO ($81.82 in chips)
125678724: posts small blind $1
GRAILKO: posts big blind $3
*** HOLE CARDS ***
125678724: raises $3 to $6
GRAILKO: folds
Uncalled bet ($3) returned to 125678724
Dok2920 joins the table at seat #3
125678724 collected $6 from pot
*** SUMMARY ***
Total pot $6 | Rake $0
Seat 5: 125678724 (button) (small blind) collected ($6)
Seat 6: GRAILKO (big blind) folded before Flop


PokerStars Hand #150045356631:  Hold'em Limit ($3/$6 USD) - 2016/03/08 14:33:17 ET
Table 'Gacrux II' 6-max Seat #6 is the button
Seat 5: 125678724 ($212.94 in chips)
Seat 6: GRAILKO ($76.06 in chips)
GRAILKO: posts small blind $1
125678724: posts big blind $3
*** HOLE CARDS ***
GRAILKO: raises $3 to $6
125678724: calls $3
*** FLOP *** [5h 4s 3h]
125678724: checks
GRAILKO: bets $3
125678724: folds
Uncalled bet ($3) returned to GRAILKO
GRAILKO collected $11.76 from pot
GRAILKO: doesn't show hand
*** SUMMARY ***
Total pot $12 | Rake $0.24
Board [5h 4s 3h]
Seat 5: 125678724 (big blind) folded on the Flop
Seat 6: GRAILKO (button) (small blind) collected ($11.76)


PokerStars Hand #150045352442:  Hold'em Limit ($3/$6 USD) - 2016/03/08 14:33:13 ET
Table 'Gacrux II' 6-max Seat #5 is the button
Seat 5: 125678724 ($213.94 in chips)
Seat 6: GRAILKO ($75.06 in chips)
125678724: posts small blind $1
GRAILKO: posts big blind $3
*** HOLE CARDS ***
125678724: folds
Uncalled bet ($2) returned to GRAILKO
GRAILKO collected $2 from pot
GRAILKO: doesn't show hand
*** SUMMARY ***
Total pot $2 | Rake $0
Seat 5: 125678724 (button) (small blind) folded before Flop
Seat 6: GRAILKO (big blind) collected ($2)


PokerStars Hand #150045607227:  Hold'em Limit ($3/$6 USD) - 2016/03/08 14:37:49 ET
Table 'Gacrux II' 6-max Seat #4 is the button
Seat 3: Dok2920 ($127.11 in chips)
Seat 4: Psynto ($109 in chips)
Psynto: posts small blind $1
GRAILKO: is sitting out
Dok2920: posts big blind $3
*** HOLE CARDS ***
GRAILKO leaves the table
Psynto: raises $3 to $6
Dok2920: calls $3
*** FLOP *** [4s 6h Kd]
Dok2920: checks
Psynto: bets $3
Dok2920: folds
Uncalled bet ($3) returned to Psynto
Dok2920 leaves the table
Psynto collected $11.76 from pot
Psynto: doesn't show hand
*** SUMMARY ***
Total pot $12 | Rake $0.24
Board [4s 6h Kd]
Seat 3: Dok2920 (big blind) folded on the Flop
Seat 4: Psynto (button) (small blind) collected ($11.76)


