PokerStars Hand #171916265769:  Hold'em Limit ($3/$6 USD) - 2017/06/18 0:20:48 ET
Table 'Gadolin II' 6-max Seat #4 is the button
Seat 1: coman567 ($148.25 in chips)
Seat 4: kayway6 ($128.01 in chips)
kayway6: posts small blind $1
EVBET: is sitting out
EVBET leaves the table
coman567: posts big blind $3
*** HOLE CARDS ***
kayway6: folds
Uncalled bet ($2) returned to coman567
coman567 collected $2 from pot
coman567: doesn't show hand
*** SUMMARY ***
Total pot $2 | Rake $0
Seat 1: coman567 (big blind) collected ($2)
Seat 4: kayway6 (button) (small blind) folded before Flop


PokerStars Hand #171916268359:  Hold'em Limit ($3/$6 USD) - 2017/06/18 0:20:58 ET
Table 'Gadolin II' 6-max Seat #1 is the button
Seat 1: coman567 ($149.25 in chips)
Seat 4: kayway6 ($127.01 in chips)
coman567: posts small blind $1
kayway6: posts big blind $3
*** HOLE CARDS ***
coman567: raises $3 to $6
kayway6: raises $3 to $9
coman567: calls $3
*** FLOP *** [7s Ts Ad]
kayway6: bets $3
coman567: calls $3
*** TURN *** [7s Ts Ad] [4h]
kayway6: bets $6
coman567: calls $6
*** RIVER *** [7s Ts Ad 4h] [3d]
kayway6: checks
coman567: checks
*** SHOW DOWN ***
kayway6: shows [9s 9h] (a pair of Nines)
coman567: mucks hand
kayway6 collected $35.50 from pot
*** SUMMARY ***
Total pot $36 | Rake $0.50
Board [7s Ts Ad 4h 3d]
Seat 1: coman567 (button) (small blind) mucked
Seat 4: kayway6 (big blind) showed [9s 9h] and won ($35.50) with a pair of Nines


PokerStars Hand #171916274094:  Hold'em Limit ($3/$6 USD) - 2017/06/18 0:21:20 ET
Table 'Gadolin II' 6-max Seat #4 is the button
Seat 1: coman567 ($131.25 in chips)
Seat 4: kayway6 ($144.51 in chips)
kayway6: posts small blind $1
coman567: posts big blind $3
*** HOLE CARDS ***
kayway6: raises $3 to $6
EVBET joins the table at seat #5
coman567: raises $3 to $9
kayway6: calls $3
*** FLOP *** [8h 4d 7h]
coman567: bets $3
kayway6: folds
Uncalled bet ($3) returned to coman567
coman567 collected $17.64 from pot
coman567: doesn't show hand
*** SUMMARY ***
Total pot $18 | Rake $0.36
Board [8h 4d 7h]
Seat 1: coman567 (big blind) collected ($17.64)
Seat 4: kayway6 (button) (small blind) folded on the Flop


PokerStars Hand #171916292498:  Hold'em Limit ($3/$6 USD) - 2017/06/18 0:22:31 ET
Table 'Gadolin II' 6-max Seat #1 is the button
Seat 1: coman567 ($112.89 in chips)
Seat 5: EVBET ($326.50 in chips)
coman567: posts small blind $1
EVBET: posts big blind $3
*** HOLE CARDS ***
coman567: raises $3 to $6
EVBET: calls $3
*** FLOP *** [As 6s 9c]
EVBET: checks
coman567: bets $3
EVBET: calls $3
*** TURN *** [As 6s 9c] [3c]
EVBET: checks
coman567: bets $6
EVBET: calls $6
*** RIVER *** [As 6s 9c 3c] [2d]
EVBET: checks
coman567: bets $6
EVBET: raises $6 to $12
coman567: raises $6 to $18
EVBET: calls $6
*** SHOW DOWN ***
coman567: shows [Ah 3s] (two pair, Aces and Threes)
EVBET: shows [2c 2s] (three of a kind, Deuces)
EVBET collected $65.50 from pot
*** SUMMARY ***
Total pot $66 | Rake $0.50
Board [As 6s 9c 3c 2d]
Seat 1: coman567 (button) (small blind) showed [Ah 3s] and lost with two pair, Aces and Threes
Seat 5: EVBET (big blind) showed [2c 2s] and won ($65.50) with three of a kind, Deuces


PokerStars Hand #171916290032:  Hold'em Limit ($3/$6 USD) - 2017/06/18 0:22:22 ET
Table 'Gadolin II' 6-max Seat #5 is the button
Seat 1: coman567 ($115.89 in chips)
Seat 5: EVBET ($323.50 in chips)
EVBET: posts small blind $1
coman567: posts big blind $3
*** HOLE CARDS ***
EVBET: raises $3 to $6
coman567: folds
Uncalled bet ($3) returned to EVBET
EVBET collected $6 from pot
EVBET: doesn't show hand
*** SUMMARY ***
Total pot $6 | Rake $0
Seat 1: coman567 (big blind) folded before Flop
Seat 5: EVBET (button) (small blind) collected ($6)


PokerStars Hand #171916281208:  Hold'em Limit ($3/$6 USD) - 2017/06/18 0:21:47 ET
Table 'Gadolin II' 6-max Seat #1 is the button
Seat 1: coman567 ($139.89 in chips)
Seat 5: EVBET ($300 in chips)
coman567: posts small blind $1
EVBET: posts big blind $3
*** HOLE CARDS ***
coman567: raises $3 to $6
kayway6 leaves the table
EVBET: raises $3 to $9
coman567: calls $3
*** FLOP *** [5s 6c 8d]
EVBET: bets $3
coman567: calls $3
*** TURN *** [5s 6c 8d] [Ad]
EVBET: bets $6
coman567: calls $6
*** RIVER *** [5s 6c 8d Ad] [Kd]
EVBET: bets $6
coman567: calls $6
*** SHOW DOWN ***
EVBET: shows [As 9c] (a pair of Aces)
coman567: mucks hand
EVBET collected $47.50 from pot
*** SUMMARY ***
Total pot $48 | Rake $0.50
Board [5s 6c 8d Ad Kd]
Seat 1: coman567 (button) (small blind) mucked
Seat 5: EVBET (big blind) showed [As 9c] and won ($47.50) with a pair of Aces


PokerStars Hand #171916315655:  Hold'em Limit ($3/$6 USD) - 2017/06/18 0:23:57 ET
Table 'Gadolin II' 6-max Seat #5 is the button
Seat 1: coman567 ($143.50 in chips)
Seat 5: EVBET ($334.76 in chips)
EVBET: posts small blind $1
coman567: posts big blind $3
*** HOLE CARDS ***
EVBET: folds
Uncalled bet ($2) returned to coman567
coman567 collected $2 from pot
coman567: doesn't show hand
*** SUMMARY ***
Total pot $2 | Rake $0
Seat 1: coman567 (big blind) collected ($2)
Seat 5: EVBET (button) (small blind) folded before Flop


PokerStars Hand #171916311495:  Hold'em Limit ($3/$6 USD) - 2017/06/18 0:23:41 ET
Table 'Gadolin II' 6-max Seat #1 is the button
Seat 1: coman567 ($114 in chips)
Seat 5: EVBET ($364.76 in chips)
coman567: posts small blind $1
EVBET: posts big blind $3
*** HOLE CARDS ***
Teddy-CSIS joins the table at seat #3
coman567: raises $3 to $6
EVBET: calls $3
*** FLOP *** [4h 6d 6h]
EVBET: checks
coman567: bets $3
EVBET: raises $3 to $6
coman567: calls $3
*** TURN *** [4h 6d 6h] [2c]
EVBET: bets $6
coman567: raises $6 to $12
EVBET: calls $6
*** RIVER *** [4h 6d 6h 2c] [5s]
EVBET: checks
coman567: bets $6
EVBET: calls $6
*** SHOW DOWN ***
coman567: shows [3s 5c] (a straight, Deuce to Six)
EVBET: mucks hand
coman567 collected $59.50 from pot
*** SUMMARY ***
Total pot $60 | Rake $0.50
Board [4h 6d 6h 2c 5s]
Seat 1: coman567 (button) (small blind) showed [3s 5c] and won ($59.50) with a straight, Deuce to Six
Seat 5: EVBET (big blind) mucked


PokerStars Hand #171916301357:  Hold'em Limit ($3/$6 USD) - 2017/06/18 0:23:06 ET
Table 'Gadolin II' 6-max Seat #5 is the button
Seat 1: coman567 ($120 in chips)
Seat 5: EVBET ($359 in chips)
EVBET: posts small blind $1
coman567: posts big blind $3
*** HOLE CARDS ***
EVBET: raises $3 to $6
coman567: calls $3
*** FLOP *** [4s 7s 7c]
coman567: checks
EVBET: bets $3
coman567: folds
Uncalled bet ($3) returned to EVBET
EVBET collected $11.76 from pot
EVBET: doesn't show hand
*** SUMMARY ***
Total pot $12 | Rake $0.24
Board [4s 7s 7c]
Seat 1: coman567 (big blind) folded on the Flop
Seat 5: EVBET (button) (small blind) collected ($11.76)


PokerStars Hand #171917578567:  Hold'em Limit ($3/$6 USD) - 2017/06/18 1:45:46 ET
Table 'Gadolin II' 6-max Seat #1 is the button
Seat 1: coman567 ($218.49 in chips)
Seat 5: Lowey277 ($158.95 in chips)
coman567: posts small blind $1
Lowey277: posts big blind $3
*** HOLE CARDS ***
coman567: raises $3 to $6
Lowey277: calls $3
*** FLOP *** [Ks 5d Ad]
Lowey277: bets $3
coman567: folds
Uncalled bet ($3) returned to Lowey277
Lowey277 collected $11.76 from pot
Lowey277: doesn't show hand
*** SUMMARY ***
Total pot $12 | Rake $0.24
Board [Ks 5d Ad]
Seat 1: coman567 (button) (small blind) folded on the Flop
Seat 5: Lowey277 (big blind) collected ($11.76)


PokerStars Hand #171917582278:  Hold'em Limit ($3/$6 USD) - 2017/06/18 1:46:01 ET
Table 'Gadolin II' 6-max Seat #5 is the button
Seat 1: coman567 ($212.49 in chips)
Seat 5: Lowey277 ($164.71 in chips)
Lowey277: posts small blind $1
coman567: posts big blind $3
*** HOLE CARDS ***
Lowey277: calls $2
coman567: raises $3 to $6
Lowey277: calls $3
*** FLOP *** [8h Kc 5c]
coman567: bets $3
Lowey277: raises $3 to $6
coman567: raises $3 to $9
Lowey277: calls $3
*** TURN *** [8h Kc 5c] [3h]
coman567: bets $6
Lowey277: calls $6
*** RIVER *** [8h Kc 5c 3h] [3d]
coman567: bets $6
Lowey277: calls $6
*** SHOW DOWN ***
coman567: shows [8c 5h] (two pair, Eights and Fives)
Lowey277: mucks hand
coman567 collected $53.50 from pot
*** SUMMARY ***
Total pot $54 | Rake $0.50
Board [8h Kc 5c 3h 3d]
Seat 1: coman567 (big blind) showed [8c 5h] and won ($53.50) with two pair, Eights and Fives
Seat 5: Lowey277 (button) (small blind) mucked


