PokerStars Hand #155146660233:  Hold'em Limit ($3/$6 USD) - 2016/06/24 14:15:40 ET
Table 'Gaea' 6-max Seat #2 is the button
Seat 2: ZinZar ($72 in chips)
Seat 3: mack n tire ($120 in chips)
ZinZar: posts small blind $1
mack n tire: posts big blind $3
*** HOLE CARDS ***
ZinZar: raises $3 to $6
mack n tire: calls $3
*** FLOP *** [Js Ac Ts]
mack n tire: checks
ZinZar: bets $3
mack n tire: calls $3
*** TURN *** [Js Ac Ts] [3h]
mack n tire: bets $6
ZinZar: calls $6
*** RIVER *** [Js Ac Ts 3h] [As]
mack n tire: bets $6
ZinZar: calls $6
*** SHOW DOWN ***
mack n tire: shows [3c 8s] (two pair, Aces and Threes)
ZinZar: shows [Qs Jh] (two pair, Aces and Jacks)
ZinZar collected $41.50 from pot
*** SUMMARY ***
Total pot $42 | Rake $0.50
Board [Js Ac Ts 3h As]
Seat 2: ZinZar (button) (small blind) showed [Qs Jh] and won ($41.50) with two pair, Aces and Jacks
Seat 3: mack n tire (big blind) showed [3c 8s] and lost with two pair, Aces and Threes


PokerStars Hand #155146735029:  Hold'em Limit ($3/$6 USD) - 2016/06/24 14:17:32 ET
Table 'Gaea' 6-max Seat #2 is the button
Seat 2: ZinZar ($138.50 in chips)
Seat 3: mack n tire ($52 in chips)
ZinZar: posts small blind $1
mack n tire: posts big blind $3
*** HOLE CARDS ***
ZinZar: raises $3 to $6
mack n tire: folds
Uncalled bet ($3) returned to ZinZar
ZinZar collected $6 from pot
ZinZar: doesn't show hand
*** SUMMARY ***
Total pot $6 | Rake $0
Seat 2: ZinZar (button) (small blind) collected ($6)
Seat 3: mack n tire (big blind) folded before Flop


PokerStars Hand #155146715091:  Hold'em Limit ($3/$6 USD) - 2016/06/24 14:17:05 ET
Table 'Gaea' 6-max Seat #3 is the button
Seat 2: ZinZar ($106 in chips)
Seat 3: mack n tire ($85 in chips)
mack n tire: posts small blind $1
ZinZar: posts big blind $3
*** HOLE CARDS ***
mack n tire: calls $2
ZinZar: raises $3 to $6
mack n tire: calls $3
*** FLOP *** [6s Jh 2d]
ZinZar: bets $3
mack n tire: calls $3
*** TURN *** [6s Jh 2d] [Kc]
ZinZar: bets $6
mack n tire: raises $6 to $12
ZinZar: raises $6 to $18
mack n tire: calls $6
*** RIVER *** [6s Jh 2d Kc] [Td]
ZinZar: bets $6
mack n tire: calls $6
*** SHOW DOWN ***
ZinZar: shows [Js Ks] (two pair, Kings and Jacks)
mack n tire: mucks hand
ZinZar collected $65.50 from pot
*** SUMMARY ***
Total pot $66 | Rake $0.50
Board [6s Jh 2d Kc Td]
Seat 2: ZinZar (big blind) showed [Js Ks] and won ($65.50) with two pair, Kings and Jacks
Seat 3: mack n tire (button) (small blind) mucked


PokerStars Hand #155146708924:  Hold'em Limit ($3/$6 USD) - 2016/06/24 14:16:55 ET
Table 'Gaea' 6-max Seat #2 is the button
Seat 2: ZinZar ($107 in chips)
Seat 3: mack n tire ($84 in chips)
ZinZar: posts small blind $1
mack n tire: posts big blind $3
*** HOLE CARDS ***
ZinZar: folds
Uncalled bet ($2) returned to mack n tire
mack n tire collected $2 from pot
mack n tire: doesn't show hand
*** SUMMARY ***
Total pot $2 | Rake $0
Seat 2: ZinZar (button) (small blind) folded before Flop
Seat 3: mack n tire (big blind) collected ($2)


PokerStars Hand #155146681571:  Hold'em Limit ($3/$6 USD) - 2016/06/24 14:16:13 ET
Table 'Gaea' 6-max Seat #3 is the button
Seat 2: ZinZar ($92.50 in chips)
Seat 3: mack n tire ($99 in chips)
mack n tire: posts small blind $1
ZinZar: posts big blind $3
*** HOLE CARDS ***
mack n tire: calls $2
ZinZar: checks
*** FLOP *** [Ad 8c Th]
ZinZar: checks
mack n tire: checks
*** TURN *** [Ad 8c Th] [4c]
ZinZar: checks
mack n tire: bets $6
ZinZar: calls $6
*** RIVER *** [Ad 8c Th 4c] [8s]
ZinZar: checks
mack n tire: bets $6
ZinZar: raises $6 to $12
mack n tire: folds
Uncalled bet ($6) returned to ZinZar
ZinZar collected $29.50 from pot
ZinZar: doesn't show hand
*** SUMMARY ***
Total pot $30 | Rake $0.50
Board [Ad 8c Th 4c 8s]
Seat 2: ZinZar (big blind) collected ($29.50)
Seat 3: mack n tire (button) (small blind) folded on the River


PokerStars Hand #155146751531:  Hold'em Limit ($3/$6 USD) - 2016/06/24 14:17:58 ET
Table 'Gaea' 6-max Seat #2 is the button
Seat 2: ZinZar ($144.38 in chips)
Seat 3: mack n tire ($46 in chips)
ZinZar: posts small blind $1
mack n tire: posts big blind $3
*** HOLE CARDS ***
ZinZar: raises $3 to $6
mack n tire: calls $3
*** FLOP *** [Ts 2d 4h]
mack n tire: checks
ZinZar: bets $3
mack n tire: calls $3
*** TURN *** [Ts 2d 4h] [3d]
mack n tire: bets $6
ZinZar: calls $6
*** RIVER *** [Ts 2d 4h 3d] [4s]
mack n tire: bets $6
ZinZar: raises $6 to $12
mack n tire: calls $6
*** SHOW DOWN ***
ZinZar: shows [Js 4d] (three of a kind, Fours)
mack n tire: mucks hand
ZinZar collected $53.50 from pot
*** SUMMARY ***
Total pot $54 | Rake $0.50
Board [Ts 2d 4h 3d 4s]
Seat 2: ZinZar (button) (small blind) showed [Js 4d] and won ($53.50) with three of a kind, Fours
Seat 3: mack n tire (big blind) mucked


PokerStars Hand #155146740440:  Hold'em Limit ($3/$6 USD) - 2016/06/24 14:17:41 ET
Table 'Gaea' 6-max Seat #3 is the button
Seat 2: ZinZar ($141.50 in chips)
Seat 3: mack n tire ($49 in chips)
mack n tire: posts small blind $1
ZinZar: posts big blind $3
*** HOLE CARDS ***
mack n tire: calls $2
ZinZar: checks
*** FLOP *** [8h Qh 4d]
ZinZar: bets $3
mack n tire: folds
Uncalled bet ($3) returned to ZinZar
ZinZar collected $5.88 from pot
ZinZar: doesn't show hand
*** SUMMARY ***
Total pot $6 | Rake $0.12
Board [8h Qh 4d]
Seat 2: ZinZar (big blind) collected ($5.88)
Seat 3: mack n tire (button) (small blind) folded on the Flop


PokerStars Hand #155146803134:  Hold'em Limit ($3/$6 USD) - 2016/06/24 14:19:18 ET
Table 'Gaea' 6-max Seat #3 is the button
Seat 2: ZinZar ($173.64 in chips)
Seat 3: mack n tire ($15.88 in chips)
mack n tire: posts small blind $1
ZinZar: posts big blind $3
*** HOLE CARDS ***
mack n tire: folds
Uncalled bet ($2) returned to ZinZar
ZinZar collected $2 from pot
ZinZar: doesn't show hand
*** SUMMARY ***
Total pot $2 | Rake $0
Seat 2: ZinZar (big blind) collected ($2)
Seat 3: mack n tire (button) (small blind) folded before Flop


PokerStars Hand #155146791292:  Hold'em Limit ($3/$6 USD) - 2016/06/24 14:19:00 ET
Table 'Gaea' 6-max Seat #2 is the button
Seat 2: ZinZar ($167.88 in chips)
Seat 3: mack n tire ($21.88 in chips)
ZinZar: posts small blind $1
mack n tire: posts big blind $3
*** HOLE CARDS ***
ZinZar: raises $3 to $6
mack n tire: calls $3
*** FLOP *** [Qc Qh 8h]
mack n tire: checks
ZinZar: bets $3
mack n tire: folds
Uncalled bet ($3) returned to ZinZar
ZinZar collected $11.76 from pot
ZinZar: doesn't show hand
*** SUMMARY ***
Total pot $12 | Rake $0.24
Board [Qc Qh 8h]
Seat 2: ZinZar (button) (small blind) collected ($11.76)
Seat 3: mack n tire (big blind) folded on the Flop


PokerStars Hand #155146772876:  Hold'em Limit ($3/$6 USD) - 2016/06/24 14:18:31 ET
Table 'Gaea' 6-max Seat #3 is the button
Seat 2: ZinZar ($170.88 in chips)
Seat 3: mack n tire ($19 in chips)
mack n tire: posts small blind $1
ZinZar: posts big blind $3
*** HOLE CARDS ***
mack n tire: calls $2
ZinZar: checks
*** FLOP *** [Qh 5s Kc]
ZinZar: checks
mack n tire: checks
*** TURN *** [Qh 5s Kc] [7h]
ZinZar: checks
mack n tire: checks
*** RIVER *** [Qh 5s Kc 7h] [9s]
ZinZar: checks
mack n tire: checks
*** SHOW DOWN ***
ZinZar: shows [Td 2h] (high card King)
mack n tire: shows [7d Jc] (a pair of Sevens)
mack n tire collected $5.88 from pot
*** SUMMARY ***
Total pot $6 | Rake $0.12
Board [Qh 5s Kc 7h 9s]
Seat 2: ZinZar (big blind) showed [Td 2h] and lost with high card King
Seat 3: mack n tire (button) (small blind) showed [7d Jc] and won ($5.88) with a pair of Sevens


PokerStars Hand #155146806027:  Hold'em Limit ($3/$6 USD) - 2016/06/24 14:19:22 ET
Table 'Gaea' 6-max Seat #2 is the button
Seat 2: ZinZar ($174.64 in chips)
Seat 3: mack n tire ($14.88 in chips)
ZinZar: posts small blind $1
mack n tire: posts big blind $3
*** HOLE CARDS ***
ZinZar: raises $3 to $6
mack n tire: raises $3 to $9
ZinZar: calls $3
*** FLOP *** [Kc 2c 8c]
mack n tire: bets $3
ZinZar: raises $3 to $6
mack n tire: calls $2.88 and is all-in
Uncalled bet ($0.12) returned to ZinZar
*** TURN *** [Kc 2c 8c] [Td]
*** RIVER *** [Kc 2c 8c Td] [8h]
*** SHOW DOWN ***
mack n tire: shows [Jc Qh] (a pair of Eights)
ZinZar: shows [Kh Jd] (two pair, Kings and Eights)
ZinZar collected $29.26 from pot
*** SUMMARY ***
Total pot $29.76 | Rake $0.50
Board [Kc 2c 8c Td 8h]
Seat 2: ZinZar (button) (small blind) showed [Kh Jd] and won ($29.26) with two pair, Kings and Eights
Seat 3: mack n tire (big blind) showed [Jc Qh] and lost with a pair of Eights


