PokerStars Hand #144751883536:  Hold'em Limit ($3/$6 USD) - 2015/12/03 6:41:52 ET
Table 'Gaea II' 2-max Seat #1 is the button
Seat 1: BelSv ($89.52 in chips)
Seat 2: Blunntorama ($38 in chips)
BelSv: posts small blind $1
Blunntorama: posts big blind $3
*** HOLE CARDS ***
BelSv: raises $3 to $6
Blunntorama: raises $3 to $9
BelSv: calls $3
*** FLOP *** [Qs Ac 8d]
Blunntorama: bets $3
BelSv: calls $3
*** TURN *** [Qs Ac 8d] [2c]
Blunntorama: bets $6
BelSv: calls $6
*** RIVER *** [Qs Ac 8d 2c] [4s]
Blunntorama: checks
BelSv: bets $6
Blunntorama: calls $6
*** SHOW DOWN ***
BelSv: shows [3d Qc] (a pair of Queens)
Blunntorama: mucks hand
BelSv collected $47.50 from pot
*** SUMMARY ***
Total pot $48 | Rake $0.50
Board [Qs Ac 8d 2c 4s]
Seat 1: BelSv (button) (small blind) showed [3d Qc] and won ($47.50) with a pair of Queens
Seat 2: Blunntorama (big blind) mucked


PokerStars Hand #144751878106:  Hold'em Limit ($3/$6 USD) - 2015/12/03 6:41:32 ET
Table 'Gaea II' 2-max Seat #2 is the button
Seat 1: BelSv ($78 in chips)
Seat 2: Blunntorama ($50 in chips)
Blunntorama: posts small blind $1
BelSv: posts big blind $3
*** HOLE CARDS ***
Blunntorama: raises $3 to $6
BelSv: calls $3
*** FLOP *** [2d 9s 8h]
BelSv: checks
Blunntorama: checks
*** TURN *** [2d 9s 8h] [9h]
BelSv: checks
Blunntorama: bets $6
BelSv: calls $6
*** RIVER *** [2d 9s 8h 9h] [Qd]
BelSv: bets $6
Blunntorama: folds
Uncalled bet ($6) returned to BelSv
BelSv collected $23.52 from pot
BelSv: doesn't show hand
*** SUMMARY ***
Total pot $24 | Rake $0.48
Board [2d 9s 8h 9h Qd]
Seat 1: BelSv (big blind) collected ($23.52)
Seat 2: Blunntorama (button) (small blind) folded on the River


PokerStars Hand #144751887479:  Hold'em Limit ($3/$6 USD) - 2015/12/03 6:42:08 ET
Table 'Gaea II' 2-max Seat #2 is the button
Seat 1: BelSv ($113.02 in chips)
Seat 2: Blunntorama ($14 in chips)
Blunntorama: posts small blind $1
BelSv: posts big blind $3
*** HOLE CARDS ***
Blunntorama: raises $3 to $6
BelSv: folds
Uncalled bet ($3) returned to Blunntorama
Blunntorama collected $6 from pot
Blunntorama: doesn't show hand
*** SUMMARY ***
Total pot $6 | Rake $0
Seat 1: BelSv (big blind) folded before Flop
Seat 2: Blunntorama (button) (small blind) collected ($6)


PokerStars Hand #144751876827:  Hold'em Limit ($3/$6 USD) - 2015/12/03 6:41:27 ET
Table 'Gaea II' 2-max Seat #1 is the button
Seat 1: BelSv ($79 in chips)
Seat 2: Blunntorama ($49 in chips)
BelSv: posts small blind $1
Blunntorama: posts big blind $3
*** HOLE CARDS ***
BelSv: folds
Uncalled bet ($2) returned to Blunntorama
Blunntorama collected $2 from pot
Blunntorama: doesn't show hand
*** SUMMARY ***
Total pot $2 | Rake $0
Seat 1: BelSv (button) (small blind) folded before Flop
Seat 2: Blunntorama (big blind) collected ($2)


PokerStars Hand #144751889105:  Hold'em Limit ($3/$6 USD) - 2015/12/03 6:42:14 ET
Table 'Gaea II' 2-max Seat #1 is the button
Seat 1: BelSv ($110.02 in chips)
Seat 2: Blunntorama ($17 in chips)
BelSv: posts small blind $1
Blunntorama: posts big blind $3
*** HOLE CARDS ***
BelSv: raises $3 to $6
Blunntorama: calls $3
*** FLOP *** [9d 3h 2h]
Blunntorama: checks
BelSv: bets $3
Blunntorama: raises $3 to $6
BelSv: calls $3
*** TURN *** [9d 3h 2h] [6h]
Blunntorama: bets $5 and is all-in
BelSv: calls $5
*** RIVER *** [9d 3h 2h 6h] [5d]
*** SHOW DOWN ***
Blunntorama: shows [3d 4s] (a straight, Deuce to Six)
BelSv: shows [Ts Qc] (high card Queen)
Blunntorama collected $33.50 from pot
*** SUMMARY ***
Total pot $34 | Rake $0.50
Board [9d 3h 2h 6h 5d]
Seat 1: BelSv (button) (small blind) showed [Ts Qc] and lost with high card Queen
Seat 2: Blunntorama (big blind) showed [3d 4s] and won ($33.50) with a straight, Deuce to Six


PokerStars Hand #144751893002:  Hold'em Limit ($3/$6 USD) - 2015/12/03 6:42:29 ET
Table 'Gaea II' 2-max Seat #2 is the button
Seat 1: BelSv ($93.02 in chips)
Seat 2: Blunntorama ($33.50 in chips)
Blunntorama: posts small blind $1
BelSv: posts big blind $3
*** HOLE CARDS ***
Blunntorama: raises $3 to $6
BelSv: calls $3
*** FLOP *** [Qs As 5h]
BelSv: checks
Blunntorama: bets $3
BelSv: calls $3
*** TURN *** [Qs As 5h] [7d]
BelSv: checks
Blunntorama: checks
*** RIVER *** [Qs As 5h 7d] [Qd]
BelSv: checks
Blunntorama: checks
*** SHOW DOWN ***
BelSv: shows [5d 4c] (two pair, Queens and Fives)
Blunntorama: mucks hand
BelSv collected $17.64 from pot
*** SUMMARY ***
Total pot $18 | Rake $0.36
Board [Qs As 5h 7d Qd]
Seat 1: BelSv (big blind) showed [5d 4c] and won ($17.64) with two pair, Queens and Fives
Seat 2: Blunntorama (button) (small blind) mucked


PokerStars Hand #144751896529:  Hold'em Limit ($3/$6 USD) - 2015/12/03 6:42:44 ET
Table 'Gaea II' 2-max Seat #1 is the button
Seat 1: BelSv ($101.66 in chips)
Seat 2: Blunntorama ($24.50 in chips)
BelSv: posts small blind $1
Blunntorama: posts big blind $3
*** HOLE CARDS ***
BelSv: raises $3 to $6
Blunntorama: raises $3 to $9
BelSv: calls $3
*** FLOP *** [Ah 7s 2h]
Blunntorama: bets $3
BelSv: calls $3
*** TURN *** [Ah 7s 2h] [6d]
Blunntorama: checks
BelSv: checks
*** RIVER *** [Ah 7s 2h 6d] [3h]
Blunntorama: checks
BelSv: checks
*** SHOW DOWN ***
Blunntorama: shows [Kc Qs] (high card Ace)
BelSv: mucks hand
Blunntorama collected $23.52 from pot
*** SUMMARY ***
Total pot $24 | Rake $0.48
Board [Ah 7s 2h 6d 3h]
Seat 1: BelSv (button) (small blind) mucked
Seat 2: Blunntorama (big blind) showed [Kc Qs] and won ($23.52) with high card Ace


PokerStars Hand #144751915584:  Hold'em Limit ($3/$6 USD) - 2015/12/03 6:44:07 ET
Table 'Gaea II' 2-max Seat #2 is the button
Seat 1: BelSv ($112.74 in chips)
Seat 2: Blunntorama ($11.60 in chips)
Blunntorama: posts small blind $1
BelSv: posts big blind $3
*** HOLE CARDS ***
Blunntorama: folds
Uncalled bet ($2) returned to BelSv
BelSv collected $2 from pot
BelSv: doesn't show hand
*** SUMMARY ***
Total pot $2 | Rake $0
Seat 1: BelSv (big blind) collected ($2)
Seat 2: Blunntorama (button) (small blind) folded before Flop


PokerStars Hand #144751902375:  Hold'em Limit ($3/$6 USD) - 2015/12/03 6:43:09 ET
Table 'Gaea II' 2-max Seat #2 is the button
Seat 1: BelSv ($89.66 in chips)
Seat 2: Blunntorama ($36.02 in chips)
Blunntorama: posts small blind $1
BelSv: posts big blind $3
*** HOLE CARDS ***
Blunntorama: raises $3 to $6
BelSv: raises $3 to $9
Blunntorama: calls $3
*** FLOP *** [6h 5c 3h]
BelSv: bets $3
Blunntorama: calls $3
*** TURN *** [6h 5c 3h] [5d]
BelSv: bets $6
Blunntorama: folds
Uncalled bet ($6) returned to BelSv
BelSv collected $23.52 from pot
BelSv: doesn't show hand
*** SUMMARY ***
Total pot $24 | Rake $0.48
Board [6h 5c 3h 5d]
Seat 1: BelSv (big blind) collected ($23.52)
Seat 2: Blunntorama (button) (small blind) folded on the Turn


PokerStars Hand #144751912749:  Hold'em Limit ($3/$6 USD) - 2015/12/03 6:43:54 ET
Table 'Gaea II' 2-max Seat #1 is the button
Seat 1: BelSv ($118.66 in chips)
Seat 2: Blunntorama ($5.92 in chips)
BelSv: posts small blind $1
Blunntorama: posts big blind $3
*** HOLE CARDS ***
BelSv: raises $3 to $6
Blunntorama: calls $2.92 and is all-in
Uncalled bet ($0.08) returned to BelSv
*** FLOP *** [7d 4c 7c]
*** TURN *** [7d 4c 7c] [Kc]
*** RIVER *** [7d 4c 7c Kc] [9h]
*** SHOW DOWN ***
Blunntorama: shows [Ad Jc] (a pair of Sevens)
BelSv: shows [Ah Ts] (a pair of Sevens - lower kicker)
Blunntorama collected $11.60 from pot
*** SUMMARY ***
Total pot $11.84 | Rake $0.24
Board [7d 4c 7c Kc 9h]
Seat 1: BelSv (button) (small blind) showed [Ah Ts] and lost with a pair of Sevens
Seat 2: Blunntorama (big blind) showed [Ad Jc] and won ($11.60) with a pair of Sevens


PokerStars Hand #144751906109:  Hold'em Limit ($3/$6 USD) - 2015/12/03 6:43:25 ET
Table 'Gaea II' 2-max Seat #1 is the button
Seat 1: BelSv ($101.18 in chips)
Seat 2: Blunntorama ($24.02 in chips)
BelSv: posts small blind $1
Blunntorama: posts big blind $3
*** HOLE CARDS ***
BelSv: raises $3 to $6
Blunntorama: calls $3
*** FLOP *** [9s 7c 8s]
Blunntorama: checks
BelSv: bets $3
Blunntorama: calls $3
*** TURN *** [9s 7c 8s] [Ac]
Blunntorama: checks
BelSv: bets $6
Blunntorama: calls $6
*** RIVER *** [9s 7c 8s Ac] [7h]
Blunntorama: checks
BelSv: bets $6
Blunntorama: calls $6
*** SHOW DOWN ***
BelSv: shows [Ts 9d] (two pair, Nines and Sevens)
Blunntorama: mucks hand
BelSv collected $41.50 from pot
*** SUMMARY ***
Total pot $42 | Rake $0.50
Board [9s 7c 8s Ac 7h]
Seat 1: BelSv (button) (small blind) showed [Ts 9d] and won ($41.50) with two pair, Nines and Sevens
Seat 2: Blunntorama (big blind) mucked


PokerStars Hand #144751909908:  Hold'em Limit ($3/$6 USD) - 2015/12/03 6:43:41 ET
Table 'Gaea II' 2-max Seat #2 is the button
Seat 1: BelSv ($121.68 in chips)
Seat 2: Blunntorama ($3.02 in chips)
Blunntorama: posts small blind $1
BelSv: posts big blind $3
*** HOLE CARDS ***
Blunntorama: raises $0.02 to $3.02 and is all-in
BelSv: calls $0.02
*** FLOP *** [6d Td 4c]
*** TURN *** [6d Td 4c] [3h]
*** RIVER *** [6d Td 4c 3h] [Th]
*** SHOW DOWN ***
BelSv: shows [Kh 7s] (a pair of Tens)
Blunntorama: shows [3s Tc] (a full house, Tens full of Threes)
Blunntorama collected $5.92 from pot
*** SUMMARY ***
Total pot $6.04 | Rake $0.12
Board [6d Td 4c 3h Th]
Seat 1: BelSv (big blind) showed [Kh 7s] and lost with a pair of Tens
Seat 2: Blunntorama (button) (small blind) showed [3s Tc] and won ($5.92) with a full house, Tens full of Threes


PokerStars Hand #144751916735:  Hold'em Limit ($3/$6 USD) - 2015/12/03 6:44:12 ET
Table 'Gaea II' 2-max Seat #1 is the button
Seat 1: BelSv ($113.74 in chips)
Seat 2: Blunntorama ($10.60 in chips)
BelSv: posts small blind $1
Blunntorama: posts big blind $3
*** HOLE CARDS ***
BelSv: raises $3 to $6
Blunntorama: raises $3 to $9
BelSv: calls $3
*** FLOP *** [Th 6c As]
Blunntorama: bets $1.60 and is all-in
BelSv: calls $1.60
*** TURN *** [Th 6c As] [Kd]
*** RIVER *** [Th 6c As Kd] [6h]
*** SHOW DOWN ***
Blunntorama: shows [7s 4d] (a pair of Sixes)
BelSv: shows [Qh Ts] (two pair, Tens and Sixes)
BelSv collected $20.78 from pot
*** SUMMARY ***
Total pot $21.20 | Rake $0.42
Board [Th 6c As Kd 6h]
Seat 1: BelSv (button) (small blind) showed [Qh Ts] and won ($20.78) with two pair, Tens and Sixes
Seat 2: Blunntorama (big blind) showed [7s 4d] and lost with a pair of Sixes


PokerStars Hand #144752027970:  Hold'em Limit ($3/$6 USD) - 2015/12/03 6:54:07 ET
Table 'Gaea II' 2-max Seat #2 is the button
Seat 1: BelSv ($123.92 in chips)
Seat 2: jl45259071 ($378.35 in chips)
jl45259071: posts small blind $1
BelSv: posts big blind $3
*** HOLE CARDS ***
jl45259071: calls $2
BelSv: raises $3 to $6
jl45259071: calls $3
*** FLOP *** [9d 3d Ks]
BelSv: bets $3
jl45259071: calls $3
*** TURN *** [9d 3d Ks] [7c]
BelSv: checks
jl45259071: checks
*** RIVER *** [9d 3d Ks 7c] [6c]
BelSv: checks
jl45259071: bets $6
BelSv: folds
Uncalled bet ($6) returned to jl45259071
jl45259071 collected $17.64 from pot
jl45259071: doesn't show hand
*** SUMMARY ***
Total pot $18 | Rake $0.36
Board [9d 3d Ks 7c 6c]
Seat 1: BelSv (big blind) folded on the River
Seat 2: jl45259071 (button) (small blind) collected ($17.64)


PokerStars Hand #144752039369:  Hold'em Limit ($3/$6 USD) - 2015/12/03 6:55:11 ET
Table 'Gaea II' 2-max Seat #1 is the button
Seat 1: BelSv ($120.42 in chips)
Seat 2: jl45259071 ($380.63 in chips)
BelSv: posts small blind $1
jl45259071: posts big blind $3
*** HOLE CARDS ***
BelSv: folds
Uncalled bet ($2) returned to jl45259071
jl45259071 collected $2 from pot
jl45259071: doesn't show hand
*** SUMMARY ***
Total pot $2 | Rake $0
Seat 1: BelSv (button) (small blind) folded before Flop
Seat 2: jl45259071 (big blind) collected ($2)


PokerStars Hand #144752035112:  Hold'em Limit ($3/$6 USD) - 2015/12/03 6:54:46 ET
Table 'Gaea II' 2-max Seat #2 is the button
Seat 1: BelSv ($129.42 in chips)
Seat 2: jl45259071 ($371.99 in chips)
jl45259071: posts small blind $1
BelSv: posts big blind $3
*** HOLE CARDS ***
jl45259071: raises $3 to $6
BelSv: calls $3
*** FLOP *** [5c 2d 3h]
BelSv: checks
jl45259071: bets $3
BelSv: calls $3
*** TURN *** [5c 2d 3h] [7c]
BelSv: checks
jl45259071: checks
*** RIVER *** [5c 2d 3h 7c] [3d]
BelSv: checks
jl45259071: checks
*** SHOW DOWN ***
BelSv: shows [8s Qd] (a pair of Threes)
jl45259071: shows [Jh Kh] (a pair of Threes - King kicker)
jl45259071 collected $17.64 from pot
*** SUMMARY ***
Total pot $18 | Rake $0.36
Board [5c 2d 3h 7c 3d]
Seat 1: BelSv (big blind) showed [8s Qd] and lost with a pair of Threes
Seat 2: jl45259071 (button) (small blind) showed [Jh Kh] and won ($17.64) with a pair of Threes


PokerStars Hand #144752031976:  Hold'em Limit ($3/$6 USD) - 2015/12/03 6:54:29 ET
Table 'Gaea II' 2-max Seat #1 is the button
Seat 1: BelSv ($114.92 in chips)
Seat 2: jl45259071 ($386.99 in chips)
BelSv: posts small blind $1
jl45259071: posts big blind $3
*** HOLE CARDS ***
BelSv: raises $3 to $6
jl45259071: calls $3
*** FLOP *** [6c 8c 5d]
jl45259071: checks
BelSv: bets $3
jl45259071: calls $3
*** TURN *** [6c 8c 5d] [6s]
jl45259071: checks
BelSv: bets $6
jl45259071: calls $6
*** RIVER *** [6c 8c 5d 6s] [Qs]
jl45259071: checks
BelSv: bets $6
jl45259071: folds
Uncalled bet ($6) returned to BelSv
BelSv collected $29.50 from pot
BelSv: doesn't show hand
*** SUMMARY ***
Total pot $30 | Rake $0.50
Board [6c 8c 5d 6s Qs]
Seat 1: BelSv (button) (small blind) collected ($29.50)
Seat 2: jl45259071 (big blind) folded on the River


