PokerStars Hand #146799383223:  Hold'em Limit ($3/$6 USD) - 2016/01/10 10:35:23 ET
Table 'Gagarin II' 6-max Seat #1 is the button
Seat 1: kolaz03 ($84.26 in chips)
Seat 6: BARCA1CRIS ($314.55 in chips)
kolaz03: posts small blind $1
BARCA1CRIS: posts big blind $3
*** HOLE CARDS ***
kolaz03: raises $3 to $6
BARCA1CRIS: folds
Uncalled bet ($3) returned to kolaz03
kolaz03 collected $6 from pot
kolaz03: doesn't show hand
*** SUMMARY ***
Total pot $6 | Rake $0
Seat 1: kolaz03 (button) (small blind) collected ($6)
Seat 6: BARCA1CRIS (big blind) folded before Flop


PokerStars Hand #146799379473:  Hold'em Limit ($3/$6 USD) - 2016/01/10 10:35:19 ET
Table 'Gagarin II' 6-max Seat #6 is the button
Seat 1: kolaz03 ($83.26 in chips)
Seat 6: BARCA1CRIS ($315.55 in chips)
BARCA1CRIS: posts small blind $1
kolaz03: posts big blind $3
*** HOLE CARDS ***
BARCA1CRIS: folds
Uncalled bet ($2) returned to kolaz03
kolaz03 collected $2 from pot
kolaz03: doesn't show hand
*** SUMMARY ***
Total pot $2 | Rake $0
Seat 1: kolaz03 (big blind) collected ($2)
Seat 6: BARCA1CRIS (button) (small blind) folded before Flop


PokerStars Hand #146799368758:  Hold'em Limit ($3/$6 USD) - 2016/01/10 10:35:08 ET
Table 'Gagarin II' 6-max Seat #1 is the button
Seat 1: kolaz03 ($77.50 in chips)
Seat 6: BARCA1CRIS ($321.55 in chips)
kolaz03: posts small blind $1
BARCA1CRIS: posts big blind $3
*** HOLE CARDS ***
kolaz03: raises $3 to $6
BARCA1CRIS: calls $3
*** FLOP *** [Kh Jd 6c]
BARCA1CRIS: checks
kolaz03: bets $3
BARCA1CRIS: folds
Uncalled bet ($3) returned to kolaz03
kolaz03 collected $11.76 from pot
kolaz03: doesn't show hand
*** SUMMARY ***
Total pot $12 | Rake $0.24
Board [Kh Jd 6c]
Seat 1: kolaz03 (button) (small blind) collected ($11.76)
Seat 6: BARCA1CRIS (big blind) folded on the Flop


PokerStars Hand #146799348662:  Hold'em Limit ($3/$6 USD) - 2016/01/10 10:34:47 ET
Table 'Gagarin II' 6-max Seat #6 is the button
Seat 1: kolaz03 ($89.50 in chips)
Seat 6: BARCA1CRIS ($310.03 in chips)
BARCA1CRIS: posts small blind $1
kolaz03: posts big blind $3
*** HOLE CARDS ***
BARCA1CRIS: calls $2
kolaz03: checks
*** FLOP *** [As 4d 5d]
kolaz03: bets $3
BARCA1CRIS: calls $3
*** TURN *** [As 4d 5d] [9s]
kolaz03: bets $6
BARCA1CRIS: raises $6 to $12
kolaz03: folds
Uncalled bet ($6) returned to BARCA1CRIS
BARCA1CRIS collected $23.52 from pot
BARCA1CRIS: doesn't show hand
*** SUMMARY ***
Total pot $24 | Rake $0.48
Board [As 4d 5d 9s]
Seat 1: kolaz03 (big blind) folded on the Turn
Seat 6: BARCA1CRIS (button) (small blind) collected ($23.52)


PokerStars Hand #146799411725:  Hold'em Limit ($3/$6 USD) - 2016/01/10 10:35:54 ET
Table 'Gagarin II' 6-max Seat #6 is the button
Seat 1: kolaz03 ($93.14 in chips)
Seat 6: BARCA1CRIS ($305.55 in chips)
BARCA1CRIS: posts small blind $1
kolaz03: posts big blind $3
*** HOLE CARDS ***
BARCA1CRIS: calls $2
kolaz03: raises $3 to $6
BARCA1CRIS: calls $3
*** FLOP *** [3c Qd 6s]
kolaz03: bets $3
BARCA1CRIS: folds
Uncalled bet ($3) returned to kolaz03
kolaz03 collected $11.76 from pot
kolaz03: doesn't show hand
*** SUMMARY ***
Total pot $12 | Rake $0.24
Board [3c Qd 6s]
Seat 1: kolaz03 (big blind) collected ($11.76)
Seat 6: BARCA1CRIS (button) (small blind) folded on the Flop


PokerStars Hand #146799407415:  Hold'em Limit ($3/$6 USD) - 2016/01/10 10:35:49 ET
Table 'Gagarin II' 6-max Seat #1 is the button
Seat 1: kolaz03 ($90.14 in chips)
Seat 6: BARCA1CRIS ($308.55 in chips)
kolaz03: posts small blind $1
BARCA1CRIS: posts big blind $3
*** HOLE CARDS ***
kolaz03: raises $3 to $6
BARCA1CRIS: folds
Uncalled bet ($3) returned to kolaz03
kolaz03 collected $6 from pot
kolaz03: doesn't show hand
*** SUMMARY ***
Total pot $6 | Rake $0
Seat 1: kolaz03 (button) (small blind) collected ($6)
Seat 6: BARCA1CRIS (big blind) folded before Flop


PokerStars Hand #146799389702:  Hold'em Limit ($3/$6 USD) - 2016/01/10 10:35:30 ET
Table 'Gagarin II' 6-max Seat #6 is the button
Seat 1: kolaz03 ($87.26 in chips)
Seat 6: BARCA1CRIS ($311.55 in chips)
BARCA1CRIS: posts small blind $1
kolaz03: posts big blind $3
*** HOLE CARDS ***
BARCA1CRIS: calls $2
kolaz03: checks
*** FLOP *** [2s Qs Td]
kolaz03: checks
BARCA1CRIS: checks
*** TURN *** [2s Qs Td] [Ac]
kolaz03: checks
BARCA1CRIS: checks
*** RIVER *** [2s Qs Td Ac] [Ah]
kolaz03: bets $6
BARCA1CRIS: folds
Uncalled bet ($6) returned to kolaz03
kolaz03 collected $5.88 from pot
kolaz03: doesn't show hand
*** SUMMARY ***
Total pot $6 | Rake $0.12
Board [2s Qs Td Ac Ah]
Seat 1: kolaz03 (big blind) collected ($5.88)
Seat 6: BARCA1CRIS (button) (small blind) folded on the River


PokerStars Hand #146799432873:  Hold'em Limit ($3/$6 USD) - 2016/01/10 10:36:16 ET
Table 'Gagarin II' 6-max Seat #1 is the button
Seat 1: kolaz03 ($104.78 in chips)
Seat 6: BARCA1CRIS ($293.55 in chips)
kolaz03: posts small blind $1
BARCA1CRIS: posts big blind $3
*** HOLE CARDS ***
kolaz03: raises $3 to $6
BARCA1CRIS: calls $3
*** FLOP *** [Ts 4c Qd]
BARCA1CRIS: checks
kolaz03: bets $3
BARCA1CRIS: raises $3 to $6
kolaz03: calls $3
*** TURN *** [Ts 4c Qd] [Kc]
BARCA1CRIS: checks
kolaz03: checks
*** RIVER *** [Ts 4c Qd Kc] [6d]
BARCA1CRIS: bets $6
kolaz03: calls $6
*** SHOW DOWN ***
BARCA1CRIS: shows [Qs 7c] (a pair of Queens)
kolaz03: mucks hand
BARCA1CRIS collected $35.50 from pot
*** SUMMARY ***
Total pot $36 | Rake $0.50
Board [Ts 4c Qd Kc 6d]
Seat 1: kolaz03 (button) (small blind) mucked
Seat 6: BARCA1CRIS (big blind) showed [Qs 7c] and won ($35.50) with a pair of Queens


PokerStars Hand #146799424695:  Hold'em Limit ($3/$6 USD) - 2016/01/10 10:36:07 ET
Table 'Gagarin II' 6-max Seat #6 is the button
Seat 1: kolaz03 ($101.90 in chips)
Seat 6: BARCA1CRIS ($296.55 in chips)
BARCA1CRIS: posts small blind $1
kolaz03: posts big blind $3
*** HOLE CARDS ***
BARCA1CRIS: calls $2
kolaz03: checks
*** FLOP *** [3h Td 7h]
kolaz03: bets $3
BARCA1CRIS: folds
Uncalled bet ($3) returned to kolaz03
kolaz03 collected $5.88 from pot
kolaz03: doesn't show hand
*** SUMMARY ***
Total pot $6 | Rake $0.12
Board [3h Td 7h]
Seat 1: kolaz03 (big blind) collected ($5.88)
Seat 6: BARCA1CRIS (button) (small blind) folded on the Flop


PokerStars Hand #146799420119:  Hold'em Limit ($3/$6 USD) - 2016/01/10 10:36:02 ET
Table 'Gagarin II' 6-max Seat #1 is the button
Seat 1: kolaz03 ($98.90 in chips)
Seat 6: BARCA1CRIS ($299.55 in chips)
kolaz03: posts small blind $1
BARCA1CRIS: posts big blind $3
*** HOLE CARDS ***
kolaz03: raises $3 to $6
BARCA1CRIS: folds
Uncalled bet ($3) returned to kolaz03
kolaz03 collected $6 from pot
kolaz03: doesn't show hand
*** SUMMARY ***
Total pot $6 | Rake $0
Seat 1: kolaz03 (button) (small blind) collected ($6)
Seat 6: BARCA1CRIS (big blind) folded before Flop


PokerStars Hand #146799455433:  Hold'em Limit ($3/$6 USD) - 2016/01/10 10:36:40 ET
Table 'Gagarin II' 6-max Seat #6 is the button
Seat 1: kolaz03 ($86.78 in chips)
Seat 6: BARCA1CRIS ($311.05 in chips)
BARCA1CRIS: posts small blind $1
kolaz03: posts big blind $3
*** HOLE CARDS ***
BARCA1CRIS: folds
Uncalled bet ($2) returned to kolaz03
kolaz03 collected $2 from pot
kolaz03: doesn't show hand
*** SUMMARY ***
Total pot $2 | Rake $0
Seat 1: kolaz03 (big blind) collected ($2)
Seat 6: BARCA1CRIS (button) (small blind) folded before Flop


