PokerStars Hand #169590762515:  Hold'em Limit ($3/$6 USD) - 2017/04/26 13:46:40 ET
Table 'Gagarin II' 6-max Seat #4 is the button
Seat 1: Pete81 ($59 in chips)
Seat 4: MTails ($121 in chips)
MTails: posts small blind $1
Pete81: posts big blind $3
*** HOLE CARDS ***
MTails: raises $3 to $6
Pete81: raises $3 to $9
MTails: calls $3
*** FLOP *** [4s 8h 9s]
Pete81: bets $3
MTails: raises $3 to $6
Pete81: raises $3 to $9
MTails: calls $3
*** TURN *** [4s 8h 9s] [Ad]
Pete81: bets $6
MTails: calls $6
*** RIVER *** [4s 8h 9s Ad] [6c]
Pete81: checks
MTails: checks
*** SHOW DOWN ***
Pete81: shows [Ts 9h] (a pair of Nines)
MTails: mucks hand
Pete81 collected $47.50 from pot
*** SUMMARY ***
Total pot $48 | Rake $0.50
Board [4s 8h 9s Ad 6c]
Seat 1: Pete81 (big blind) showed [Ts 9h] and won ($47.50) with a pair of Nines
Seat 4: MTails (button) (small blind) mucked


PokerStars Hand #169590811650:  Hold'em Limit ($3/$6 USD) - 2017/04/26 13:47:43 ET
Table 'Gagarin II' 6-max Seat #4 is the button
Seat 1: Pete81 ($51.50 in chips)
Seat 4: MTails ($127.14 in chips)
MTails: posts small blind $1
Pete81: posts big blind $3
*** HOLE CARDS ***
MTails: raises $3 to $6
Pete81: raises $3 to $9
MTails: calls $3
*** FLOP *** [3c 9s Tc]
Pete81: bets $3
MTails: calls $3
*** TURN *** [3c 9s Tc] [7d]
Pete81: bets $6
MTails: calls $6
*** RIVER *** [3c 9s Tc 7d] [Ts]
Pete81: bets $6
MTails: folds
Uncalled bet ($6) returned to Pete81
Pete81 collected $35.50 from pot
Pete81: doesn't show hand
*** SUMMARY ***
Total pot $36 | Rake $0.50
Board [3c 9s Tc 7d Ts]
Seat 1: Pete81 (big blind) collected ($35.50)
Seat 4: MTails (button) (small blind) folded on the River


PokerStars Hand #169590808150:  Hold'em Limit ($3/$6 USD) - 2017/04/26 13:47:39 ET
Table 'Gagarin II' 6-max Seat #1 is the button
Seat 1: Pete81 ($52.50 in chips)
Seat 4: MTails ($126.14 in chips)
Pete81: posts small blind $1
MTails: posts big blind $3
*** HOLE CARDS ***
Pete81: folds
Uncalled bet ($2) returned to MTails
MTails collected $2 from pot
*** SUMMARY ***
Total pot $2 | Rake $0
Seat 1: Pete81 (button) (small blind) folded before Flop
Seat 4: MTails (big blind) collected ($2)


PokerStars Hand #169590789147:  Hold'em Limit ($3/$6 USD) - 2017/04/26 13:47:14 ET
Table 'Gagarin II' 6-max Seat #4 is the button
Seat 1: Pete81 ($73.50 in chips)
Seat 4: MTails ($105.64 in chips)
MTails: posts small blind $1
Pete81: posts big blind $3
*** HOLE CARDS ***
MTails: raises $3 to $6
Pete81: raises $3 to $9
MTails: calls $3
*** FLOP *** [4c 9d 9c]
Pete81: bets $3
MTails: raises $3 to $6
Pete81: calls $3
*** TURN *** [4c 9d 9c] [Kc]
Pete81: checks
MTails: checks
*** RIVER *** [4c 9d 9c Kc] [4d]
Pete81: checks
MTails: bets $6
Pete81: calls $6
*** SHOW DOWN ***
MTails: shows [Ad Qs] (two pair, Nines and Fours)
Pete81: mucks hand
MTails collected $41.50 from pot
*** SUMMARY ***
Total pot $42 | Rake $0.50
Board [4c 9d 9c Kc 4d]
Seat 1: Pete81 (big blind) mucked
Seat 4: MTails (button) (small blind) showed [Ad Qs] and won ($41.50) with two pair, Nines and Fours


PokerStars Hand #169590779686:  Hold'em Limit ($3/$6 USD) - 2017/04/26 13:47:02 ET
Table 'Gagarin II' 6-max Seat #1 is the button
Seat 1: Pete81 ($82.50 in chips)
Seat 4: MTails ($97 in chips)
Pete81: posts small blind $1
MTails: posts big blind $3
*** HOLE CARDS ***
Pete81: raises $3 to $6
MTails: raises $3 to $9
Pete81: calls $3
*** FLOP *** [8s 2s 9s]
MTails: bets $3
Pete81: folds
Uncalled bet ($3) returned to MTails
MTails collected $17.64 from pot
*** SUMMARY ***
Total pot $18 | Rake $0.36
Board [8s 2s 9s]
Seat 1: Pete81 (button) (small blind) folded on the Flop
Seat 4: MTails (big blind) collected ($17.64)


PokerStars Hand #169590827310:  Hold'em Limit ($3/$6 USD) - 2017/04/26 13:48:04 ET
Table 'Gagarin II' 6-max Seat #1 is the button
Seat 1: Pete81 ($69 in chips)
Seat 4: MTails ($109.14 in chips)
Pete81: posts small blind $1
MTails: posts big blind $3
*** HOLE CARDS ***
Pete81: raises $3 to $6
MTails: calls $3
*** FLOP *** [6c 9s Tc]
MTails: checks
Pete81: bets $3
MTails: calls $3
*** TURN *** [6c 9s Tc] [7c]
MTails: checks
Pete81: bets $6
MTails: raises $6 to $12
Pete81: raises $6 to $18
MTails: calls $6
*** RIVER *** [6c 9s Tc 7c] [3d]
MTails: checks
Pete81: bets $6
MTails: calls $6
*** SHOW DOWN ***
Pete81: shows [5c Qc] (a flush, Queen high)
MTails: mucks hand
Pete81 collected $65.50 from pot
*** SUMMARY ***
Total pot $66 | Rake $0.50
Board [6c 9s Tc 7c 3d]
Seat 1: Pete81 (button) (small blind) showed [5c Qc] and won ($65.50) with a flush, Queen high
Seat 4: MTails (big blind) mucked


PokerStars Hand #169590862464:  Hold'em Limit ($3/$6 USD) - 2017/04/26 13:48:50 ET
Table 'Gagarin II' 6-max Seat #1 is the button
Seat 1: Pete81 ($86.50 in chips)
Seat 4: MTails ($150.64 in chips)
Pete81: posts small blind $1
MTails: posts big blind $3
*** HOLE CARDS ***
Pete81: raises $3 to $6
MTails: raises $3 to $9
Pete81: calls $3
*** FLOP *** [9c Ah Jd]
MTails: bets $3
Pete81: folds
Uncalled bet ($3) returned to MTails
MTails collected $17.64 from pot
*** SUMMARY ***
Total pot $18 | Rake $0.36
Board [9c Ah Jd]
Seat 1: Pete81 (button) (small blind) folded on the Flop
Seat 4: MTails (big blind) collected ($17.64)


PokerStars Hand #169590846797:  Hold'em Limit ($3/$6 USD) - 2017/04/26 13:48:29 ET
Table 'Gagarin II' 6-max Seat #4 is the button
Seat 1: Pete81 ($101.50 in chips)
Seat 4: MTails ($76.14 in chips)
MTails: posts small blind $1
Pete81: posts big blind $3
*** HOLE CARDS ***
MTails: raises $3 to $6
Pete81: calls $3
*** FLOP *** [6c Tc Qh]
Pete81: checks
MTails: bets $3
Pete81: calls $3
*** TURN *** [6c Tc Qh] [5s]
Pete81: checks
MTails: checks
*** RIVER *** [6c Tc Qh 5s] [7h]
Pete81: checks
MTails: bets $6
Pete81: calls $6
*** SHOW DOWN ***
MTails: shows [7s Td] (two pair, Tens and Sevens)
Pete81: mucks hand
MTails collected $29.50 from pot
*** SUMMARY ***
Total pot $30 | Rake $0.50
Board [6c Tc Qh 5s 7h]
Seat 1: Pete81 (big blind) mucked
Seat 4: MTails (button) (small blind) showed [7s Td] and won ($29.50) with two pair, Tens and Sevens


PokerStars Hand #169590893529:  Hold'em Limit ($3/$6 USD) - 2017/04/26 13:49:30 ET
Table 'Gagarin II' 6-max Seat #4 is the button
Seat 1: Pete81 ($53.50 in chips)
Seat 4: MTails ($182.78 in chips)
MTails: posts small blind $1
Pete81: posts big blind $3
*** HOLE CARDS ***
MTails: raises $3 to $6
Pete81: calls $3
*** FLOP *** [3h 7s 5s]
Pete81: checks
MTails: checks
*** TURN *** [3h 7s 5s] [Th]
Pete81: checks
MTails: bets $6
Pete81: calls $6
*** RIVER *** [3h 7s 5s Th] [Qs]
Pete81: bets $6
MTails: folds
Uncalled bet ($6) returned to Pete81
Pete81 collected $23.52 from pot
Pete81: doesn't show hand
*** SUMMARY ***
Total pot $24 | Rake $0.48
Board [3h 7s 5s Th Qs]
Seat 1: Pete81 (big blind) collected ($23.52)
Seat 4: MTails (button) (small blind) folded on the River


PokerStars Hand #169590875682:  Hold'em Limit ($3/$6 USD) - 2017/04/26 13:49:07 ET
Table 'Gagarin II' 6-max Seat #1 is the button
Seat 1: Pete81 ($74.50 in chips)
Seat 4: MTails ($162.28 in chips)
Pete81: posts small blind $1
MTails: posts big blind $3
*** HOLE CARDS ***
Pete81: raises $3 to $6
MTails: raises $3 to $9
Pete81: calls $3
*** FLOP *** [9h 7h 3d]
MTails: bets $3
Pete81: raises $3 to $6
MTails: calls $3
*** TURN *** [9h 7h 3d] [Ks]
MTails: bets $6
Pete81: calls $6
*** RIVER *** [9h 7h 3d Ks] [2d]
MTails: checks
Pete81: checks
*** SHOW DOWN ***
MTails: shows [2s 9s] (two pair, Nines and Deuces)
Pete81: mucks hand
MTails collected $41.50 from pot
*** SUMMARY ***
Total pot $42 | Rake $0.50
Board [9h 7h 3d Ks 2d]
Seat 1: Pete81 (button) (small blind) mucked
Seat 4: MTails (big blind) showed [2s 9s] and won ($41.50) with two pair, Nines and Deuces


PokerStars Hand #169590871079:  Hold'em Limit ($3/$6 USD) - 2017/04/26 13:49:01 ET
Table 'Gagarin II' 6-max Seat #4 is the button
Seat 1: Pete81 ($77.50 in chips)
Seat 4: MTails ($159.28 in chips)
MTails: posts small blind $1
Pete81: posts big blind $3
*** HOLE CARDS ***
MTails: raises $3 to $6
Pete81: folds
Uncalled bet ($3) returned to MTails
MTails collected $6 from pot
*** SUMMARY ***
Total pot $6 | Rake $0
Seat 1: Pete81 (big blind) folded before Flop
Seat 4: MTails (button) (small blind) collected ($6)


PokerStars Hand #169590956635:  Hold'em Limit ($3/$6 USD) - 2017/04/26 13:50:40 ET
Table 'Gagarin II' 6-max Seat #4 is the button
Seat 1: Pete81 ($27.02 in chips)
Seat 4: MTails ($208.28 in chips)
MTails: posts small blind $1
Pete81: posts big blind $3
*** HOLE CARDS ***
MTails: folds
Uncalled bet ($2) returned to Pete81
Pete81 collected $2 from pot
Pete81: doesn't show hand
*** SUMMARY ***
Total pot $2 | Rake $0
Seat 1: Pete81 (big blind) collected ($2)
Seat 4: MTails (button) (small blind) folded before Flop


PokerStars Hand #169590952613:  Hold'em Limit ($3/$6 USD) - 2017/04/26 13:50:35 ET
Table 'Gagarin II' 6-max Seat #1 is the button
Seat 1: Pete81 ($28.02 in chips)
Seat 4: MTails ($207.28 in chips)
Pete81: posts small blind $1
MTails: posts big blind $3
*** HOLE CARDS ***
Pete81: folds
Uncalled bet ($2) returned to MTails
MTails collected $2 from pot
*** SUMMARY ***
Total pot $2 | Rake $0
Seat 1: Pete81 (button) (small blind) folded before Flop
Seat 4: MTails (big blind) collected ($2)


PokerStars Hand #169590960667:  Hold'em Limit ($3/$6 USD) - 2017/04/26 13:50:45 ET
Table 'Gagarin II' 6-max Seat #1 is the button
Seat 1: Pete81 ($28.02 in chips)
Seat 4: MTails ($207.28 in chips)
Pete81: posts small blind $1
MTails: posts big blind $3
*** HOLE CARDS ***
Pete81: raises $3 to $6
MTails: raises $3 to $9
Pete81: calls $3
*** FLOP *** [Qd 6h Jd]
MTails: bets $3
Pete81: calls $3
*** TURN *** [Qd 6h Jd] [9s]
MTails: checks
Pete81: bets $6
MTails: calls $6
*** RIVER *** [Qd 6h Jd 9s] [3c]
MTails: checks
Pete81: bets $6
MTails: calls $6
*** SHOW DOWN ***
Pete81: shows [8s 7s] (high card Queen)
MTails: shows [8d Jc] (a pair of Jacks)
MTails collected $47.50 from pot
*** SUMMARY ***
Total pot $48 | Rake $0.50
Board [Qd 6h Jd 9s 3c]
Seat 1: Pete81 (button) (small blind) showed [8s 7s] and lost with high card Queen
Seat 4: MTails (big blind) showed [8d Jc] and won ($47.50) with a pair of Jacks


PokerStars Hand #169590948647:  Hold'em Limit ($3/$6 USD) - 2017/04/26 13:50:30 ET
Table 'Gagarin II' 6-max Seat #4 is the button
Seat 1: Pete81 ($27.02 in chips)
Seat 4: MTails ($208.28 in chips)
MTails: posts small blind $1
Pete81: posts big blind $3
*** HOLE CARDS ***
MTails: folds
Uncalled bet ($2) returned to Pete81
Pete81 collected $2 from pot
Pete81: doesn't show hand
*** SUMMARY ***
Total pot $2 | Rake $0
Seat 1: Pete81 (big blind) collected ($2)
Seat 4: MTails (button) (small blind) folded before Flop


PokerStars Hand #169590944989:  Hold'em Limit ($3/$6 USD) - 2017/04/26 13:50:25 ET
Table 'Gagarin II' 6-max Seat #1 is the button
Seat 1: Pete81 ($28.02 in chips)
Seat 4: MTails ($207.28 in chips)
Pete81: posts small blind $1
MTails: posts big blind $3
*** HOLE CARDS ***
Pete81: folds
Uncalled bet ($2) returned to MTails
MTails collected $2 from pot
*** SUMMARY ***
Total pot $2 | Rake $0
Seat 1: Pete81 (button) (small blind) folded before Flop
Seat 4: MTails (big blind) collected ($2)


PokerStars Hand #169590940764:  Hold'em Limit ($3/$6 USD) - 2017/04/26 13:50:19 ET
Table 'Gagarin II' 6-max Seat #4 is the button
Seat 1: Pete81 ($31.02 in chips)
Seat 4: MTails ($204.28 in chips)
MTails: posts small blind $1
Pete81: posts big blind $3
*** HOLE CARDS ***
MTails: raises $3 to $6
Pete81: folds
Uncalled bet ($3) returned to MTails
MTails collected $6 from pot
*** SUMMARY ***
Total pot $6 | Rake $0
Seat 1: Pete81 (big blind) folded before Flop
Seat 4: MTails (button) (small blind) collected ($6)


PokerStars Hand #169590935762:  Hold'em Limit ($3/$6 USD) - 2017/04/26 13:50:13 ET
Table 'Gagarin II' 6-max Seat #1 is the button
Seat 1: Pete81 ($32.02 in chips)
Seat 4: MTails ($203.28 in chips)
Pete81: posts small blind $1
MTails: posts big blind $3
*** HOLE CARDS ***
Pete81: folds
Uncalled bet ($2) returned to MTails
MTails collected $2 from pot
*** SUMMARY ***
Total pot $2 | Rake $0
Seat 1: Pete81 (button) (small blind) folded before Flop
Seat 4: MTails (big blind) collected ($2)


PokerStars Hand #169590931737:  Hold'em Limit ($3/$6 USD) - 2017/04/26 13:50:07 ET
Table 'Gagarin II' 6-max Seat #4 is the button
Seat 1: Pete81 ($35.02 in chips)
Seat 4: MTails ($200.28 in chips)
MTails: posts small blind $1
Pete81: posts big blind $3
*** HOLE CARDS ***
MTails: raises $3 to $6
Pete81: folds
Uncalled bet ($3) returned to MTails
MTails collected $6 from pot
*** SUMMARY ***
Total pot $6 | Rake $0
Seat 1: Pete81 (big blind) folded before Flop
Seat 4: MTails (button) (small blind) collected ($6)


PokerStars Hand #169590909685:  Hold'em Limit ($3/$6 USD) - 2017/04/26 13:49:51 ET
Table 'Gagarin II' 6-max Seat #1 is the button
Seat 1: Pete81 ($65.02 in chips)
Seat 4: MTails ($170.78 in chips)
Pete81: posts small blind $1
MTails: posts big blind $3
*** HOLE CARDS ***
Pete81: raises $3 to $6
MTails: raises $3 to $9
Pete81: calls $3
*** FLOP *** [Ah 9h Tc]
MTails: bets $3
Pete81: calls $3
*** TURN *** [Ah 9h Tc] [5h]
MTails: bets $6
Pete81: raises $6 to $12
MTails: calls $6
*** RIVER *** [Ah 9h Tc 5h] [5d]
MTails: checks
Pete81: bets $6
MTails: calls $6
*** SHOW DOWN ***
Pete81: shows [Qh 7d] (a pair of Fives)
MTails: shows [Td Kh] (two pair, Tens and Fives)
MTails collected $59.50 from pot
*** SUMMARY ***
Total pot $60 | Rake $0.50
Board [Ah 9h Tc 5h 5d]
Seat 1: Pete81 (button) (small blind) showed [Qh 7d] and lost with a pair of Fives
Seat 4: MTails (big blind) showed [Td Kh] and won ($59.50) with two pair, Tens and Fives


PokerStars Hand #169590974846:  Hold'em Limit ($3/$6 USD) - 2017/04/26 13:51:03 ET
Table 'Gagarin II' 6-max Seat #4 is the button
Seat 1: Pete81 ($4.02 in chips)
Seat 4: MTails ($230.78 in chips)
MTails: posts small blind $1
Pete81: posts big blind $3
*** HOLE CARDS ***
MTails: raises $3 to $6
Pete81: calls $1.02 and is all-in
Uncalled bet ($1.98) returned to MTails
*** FLOP *** [9d 6s 8h]
*** TURN *** [9d 6s 8h] [5d]
*** RIVER *** [9d 6s 8h 5d] [Ah]
*** SHOW DOWN ***
Pete81: shows [2d Ad] (a pair of Aces)
MTails: shows [Kc Ac] (a pair of Aces - King kicker)
MTails collected $7.88 from pot
*** SUMMARY ***
Total pot $8.04 | Rake $0.16
Board [9d 6s 8h 5d Ah]
Seat 1: Pete81 (big blind) showed [2d Ad] and lost with a pair of Aces
Seat 4: MTails (button) (small blind) showed [Kc Ac] and won ($7.88) with a pair of Aces


