PokerStars Hand #158515559046:  Hold'em Limit ($3/$6 USD) - 2016/09/12 14:48:42 ET
Table 'Gaika' 6-max Seat #3 is the button
Seat 3: moba1011 ($62.77 in chips)
Seat 4: Zubasa07 ($474.64 in chips)
moba1011: posts small blind $1
Zubasa07: posts big blind $3
*** HOLE CARDS ***
moba1011: raises $3 to $6
pjootor joins the table at seat #6
Zubasa07: calls $3
*** FLOP *** [9s 2s 6h]
Zubasa07: checks
moba1011: checks
*** TURN *** [9s 2s 6h] [Jd]
Zubasa07: bets $6
moba1011: calls $6
*** RIVER *** [9s 2s 6h Jd] [Ad]
Zubasa07: checks
moba1011: checks
*** SHOW DOWN ***
Zubasa07: shows [Tc 6s] (a pair of Sixes)
moba1011: mucks hand
Zubasa07 collected $23.52 from pot
*** SUMMARY ***
Total pot $24 | Rake $0.48
Board [9s 2s 6h Jd Ad]
Seat 3: moba1011 (button) (small blind) mucked
Seat 4: Zubasa07 (big blind) showed [Tc 6s] and won ($23.52) with a pair of Sixes


PokerStars Hand #158515535813:  Hold'em Limit ($3/$6 USD) - 2016/09/12 14:48:15 ET
Table 'Gaika' 6-max Seat #4 is the button
Seat 3: moba1011 ($71.77 in chips)
Seat 4: Zubasa07 ($466 in chips)
Zubasa07: posts small blind $1
moba1011: posts big blind $3
*** HOLE CARDS ***
Zubasa07: raises $3 to $6
moba1011: calls $3
*** FLOP *** [7h 4c Jd]
moba1011: checks
Zubasa07: bets $3
moba1011: calls $3
*** TURN *** [7h 4c Jd] [8d]
moba1011: checks
Zubasa07: checks
*** RIVER *** [7h 4c Jd 8d] [Qc]
moba1011: checks
Zubasa07: checks
*** SHOW DOWN ***
moba1011: shows [Kh Tc] (high card King)
Zubasa07: shows [6s 4h] (a pair of Fours)
Zubasa07 collected $17.64 from pot
*** SUMMARY ***
Total pot $18 | Rake $0.36
Board [7h 4c Jd 8d Qc]
Seat 3: moba1011 (big blind) showed [Kh Tc] and lost with high card King
Seat 4: Zubasa07 (button) (small blind) showed [6s 4h] and won ($17.64) with a pair of Fours


PokerStars Hand #158517206116:  Hold'em Limit ($3/$6 USD) - 2016/09/12 15:20:57 ET
Table 'Gaika' 6-max Seat #3 is the button
Seat 3: moba1011 ($56.32 in chips)
Seat 4: Zubasa07 ($478.28 in chips)
moba1011: posts small blind $1
Zubasa07: posts big blind $3
*** HOLE CARDS ***
moba1011: raises $3 to $6
Zubasa07: raises $3 to $9
vestimokrec joins the table at seat #5
moba1011: calls $3
*** FLOP *** [Jc 8c Jh]
Zubasa07: bets $3
moba1011: raises $3 to $6
Zubasa07: raises $3 to $9
moba1011: raises $3 to $12
Betting is capped
Zubasa07: calls $3
*** TURN *** [Jc 8c Jh] [3s]
Zubasa07: bets $6
moba1011: calls $6
*** RIVER *** [Jc 8c Jh 3s] [2d]
Zubasa07: bets $6
moba1011: calls $6
*** SHOW DOWN ***
Zubasa07: shows [6d Jd] (three of a kind, Jacks)
moba1011: shows [7h Js] (three of a kind, Jacks - Eight+Seven kicker)
moba1011 collected $65.50 from pot
*** SUMMARY ***
Total pot $66 | Rake $0.50
Board [Jc 8c Jh 3s 2d]
Seat 3: moba1011 (button) (small blind) showed [7h Js] and won ($65.50) with three of a kind, Jacks
Seat 4: Zubasa07 (big blind) showed [6d Jd] and lost with three of a kind, Jacks


PokerStars Hand #158520105686:  Hold'em Limit ($3/$6 USD) - 2016/09/12 16:15:32 ET
Table 'Gaika' 6-max Seat #6 is the button
Seat 1: GRAILKO ($273.08 in chips)
Seat 6: Kusk1 ($95.54 in chips)
Kusk1: posts small blind $1
GRAILKO: posts big blind $3
*** HOLE CARDS ***
Kusk1: folds
Uncalled bet ($2) returned to GRAILKO
GRAILKO collected $2 from pot
GRAILKO: doesn't show hand
*** SUMMARY ***
Total pot $2 | Rake $0
Seat 1: GRAILKO (big blind) collected ($2)
Seat 6: Kusk1 (button) (small blind) folded before Flop


PokerStars Hand #158520081862:  Hold'em Limit ($3/$6 USD) - 2016/09/12 16:15:05 ET
Table 'Gaika' 6-max Seat #1 is the button
Seat 1: GRAILKO ($279.08 in chips)
Seat 6: Kusk1 ($89.78 in chips)
GRAILKO: posts small blind $1
oliwan: is sitting out
Kusk1: posts big blind $3
*** HOLE CARDS ***
GRAILKO: raises $3 to $6
oliwan leaves the table
Kusk1: calls $3
*** FLOP *** [Jc 7s Ts]
Kusk1: checks
perten joins the table at seat #2
GRAILKO: checks
*** TURN *** [Jc 7s Ts] [Ks]
Kusk1: checks
GRAILKO: checks
*** RIVER *** [Jc 7s Ts Ks] [Qd]
Kusk1: checks
GRAILKO: checks
*** SHOW DOWN ***
Kusk1: shows [4h Kh] (a pair of Kings)
GRAILKO: mucks hand
Kusk1 collected $11.76 from pot
*** SUMMARY ***
Total pot $12 | Rake $0.24
Board [Jc 7s Ts Ks Qd]
Seat 1: GRAILKO (button) (small blind) mucked
Seat 6: Kusk1 (big blind) showed [4h Kh] and won ($11.76) with a pair of Kings


PokerStars Hand #158520188186:  Hold'em Limit ($3/$6 USD) - 2016/09/12 16:17:03 ET
Table 'Gaika' 6-max Seat #6 is the button
Seat 1: GRAILKO ($234.72 in chips)
Seat 6: Kusk1 ($103.97 in chips)
Kusk1: posts small blind $1
GRAILKO: posts big blind $3
*** HOLE CARDS ***
Kusk1: raises $3 to $6
GRAILKO: folds
Uncalled bet ($3) returned to Kusk1
Kusk1 collected $6 from pot
Kusk1: doesn't show hand
*** SUMMARY ***
Total pot $6 | Rake $0
Seat 1: GRAILKO (big blind) folded before Flop
Seat 6: Kusk1 (button) (small blind) collected ($6)


PokerStars Hand #158520295546:  Hold'em Limit ($3/$6 USD) - 2016/09/12 16:19:03 ET
Table 'Gaika' 6-max Seat #1 is the button
Seat 1: GRAILKO ($193.48 in chips)
Seat 6: Kusk1 ($125.26 in chips)
GRAILKO: posts small blind $1
Kusk1: posts big blind $3
*** HOLE CARDS ***
GRAILKO: raises $3 to $6
Kusk1: raises $3 to $9
GRAILKO: calls $3
*** FLOP *** [Qs 8d 4c]
Kusk1: bets $3
GRAILKO: calls $3
*** TURN *** [Qs 8d 4c] [3d]
Kusk1: bets $6
GRAILKO: calls $6
*** RIVER *** [Qs 8d 4c 3d] [Js]
Kusk1: bets $6
GRAILKO: calls $6
*** SHOW DOWN ***
Kusk1: shows [Ah As] (a pair of Aces)
GRAILKO: mucks hand
Kusk1 collected $47.50 from pot
*** SUMMARY ***
Total pot $48 | Rake $0.50
Board [Qs 8d 4c 3d Js]
Seat 1: GRAILKO (button) (small blind) mucked
Seat 6: Kusk1 (big blind) showed [Ah As] and won ($47.50) with a pair of Aces


PokerStars Hand #158520284503:  Hold'em Limit ($3/$6 USD) - 2016/09/12 16:18:51 ET
Table 'Gaika' 6-max Seat #6 is the button
Seat 1: GRAILKO ($192.48 in chips)
Seat 6: Kusk1 ($126.26 in chips)
Kusk1: posts small blind $1
GRAILKO: posts big blind $3
*** HOLE CARDS ***
Kusk1: folds
Uncalled bet ($2) returned to GRAILKO
GRAILKO collected $2 from pot
GRAILKO: doesn't show hand
*** SUMMARY ***
Total pot $2 | Rake $0
Seat 1: GRAILKO (big blind) collected ($2)
Seat 6: Kusk1 (button) (small blind) folded before Flop


PokerStars Hand #158520272265:  Hold'em Limit ($3/$6 USD) - 2016/09/12 16:18:38 ET
Table 'Gaika' 6-max Seat #1 is the button
Seat 1: GRAILKO ($186.72 in chips)
Seat 6: Kusk1 ($132.26 in chips)
GRAILKO: posts small blind $1
perten: is sitting out
Kusk1: posts big blind $3
*** HOLE CARDS ***
GRAILKO: raises $3 to $6
Kusk1: calls $3
*** FLOP *** [Kh Ac 3h]
Kusk1: checks
GRAILKO: bets $3
Kusk1: folds
Uncalled bet ($3) returned to GRAILKO
GRAILKO collected $11.76 from pot
GRAILKO: doesn't show hand
*** SUMMARY ***
Total pot $12 | Rake $0.24
Board [Kh Ac 3h]
Seat 1: GRAILKO (button) (small blind) collected ($11.76)
Seat 6: Kusk1 (big blind) folded on the Flop


PokerStars Hand #158520345322:  Hold'em Limit ($3/$6 USD) - 2016/09/12 16:19:58 ET
Table 'Gaika' 6-max Seat #6 is the button
Seat 1: GRAILKO ($147.48 in chips)
Seat 6: Kusk1 ($170.26 in chips)
Kusk1: posts small blind $1
GRAILKO: posts big blind $3
*** HOLE CARDS ***
Kusk1: folds
Uncalled bet ($2) returned to GRAILKO
GRAILKO collected $2 from pot
GRAILKO: doesn't show hand
*** SUMMARY ***
Total pot $2 | Rake $0
Seat 1: GRAILKO (big blind) collected ($2)
Seat 6: Kusk1 (button) (small blind) folded before Flop


PokerStars Hand #158520341228:  Hold'em Limit ($3/$6 USD) - 2016/09/12 16:19:54 ET
Table 'Gaika' 6-max Seat #1 is the button
Seat 1: GRAILKO ($148.48 in chips)
Seat 6: Kusk1 ($169.26 in chips)
GRAILKO: posts small blind $1
Kusk1: posts big blind $3
*** HOLE CARDS ***
GRAILKO: folds
Uncalled bet ($2) returned to Kusk1
Kusk1 collected $2 from pot
Kusk1: doesn't show hand
*** SUMMARY ***
Total pot $2 | Rake $0
Seat 1: GRAILKO (button) (small blind) folded before Flop
Seat 6: Kusk1 (big blind) collected ($2)


PokerStars Hand #158520316431:  Hold'em Limit ($3/$6 USD) - 2016/09/12 16:19:26 ET
Table 'Gaika' 6-max Seat #6 is the button
Seat 1: GRAILKO ($169.48 in chips)
Seat 6: Kusk1 ($148.76 in chips)
Kusk1: posts small blind $1
GRAILKO: posts big blind $3
*** HOLE CARDS ***
Kusk1: calls $2
GRAILKO: raises $3 to $6
Kusk1: calls $3
*** FLOP *** [4d Jd Qs]
GRAILKO: bets $3
Kusk1: calls $3
*** TURN *** [4d Jd Qs] [Th]
GRAILKO: bets $6
Kusk1: calls $6
*** RIVER *** [4d Jd Qs Th] [3s]
GRAILKO: checks
Kusk1: bets $6
GRAILKO: calls $6
*** SHOW DOWN ***
Kusk1: shows [8c Jc] (a pair of Jacks)
GRAILKO: mucks hand
Kusk1 collected $41.50 from pot
*** SUMMARY ***
Total pot $42 | Rake $0.50
Board [4d Jd Qs Th 3s]
Seat 1: GRAILKO (big blind) mucked
Seat 6: Kusk1 (button) (small blind) showed [8c Jc] and won ($41.50) with a pair of Jacks


PokerStars Hand #158520371799:  Hold'em Limit ($3/$6 USD) - 2016/09/12 16:20:28 ET
Table 'Gaika' 6-max Seat #6 is the button
Seat 1: GRAILKO ($139.48 in chips)
Seat 6: Kusk1 ($177.90 in chips)
Kusk1: posts small blind $1
GRAILKO: posts big blind $3
*** HOLE CARDS ***
Kusk1: folds
Uncalled bet ($2) returned to GRAILKO
GRAILKO collected $2 from pot
GRAILKO: doesn't show hand
*** SUMMARY ***
Total pot $2 | Rake $0
Seat 1: GRAILKO (big blind) collected ($2)
Seat 6: Kusk1 (button) (small blind) folded before Flop


PokerStars Hand #158520350542:  Hold'em Limit ($3/$6 USD) - 2016/09/12 16:20:04 ET
Table 'Gaika' 6-max Seat #1 is the button
Seat 1: GRAILKO ($148.48 in chips)
Seat 6: Kusk1 ($169.26 in chips)
GRAILKO: posts small blind $1
Kusk1: posts big blind $3
*** HOLE CARDS ***
GRAILKO: raises $3 to $6
Kusk1: calls $3
*** FLOP *** [7h 5d 7s]
Kusk1: checks
GRAILKO: bets $3
Kusk1: calls $3
*** TURN *** [7h 5d 7s] [5s]
Kusk1: checks
GRAILKO: checks
*** RIVER *** [7h 5d 7s 5s] [2d]
Kusk1: bets $6
GRAILKO: folds
Uncalled bet ($6) returned to Kusk1
Kusk1 collected $17.64 from pot
Kusk1: doesn't show hand
*** SUMMARY ***
Total pot $18 | Rake $0.36
Board [7h 5d 7s 5s 2d]
Seat 1: GRAILKO (button) (small blind) folded on the River
Seat 6: Kusk1 (big blind) collected ($17.64)


PokerStars Hand #158520389831:  Hold'em Limit ($3/$6 USD) - 2016/09/12 16:20:47 ET
Table 'Gaika' 6-max Seat #6 is the button
Seat 1: GRAILKO ($146.24 in chips)
Seat 6: Kusk1 ($170.90 in chips)
Kusk1: posts small blind $1
GRAILKO: posts big blind $3
*** HOLE CARDS ***
Kusk1: folds
Uncalled bet ($2) returned to GRAILKO
GRAILKO collected $2 from pot
GRAILKO: doesn't show hand
*** SUMMARY ***
Total pot $2 | Rake $0
Seat 1: GRAILKO (big blind) collected ($2)
Seat 6: Kusk1 (button) (small blind) folded before Flop


PokerStars Hand #158520377164:  Hold'em Limit ($3/$6 USD) - 2016/09/12 16:20:33 ET
Table 'Gaika' 6-max Seat #1 is the button
Seat 1: GRAILKO ($140.48 in chips)
Seat 6: Kusk1 ($176.90 in chips)
GRAILKO: posts small blind $1
Kusk1: posts big blind $3
*** HOLE CARDS ***
GRAILKO: raises $3 to $6
Kusk1: calls $3
*** FLOP *** [Ks 6c Jh]
dmonr joins the table at seat #3
Kusk1: checks
GRAILKO: bets $3
Kusk1: folds
Uncalled bet ($3) returned to GRAILKO
GRAILKO collected $11.76 from pot
GRAILKO: doesn't show hand
*** SUMMARY ***
Total pot $12 | Rake $0.24
Board [Ks 6c Jh]
Seat 1: GRAILKO (button) (small blind) collected ($11.76)
Seat 6: Kusk1 (big blind) folded on the Flop


PokerStars Hand #158524281971:  Hold'em Limit ($3/$6 USD) - 2016/09/12 17:35:16 ET
Table 'Gaika' 6-max Seat #5 is the button
Seat 4: Zubasa07 ($583.29 in chips)
Seat 5: vestimokrec ($148.37 in chips)
vestimokrec: posts small blind $1
Zubasa07: posts big blind $3
*** HOLE CARDS ***
vestimokrec: raises $3 to $6
Zubasa07: calls $3
*** FLOP *** [5h Th 6c]
Zubasa07: checks
vestimokrec: checks
*** TURN *** [5h Th 6c] [Td]
al38811 joins the table at seat #1
swics1202 joins the table at seat #6
Zubasa07: bets $6
vestimokrec: folds
Uncalled bet ($6) returned to Zubasa07
Zubasa07 collected $11.76 from pot
Zubasa07: doesn't show hand
*** SUMMARY ***
Total pot $12 | Rake $0.24
Board [5h Th 6c Td]
Seat 4: Zubasa07 (big blind) collected ($11.76)
Seat 5: vestimokrec (button) (small blind) folded on the Turn


PokerStars Hand #158528201067:  Hold'em Limit ($3/$6 USD) - 2016/09/12 19:08:12 ET
Table 'Gaika' 6-max Seat #6 is the button
Seat 2: Krazy90 ($243.38 in chips)
Seat 6: swics1202 ($215.62 in chips)
swics1202: posts small blind $1
Krazy90: posts big blind $3
*** HOLE CARDS ***
swics1202: raises $3 to $6
Krazy90: calls $3
*** FLOP *** [Jd 8h 7h]
Krazy90: checks
swics1202: bets $3
Krazy90: calls $3
*** TURN *** [Jd 8h 7h] [3c]
Krazy90: checks
swics1202: bets $6
Krazy90: folds
Uncalled bet ($6) returned to swics1202
swics1202 collected $17.64 from pot
swics1202: doesn't show hand
*** SUMMARY ***
Total pot $18 | Rake $0.36
Board [Jd 8h 7h 3c]
Seat 2: Krazy90 (big blind) folded on the Turn
Seat 6: swics1202 (button) (small blind) collected ($17.64)


PokerStars Hand #158528179452:  Hold'em Limit ($3/$6 USD) - 2016/09/12 19:07:38 ET
Table 'Gaika' 6-max Seat #2 is the button
Seat 2: Krazy90 ($231.86 in chips)
Seat 6: swics1202 ($227.62 in chips)
Krazy90: posts small blind $1
vestimokrec: is sitting out
swics1202: posts big blind $3
*** HOLE CARDS ***
Krazy90: raises $3 to $6
swics1202: raises $3 to $9
vestimokrec leaves the table
Krazy90: calls $3
*** FLOP *** [8h 4c Kc]
swics1202: bets $3
Krazy90: calls $3
*** TURN *** [8h 4c Kc] [2c]
swics1202: checks
Krazy90: bets $6
swics1202: folds
Uncalled bet ($6) returned to Krazy90
Krazy90 collected $23.52 from pot
Krazy90: doesn't show hand
*** SUMMARY ***
Total pot $24 | Rake $0.48
Board [8h 4c Kc 2c]
Seat 2: Krazy90 (button) (small blind) collected ($23.52)
Seat 6: swics1202 (big blind) folded on the Turn


PokerStars Hand #158528222846:  Hold'em Limit ($3/$6 USD) - 2016/09/12 19:08:48 ET
Table 'Gaika' 6-max Seat #2 is the button
Seat 2: Krazy90 ($234.38 in chips)
Seat 6: swics1202 ($224.26 in chips)
Krazy90: posts small blind $1
swics1202: posts big blind $3
*** HOLE CARDS ***
Krazy90: folds
Uncalled bet ($2) returned to swics1202
swics1202 collected $2 from pot
swics1202: doesn't show hand
*** SUMMARY ***
Total pot $2 | Rake $0
Seat 2: Krazy90 (button) (small blind) folded before Flop
Seat 6: swics1202 (big blind) collected ($2)


