PokerStars Hand #144832381601:  Hold'em Limit ($3/$6 USD) - 2015/12/04 18:16:18 ET
Table 'Galanthus' 10-max Seat #1 is the button
Seat 1: mike maggen ($88.48 in chips)
Seat 2: SashaYuvelir ($74.50 in chips)
mike maggen: posts small blind $1
SashaYuvelir: posts big blind $3
*** HOLE CARDS ***
mike maggen: raises $3 to $6
SashaYuvelir: folds
Uncalled bet ($3) returned to mike maggen
mike maggen collected $6 from pot
mike maggen: doesn't show hand
*** SUMMARY ***
Total pot $6 | Rake $0
Seat 1: mike maggen (button) (small blind) collected ($6)
Seat 2: SashaYuvelir (big blind) folded before Flop


PokerStars Hand #144832365725:  Hold'em Limit ($3/$6 USD) - 2015/12/04 18:15:58 ET
Table 'Galanthus' 10-max Seat #2 is the button
Seat 1: mike maggen ($76.96 in chips)
Seat 2: SashaYuvelir ($86.50 in chips)
SashaYuvelir: posts small blind $1
mike maggen: posts big blind $3
*** HOLE CARDS ***
SashaYuvelir: raises $3 to $6
mike maggen: raises $3 to $9
SashaYuvelir: raises $3 to $12
Betting is capped
mike maggen: calls $3
*** FLOP *** [Ah 2c 5d]
mike maggen: bets $3
SashaYuvelir: folds
Uncalled bet ($3) returned to mike maggen
mike maggen collected $23.52 from pot
mike maggen: doesn't show hand
*** SUMMARY ***
Total pot $24 | Rake $0.48
Board [Ah 2c 5d]
Seat 1: mike maggen (big blind) collected ($23.52)
Seat 2: SashaYuvelir (button) (small blind) folded on the Flop


PokerStars Hand #144832339439:  Hold'em Limit ($3/$6 USD) - 2015/12/04 18:15:27 ET
Table 'Galanthus' 10-max Seat #1 is the button
Seat 1: mike maggen ($91.96 in chips)
Seat 2: SashaYuvelir ($72 in chips)
mike maggen: posts small blind $1
SashaYuvelir: posts big blind $3
*** HOLE CARDS ***
mike maggen: calls $2
SashaYuvelir: checks
*** FLOP *** [Kh 3d Ks]
SashaYuvelir: checks
mike maggen: bets $3
SashaYuvelir: raises $3 to $6
mike maggen: calls $3
*** TURN *** [Kh 3d Ks] [9c]
SashaYuvelir: bets $6
mike maggen: calls $6
*** RIVER *** [Kh 3d Ks 9c] [4s]
SashaYuvelir: bets $6
mike maggen: folds
Uncalled bet ($6) returned to SashaYuvelir
SashaYuvelir collected $29.50 from pot
SashaYuvelir: doesn't show hand
*** SUMMARY ***
Total pot $30 | Rake $0.50
Board [Kh 3d Ks 9c 4s]
Seat 1: mike maggen (button) (small blind) folded on the River
Seat 2: SashaYuvelir (big blind) collected ($29.50)


PokerStars Hand #144832410193:  Hold'em Limit ($3/$6 USD) - 2015/12/04 18:16:52 ET
Table 'Galanthus' 10-max Seat #2 is the button
Seat 1: mike maggen ($102 in chips)
Seat 2: SashaYuvelir ($73 in chips)
SashaYuvelir: posts small blind $1
mike maggen: posts big blind $3
*** HOLE CARDS ***
SashaYuvelir: raises $3 to $6
mike maggen: calls $3
*** FLOP *** [Qs 9s 2s]
mike maggen: bets $3
SashaYuvelir: folds
Uncalled bet ($3) returned to mike maggen
mike maggen collected $11.76 from pot
mike maggen: doesn't show hand
*** SUMMARY ***
Total pot $12 | Rake $0.24
Board [Qs 9s 2s]
Seat 1: mike maggen (big blind) collected ($11.76)
Seat 2: SashaYuvelir (button) (small blind) folded on the Flop


PokerStars Hand #144832405955:  Hold'em Limit ($3/$6 USD) - 2015/12/04 18:16:47 ET
Table 'Galanthus' 10-max Seat #1 is the button
Seat 1: mike maggen ($103 in chips)
Seat 2: SashaYuvelir ($72 in chips)
mike maggen: posts small blind $1
SashaYuvelir: posts big blind $3
*** HOLE CARDS ***
mike maggen: folds
Uncalled bet ($2) returned to SashaYuvelir
SashaYuvelir collected $2 from pot
*** SUMMARY ***
Total pot $2 | Rake $0
Seat 1: mike maggen (button) (small blind) folded before Flop
Seat 2: SashaYuvelir (big blind) collected ($2)


PokerStars Hand #144832388951:  Hold'em Limit ($3/$6 USD) - 2015/12/04 18:16:26 ET
Table 'Galanthus' 10-max Seat #2 is the button
Seat 1: mike maggen ($91.48 in chips)
Seat 2: SashaYuvelir ($72 in chips)
SashaYuvelir: posts small blind $1
mike maggen: posts big blind $3
*** HOLE CARDS ***
SashaYuvelir: raises $3 to $6
mike maggen: raises $3 to $9
SashaYuvelir: calls $3
*** FLOP *** [Ac Tc 4c]
mike maggen: bets $3
SashaYuvelir: calls $3
*** TURN *** [Ac Tc 4c] [8c]
mike maggen: bets $6
SashaYuvelir: folds
Uncalled bet ($6) returned to mike maggen
mike maggen collected $23.52 from pot
mike maggen: doesn't show hand
*** SUMMARY ***
Total pot $24 | Rake $0.48
Board [Ac Tc 4c 8c]
Seat 1: mike maggen (big blind) collected ($23.52)
Seat 2: SashaYuvelir (button) (small blind) folded on the Turn


PokerStars Hand #144832454470:  Hold'em Limit ($3/$6 USD) - 2015/12/04 18:17:46 ET
Table 'Galanthus' 10-max Seat #2 is the button
Seat 1: mike maggen ($131.26 in chips)
Seat 2: SashaYuvelir ($72 in chips)
SashaYuvelir: posts small blind $1
mike maggen: posts big blind $3
*** HOLE CARDS ***
SashaYuvelir: raises $3 to $6
mike maggen: calls $3
*** FLOP *** [Jd 2c 5s]
mike maggen: checks
SashaYuvelir: bets $3
mike maggen: calls $3
*** TURN *** [Jd 2c 5s] [Td]
mike maggen: bets $6
SashaYuvelir: folds
Uncalled bet ($6) returned to mike maggen
mike maggen collected $17.64 from pot
mike maggen: doesn't show hand
*** SUMMARY ***
Total pot $18 | Rake $0.36
Board [Jd 2c 5s Td]
Seat 1: mike maggen (big blind) collected ($17.64)
Seat 2: SashaYuvelir (button) (small blind) folded on the Turn


PokerStars Hand #144832427837:  Hold'em Limit ($3/$6 USD) - 2015/12/04 18:17:13 ET
Table 'Galanthus' 10-max Seat #1 is the button
Seat 1: mike maggen ($107.76 in chips)
Seat 2: SashaYuvelir ($72 in chips)
mike maggen: posts small blind $1
SashaYuvelir: posts big blind $3
*** HOLE CARDS ***
mike maggen: calls $2
SashaYuvelir: raises $3 to $6
mike maggen: calls $3
*** FLOP *** [2h 8d Ts]
SashaYuvelir: bets $3
mike maggen: raises $3 to $6
SashaYuvelir: calls $3
*** TURN *** [2h 8d Ts] [4d]
SashaYuvelir: checks
mike maggen: bets $6
SashaYuvelir: calls $6
*** RIVER *** [2h 8d Ts 4d] [Jd]
SashaYuvelir: checks
mike maggen: bets $6
SashaYuvelir: calls $6
*** SHOW DOWN ***
mike maggen: shows [3c Tc] (a pair of Tens)
SashaYuvelir: mucks hand
mike maggen collected $47.50 from pot
*** SUMMARY ***
Total pot $48 | Rake $0.50
Board [2h 8d Ts 4d Jd]
Seat 1: mike maggen (button) (small blind) showed [3c Tc] and won ($47.50) with a pair of Tens
Seat 2: SashaYuvelir (big blind) mucked


PokerStars Hand #144832518070:  Hold'em Limit ($3/$6 USD) - 2015/12/04 18:19:04 ET
Table 'Galanthus' 10-max Seat #1 is the button
Seat 1: mike maggen ($94.90 in chips)
Seat 2: SashaYuvelir ($116.26 in chips)
mike maggen: posts small blind $1
SashaYuvelir: posts big blind $3
*** HOLE CARDS ***
mike maggen: raises $3 to $6
SashaYuvelir: calls $3
*** FLOP *** [9c 7s Qs]
SashaYuvelir: checks
mike maggen: bets $3
SashaYuvelir: folds
Uncalled bet ($3) returned to mike maggen
mike maggen collected $11.76 from pot
mike maggen: doesn't show hand
*** SUMMARY ***
Total pot $12 | Rake $0.24
Board [9c 7s Qs]
Seat 1: mike maggen (button) (small blind) collected ($11.76)
Seat 2: SashaYuvelir (big blind) folded on the Flop


PokerStars Hand #144832506073:  Hold'em Limit ($3/$6 USD) - 2015/12/04 18:18:49 ET
Table 'Galanthus' 10-max Seat #2 is the button
Seat 1: mike maggen ($100.90 in chips)
Seat 2: SashaYuvelir ($110.50 in chips)
SashaYuvelir: posts small blind $1
mike maggen: posts big blind $3
*** HOLE CARDS ***
SashaYuvelir: raises $3 to $6
mike maggen: calls $3
*** FLOP *** [Kh Qc 7h]
mike maggen: checks
SashaYuvelir: bets $3
mike maggen: folds
Uncalled bet ($3) returned to SashaYuvelir
SashaYuvelir collected $11.76 from pot
SashaYuvelir: doesn't show hand
*** SUMMARY ***
Total pot $12 | Rake $0.24
Board [Kh Qc 7h]
Seat 1: mike maggen (big blind) folded on the Flop
Seat 2: SashaYuvelir (button) (small blind) collected ($11.76)


PokerStars Hand #144832469629:  Hold'em Limit ($3/$6 USD) - 2015/12/04 18:18:04 ET
Table 'Galanthus' 10-max Seat #1 is the button
Seat 1: mike maggen ($139.90 in chips)
Seat 2: SashaYuvelir ($72 in chips)
mike maggen: posts small blind $1
SashaYuvelir: posts big blind $3
*** HOLE CARDS ***
mike maggen: raises $3 to $6
SashaYuvelir: calls $3
*** FLOP *** [5d 4s 3h]
SashaYuvelir: checks
mike maggen: bets $3
SashaYuvelir: calls $3
*** TURN *** [5d 4s 3h] [Th]
SashaYuvelir: checks
mike maggen: bets $6
SashaYuvelir: raises $6 to $12
mike maggen: raises $6 to $18
SashaYuvelir: raises $6 to $24
Betting is capped
mike maggen: calls $6
*** RIVER *** [5d 4s 3h Th] [4c]
SashaYuvelir: bets $6
mike maggen: calls $6
*** SHOW DOWN ***
SashaYuvelir: shows [2c As] (a straight, Ace to Five)
mike maggen: mucks hand
SashaYuvelir collected $77.50 from pot
*** SUMMARY ***
Total pot $78 | Rake $0.50
Board [5d 4s 3h Th 4c]
Seat 1: mike maggen (button) (small blind) mucked
Seat 2: SashaYuvelir (big blind) showed [2c As] and won ($77.50) with a straight, Ace to Five


PokerStars Hand #144832582032:  Hold'em Limit ($3/$6 USD) - 2015/12/04 18:20:22 ET
Table 'Galanthus' 10-max Seat #1 is the button
Seat 1: mike maggen ($67.42 in chips)
Seat 2: SashaYuvelir ($142.40 in chips)
mike maggen: posts small blind $1
SashaYuvelir: posts big blind $3
*** HOLE CARDS ***
mike maggen: folds
Uncalled bet ($2) returned to SashaYuvelir
SashaYuvelir collected $2 from pot
SashaYuvelir: doesn't show hand
*** SUMMARY ***
Total pot $2 | Rake $0
Seat 1: mike maggen (button) (small blind) folded before Flop
Seat 2: SashaYuvelir (big blind) collected ($2)


PokerStars Hand #144832562355:  Hold'em Limit ($3/$6 USD) - 2015/12/04 18:19:58 ET
Table 'Galanthus' 10-max Seat #2 is the button
Seat 1: mike maggen ($76.42 in chips)
Seat 2: SashaYuvelir ($133.76 in chips)
SashaYuvelir: posts small blind $1
mike maggen: posts big blind $3
*** HOLE CARDS ***
SashaYuvelir: raises $3 to $6
mike maggen: calls $3
*** FLOP *** [Td Jh 6d]
LukaSteel joins the table at seat #3
mike maggen: checks
SashaYuvelir: bets $3
mike maggen: calls $3
*** TURN *** [Td Jh 6d] [6s]
mike maggen: checks
SashaYuvelir: checks
*** RIVER *** [Td Jh 6d 6s] [9d]
mike maggen: checks
SashaYuvelir: bets $6
mike maggen: folds
Uncalled bet ($6) returned to SashaYuvelir
SashaYuvelir collected $17.64 from pot
SashaYuvelir: doesn't show hand
*** SUMMARY ***
Total pot $18 | Rake $0.36
Board [Td Jh 6d 6s 9d]
Seat 1: mike maggen (big blind) folded on the River
Seat 2: SashaYuvelir (button) (small blind) collected ($17.64)


PokerStars Hand #144832550685:  Hold'em Limit ($3/$6 USD) - 2015/12/04 18:19:44 ET
Table 'Galanthus' 10-max Seat #1 is the button
Seat 1: mike maggen ($70.66 in chips)
Seat 2: SashaYuvelir ($139.76 in chips)
mike maggen: posts small blind $1
SashaYuvelir: posts big blind $3
*** HOLE CARDS ***
mike maggen: raises $3 to $6
SashaYuvelir: calls $3
*** FLOP *** [2d Ah 4c]
SashaYuvelir: checks
mike maggen: bets $3
SashaYuvelir: folds
Uncalled bet ($3) returned to mike maggen
mike maggen collected $11.76 from pot
mike maggen: doesn't show hand
*** SUMMARY ***
Total pot $12 | Rake $0.24
Board [2d Ah 4c]
Seat 1: mike maggen (button) (small blind) collected ($11.76)
Seat 2: SashaYuvelir (big blind) folded on the Flop


PokerStars Hand #144832530425:  Hold'em Limit ($3/$6 USD) - 2015/12/04 18:19:19 ET
Table 'Galanthus' 10-max Seat #2 is the button
Seat 1: mike maggen ($100.66 in chips)
Seat 2: SashaYuvelir ($110.26 in chips)
SashaYuvelir: posts small blind $1
mike maggen: posts big blind $3
*** HOLE CARDS ***
SashaYuvelir: raises $3 to $6
mike maggen: raises $3 to $9
SashaYuvelir: raises $3 to $12
Betting is capped
mike maggen: calls $3
*** FLOP *** [4d 7c 5h]
mike maggen: bets $3
SashaYuvelir: raises $3 to $6
mike maggen: calls $3
*** TURN *** [4d 7c 5h] [9s]
mike maggen: checks
SashaYuvelir: bets $6
mike maggen: calls $6
*** RIVER *** [4d 7c 5h 9s] [Kc]
mike maggen: checks
SashaYuvelir: bets $6
mike maggen: calls $6
*** SHOW DOWN ***
SashaYuvelir: shows [Js 7s] (a pair of Sevens)
mike maggen: mucks hand
SashaYuvelir collected $59.50 from pot
*** SUMMARY ***
Total pot $60 | Rake $0.50
Board [4d 7c 5h 9s Kc]
Seat 1: mike maggen (big blind) mucked
Seat 2: SashaYuvelir (button) (small blind) showed [Js 7s] and won ($59.50) with a pair of Sevens


