PokerStars Hand #157364425380:  Hold'em Limit ($3/$6 USD) - 2016/08/16 17:21:57 ET
Table 'Galahad' 6-max Seat #1 is the button
Seat 1: BuzovaPro ($198.36 in chips)
Seat 6: ijtunnel ($211.76 in chips)
BuzovaPro: posts small blind $1
wobetting: is sitting out
ijtunnel: posts big blind $3
*** HOLE CARDS ***
BuzovaPro: folds
Uncalled bet ($2) returned to ijtunnel
ijtunnel collected $2 from pot
ijtunnel: doesn't show hand
*** SUMMARY ***
Total pot $2 | Rake $0
Seat 1: BuzovaPro (button) (small blind) folded before Flop
Seat 6: ijtunnel (big blind) collected ($2)


PokerStars Hand #157364435698:  Hold'em Limit ($3/$6 USD) - 2016/08/16 17:22:08 ET
Table 'Galahad' 6-max Seat #6 is the button
Seat 1: BuzovaPro ($197.36 in chips)
Seat 6: ijtunnel ($212.76 in chips)
ijtunnel: posts small blind $1
BuzovaPro: posts big blind $3
*** HOLE CARDS ***
ijtunnel: raises $3 to $6
BuzovaPro: calls $3
*** FLOP *** [4h 8d Jd]
BuzovaPro: checks
ijtunnel: bets $3
BuzovaPro: calls $3
*** TURN *** [4h 8d Jd] [6s]
BuzovaPro: checks
ijtunnel: bets $6
BuzovaPro: calls $6
*** RIVER *** [4h 8d Jd 6s] [2h]
BuzovaPro: checks
ijtunnel: bets $6
BuzovaPro: calls $6
*** SHOW DOWN ***
ijtunnel: shows [Jh 6h] (two pair, Jacks and Sixes)
BuzovaPro: mucks hand
ijtunnel collected $41.50 from pot
*** SUMMARY ***
Total pot $42 | Rake $0.50
Board [4h 8d Jd 6s 2h]
Seat 1: BuzovaPro (big blind) mucked
Seat 6: ijtunnel (button) (small blind) showed [Jh 6h] and won ($41.50) with two pair, Jacks and Sixes


PokerStars Hand #157364455689:  Hold'em Limit ($3/$6 USD) - 2016/08/16 17:22:29 ET
Table 'Galahad' 6-max Seat #1 is the button
Seat 1: BuzovaPro ($176.36 in chips)
Seat 6: ijtunnel ($233.26 in chips)
BuzovaPro: posts small blind $1
ijtunnel: posts big blind $3
*** HOLE CARDS ***
BuzovaPro: raises $3 to $6
ijtunnel: folds
Uncalled bet ($3) returned to BuzovaPro
BuzovaPro collected $6 from pot
BuzovaPro: doesn't show hand
*** SUMMARY ***
Total pot $6 | Rake $0
Seat 1: BuzovaPro (button) (small blind) collected ($6)
Seat 6: ijtunnel (big blind) folded before Flop


PokerStars Hand #157364462730:  Hold'em Limit ($3/$6 USD) - 2016/08/16 17:22:36 ET
Table 'Galahad' 6-max Seat #6 is the button
Seat 1: BuzovaPro ($179.36 in chips)
Seat 6: ijtunnel ($230.26 in chips)
ijtunnel: posts small blind $1
BuzovaPro: posts big blind $3
*** HOLE CARDS ***
ijtunnel: raises $3 to $6
BuzovaPro: calls $3
*** FLOP *** [7d 9d 2d]
BuzovaPro: checks
ijtunnel: bets $3
BuzovaPro: calls $3
*** TURN *** [7d 9d 2d] [4h]
BuzovaPro: checks
ijtunnel: bets $6
BuzovaPro: calls $6
*** RIVER *** [7d 9d 2d 4h] [9c]
BuzovaPro: checks
ijtunnel: bets $6
BuzovaPro: calls $6
*** SHOW DOWN ***
ijtunnel: shows [6c 9h] (three of a kind, Nines)
BuzovaPro: mucks hand
ijtunnel collected $41.50 from pot
*** SUMMARY ***
Total pot $42 | Rake $0.50
Board [7d 9d 2d 4h 9c]
Seat 1: BuzovaPro (big blind) mucked
Seat 6: ijtunnel (button) (small blind) showed [6c 9h] and won ($41.50) with three of a kind, Nines


PokerStars Hand #157364479214:  Hold'em Limit ($3/$6 USD) - 2016/08/16 17:22:54 ET
Table 'Galahad' 6-max Seat #1 is the button
Seat 1: BuzovaPro ($158.36 in chips)
Seat 6: ijtunnel ($250.76 in chips)
BuzovaPro: posts small blind $1
ijtunnel: posts big blind $3
*** HOLE CARDS ***
BuzovaPro: raises $3 to $6
ijtunnel: calls $3
*** FLOP *** [Qh 4h 3d]
ijtunnel: checks
BuzovaPro: checks
*** TURN *** [Qh 4h 3d] [Tc]
ijtunnel: bets $6
BuzovaPro: calls $6
*** RIVER *** [Qh 4h 3d Tc] [5c]
ijtunnel: checks
BuzovaPro: checks
*** SHOW DOWN ***
ijtunnel: shows [4d Ac] (a pair of Fours)
BuzovaPro: mucks hand
ijtunnel collected $23.52 from pot
*** SUMMARY ***
Total pot $24 | Rake $0.48
Board [Qh 4h 3d Tc 5c]
Seat 1: BuzovaPro (button) (small blind) mucked
Seat 6: ijtunnel (big blind) showed [4d Ac] and won ($23.52) with a pair of Fours


PokerStars Hand #157364504198:  Hold'em Limit ($3/$6 USD) - 2016/08/16 17:23:21 ET
Table 'Galahad' 6-max Seat #1 is the button
Seat 1: BuzovaPro ($157.88 in chips)
Seat 6: ijtunnel ($250.28 in chips)
BuzovaPro: posts small blind $1
ijtunnel: posts big blind $3
*** HOLE CARDS ***
BuzovaPro: raises $3 to $6
ijtunnel: calls $3
*** FLOP *** [2c 2h 4c]
wobetting leaves the table
ijtunnel: checks
BuzovaPro: bets $3
ijtunnel: calls $3
*** TURN *** [2c 2h 4c] [As]
ijtunnel: checks
BuzovaPro: bets $6
ijtunnel: folds
Uncalled bet ($6) returned to BuzovaPro
BuzovaPro collected $17.64 from pot
BuzovaPro: doesn't show hand
*** SUMMARY ***
Total pot $18 | Rake $0.36
Board [2c 2h 4c As]
Seat 1: BuzovaPro (button) (small blind) collected ($17.64)
Seat 6: ijtunnel (big blind) folded on the Turn


PokerStars Hand #157364528188:  Hold'em Limit ($3/$6 USD) - 2016/08/16 17:23:46 ET
Table 'Galahad' 6-max Seat #6 is the button
Seat 1: BuzovaPro ($166.52 in chips)
Seat 6: ijtunnel ($241.28 in chips)
ijtunnel: posts small blind $1
BuzovaPro: posts big blind $3
*** HOLE CARDS ***
ijtunnel: calls $2
BuzovaPro: checks
*** FLOP *** [3d 3h Js]
BuzovaPro: checks
ijtunnel: checks
*** TURN *** [3d 3h Js] [2c]
BuzovaPro: checks
ijtunnel: bets $6
BuzovaPro: folds
Uncalled bet ($6) returned to ijtunnel
ijtunnel collected $5.88 from pot
ijtunnel: doesn't show hand
*** SUMMARY ***
Total pot $6 | Rake $0.12
Board [3d 3h Js 2c]
Seat 1: BuzovaPro (big blind) folded on the Turn
Seat 6: ijtunnel (button) (small blind) collected ($5.88)


PokerStars Hand #157364491599:  Hold'em Limit ($3/$6 USD) - 2016/08/16 17:23:08 ET
Table 'Galahad' 6-max Seat #6 is the button
Seat 1: BuzovaPro ($146.36 in chips)
Seat 6: ijtunnel ($262.28 in chips)
ijtunnel: posts small blind $1
BuzovaPro: posts big blind $3
*** HOLE CARDS ***
ijtunnel: raises $3 to $6
BuzovaPro: calls $3
*** FLOP *** [Js 4c 8d]
BuzovaPro: checks
ijtunnel: checks
*** TURN *** [Js 4c 8d] [5c]
BuzovaPro: bets $6
ijtunnel: calls $6
*** RIVER *** [Js 4c 8d 5c] [7h]
BuzovaPro: bets $6
ijtunnel: folds
Uncalled bet ($6) returned to BuzovaPro
BuzovaPro collected $23.52 from pot
BuzovaPro: doesn't show hand
*** SUMMARY ***
Total pot $24 | Rake $0.48
Board [Js 4c 8d 5c 7h]
Seat 1: BuzovaPro (big blind) collected ($23.52)
Seat 6: ijtunnel (button) (small blind) folded on the River


PokerStars Hand #157364556830:  Hold'em Limit ($3/$6 USD) - 2016/08/16 17:24:17 ET
Table 'Galahad' 6-max Seat #6 is the button
Seat 1: BuzovaPro ($162.52 in chips)
Seat 6: ijtunnel ($245.16 in chips)
ijtunnel: posts small blind $1
BuzovaPro: posts big blind $3
*** HOLE CARDS ***
ijtunnel: folds
Uncalled bet ($2) returned to BuzovaPro
BuzovaPro collected $2 from pot
BuzovaPro: doesn't show hand
*** SUMMARY ***
Total pot $2 | Rake $0
Seat 1: BuzovaPro (big blind) collected ($2)
Seat 6: ijtunnel (button) (small blind) folded before Flop


PokerStars Hand #157364550984:  Hold'em Limit ($3/$6 USD) - 2016/08/16 17:24:10 ET
Table 'Galahad' 6-max Seat #1 is the button
Seat 1: BuzovaPro ($163.52 in chips)
Seat 6: ijtunnel ($244.16 in chips)
BuzovaPro: posts small blind $1
ijtunnel: posts big blind $3
*** HOLE CARDS ***
BuzovaPro: folds
Uncalled bet ($2) returned to ijtunnel
ijtunnel collected $2 from pot
ijtunnel: doesn't show hand
*** SUMMARY ***
Total pot $2 | Rake $0
Seat 1: BuzovaPro (button) (small blind) folded before Flop
Seat 6: ijtunnel (big blind) collected ($2)


PokerStars Hand #157364560670:  Hold'em Limit ($3/$6 USD) - 2016/08/16 17:24:21 ET
Table 'Galahad' 6-max Seat #1 is the button
Seat 1: BuzovaPro ($163.52 in chips)
Seat 6: ijtunnel ($244.16 in chips)
BuzovaPro: posts small blind $1
ijtunnel: posts big blind $3
*** HOLE CARDS ***
BuzovaPro: raises $3 to $6
ijtunnel: calls $3
*** FLOP *** [Qc 8h Qh]
ijtunnel: checks
BuzovaPro: bets $3
ijtunnel: calls $3
*** TURN *** [Qc 8h Qh] [8s]
ijtunnel: checks
BuzovaPro: checks
*** RIVER *** [Qc 8h Qh 8s] [4s]
ijtunnel: bets $6
BuzovaPro: raises $6 to $12
ijtunnel: calls $6
*** SHOW DOWN ***
BuzovaPro: shows [7c 9c] (two pair, Queens and Eights)
ijtunnel: shows [As 4c] (two pair, Queens and Eights - Ace kicker)
ijtunnel collected $41.50 from pot
*** SUMMARY ***
Total pot $42 | Rake $0.50
Board [Qc 8h Qh 8s 4s]
Seat 1: BuzovaPro (button) (small blind) showed [7c 9c] and lost with two pair, Queens and Eights
Seat 6: ijtunnel (big blind) showed [As 4c] and won ($41.50) with two pair, Queens and Eights


PokerStars Hand #157364574674:  Hold'em Limit ($3/$6 USD) - 2016/08/16 17:24:37 ET
Table 'Galahad' 6-max Seat #6 is the button
Seat 1: BuzovaPro ($142.52 in chips)
Seat 6: ijtunnel ($264.66 in chips)
ijtunnel: posts small blind $1
BuzovaPro: posts big blind $3
*** HOLE CARDS ***
ijtunnel: raises $3 to $6
BuzovaPro: calls $3
*** FLOP *** [Jh 7d Kd]
BuzovaPro: checks
ijtunnel: checks
*** TURN *** [Jh 7d Kd] [2d]
BuzovaPro: bets $6
ijtunnel: calls $6
*** RIVER *** [Jh 7d Kd 2d] [Kc]
BuzovaPro: bets $6
ijtunnel: calls $6
*** SHOW DOWN ***
BuzovaPro: shows [8d 3d] (a flush, King high)
ijtunnel: mucks hand
BuzovaPro collected $35.50 from pot
Hannibal2211 joins the table at seat #2
*** SUMMARY ***
Total pot $36 | Rake $0.50
Board [Jh 7d Kd 2d Kc]
Seat 1: BuzovaPro (big blind) showed [8d 3d] and won ($35.50) with a flush, King high
Seat 6: ijtunnel (button) (small blind) mucked


PokerStars Hand #157365267576:  Hold'em Limit ($3/$6 USD) - 2016/08/16 17:39:38 ET
Table 'Galahad' 6-max Seat #5 is the button
Seat 2: Hannibal2211 ($72 in chips)
Seat 5: BigBone2 ($63.05 in chips)
BigBone2: posts small blind $1
Hannibal2211: posts big blind $3
*** HOLE CARDS ***
BigBone2: raises $3 to $6
Hannibal2211: calls $3
*** FLOP *** [7s 3d 2c]
Hannibal2211: checks
BigBone2: checks
*** TURN *** [7s 3d 2c] [Kd]
Hannibal2211: checks
BigBone2: checks
*** RIVER *** [7s 3d 2c Kd] [5s]
Hannibal2211: checks
BigBone2: checks
*** SHOW DOWN ***
Hannibal2211: shows [4d Ts] (high card King)
BigBone2: shows [Tc 8d] (high card King - Ten+Eight kicker)
BigBone2 collected $11.76 from pot
*** SUMMARY ***
Total pot $12 | Rake $0.24
Board [7s 3d 2c Kd 5s]
Seat 2: Hannibal2211 (big blind) showed [4d Ts] and lost with high card King
Seat 5: BigBone2 (button) (small blind) showed [Tc 8d] and won ($11.76) with high card King


PokerStars Hand #157365252691:  Hold'em Limit ($3/$6 USD) - 2016/08/16 17:39:18 ET
Table 'Galahad' 6-max Seat #2 is the button
Seat 2: Hannibal2211 ($72 in chips)
Seat 5: BigBone2 ($39.55 in chips)
Hannibal2211: posts small blind $1
wobetting: is sitting out
BigBone2: posts big blind $3
*** HOLE CARDS ***
Hannibal2211: raises $3 to $6
BigBone2: raises $3 to $9
Hannibal2211: calls $3
*** FLOP *** [4s Js Jd]
BigBone2: bets $3
Hannibal2211: calls $3
*** TURN *** [4s Js Jd] [9c]
BigBone2: checks
Hannibal2211: bets $6
BigBone2: calls $6
*** RIVER *** [4s Js Jd 9c] [Ks]
BigBone2: bets $6
Hannibal2211: calls $6
*** SHOW DOWN ***
BigBone2: shows [Kd As] (two pair, Kings and Jacks)
Hannibal2211: mucks hand
BigBone2 collected $47.50 from pot
*** SUMMARY ***
Total pot $48 | Rake $0.50
Board [4s Js Jd 9c Ks]
Seat 2: Hannibal2211 (button) (small blind) mucked
Seat 5: BigBone2 (big blind) showed [Kd As] and won ($47.50) with two pair, Kings and Jacks


PokerStars Hand #157365304758:  Hold'em Limit ($3/$6 USD) - 2016/08/16 17:40:29 ET
Table 'Galahad' 6-max Seat #2 is the button
Seat 2: Hannibal2211 ($72 in chips)
Seat 5: BigBone2 ($74.33 in chips)
Hannibal2211: posts small blind $1
BigBone2: posts big blind $3
*** HOLE CARDS ***
kismespit joins the table at seat #6
Hannibal2211: folds
Uncalled bet ($2) returned to BigBone2
BigBone2 collected $2 from pot
BigBone2: doesn't show hand
*** SUMMARY ***
Total pot $2 | Rake $0
Seat 2: Hannibal2211 (button) (small blind) folded before Flop
Seat 5: BigBone2 (big blind) collected ($2)


PokerStars Hand #157365296914:  Hold'em Limit ($3/$6 USD) - 2016/08/16 17:40:18 ET
Table 'Galahad' 6-max Seat #5 is the button
Seat 2: Hannibal2211 ($72 in chips)
Seat 5: BigBone2 ($68.57 in chips)
BigBone2: posts small blind $1
Hannibal2211: posts big blind $3
*** HOLE CARDS ***
BigBone2: raises $3 to $6
Hannibal2211: calls $3
*** FLOP *** [9s 9h Td]
Hannibal2211: checks
BigBone2: bets $3
Hannibal2211: folds
Uncalled bet ($3) returned to BigBone2
BigBone2 collected $11.76 from pot
BigBone2: doesn't show hand
*** SUMMARY ***
Total pot $12 | Rake $0.24
Board [9s 9h Td]
Seat 2: Hannibal2211 (big blind) folded on the Flop
Seat 5: BigBone2 (button) (small blind) collected ($11.76)


PokerStars Hand #157365282517:  Hold'em Limit ($3/$6 USD) - 2016/08/16 17:39:59 ET
Table 'Galahad' 6-max Seat #2 is the button
Seat 2: Hannibal2211 ($72 in chips)
Seat 5: BigBone2 ($68.81 in chips)
Hannibal2211: posts small blind $1
BigBone2: posts big blind $3
*** HOLE CARDS ***
Hannibal2211: raises $3 to $6
BigBone2: raises $3 to $9
Hannibal2211: calls $3
*** FLOP *** [Jd Qs 8c]
BigBone2: bets $3
Hannibal2211: calls $3
*** TURN *** [Jd Qs 8c] [Tc]
BigBone2: checks
Hannibal2211: checks
*** RIVER *** [Jd Qs 8c Tc] [5h]
BigBone2: checks
Hannibal2211: checks
*** SHOW DOWN ***
BigBone2: shows [Ah 7h] (high card Ace)
Hannibal2211: shows [As 7c] (high card Ace)
BigBone2 collected $11.76 from pot
Hannibal2211 collected $11.76 from pot
*** SUMMARY ***
Total pot $24 | Rake $0.48
Board [Jd Qs 8c Tc 5h]
Seat 2: Hannibal2211 (button) (small blind) showed [As 7c] and won ($11.76) with high card Ace
Seat 5: BigBone2 (big blind) showed [Ah 7h] and won ($11.76) with high card Ace


PokerStars Hand #157366392939:  Hold'em Limit ($3/$6 USD) - 2016/08/16 18:05:58 ET
Table 'Galahad' 6-max Seat #1 is the button
Seat 1: GuusGeluk ($112.13 in chips)
Seat 6: kismespit ($161.53 in chips)
GuusGeluk: posts small blind $1
kismespit: posts big blind $3
*** HOLE CARDS ***
GuusGeluk: raises $3 to $6
kismespit: calls $3
*** FLOP *** [8c Js Qd]
kismespit: checks
GuusGeluk: bets $3
kismespit: calls $3
*** TURN *** [8c Js Qd] [4d]
kismespit: checks
GuusGeluk: bets $6
kismespit: calls $6
*** RIVER *** [8c Js Qd 4d] [Kh]
kismespit: checks
GuusGeluk: checks
*** SHOW DOWN ***
kismespit: shows [3s Qs] (a pair of Queens)
GuusGeluk: shows [9s Qh] (a pair of Queens - King+Jack+Nine kicker)
GuusGeluk collected $29.50 from pot
*** SUMMARY ***
Total pot $30 | Rake $0.50
Board [8c Js Qd 4d Kh]
Seat 1: GuusGeluk (button) (small blind) showed [9s Qh] and won ($29.50) with a pair of Queens
Seat 6: kismespit (big blind) showed [3s Qs] and lost with a pair of Queens


PokerStars Hand #157366404718:  Hold'em Limit ($3/$6 USD) - 2016/08/16 18:06:15 ET
Table 'Galahad' 6-max Seat #6 is the button
Seat 1: GuusGeluk ($126.63 in chips)
Seat 6: kismespit ($146.53 in chips)
kismespit: posts small blind $1
GuusGeluk: posts big blind $3
*** HOLE CARDS ***
kismespit: folds
Uncalled bet ($2) returned to GuusGeluk
Actionni13 joins the table at seat #2
GuusGeluk collected $2 from pot
*** SUMMARY ***
Total pot $2 | Rake $0
Seat 1: GuusGeluk (big blind) collected ($2)
Seat 6: kismespit (button) (small blind) folded before Flop


PokerStars Hand #157367827459:  Hold'em Limit ($3/$6 USD) - 2016/08/16 18:41:53 ET
Table 'Galahad' 6-max Seat #3 is the button
Seat 3: Mittelerde ($105.07 in chips)
Seat 5: Chessnok ($134.11 in chips)
Mittelerde: posts small blind $1
Chessnok: posts big blind $3
*** HOLE CARDS ***
Mittelerde: raises $3 to $6
Chessnok: calls $3
*** FLOP *** [3s Qc 9d]
Chessnok: checks
Mittelerde: checks
*** TURN *** [3s Qc 9d] [9s]
Chessnok: bets $6
Mittelerde: calls $6
*** RIVER *** [3s Qc 9d 9s] [8d]
Chessnok: checks
Mittelerde: checks
*** SHOW DOWN ***
Chessnok: shows [Tc 6h] (a pair of Nines)
Mittelerde: shows [6c Ad] (a pair of Nines - Ace kicker)
Mittelerde collected $23.52 from pot
*** SUMMARY ***
Total pot $24 | Rake $0.48
Board [3s Qc 9d 9s 8d]
Seat 3: Mittelerde (button) (small blind) showed [6c Ad] and won ($23.52) with a pair of Nines
Seat 5: Chessnok (big blind) showed [Tc 6h] and lost with a pair of Nines


PokerStars Hand #157367823379:  Hold'em Limit ($3/$6 USD) - 2016/08/16 18:41:46 ET
Table 'Galahad' 6-max Seat #5 is the button
Seat 3: Mittelerde ($104.07 in chips)
Seat 5: Chessnok ($135.11 in chips)
Chessnok: posts small blind $1
kismespit: is sitting out
Mittelerde: posts big blind $3
*** HOLE CARDS ***
Chessnok: folds
Uncalled bet ($2) returned to Mittelerde
kismespit leaves the table
Mittelerde collected $2 from pot
*** SUMMARY ***
Total pot $2 | Rake $0
Seat 3: Mittelerde (big blind) collected ($2)
Seat 5: Chessnok (button) (small blind) folded before Flop


