PokerStars Hand #146275515742:  Hold'em Limit ($3/$6 USD) - 2016/01/01 11:28:45 ET
Table 'Galahad' 6-max Seat #5 is the button
Seat 1: LolDnkaments ($75 in chips)
Seat 5: perten ($117 in chips)
perten: posts small blind $1
LolDnkaments: posts big blind $3
*** HOLE CARDS ***
perten: raises $3 to $6
LolDnkaments: raises $3 to $9
perten: calls $3
*** FLOP *** [As 7c Td]
LolDnkaments: bets $3
perten: calls $3
*** TURN *** [As 7c Td] [5h]
LolDnkaments: bets $6
perten: folds
Uncalled bet ($6) returned to LolDnkaments
LolDnkaments collected $23.52 from pot
LolDnkaments: doesn't show hand
*** SUMMARY ***
Total pot $24 | Rake $0.48
Board [As 7c Td 5h]
Seat 1: LolDnkaments (big blind) collected ($23.52)
Seat 5: perten (button) (small blind) folded on the Turn


PokerStars Hand #146275527672:  Hold'em Limit ($3/$6 USD) - 2016/01/01 11:29:00 ET
Table 'Galahad' 6-max Seat #1 is the button
Seat 1: LolDnkaments ($86.52 in chips)
Seat 5: perten ($105 in chips)
LolDnkaments: posts small blind $1
perten: posts big blind $3
*** HOLE CARDS ***
LolDnkaments: raises $3 to $6
perten: folds
Uncalled bet ($3) returned to LolDnkaments
LolDnkaments collected $6 from pot
LolDnkaments: doesn't show hand
ZinZar joins the table at seat #6
*** SUMMARY ***
Total pot $6 | Rake $0
Seat 1: LolDnkaments (button) (small blind) collected ($6)
Seat 5: perten (big blind) folded before Flop


PokerStars Hand #146275590787:  Hold'em Limit ($3/$6 USD) - 2016/01/01 11:30:19 ET
Table 'Galahad' 6-max Seat #1 is the button
Seat 1: LolDnkaments ($86.52 in chips)
Seat 6: ZinZar ($72 in chips)
LolDnkaments: posts small blind $1
perten: is sitting out
ZinZar: posts big blind $3
*** HOLE CARDS ***
LolDnkaments: raises $3 to $6
ZinZar: raises $3 to $9
LolDnkaments: calls $3
*** FLOP *** [Ad 7h 5s]
ZinZar: bets $3
LolDnkaments: folds
Uncalled bet ($3) returned to ZinZar
ZinZar collected $17.64 from pot
ZinZar: doesn't show hand
*** SUMMARY ***
Total pot $18 | Rake $0.36
Board [Ad 7h 5s]
Seat 1: LolDnkaments (button) (small blind) folded on the Flop
Seat 6: ZinZar (big blind) collected ($17.64)


