PokerStars Hand #175046192246:  Hold'em Limit ($3/$6 USD) - 2017/08/31 20:25:39 ET
Table 'Galanthus' 6-max Seat #5 is the button
Seat 2: belik555 ($131 in chips)
Seat 5: Jesper0808 ($86.07 in chips)
Jesper0808: posts small blind $1
belik555: posts big blind $3
*** HOLE CARDS ***
Jesper0808: folds
Uncalled bet ($2) returned to belik555
belik555 collected $2 from pot
belik555: doesn't show hand
*** SUMMARY ***
Total pot $2 | Rake $0
Seat 2: belik555 (big blind) collected ($2)
Seat 5: Jesper0808 (button) (small blind) folded before Flop


PokerStars Hand #175046176299:  Hold'em Limit ($3/$6 USD) - 2017/08/31 20:25:03 ET
Table 'Galanthus' 6-max Seat #5 is the button
Seat 2: belik555 ($127 in chips)
Seat 5: Jesper0808 ($90.07 in chips)
Jesper0808: posts small blind $1
Bluf_To_Much: is sitting out
belik555: posts big blind $3
*** HOLE CARDS ***
Jesper0808: folds
Uncalled bet ($2) returned to belik555
belik555 collected $2 from pot
belik555: doesn't show hand
*** SUMMARY ***
Total pot $2 | Rake $0
Seat 2: belik555 (big blind) collected ($2)
Seat 5: Jesper0808 (button) (small blind) folded before Flop


PokerStars Hand #175046179129:  Hold'em Limit ($3/$6 USD) - 2017/08/31 20:25:10 ET
Table 'Galanthus' 6-max Seat #2 is the button
Seat 2: belik555 ($128 in chips)
Seat 5: Jesper0808 ($89.07 in chips)
belik555: posts small blind $1
Jesper0808: posts big blind $3
*** HOLE CARDS ***
belik555: folds
Uncalled bet ($2) returned to Jesper0808
Jesper0808 collected $2 from pot
Jesper0808: doesn't show hand
*** SUMMARY ***
Total pot $2 | Rake $0
Seat 2: belik555 (button) (small blind) folded before Flop
Seat 5: Jesper0808 (big blind) collected ($2)


PokerStars Hand #175046182290:  Hold'em Limit ($3/$6 USD) - 2017/08/31 20:25:17 ET
Table 'Galanthus' 6-max Seat #5 is the button
Seat 2: belik555 ($127 in chips)
Seat 5: Jesper0808 ($90.07 in chips)
Jesper0808: posts small blind $1
belik555: posts big blind $3
*** HOLE CARDS ***
Jesper0808: folds
Uncalled bet ($2) returned to belik555
belik555 collected $2 from pot
belik555: doesn't show hand
*** SUMMARY ***
Total pot $2 | Rake $0
Seat 2: belik555 (big blind) collected ($2)
Seat 5: Jesper0808 (button) (small blind) folded before Flop


PokerStars Hand #175046186139:  Hold'em Limit ($3/$6 USD) - 2017/08/31 20:25:26 ET
Table 'Galanthus' 6-max Seat #2 is the button
Seat 2: belik555 ($128 in chips)
Seat 5: Jesper0808 ($89.07 in chips)
belik555: posts small blind $1
Jesper0808: posts big blind $3
*** HOLE CARDS ***
belik555: raises $3 to $6
Jesper0808: folds
Uncalled bet ($3) returned to belik555
belik555 collected $6 from pot
belik555: doesn't show hand
*** SUMMARY ***
Total pot $6 | Rake $0
Seat 2: belik555 (button) (small blind) collected ($6)
Seat 5: Jesper0808 (big blind) folded before Flop


PokerStars Hand #175046195379:  Hold'em Limit ($3/$6 USD) - 2017/08/31 20:25:46 ET
Table 'Galanthus' 6-max Seat #2 is the button
Seat 2: belik555 ($132 in chips)
Seat 5: Jesper0808 ($85.07 in chips)
belik555: posts small blind $1
Jesper0808: posts big blind $3
*** HOLE CARDS ***
belik555: raises $3 to $6
Jesper0808: calls $3
*** FLOP *** [6d 4c 8s]
Jesper0808: checks
belik555: checks
*** TURN *** [6d 4c 8s] [9d]
Jesper0808: checks
belik555: checks
*** RIVER *** [6d 4c 8s 9d] [4s]
Jesper0808: checks
belik555: bets $6
Jesper0808: calls $6
*** SHOW DOWN ***
belik555: shows [Qd Ks] (a pair of Fours)
Jesper0808: mucks hand
belik555 collected $23.52 from pot
*** SUMMARY ***
Total pot $24 | Rake $0.48
Board [6d 4c 8s 9d 4s]
Seat 2: belik555 (button) (small blind) showed [Qd Ks] and won ($23.52) with a pair of Fours
Seat 5: Jesper0808 (big blind) mucked


PokerStars Hand #175046229822:  Hold'em Limit ($3/$6 USD) - 2017/08/31 20:27:03 ET
Table 'Galanthus' 6-max Seat #2 is the button
Seat 2: belik555 ($137.52 in chips)
Seat 5: Jesper0808 ($78.83 in chips)
belik555: posts small blind $1
Jesper0808: posts big blind $3
*** HOLE CARDS ***
belik555: raises $3 to $6
Jesper0808: raises $3 to $9
belik555: calls $3
*** FLOP *** [Jc 4d 8d]
Jesper0808: bets $3
belik555: calls $3
*** TURN *** [Jc 4d 8d] [8c]
Jesper0808: bets $6
belik555: calls $6
*** RIVER *** [Jc 4d 8d 8c] [Tc]
Jesper0808: bets $6
belik555: calls $6
*** SHOW DOWN ***
Jesper0808: shows [3h 3d] (two pair, Eights and Threes)
belik555: mucks hand
Jesper0808 collected $47.50 from pot
*** SUMMARY ***
Total pot $48 | Rake $0.50
Board [Jc 4d 8d 8c Tc]
Seat 2: belik555 (button) (small blind) mucked
Seat 5: Jesper0808 (big blind) showed [3h 3d] and won ($47.50) with two pair, Eights and Threes


PokerStars Hand #175046214106:  Hold'em Limit ($3/$6 USD) - 2017/08/31 20:26:28 ET
Table 'Galanthus' 6-max Seat #5 is the button
Seat 2: belik555 ($143.52 in chips)
Seat 5: Jesper0808 ($73.07 in chips)
Jesper0808: posts small blind $1
belik555: posts big blind $3
*** HOLE CARDS ***
Jesper0808: raises $3 to $6
belik555: calls $3
*** FLOP *** [3h 2c 6s]
belik555: checks
Jesper0808: checks
*** TURN *** [3h 2c 6s] [Kd]
belik555: checks
Jesper0808: bets $6
belik555: folds
Uncalled bet ($6) returned to Jesper0808
Jesper0808 collected $11.76 from pot
Jesper0808: doesn't show hand
*** SUMMARY ***
Total pot $12 | Rake $0.24
Board [3h 2c 6s Kd]
Seat 2: belik555 (big blind) folded on the Turn
Seat 5: Jesper0808 (button) (small blind) collected ($11.76)


PokerStars Hand #175046263718:  Hold'em Limit ($3/$6 USD) - 2017/08/31 20:28:20 ET
Table 'Galanthus' 6-max Seat #2 is the button
Seat 2: belik555 ($104.52 in chips)
Seat 5: Jesper0808 ($110.97 in chips)
belik555: posts small blind $1
Jesper0808: posts big blind $3
*** HOLE CARDS ***
belik555: raises $3 to $6
Jesper0808: calls $3
*** FLOP *** [3d Jh Tc]
Jesper0808: checks
belik555: bets $3
Jesper0808: folds
Uncalled bet ($3) returned to belik555
belik555 collected $11.76 from pot
belik555: doesn't show hand
*** SUMMARY ***
Total pot $12 | Rake $0.24
Board [3d Jh Tc]
Seat 2: belik555 (button) (small blind) collected ($11.76)
Seat 5: Jesper0808 (big blind) folded on the Flop


PokerStars Hand #175046274290:  Hold'em Limit ($3/$6 USD) - 2017/08/31 20:28:44 ET
Table 'Galanthus' 6-max Seat #5 is the button
Seat 2: belik555 ($110.28 in chips)
Seat 5: Jesper0808 ($104.97 in chips)
Jesper0808: posts small blind $1
belik555: posts big blind $3
*** HOLE CARDS ***
Jesper0808: raises $3 to $6
belik555: raises $3 to $9
Jesper0808: calls $3
*** FLOP *** [4h 7d Tc]
belik555: bets $3
Jesper0808: calls $3
*** TURN *** [4h 7d Tc] [4d]
belik555: bets $6
Jesper0808: calls $6
*** RIVER *** [4h 7d Tc 4d] [Qd]
belik555: bets $6
Jesper0808: folds
Uncalled bet ($6) returned to belik555
belik555 collected $35.50 from pot
belik555: doesn't show hand
*** SUMMARY ***
Total pot $36 | Rake $0.50
Board [4h 7d Tc 4d Qd]
Seat 2: belik555 (big blind) collected ($35.50)
Seat 5: Jesper0808 (button) (small blind) folded on the River


PokerStars Hand #175046327440:  Hold'em Limit ($3/$6 USD) - 2017/08/31 20:30:42 ET
Table 'Galanthus' 6-max Seat #2 is the button
Seat 2: belik555 ($110.78 in chips)
Seat 5: Jesper0808 ($103.47 in chips)
belik555: posts small blind $1
Jesper0808: posts big blind $3
*** HOLE CARDS ***
belik555: folds
Uncalled bet ($2) returned to Jesper0808
Jesper0808 collected $2 from pot
Jesper0808: doesn't show hand
*** SUMMARY ***
Total pot $2 | Rake $0
Seat 2: belik555 (button) (small blind) folded before Flop
Seat 5: Jesper0808 (big blind) collected ($2)


PokerStars Hand #175046324343:  Hold'em Limit ($3/$6 USD) - 2017/08/31 20:30:36 ET
Table 'Galanthus' 6-max Seat #5 is the button
Seat 2: belik555 ($109.78 in chips)
Seat 5: Jesper0808 ($104.47 in chips)
Jesper0808: posts small blind $1
belik555: posts big blind $3
*** HOLE CARDS ***
Jesper0808: folds
Uncalled bet ($2) returned to belik555
belik555 collected $2 from pot
belik555: doesn't show hand
*** SUMMARY ***
Total pot $2 | Rake $0
Seat 2: belik555 (big blind) collected ($2)
Seat 5: Jesper0808 (button) (small blind) folded before Flop


PokerStars Hand #175046321445:  Hold'em Limit ($3/$6 USD) - 2017/08/31 20:30:29 ET
Table 'Galanthus' 6-max Seat #2 is the button
Seat 2: belik555 ($110.78 in chips)
Seat 5: Jesper0808 ($103.47 in chips)
belik555: posts small blind $1
Jesper0808: posts big blind $3
*** HOLE CARDS ***
belik555: folds
Uncalled bet ($2) returned to Jesper0808
Jesper0808 collected $2 from pot
Jesper0808: doesn't show hand
*** SUMMARY ***
Total pot $2 | Rake $0
Seat 2: belik555 (button) (small blind) folded before Flop
Seat 5: Jesper0808 (big blind) collected ($2)


PokerStars Hand #175046316935:  Hold'em Limit ($3/$6 USD) - 2017/08/31 20:30:19 ET
Table 'Galanthus' 6-max Seat #5 is the button
Seat 2: belik555 ($109.78 in chips)
Seat 5: Jesper0808 ($104.47 in chips)
Jesper0808: posts small blind $1
belik555: posts big blind $3
*** HOLE CARDS ***
Jesper0808: folds
Uncalled bet ($2) returned to belik555
belik555 collected $2 from pot
belik555: doesn't show hand
*** SUMMARY ***
Total pot $2 | Rake $0
Seat 2: belik555 (big blind) collected ($2)
Seat 5: Jesper0808 (button) (small blind) folded before Flop


PokerStars Hand #175046296200:  Hold'em Limit ($3/$6 USD) - 2017/08/31 20:29:33 ET
Table 'Galanthus' 6-max Seat #2 is the button
Seat 2: belik555 ($127.78 in chips)
Seat 5: Jesper0808 ($86.97 in chips)
belik555: posts small blind $1
Jesper0808: posts big blind $3
*** HOLE CARDS ***
belik555: raises $3 to $6
Jesper0808: raises $3 to $9
belik555: calls $3
*** FLOP *** [Ad Js Ac]
Jesper0808: bets $3
belik555: calls $3
*** TURN *** [Ad Js Ac] [Qc]
Jesper0808: checks
belik555: checks
*** RIVER *** [Ad Js Ac Qc] [Jh]
Jesper0808: bets $6
belik555: calls $6
*** SHOW DOWN ***
Jesper0808: shows [Qh Qs] (a full house, Queens full of Aces)
belik555: mucks hand
Jesper0808 collected $35.50 from pot
*** SUMMARY ***
Total pot $36 | Rake $0.50
Board [Ad Js Ac Qc Jh]
Seat 2: belik555 (button) (small blind) mucked
Seat 5: Jesper0808 (big blind) showed [Qh Qs] and won ($35.50) with a full house, Queens full of Aces


PokerStars Hand #175046342019:  Hold'em Limit ($3/$6 USD) - 2017/08/31 20:31:15 ET
Table 'Galanthus' 6-max Seat #5 is the button
Seat 2: belik555 ($113.78 in chips)
Seat 5: Jesper0808 ($100.47 in chips)
Jesper0808: posts small blind $1
belik555: posts big blind $3
*** HOLE CARDS ***
Jesper0808: folds
Uncalled bet ($2) returned to belik555
belik555 collected $2 from pot
belik555: doesn't show hand
*** SUMMARY ***
Total pot $2 | Rake $0
Seat 2: belik555 (big blind) collected ($2)
Seat 5: Jesper0808 (button) (small blind) folded before Flop


PokerStars Hand #175046337864:  Hold'em Limit ($3/$6 USD) - 2017/08/31 20:31:06 ET
Table 'Galanthus' 6-max Seat #2 is the button
Seat 2: belik555 ($110.78 in chips)
Seat 5: Jesper0808 ($103.47 in chips)
belik555: posts small blind $1
Jesper0808: posts big blind $3
*** HOLE CARDS ***
belik555: raises $3 to $6
Jesper0808: folds
Uncalled bet ($3) returned to belik555
belik555 collected $6 from pot
belik555: doesn't show hand
*** SUMMARY ***
Total pot $6 | Rake $0
Seat 2: belik555 (button) (small blind) collected ($6)
Seat 5: Jesper0808 (big blind) folded before Flop


PokerStars Hand #175046335426:  Hold'em Limit ($3/$6 USD) - 2017/08/31 20:31:00 ET
Table 'Galanthus' 6-max Seat #5 is the button
Seat 2: belik555 ($109.78 in chips)
Seat 5: Jesper0808 ($104.47 in chips)
Jesper0808: posts small blind $1
belik555: posts big blind $3
*** HOLE CARDS ***
Jesper0808: folds
Uncalled bet ($2) returned to belik555
belik555 collected $2 from pot
belik555: doesn't show hand
*** SUMMARY ***
Total pot $2 | Rake $0
Seat 2: belik555 (big blind) collected ($2)
Seat 5: Jesper0808 (button) (small blind) folded before Flop


PokerStars Hand #175046333077:  Hold'em Limit ($3/$6 USD) - 2017/08/31 20:30:55 ET
Table 'Galanthus' 6-max Seat #2 is the button
Seat 2: belik555 ($110.78 in chips)
Seat 5: Jesper0808 ($103.47 in chips)
belik555: posts small blind $1
Jesper0808: posts big blind $3
*** HOLE CARDS ***
belik555: folds
Uncalled bet ($2) returned to Jesper0808
Jesper0808 collected $2 from pot
Jesper0808: doesn't show hand
*** SUMMARY ***
Total pot $2 | Rake $0
Seat 2: belik555 (button) (small blind) folded before Flop
Seat 5: Jesper0808 (big blind) collected ($2)


PokerStars Hand #175046330707:  Hold'em Limit ($3/$6 USD) - 2017/08/31 20:30:50 ET
Table 'Galanthus' 6-max Seat #5 is the button
Seat 2: belik555 ($109.78 in chips)
Seat 5: Jesper0808 ($104.47 in chips)
Jesper0808: posts small blind $1
belik555: posts big blind $3
*** HOLE CARDS ***
Jesper0808: folds
Uncalled bet ($2) returned to belik555
belik555 collected $2 from pot
belik555: doesn't show hand
*** SUMMARY ***
Total pot $2 | Rake $0
Seat 2: belik555 (big blind) collected ($2)
Seat 5: Jesper0808 (button) (small blind) folded before Flop


PokerStars Hand #175046344902:  Hold'em Limit ($3/$6 USD) - 2017/08/31 20:31:21 ET
Table 'Galanthus' 6-max Seat #2 is the button
Seat 2: belik555 ($114.78 in chips)
Seat 5: Jesper0808 ($99.47 in chips)
belik555: posts small blind $1
Jesper0808: posts big blind $3
*** HOLE CARDS ***
belik555: raises $3 to $6
Jesper0808: calls $3
*** FLOP *** [7s 8d 4d]
Jesper0808: checks
belik555: checks
*** TURN *** [7s 8d 4d] [7d]
Jesper0808: checks
belik555: checks
*** RIVER *** [7s 8d 4d 7d] [Qd]
Jesper0808: checks
belik555: bets $6
Jesper0808: folds
Uncalled bet ($6) returned to belik555
belik555 collected $11.76 from pot
belik555: doesn't show hand
*** SUMMARY ***
Total pot $12 | Rake $0.24
Board [7s 8d 4d 7d Qd]
Seat 2: belik555 (button) (small blind) collected ($11.76)
Seat 5: Jesper0808 (big blind) folded on the River


PokerStars Hand #175046401021:  Hold'em Limit ($3/$6 USD) - 2017/08/31 20:33:26 ET
Table 'Galanthus' 6-max Seat #5 is the button
Seat 2: belik555 ($96.30 in chips)
Seat 5: Jesper0808 ($116.97 in chips)
Jesper0808: posts small blind $1
belik555: posts big blind $3
*** HOLE CARDS ***
Jesper0808: raises $3 to $6
belik555: calls $3
*** FLOP *** [Kc 8h Ad]
belik555: checks
Jesper0808: bets $3
belik555: folds
Uncalled bet ($3) returned to Jesper0808
Jesper0808 collected $11.76 from pot
Jesper0808: doesn't show hand
*** SUMMARY ***
Total pot $12 | Rake $0.24
Board [Kc 8h Ad]
Seat 2: belik555 (big blind) folded on the Flop
Seat 5: Jesper0808 (button) (small blind) collected ($11.76)


PokerStars Hand #175046391059:  Hold'em Limit ($3/$6 USD) - 2017/08/31 20:33:04 ET
Table 'Galanthus' 6-max Seat #2 is the button
Seat 2: belik555 ($90.54 in chips)
Seat 5: Jesper0808 ($122.97 in chips)
belik555: posts small blind $1
Jesper0808: posts big blind $3
*** HOLE CARDS ***
belik555: raises $3 to $6
Jesper0808: calls $3
*** FLOP *** [Tc Ad 8h]
Jesper0808: checks
belik555: bets $3
Jesper0808: folds
Uncalled bet ($3) returned to belik555
belik555 collected $11.76 from pot
belik555: doesn't show hand
*** SUMMARY ***
Total pot $12 | Rake $0.24
Board [Tc Ad 8h]
Seat 2: belik555 (button) (small blind) collected ($11.76)
Seat 5: Jesper0808 (big blind) folded on the Flop


PokerStars Hand #175046366827:  Hold'em Limit ($3/$6 USD) - 2017/08/31 20:32:10 ET
Table 'Galanthus' 6-max Seat #5 is the button
Seat 2: belik555 ($120.54 in chips)
Seat 5: Jesper0808 ($93.47 in chips)
Jesper0808: posts small blind $1
belik555: posts big blind $3
*** HOLE CARDS ***
Jesper0808: raises $3 to $6
belik555: calls $3
*** FLOP *** [7d 9s 8c]
belik555: checks
Jesper0808: bets $3
belik555: raises $3 to $6
Jesper0808: calls $3
*** TURN *** [7d 9s 8c] [5s]
belik555: bets $6
Jesper0808: calls $6
*** RIVER *** [7d 9s 8c 5s] [As]
belik555: bets $6
Jesper0808: raises $6 to $12
belik555: calls $6
*** SHOW DOWN ***
Jesper0808: shows [Ks Ts] (a flush, Ace high)
belik555: mucks hand
Jesper0808 collected $59.50 from pot
*** SUMMARY ***
Total pot $60 | Rake $0.50
Board [7d 9s 8c 5s As]
Seat 2: belik555 (big blind) mucked
Seat 5: Jesper0808 (button) (small blind) showed [Ks Ts] and won ($59.50) with a flush, Ace high


PokerStars Hand #175046425992:  Hold'em Limit ($3/$6 USD) - 2017/08/31 20:34:21 ET
Table 'Galanthus' 6-max Seat #5 is the button
Seat 2: belik555 ($98.94 in chips)
Seat 5: Jesper0808 ($113.73 in chips)
Jesper0808: posts small blind $1
belik555: posts big blind $3
*** HOLE CARDS ***
Jesper0808: raises $3 to $6
belik555: raises $3 to $9
Jesper0808: calls $3
*** FLOP *** [Tc 6d Qc]
belik555: bets $3
Jesper0808: raises $3 to $6
belik555: calls $3
*** TURN *** [Tc 6d Qc] [Td]
belik555: checks
Jesper0808: bets $6
belik555: calls $6
*** RIVER *** [Tc 6d Qc Td] [6s]
belik555: checks
Jesper0808: bets $6
belik555: calls $6
*** SHOW DOWN ***
Jesper0808: shows [5h As] (two pair, Tens and Sixes)
belik555: shows [Jh Jd] (two pair, Jacks and Tens)
belik555 collected $53.50 from pot
*** SUMMARY ***
Total pot $54 | Rake $0.50
Board [Tc 6d Qc Td 6s]
Seat 2: belik555 (big blind) showed [Jh Jd] and won ($53.50) with two pair, Jacks and Tens
Seat 5: Jesper0808 (button) (small blind) showed [5h As] and lost with two pair, Tens and Sixes


PokerStars Hand #175046477998:  Hold'em Limit ($3/$6 USD) - 2017/08/31 20:36:17 ET
Table 'Galanthus' 6-max Seat #5 is the button
Seat 2: belik555 ($148.94 in chips)
Seat 5: Jesper0808 ($62.73 in chips)
Jesper0808: posts small blind $1
belik555: posts big blind $3
*** HOLE CARDS ***
Jesper0808: raises $3 to $6
belik555: folds
Uncalled bet ($3) returned to Jesper0808
Jesper0808 collected $6 from pot
Jesper0808: doesn't show hand
*** SUMMARY ***
Total pot $6 | Rake $0
Seat 2: belik555 (big blind) folded before Flop
Seat 5: Jesper0808 (button) (small blind) collected ($6)


PokerStars Hand #175046452970:  Hold'em Limit ($3/$6 USD) - 2017/08/31 20:35:21 ET
Table 'Galanthus' 6-max Seat #2 is the button
Seat 2: belik555 ($125.44 in chips)
Seat 5: Jesper0808 ($86.73 in chips)
belik555: posts small blind $1
Jesper0808: posts big blind $3
*** HOLE CARDS ***
belik555: raises $3 to $6
Jesper0808: calls $3
*** FLOP *** [5h 7d 2h]
Jesper0808: checks
belik555: bets $3
Jesper0808: raises $3 to $6
belik555: calls $3
*** TURN *** [5h 7d 2h] [9h]
Jesper0808: bets $6
belik555: calls $6
*** RIVER *** [5h 7d 2h 9h] [Ad]
Jesper0808: bets $6
belik555: calls $6
*** SHOW DOWN ***
Jesper0808: shows [Kh 8d] (high card Ace)
belik555: shows [5d 8h] (a pair of Fives)
belik555 collected $47.50 from pot
*** SUMMARY ***
Total pot $48 | Rake $0.50
Board [5h 7d 2h 9h Ad]
Seat 2: belik555 (button) (small blind) showed [5d 8h] and won ($47.50) with a pair of Fives
Seat 5: Jesper0808 (big blind) showed [Kh 8d] and lost with high card Ace


PokerStars Hand #175046483494:  Hold'em Limit ($3/$6 USD) - 2017/08/31 20:36:29 ET
Table 'Galanthus' 6-max Seat #2 is the button
Seat 2: belik555 ($145.94 in chips)
Seat 5: Jesper0808 ($65.73 in chips)
belik555: posts small blind $1
Jesper0808: posts big blind $3
*** HOLE CARDS ***
belik555: raises $3 to $6
Jesper0808: calls $3
*** FLOP *** [7d 6h 4h]
Jesper0808: checks
belik555: bets $3
Jesper0808: calls $3
*** TURN *** [7d 6h 4h] [Qh]
Jesper0808: checks
belik555: bets $6
Jesper0808: calls $6
*** RIVER *** [7d 6h 4h Qh] [8d]
Jesper0808: bets $6
belik555: calls $6
*** SHOW DOWN ***
Jesper0808: shows [3d Ks] (high card King)
belik555: shows [Jh 7c] (a pair of Sevens)
belik555 collected $41.50 from pot
*** SUMMARY ***
Total pot $42 | Rake $0.50
Board [7d 6h 4h Qh 8d]
Seat 2: belik555 (button) (small blind) showed [Jh 7c] and won ($41.50) with a pair of Sevens
Seat 5: Jesper0808 (big blind) showed [3d Ks] and lost with high card King


PokerStars Hand #175046507545:  Hold'em Limit ($3/$6 USD) - 2017/08/31 20:37:23 ET
Table 'Galanthus' 6-max Seat #5 is the button
Seat 2: belik555 ($166.44 in chips)
Seat 5: Jesper0808 ($44.73 in chips)
Jesper0808: posts small blind $1
belik555: posts big blind $3
*** HOLE CARDS ***
Jesper0808: raises $3 to $6
belik555: calls $3
*** FLOP *** [Ad Kd Ts]
belik555: checks
Jesper0808: bets $3
belik555: calls $3
*** TURN *** [Ad Kd Ts] [Ah]
belik555: checks
Jesper0808: bets $6
belik555: folds
Uncalled bet ($6) returned to Jesper0808
Jesper0808 collected $17.64 from pot
Jesper0808: doesn't show hand
*** SUMMARY ***
Total pot $18 | Rake $0.36
Board [Ad Kd Ts Ah]
Seat 2: belik555 (big blind) folded on the Turn
Seat 5: Jesper0808 (button) (small blind) collected ($17.64)


PokerStars Hand #175046527578:  Hold'em Limit ($3/$6 USD) - 2017/08/31 20:38:08 ET
Table 'Galanthus' 6-max Seat #5 is the button
Seat 2: belik555 ($156.44 in chips)
Seat 5: Jesper0808 ($54.37 in chips)
Jesper0808: posts small blind $1
belik555: posts big blind $3
*** HOLE CARDS ***
Jesper0808: raises $3 to $6
belik555: calls $3
*** FLOP *** [Jh Qh 2h]
belik555: checks
Jesper0808: bets $3
belik555: folds
Uncalled bet ($3) returned to Jesper0808
Jesper0808 collected $11.76 from pot
Jesper0808: doesn't show hand
*** SUMMARY ***
Total pot $12 | Rake $0.24
Board [Jh Qh 2h]
Seat 2: belik555 (big blind) folded on the Flop
Seat 5: Jesper0808 (button) (small blind) collected ($11.76)


PokerStars Hand #175046525227:  Hold'em Limit ($3/$6 USD) - 2017/08/31 20:38:02 ET
Table 'Galanthus' 6-max Seat #2 is the button
Seat 2: belik555 ($157.44 in chips)
Seat 5: Jesper0808 ($53.37 in chips)
belik555: posts small blind $1
Jesper0808: posts big blind $3
*** HOLE CARDS ***
belik555: folds
Uncalled bet ($2) returned to Jesper0808
Jesper0808 collected $2 from pot
Jesper0808: doesn't show hand
*** SUMMARY ***
Total pot $2 | Rake $0
Seat 2: belik555 (button) (small blind) folded before Flop
Seat 5: Jesper0808 (big blind) collected ($2)


PokerStars Hand #175046538944:  Hold'em Limit ($3/$6 USD) - 2017/08/31 20:38:33 ET
Table 'Galanthus' 6-max Seat #2 is the button
Seat 2: belik555 ($150.44 in chips)
Seat 5: Jesper0808 ($60.13 in chips)
belik555: posts small blind $1
Jesper0808: posts big blind $3
*** HOLE CARDS ***
belik555: raises $3 to $6
Jesper0808: calls $3
*** FLOP *** [2c Ah Ad]
SLK500 joins the table at seat #1
Jesper0808: checks
belik555: bets $3
Jesper0808: folds
Uncalled bet ($3) returned to belik555
belik555 collected $11.76 from pot
belik555: doesn't show hand
*** SUMMARY ***
Total pot $12 | Rake $0.24
Board [2c Ah Ad]
Seat 2: belik555 (button) (small blind) collected ($11.76)
Seat 5: Jesper0808 (big blind) folded on the Flop


PokerStars Hand #175047562850:  Hold'em Limit ($3/$6 USD) - 2017/08/31 21:20:28 ET
Table 'Galanthus' 6-max Seat #4 is the button
Seat 3: CrotchSnifer ($125.64 in chips)
Seat 4: karambakilla ($249.19 in chips)
karambakilla: posts small blind $1
Bluf_To_Much: is sitting out
CrotchSnifer: posts big blind $3
*** HOLE CARDS ***
karambakilla: raises $3 to $6
CrotchSnifer: folds
Uncalled bet ($3) returned to karambakilla
karambakilla collected $6 from pot
karambakilla: doesn't show hand
*** SUMMARY ***
Total pot $6 | Rake $0
Seat 3: CrotchSnifer (big blind) folded before Flop
Seat 4: karambakilla (button) (small blind) collected ($6)


PokerStars Hand #175047578518:  Hold'em Limit ($3/$6 USD) - 2017/08/31 21:21:09 ET
Table 'Galanthus' 6-max Seat #4 is the button
Seat 3: CrotchSnifer ($98.64 in chips)
Seat 4: karambakilla ($275.69 in chips)
karambakilla: posts small blind $1
CrotchSnifer: posts big blind $3
*** HOLE CARDS ***
karambakilla: raises $3 to $6
CrotchSnifer: calls $3
*** FLOP *** [5c 6h As]
CrotchSnifer: checks
karambakilla: bets $3
CrotchSnifer: calls $3
*** TURN *** [5c 6h As] [2s]
CrotchSnifer: checks
karambakilla: checks
*** RIVER *** [5c 6h As 2s] [Qd]
CrotchSnifer: bets $6
karambakilla: folds
Uncalled bet ($6) returned to CrotchSnifer
CrotchSnifer collected $17.64 from pot
*** SUMMARY ***
Total pot $18 | Rake $0.36
Board [5c 6h As 2s Qd]
Seat 3: CrotchSnifer (big blind) collected ($17.64)
Seat 4: karambakilla (button) (small blind) folded on the River


PokerStars Hand #175047567524:  Hold'em Limit ($3/$6 USD) - 2017/08/31 21:20:40 ET
Table 'Galanthus' 6-max Seat #3 is the button
Seat 3: CrotchSnifer ($122.64 in chips)
Seat 4: karambakilla ($252.19 in chips)
CrotchSnifer: posts small blind $1
karambakilla: posts big blind $3
*** HOLE CARDS ***
CrotchSnifer: raises $3 to $6
karambakilla: calls $3
*** FLOP *** [Ts 7h 4s]
karambakilla: checks
CrotchSnifer: bets $3
karambakilla: raises $3 to $6
CrotchSnifer: calls $3
*** TURN *** [Ts 7h 4s] [6h]
karambakilla: bets $6
CrotchSnifer: calls $6
*** RIVER *** [Ts 7h 4s 6h] [Qd]
karambakilla: bets $6
CrotchSnifer: calls $6
*** SHOW DOWN ***
karambakilla: shows [8s Tc] (a pair of Tens)
CrotchSnifer: mucks hand
karambakilla collected $47.50 from pot
*** SUMMARY ***
Total pot $48 | Rake $0.50
Board [Ts 7h 4s 6h Qd]
Seat 3: CrotchSnifer (button) (small blind) mucked
Seat 4: karambakilla (big blind) showed [8s Tc] and won ($47.50) with a pair of Tens


