PokerStars Hand #149103400869:  Hold'em Limit ($3/$6 USD) - 2016/02/20 2:41:54 ET
Table 'Galatea' 6-max Seat #3 is the button
Seat 3: Mudager ($128.50 in chips)
Seat 4: gazzzzzza ($110.76 in chips)
Mudager: posts small blind $1
gazzzzzza: posts big blind $3
*** HOLE CARDS ***
Mudager: raises $3 to $6
gazzzzzza: folds
Uncalled bet ($3) returned to Mudager
Mudager collected $6 from pot
Mudager: doesn't show hand
*** SUMMARY ***
Total pot $6 | Rake $0
Seat 3: Mudager (button) (small blind) collected ($6)
Seat 4: gazzzzzza (big blind) folded before Flop


PokerStars Hand #149103394432:  Hold'em Limit ($3/$6 USD) - 2016/02/20 2:41:36 ET
Table 'Galatea' 6-max Seat #4 is the button
Seat 3: Mudager ($134.50 in chips)
Seat 4: gazzzzzza ($105 in chips)
gazzzzzza: posts small blind $1
Mudager: posts big blind $3
*** HOLE CARDS ***
gazzzzzza: raises $3 to $6
Mudager: calls $3
*** FLOP *** [3c Kd Qc]
Mudager: checks
gazzzzzza: bets $3
Mudager: folds
Uncalled bet ($3) returned to gazzzzzza
gazzzzzza collected $11.76 from pot
*** SUMMARY ***
Total pot $12 | Rake $0.24
Board [3c Kd Qc]
Seat 3: Mudager (big blind) folded on the Flop
Seat 4: gazzzzzza (button) (small blind) collected ($11.76)


PokerStars Hand #149103378643:  Hold'em Limit ($3/$6 USD) - 2016/02/20 2:40:50 ET
Table 'Galatea' 6-max Seat #3 is the button
Seat 3: Mudager ($120 in chips)
Seat 4: gazzzzzza ($120 in chips)
Mudager: posts small blind $1
gazzzzzza: posts big blind $3
*** HOLE CARDS ***
Mudager: raises $3 to $6
gazzzzzza: raises $3 to $9
Mudager: calls $3
*** FLOP *** [4d 2d 2c]
gazzzzzza: bets $3
Mudager: raises $3 to $6
gazzzzzza: calls $3
*** TURN *** [4d 2d 2c] [5s]
gazzzzzza: checks
Mudager: bets $6
gazzzzzza: folds
Uncalled bet ($6) returned to Mudager
Mudager collected $29.50 from pot
Mudager: doesn't show hand
*** SUMMARY ***
Total pot $30 | Rake $0.50
Board [4d 2d 2c 5s]
Seat 3: Mudager (button) (small blind) collected ($29.50)
Seat 4: gazzzzzza (big blind) folded on the Turn


PokerStars Hand #149103404522:  Hold'em Limit ($3/$6 USD) - 2016/02/20 2:42:04 ET
Table 'Galatea' 6-max Seat #4 is the button
Seat 3: Mudager ($131.50 in chips)
Seat 4: gazzzzzza ($107.76 in chips)
gazzzzzza: posts small blind $1
Mudager: posts big blind $3
*** HOLE CARDS ***
gazzzzzza: raises $3 to $6
Mudager: calls $3
*** FLOP *** [9d Ks 5c]
Mudager: checks
gazzzzzza: bets $3
Mudager: raises $3 to $6
gazzzzzza: calls $3
*** TURN *** [9d Ks 5c] [Ad]
Mudager: checks
gazzzzzza: bets $6
Mudager: calls $6
*** RIVER *** [9d Ks 5c Ad] [5s]
Mudager: checks
gazzzzzza: bets $6
Mudager: calls $6
*** SHOW DOWN ***
gazzzzzza: shows [4c Ac] (two pair, Aces and Fives)
Mudager: mucks hand
gazzzzzza collected $47.50 from pot
*** SUMMARY ***
Total pot $48 | Rake $0.50
Board [9d Ks 5c Ad 5s]
Seat 3: Mudager (big blind) mucked
Seat 4: gazzzzzza (button) (small blind) showed [4c Ac] and won ($47.50) with two pair, Aces and Fives


PokerStars Hand #149103426125:  Hold'em Limit ($3/$6 USD) - 2016/02/20 2:43:07 ET
Table 'Galatea' 6-max Seat #3 is the button
Seat 3: Mudager ($120 in chips)
Seat 4: gazzzzzza ($131.26 in chips)
Mudager: posts small blind $1
gazzzzzza: posts big blind $3
*** HOLE CARDS ***
Mudager: raises $3 to $6
gazzzzzza: raises $3 to $9
Mudager: calls $3
*** FLOP *** [4h 3d Ad]
gazzzzzza: bets $3
Mudager: calls $3
*** TURN *** [4h 3d Ad] [2s]
gazzzzzza: bets $6
Mudager: folds
Uncalled bet ($6) returned to gazzzzzza
gazzzzzza collected $23.52 from pot
*** SUMMARY ***
Total pot $24 | Rake $0.48
Board [4h 3d Ad 2s]
Seat 3: Mudager (button) (small blind) folded on the Turn
Seat 4: gazzzzzza (big blind) collected ($23.52)


PokerStars Hand #149103442836:  Hold'em Limit ($3/$6 USD) - 2016/02/20 2:43:55 ET
Table 'Galatea' 6-max Seat #3 is the button
Seat 3: Mudager ($140.50 in chips)
Seat 4: gazzzzzza ($121.78 in chips)
Mudager: posts small blind $1
gazzzzzza: posts big blind $3
*** HOLE CARDS ***
Mudager: raises $3 to $6
gazzzzzza: calls $3
*** FLOP *** [4s 5h Tc]
gazzzzzza: checks
Mudager: checks
*** TURN *** [4s 5h Tc] [Jd]
gazzzzzza: bets $6
Mudager: calls $6
*** RIVER *** [4s 5h Tc Jd] [8h]
gazzzzzza: bets $6
Mudager: folds
Uncalled bet ($6) returned to gazzzzzza
gazzzzzza collected $23.52 from pot
*** SUMMARY ***
Total pot $24 | Rake $0.48
Board [4s 5h Tc Jd 8h]
Seat 3: Mudager (button) (small blind) folded on the River
Seat 4: gazzzzzza (big blind) collected ($23.52)


PokerStars Hand #149103433600:  Hold'em Limit ($3/$6 USD) - 2016/02/20 2:43:28 ET
Table 'Galatea' 6-max Seat #4 is the button
Seat 3: Mudager ($120 in chips)
Seat 4: gazzzzzza ($142.78 in chips)
gazzzzzza: posts small blind $1
Mudager: posts big blind $3
*** HOLE CARDS ***
gazzzzzza: raises $3 to $6
Mudager: calls $3
*** FLOP *** [3h Qs 7c]
Mudager: checks
gazzzzzza: bets $3
Mudager: calls $3
*** TURN *** [3h Qs 7c] [7d]
Mudager: checks
gazzzzzza: bets $6
Mudager: calls $6
*** RIVER *** [3h Qs 7c 7d] [8d]
Mudager: bets $6
gazzzzzza: calls $6
*** SHOW DOWN ***
Mudager: shows [3s 8s] (two pair, Eights and Sevens)
gazzzzzza: mucks hand
Mudager collected $41.50 from pot
*** SUMMARY ***
Total pot $42 | Rake $0.50
Board [3h Qs 7c 7d 8d]
Seat 3: Mudager (big blind) showed [3s 8s] and won ($41.50) with two pair, Eights and Sevens
Seat 4: gazzzzzza (button) (small blind) mucked


PokerStars Hand #149103453064:  Hold'em Limit ($3/$6 USD) - 2016/02/20 2:44:24 ET
Table 'Galatea' 6-max Seat #4 is the button
Seat 3: Mudager ($128.50 in chips)
Seat 4: gazzzzzza ($133.30 in chips)
gazzzzzza: posts small blind $1
Mudager: posts big blind $3
*** HOLE CARDS ***
gazzzzzza: raises $3 to $6
Mudager: calls $3
*** FLOP *** [As Qs Jc]
Mudager: checks
gazzzzzza: bets $3
Mudager: folds
Uncalled bet ($3) returned to gazzzzzza
gazzzzzza collected $11.76 from pot
*** SUMMARY ***
Total pot $12 | Rake $0.24
Board [As Qs Jc]
Seat 3: Mudager (big blind) folded on the Flop
Seat 4: gazzzzzza (button) (small blind) collected ($11.76)


