PokerStars Hand #164993431626:  Hold'em Limit ($3/$6 USD) - 2017/01/22 12:16:55 ET
Table 'Galene II' 6-max Seat #1 is the button
Seat 1: Auge72 ($47.76 in chips)
Seat 4: AzureCaper ($95.50 in chips)
Auge72: posts small blind $1
AzureCaper: posts big blind $3
*** HOLE CARDS ***
Auge72: raises $3 to $6
AzureCaper: calls $3
*** FLOP *** [Td 8d Qc]
AzureCaper: checks
Auge72: bets $3
AzureCaper: folds
Uncalled bet ($3) returned to Auge72
Auge72 collected $11.76 from pot
Auge72: doesn't show hand
*** SUMMARY ***
Total pot $12 | Rake $0.24
Board [Td 8d Qc]
Seat 1: Auge72 (button) (small blind) collected ($11.76)
Seat 4: AzureCaper (big blind) folded on the Flop


PokerStars Hand #164993425779:  Hold'em Limit ($3/$6 USD) - 2017/01/22 12:16:49 ET
Table 'Galene II' 6-max Seat #4 is the button
Seat 1: Auge72 ($46.76 in chips)
Seat 4: AzureCaper ($96.50 in chips)
AzureCaper: posts small blind $1
Auge72: posts big blind $3
*** HOLE CARDS ***
AzureCaper: folds
Uncalled bet ($2) returned to Auge72
Auge72 collected $2 from pot
Auge72: doesn't show hand
*** SUMMARY ***
Total pot $2 | Rake $0
Seat 1: Auge72 (big blind) collected ($2)
Seat 4: AzureCaper (button) (small blind) folded before Flop


PokerStars Hand #164993420335:  Hold'em Limit ($3/$6 USD) - 2017/01/22 12:16:43 ET
Table 'Galene II' 6-max Seat #1 is the button
Seat 1: Auge72 ($47.76 in chips)
Seat 4: AzureCaper ($95.50 in chips)
Auge72: posts small blind $1
AzureCaper: posts big blind $3
*** HOLE CARDS ***
Auge72: folds
Uncalled bet ($2) returned to AzureCaper
AzureCaper collected $2 from pot
AzureCaper: doesn't show hand
*** SUMMARY ***
Total pot $2 | Rake $0
Seat 1: Auge72 (button) (small blind) folded before Flop
Seat 4: AzureCaper (big blind) collected ($2)


PokerStars Hand #164993415170:  Hold'em Limit ($3/$6 USD) - 2017/01/22 12:16:38 ET
Table 'Galene II' 6-max Seat #4 is the button
Seat 1: Auge72 ($46.76 in chips)
Seat 4: AzureCaper ($96.50 in chips)
AzureCaper: posts small blind $1
Auge72: posts big blind $3
*** HOLE CARDS ***
AzureCaper: folds
Uncalled bet ($2) returned to Auge72
Auge72 collected $2 from pot
Auge72: doesn't show hand
*** SUMMARY ***
Total pot $2 | Rake $0
Seat 1: Auge72 (big blind) collected ($2)
Seat 4: AzureCaper (button) (small blind) folded before Flop


PokerStars Hand #164993400962:  Hold'em Limit ($3/$6 USD) - 2017/01/22 12:16:24 ET
Table 'Galene II' 6-max Seat #1 is the button
Seat 1: Auge72 ($41 in chips)
Seat 4: AzureCaper ($102.50 in chips)
Auge72: posts small blind $1
AzureCaper: posts big blind $3
*** HOLE CARDS ***
Auge72: raises $3 to $6
AzureCaper: calls $3
*** FLOP *** [Qh Ks Ts]
AzureCaper: checks
Auge72: checks
*** TURN *** [Qh Ks Ts] [4c]
AzureCaper: checks
Auge72: checks
*** RIVER *** [Qh Ks Ts 4c] [9s]
AzureCaper: checks
Auge72: checks
*** SHOW DOWN ***
AzureCaper: shows [7c Ac] (high card Ace)
Auge72: shows [Tc 6h] (a pair of Tens)
Auge72 collected $11.76 from pot
*** SUMMARY ***
Total pot $12 | Rake $0.24
Board [Qh Ks Ts 4c 9s]
Seat 1: Auge72 (button) (small blind) showed [Tc 6h] and won ($11.76) with a pair of Tens
Seat 4: AzureCaper (big blind) showed [7c Ac] and lost with high card Ace


PokerStars Hand #164993378114:  Hold'em Limit ($3/$6 USD) - 2017/01/22 12:16:01 ET
Table 'Galene II' 6-max Seat #4 is the button
Seat 1: Auge72 ($71 in chips)
Seat 4: AzureCaper ($73 in chips)
AzureCaper: posts small blind $1
Auge72: posts big blind $3
*** HOLE CARDS ***
AzureCaper: raises $3 to $6
Auge72: calls $3
*** FLOP *** [4d 8h Jd]
Auge72: bets $3
AzureCaper: raises $3 to $6
Auge72: calls $3
*** TURN *** [4d 8h Jd] [5d]
Auge72: checks
AzureCaper: bets $6
Auge72: calls $6
*** RIVER *** [4d 8h Jd 5d] [2c]
Auge72: bets $6
AzureCaper: raises $6 to $12
Auge72: calls $6
*** SHOW DOWN ***
AzureCaper: shows [2d Ad] (a flush, Ace high)
Auge72: mucks hand
AzureCaper collected $59.50 from pot
*** SUMMARY ***
Total pot $60 | Rake $0.50
Board [4d 8h Jd 5d 2c]
Seat 1: Auge72 (big blind) mucked
Seat 4: AzureCaper (button) (small blind) showed [2d Ad] and won ($59.50) with a flush, Ace high


PokerStars Hand #164993502891:  Hold'em Limit ($3/$6 USD) - 2017/01/22 12:18:07 ET
Table 'Galene II' 6-max Seat #1 is the button
Seat 1: Auge72 ($53.02 in chips)
Seat 4: AzureCaper ($89 in chips)
Auge72: posts small blind $1
AzureCaper: posts big blind $3
*** HOLE CARDS ***
Auge72: raises $3 to $6
AzureCaper: calls $3
*** FLOP *** [Qc 3c Ks]
AzureCaper: checks
Auge72: bets $3
AzureCaper: folds
Uncalled bet ($3) returned to Auge72
Auge72 collected $11.76 from pot
Auge72: doesn't show hand
*** SUMMARY ***
Total pot $12 | Rake $0.24
Board [Qc 3c Ks]
Seat 1: Auge72 (button) (small blind) collected ($11.76)
Seat 4: AzureCaper (big blind) folded on the Flop


PokerStars Hand #164993485606:  Hold'em Limit ($3/$6 USD) - 2017/01/22 12:17:50 ET
Table 'Galene II' 6-max Seat #4 is the button
Seat 1: Auge72 ($38.52 in chips)
Seat 4: AzureCaper ($104 in chips)
AzureCaper: posts small blind $1
Auge72: posts big blind $3
*** HOLE CARDS ***
AzureCaper: raises $3 to $6
Auge72: calls $3
*** FLOP *** [4c 2c Jc]
Auge72: bets $3
AzureCaper: calls $3
*** TURN *** [4c 2c Jc] [Js]
Auge72: bets $6
AzureCaper: calls $6
*** RIVER *** [4c 2c Jc Js] [Th]
Auge72: checks
AzureCaper: checks
*** SHOW DOWN ***
Auge72: shows [Qs 2h] (two pair, Jacks and Deuces)
AzureCaper: mucks hand
Auge72 collected $29.50 from pot
*** SUMMARY ***
Total pot $30 | Rake $0.50
Board [4c 2c Jc Js Th]
Seat 1: Auge72 (big blind) showed [Qs 2h] and won ($29.50) with two pair, Jacks and Deuces
Seat 4: AzureCaper (button) (small blind) mucked


PokerStars Hand #164993477618:  Hold'em Limit ($3/$6 USD) - 2017/01/22 12:17:42 ET
Table 'Galene II' 6-max Seat #1 is the button
Seat 1: Auge72 ($35.52 in chips)
Seat 4: AzureCaper ($107 in chips)
Auge72: posts small blind $1
AzureCaper: posts big blind $3
*** HOLE CARDS ***
Auge72: raises $3 to $6
AzureCaper: folds
Uncalled bet ($3) returned to Auge72
Auge72 collected $6 from pot
Auge72: doesn't show hand
*** SUMMARY ***
Total pot $6 | Rake $0
Seat 1: Auge72 (button) (small blind) collected ($6)
Seat 4: AzureCaper (big blind) folded before Flop


PokerStars Hand #164993451830:  Hold'em Limit ($3/$6 USD) - 2017/01/22 12:17:16 ET
Table 'Galene II' 6-max Seat #4 is the button
Seat 1: Auge72 ($53.52 in chips)
Seat 4: AzureCaper ($89.50 in chips)
AzureCaper: posts small blind $1
Auge72: posts big blind $3
*** HOLE CARDS ***
AzureCaper: raises $3 to $6
Auge72: raises $3 to $9
AzureCaper: calls $3
*** FLOP *** [4s Qd 6h]
Auge72: checks
AzureCaper: bets $3
Auge72: calls $3
*** TURN *** [4s Qd 6h] [9h]
Auge72: checks
AzureCaper: bets $6
Auge72: calls $6
*** RIVER *** [4s Qd 6h 9h] [4d]
Auge72: checks
AzureCaper: bets $6
Auge72: folds
Uncalled bet ($6) returned to AzureCaper
AzureCaper collected $35.50 from pot
AzureCaper: doesn't show hand
*** SUMMARY ***
Total pot $36 | Rake $0.50
Board [4s Qd 6h 9h 4d]
Seat 1: Auge72 (big blind) folded on the River
Seat 4: AzureCaper (button) (small blind) collected ($35.50)


PokerStars Hand #164993558741:  Hold'em Limit ($3/$6 USD) - 2017/01/22 12:19:03 ET
Table 'Galene II' 6-max Seat #1 is the button
Seat 1: Auge72 ($74.18 in chips)
Seat 4: AzureCaper ($72 in chips)
Auge72: posts small blind $1
AzureCaper: posts big blind $3
*** HOLE CARDS ***
Auge72: raises $3 to $6
AzureCaper: folds
Uncalled bet ($3) returned to Auge72
Auge72 collected $6 from pot
*** SUMMARY ***
Total pot $6 | Rake $0
Seat 1: Auge72 (button) (small blind) collected ($6)
Seat 4: AzureCaper (big blind) folded before Flop


PokerStars Hand #164993552285:  Hold'em Limit ($3/$6 USD) - 2017/01/22 12:18:57 ET
Table 'Galene II' 6-max Seat #4 is the button
Seat 1: Auge72 ($73.18 in chips)
Seat 4: AzureCaper ($72 in chips)
AzureCaper: posts small blind $1
Auge72: posts big blind $3
*** HOLE CARDS ***
AzureCaper: folds
Uncalled bet ($2) returned to Auge72
Auge72 collected $2 from pot
Auge72: doesn't show hand
*** SUMMARY ***
Total pot $2 | Rake $0
Seat 1: Auge72 (big blind) collected ($2)
Seat 4: AzureCaper (button) (small blind) folded before Flop


PokerStars Hand #164993533857:  Hold'em Limit ($3/$6 USD) - 2017/01/22 12:18:38 ET
Table 'Galene II' 6-max Seat #1 is the button
Seat 1: Auge72 ($67.42 in chips)
Seat 4: AzureCaper ($74 in chips)
Auge72: posts small blind $1
AzureCaper: posts big blind $3
*** HOLE CARDS ***
Auge72: raises $3 to $6
AzureCaper: calls $3
*** FLOP *** [6c 9s 3c]
AzureCaper: checks
Auge72: bets $3
AzureCaper: folds
Uncalled bet ($3) returned to Auge72
Auge72 collected $11.76 from pot
Auge72: doesn't show hand
*** SUMMARY ***
Total pot $12 | Rake $0.24
Board [6c 9s 3c]
Seat 1: Auge72 (button) (small blind) collected ($11.76)
Seat 4: AzureCaper (big blind) folded on the Flop


PokerStars Hand #164993516102:  Hold'em Limit ($3/$6 USD) - 2017/01/22 12:18:20 ET
Table 'Galene II' 6-max Seat #4 is the button
Seat 1: Auge72 ($58.78 in chips)
Seat 4: AzureCaper ($83 in chips)
AzureCaper: posts small blind $1
Auge72: posts big blind $3
*** HOLE CARDS ***
AzureCaper: raises $3 to $6
Auge72: calls $3
*** FLOP *** [7h 5s Ac]
Auge72: bets $3
AzureCaper: calls $3
*** TURN *** [7h 5s Ac] [Qh]
Auge72: checks
AzureCaper: checks
*** RIVER *** [7h 5s Ac Qh] [Qd]
Auge72: checks
AzureCaper: checks
*** SHOW DOWN ***
Auge72: shows [6c 6d] (two pair, Queens and Sixes)
AzureCaper: mucks hand
Auge72 collected $17.64 from pot
*** SUMMARY ***
Total pot $18 | Rake $0.36
Board [7h 5s Ac Qh Qd]
Seat 1: Auge72 (big blind) showed [6c 6d] and won ($17.64) with two pair, Queens and Sixes
Seat 4: AzureCaper (button) (small blind) mucked


PokerStars Hand #164993617262:  Hold'em Limit ($3/$6 USD) - 2017/01/22 12:20:03 ET
Table 'Galene II' 6-max Seat #1 is the button
Seat 1: Auge72 ($41.18 in chips)
Seat 4: AzureCaper ($106.66 in chips)
Auge72: posts small blind $1
AzureCaper: posts big blind $3
*** HOLE CARDS ***
Auge72: raises $3 to $6
AzureCaper: calls $3
*** FLOP *** [Js 7c 4h]
AzureCaper: checks
Auge72: checks
*** TURN *** [Js 7c 4h] [Qh]
AzureCaper: bets $6
Auge72: raises $6 to $12
AzureCaper: folds
Uncalled bet ($6) returned to Auge72
Auge72 collected $23.52 from pot
Auge72: doesn't show hand
*** SUMMARY ***
Total pot $24 | Rake $0.48
Board [Js 7c 4h Qh]
Seat 1: Auge72 (button) (small blind) collected ($23.52)
Seat 4: AzureCaper (big blind) folded on the Turn


PokerStars Hand #164993601474:  Hold'em Limit ($3/$6 USD) - 2017/01/22 12:19:47 ET
Table 'Galene II' 6-max Seat #4 is the button
Seat 1: Auge72 ($56.18 in chips)
Seat 4: AzureCaper ($92.16 in chips)
AzureCaper: posts small blind $1
Auge72: posts big blind $3
*** HOLE CARDS ***
AzureCaper: raises $3 to $6
Auge72: calls $3
*** FLOP *** [3c 2s 7s]
Auge72: checks
AzureCaper: bets $3
Auge72: calls $3
*** TURN *** [3c 2s 7s] [Ah]
Auge72: checks
AzureCaper: bets $6
Auge72: calls $6
*** RIVER *** [3c 2s 7s Ah] [Js]
Auge72: checks
AzureCaper: bets $6
Auge72: folds
Uncalled bet ($6) returned to AzureCaper
AzureCaper collected $29.50 from pot
AzureCaper: doesn't show hand
*** SUMMARY ***
Total pot $30 | Rake $0.50
Board [3c 2s 7s Ah Js]
Seat 1: Auge72 (big blind) folded on the River
Seat 4: AzureCaper (button) (small blind) collected ($29.50)


PokerStars Hand #164993582501:  Hold'em Limit ($3/$6 USD) - 2017/01/22 12:19:28 ET
Table 'Galene II' 6-max Seat #1 is the button
Seat 1: Auge72 ($68.18 in chips)
Seat 4: AzureCaper ($80.64 in chips)
Auge72: posts small blind $1
AzureCaper: posts big blind $3
*** HOLE CARDS ***
Auge72: raises $3 to $6
AzureCaper: calls $3
*** FLOP *** [Kh 8d Td]
AzureCaper: checks
Auge72: checks
*** TURN *** [Kh 8d Td] [Jd]
AzureCaper: bets $6
Auge72: calls $6
*** RIVER *** [Kh 8d Td Jd] [Th]
AzureCaper: checks
Auge72: checks
*** SHOW DOWN ***
AzureCaper: shows [2s Js] (two pair, Jacks and Tens)
Auge72: mucks hand
AzureCaper collected $23.52 from pot
*** SUMMARY ***
Total pot $24 | Rake $0.48
Board [Kh 8d Td Jd Th]
Seat 1: Auge72 (button) (small blind) mucked
Seat 4: AzureCaper (big blind) showed [2s Js] and won ($23.52) with two pair, Jacks and Tens


PokerStars Hand #164993565538:  Hold'em Limit ($3/$6 USD) - 2017/01/22 12:19:10 ET
Table 'Galene II' 6-max Seat #4 is the button
Seat 1: Auge72 ($77.18 in chips)
Seat 4: AzureCaper ($72 in chips)
AzureCaper: posts small blind $1
Auge72: posts big blind $3
*** HOLE CARDS ***
AzureCaper: raises $3 to $6
Auge72: calls $3
*** FLOP *** [7h 4h 6c]
Auge72: checks
AzureCaper: bets $3
Auge72: calls $3
*** TURN *** [7h 4h 6c] [Jc]
Auge72: checks
AzureCaper: checks
*** RIVER *** [7h 4h 6c Jc] [4d]
Auge72: checks
AzureCaper: checks
*** SHOW DOWN ***
Auge72: shows [5s Kc] (a pair of Fours)
AzureCaper: shows [As Qh] (a pair of Fours - Ace kicker)
AzureCaper collected $17.64 from pot
*** SUMMARY ***
Total pot $18 | Rake $0.36
Board [7h 4h 6c Jc 4d]
Seat 1: Auge72 (big blind) showed [5s Kc] and lost with a pair of Fours
Seat 4: AzureCaper (button) (small blind) showed [As Qh] and won ($17.64) with a pair of Fours


PokerStars Hand #164993665214:  Hold'em Limit ($3/$6 USD) - 2017/01/22 12:20:55 ET
Table 'Galene II' 6-max Seat #1 is the button
Seat 1: Auge72 ($35.70 in chips)
Seat 4: AzureCaper ($110.94 in chips)
Auge72: posts small blind $1
AzureCaper: posts big blind $3
*** HOLE CARDS ***
Auge72: raises $3 to $6
AzureCaper: calls $3
*** FLOP *** [4s 7h 6d]
AzureCaper: checks
Auge72: bets $3
AzureCaper: calls $3
*** TURN *** [4s 7h 6d] [8c]
AzureCaper: bets $6
Auge72: raises $6 to $12
AzureCaper: calls $6
*** RIVER *** [4s 7h 6d 8c] [As]
AzureCaper: checks
Auge72: bets $6
AzureCaper: folds
Uncalled bet ($6) returned to Auge72
Auge72 collected $41.50 from pot
Auge72: doesn't show hand
*** SUMMARY ***
Total pot $42 | Rake $0.50
Board [4s 7h 6d 8c As]
Seat 1: Auge72 (button) (small blind) collected ($41.50)
Seat 4: AzureCaper (big blind) folded on the River


PokerStars Hand #164993650882:  Hold'em Limit ($3/$6 USD) - 2017/01/22 12:20:40 ET
Table 'Galene II' 6-max Seat #4 is the button
Seat 1: Auge72 ($44.70 in chips)
Seat 4: AzureCaper ($102.30 in chips)
AzureCaper: posts small blind $1
Auge72: posts big blind $3
*** HOLE CARDS ***
AzureCaper: raises $3 to $6
Auge72: calls $3
*** FLOP *** [8d 8s 9h]
Auge72: checks
AzureCaper: bets $3
Auge72: calls $3
*** TURN *** [8d 8s 9h] [Js]
Auge72: checks
AzureCaper: bets $6
Auge72: folds
Uncalled bet ($6) returned to AzureCaper
AzureCaper collected $17.64 from pot
AzureCaper: doesn't show hand
*** SUMMARY ***
Total pot $18 | Rake $0.36
Board [8d 8s 9h Js]
Seat 1: Auge72 (big blind) folded on the Turn
Seat 4: AzureCaper (button) (small blind) collected ($17.64)


PokerStars Hand #164993635746:  Hold'em Limit ($3/$6 USD) - 2017/01/22 12:20:25 ET
Table 'Galene II' 6-max Seat #1 is the button
Seat 1: Auge72 ($53.70 in chips)
Seat 4: AzureCaper ($93.66 in chips)
Auge72: posts small blind $1
AzureCaper: posts big blind $3
*** HOLE CARDS ***
Auge72: raises $3 to $6
AzureCaper: calls $3
*** FLOP *** [9h Ks 2d]
AzureCaper: checks
Auge72: bets $3
AzureCaper: calls $3
*** TURN *** [9h Ks 2d] [Td]
AzureCaper: checks
Auge72: checks
*** RIVER *** [9h Ks 2d Td] [Jd]
AzureCaper: checks
Auge72: checks
*** SHOW DOWN ***
AzureCaper: shows [5s 9s] (a pair of Nines)
Auge72: mucks hand
AzureCaper collected $17.64 from pot
*** SUMMARY ***
Total pot $18 | Rake $0.36
Board [9h Ks 2d Td Jd]
Seat 1: Auge72 (button) (small blind) mucked
Seat 4: AzureCaper (big blind) showed [5s 9s] and won ($17.64) with a pair of Nines


PokerStars Hand #164993626459:  Hold'em Limit ($3/$6 USD) - 2017/01/22 12:20:15 ET
Table 'Galene II' 6-max Seat #4 is the button
Seat 1: Auge72 ($52.70 in chips)
Seat 4: AzureCaper ($94.66 in chips)
AzureCaper: posts small blind $1
Auge72: posts big blind $3
*** HOLE CARDS ***
AzureCaper: folds
Uncalled bet ($2) returned to Auge72
Auge72 collected $2 from pot
Auge72: doesn't show hand
*** SUMMARY ***
Total pot $2 | Rake $0
Seat 1: Auge72 (big blind) collected ($2)
Seat 4: AzureCaper (button) (small blind) folded before Flop


PokerStars Hand #164993734716:  Hold'em Limit ($3/$6 USD) - 2017/01/22 12:22:05 ET
Table 'Galene II' 6-max Seat #1 is the button
Seat 1: Auge72 ($25.96 in chips)
Seat 4: AzureCaper ($118.94 in chips)
Auge72: posts small blind $1
AzureCaper: posts big blind $3
*** HOLE CARDS ***
Auge72: raises $3 to $6
AzureCaper: calls $3
*** FLOP *** [Ah 6d Th]
AzureCaper: checks
Auge72: checks
*** TURN *** [Ah 6d Th] [4c]
AzureCaper: bets $6
Auge72: raises $6 to $12
AzureCaper: calls $6
*** RIVER *** [Ah 6d Th 4c] [2h]
AzureCaper: checks
Auge72: checks
*** SHOW DOWN ***
AzureCaper: shows [Ac 5h] (a pair of Aces)
Auge72: mucks hand
AzureCaper collected $35.50 from pot
*** SUMMARY ***
Total pot $36 | Rake $0.50
Board [Ah 6d Th 4c 2h]
Seat 1: Auge72 (button) (small blind) mucked
Seat 4: AzureCaper (big blind) showed [Ac 5h] and won ($35.50) with a pair of Aces


PokerStars Hand #164993726112:  Hold'em Limit ($3/$6 USD) - 2017/01/22 12:21:56 ET
Table 'Galene II' 6-max Seat #4 is the button
Seat 1: Auge72 ($20.20 in chips)
Seat 4: AzureCaper ($124.94 in chips)
AzureCaper: posts small blind $1
Auge72: posts big blind $3
*** HOLE CARDS ***
AzureCaper: raises $3 to $6
Auge72: calls $3
*** FLOP *** [7c 4s Jh]
Auge72: bets $3
AzureCaper: folds
Uncalled bet ($3) returned to Auge72
Auge72 collected $11.76 from pot
Auge72: doesn't show hand
*** SUMMARY ***
Total pot $12 | Rake $0.24
Board [7c 4s Jh]
Seat 1: Auge72 (big blind) collected ($11.76)
Seat 4: AzureCaper (button) (small blind) folded on the Flop


PokerStars Hand #164993701102:  Hold'em Limit ($3/$6 USD) - 2017/01/22 12:21:31 ET
Table 'Galene II' 6-max Seat #1 is the button
Seat 1: Auge72 ($38.20 in chips)
Seat 4: AzureCaper ($107.44 in chips)
Auge72: posts small blind $1
AzureCaper: posts big blind $3
*** HOLE CARDS ***
Auge72: raises $3 to $6
AzureCaper: calls $3
*** FLOP *** [2c 6c 5s]
AzureCaper: checks
Auge72: checks
*** TURN *** [2c 6c 5s] [9d]
AzureCaper: bets $6
Auge72: calls $6
*** RIVER *** [2c 6c 5s 9d] [9c]
AzureCaper: bets $6
Auge72: calls $6
*** SHOW DOWN ***
AzureCaper: shows [Tc 7c] (a flush, Ten high)
Auge72: mucks hand
AzureCaper collected $35.50 from pot
*** SUMMARY ***
Total pot $36 | Rake $0.50
Board [2c 6c 5s 9d 9c]
Seat 1: Auge72 (button) (small blind) mucked
Seat 4: AzureCaper (big blind) showed [Tc 7c] and won ($35.50) with a flush, Ten high


PokerStars Hand #164993683679:  Hold'em Limit ($3/$6 USD) - 2017/01/22 12:21:13 ET
Table 'Galene II' 6-max Seat #4 is the button
Seat 1: Auge72 ($56.20 in chips)
Seat 4: AzureCaper ($89.94 in chips)
AzureCaper: posts small blind $1
Auge72: posts big blind $3
*** HOLE CARDS ***
AzureCaper: raises $3 to $6
Auge72: raises $3 to $9
AzureCaper: calls $3
*** FLOP *** [Qc 3d Th]
Auge72: checks
AzureCaper: bets $3
Auge72: calls $3
*** TURN *** [Qc 3d Th] [6c]
Auge72: checks
AzureCaper: bets $6
Auge72: calls $6
*** RIVER *** [Qc 3d Th 6c] [8c]
Auge72: checks
AzureCaper: bets $6
Auge72: folds
Uncalled bet ($6) returned to AzureCaper
AzureCaper collected $35.50 from pot
AzureCaper: doesn't show hand
*** SUMMARY ***
Total pot $36 | Rake $0.50
Board [Qc 3d Th 6c 8c]
Seat 1: Auge72 (big blind) folded on the River
Seat 4: AzureCaper (button) (small blind) collected ($35.50)


PokerStars Hand #164993796207:  Hold'em Limit ($3/$6 USD) - 2017/01/22 12:23:07 ET
Table 'Galene II' 6-max Seat #4 is the button
Seat 1: Auge72 ($30.94 in chips)
Seat 4: AzureCaper ($112.72 in chips)
AzureCaper: posts small blind $1
Auge72: posts big blind $3
*** HOLE CARDS ***
AzureCaper: raises $3 to $6
Auge72: calls $3
*** FLOP *** [Jc 3c 6h]
Auge72: bets $3
AzureCaper: calls $3
*** TURN *** [Jc 3c 6h] [Qh]
Auge72: checks
AzureCaper: bets $6
Auge72: calls $6
*** RIVER *** [Jc 3c 6h Qh] [6c]
Auge72: checks
AzureCaper: checks
*** SHOW DOWN ***
Auge72: shows [Jd 2s] (two pair, Jacks and Sixes)
AzureCaper: shows [7h Jh] (two pair, Jacks and Sixes)
Auge72 collected $14.75 from pot
AzureCaper collected $14.75 from pot
*** SUMMARY ***
Total pot $30 | Rake $0.50
Board [Jc 3c 6h Qh 6c]
Seat 1: Auge72 (big blind) showed [Jd 2s] and won ($14.75) with two pair, Jacks and Sixes
Seat 4: AzureCaper (button) (small blind) showed [7h Jh] and won ($14.75) with two pair, Jacks and Sixes


PokerStars Hand #164993779384:  Hold'em Limit ($3/$6 USD) - 2017/01/22 12:22:50 ET
Table 'Galene II' 6-max Seat #1 is the button
Seat 1: Auge72 ($15.72 in chips)
Seat 4: AzureCaper ($128.44 in chips)
Auge72: posts small blind $1
AzureCaper: posts big blind $3
*** HOLE CARDS ***
Auge72: raises $3 to $6
AzureCaper: calls $3
*** FLOP *** [Jh 3h Jc]
AzureCaper: checks
Auge72: bets $3
AzureCaper: raises $3 to $6
Auge72: raises $3 to $9
AzureCaper: raises $3 to $12
Betting is capped
Auge72: calls $0.72 and is all-in
Uncalled bet ($2.28) returned to AzureCaper
*** TURN *** [Jh 3h Jc] [Qc]
*** RIVER *** [Jh 3h Jc Qc] [2d]
*** SHOW DOWN ***
AzureCaper: shows [2h Kh] (two pair, Jacks and Deuces)
Auge72: shows [Kd Qd] (two pair, Queens and Jacks)
Auge72 collected $30.94 from pot
*** SUMMARY ***
Total pot $31.44 | Rake $0.50
Board [Jh 3h Jc Qc 2d]
Seat 1: Auge72 (button) (small blind) showed [Kd Qd] and won ($30.94) with two pair, Queens and Jacks
Seat 4: AzureCaper (big blind) showed [2h Kh] and lost with two pair, Jacks and Deuces


PokerStars Hand #164993773307:  Hold'em Limit ($3/$6 USD) - 2017/01/22 12:22:44 ET
Table 'Galene II' 6-max Seat #4 is the button
Seat 1: Auge72 ($14.72 in chips)
Seat 4: AzureCaper ($129.44 in chips)
AzureCaper: posts small blind $1
Auge72: posts big blind $3
*** HOLE CARDS ***
AzureCaper: folds
Uncalled bet ($2) returned to Auge72
Auge72 collected $2 from pot
Auge72: doesn't show hand
*** SUMMARY ***
Total pot $2 | Rake $0
Seat 1: Auge72 (big blind) collected ($2)
Seat 4: AzureCaper (button) (small blind) folded before Flop


PokerStars Hand #164993755484:  Hold'em Limit ($3/$6 USD) - 2017/01/22 12:22:26 ET
Table 'Galene II' 6-max Seat #1 is the button
Seat 1: Auge72 ($8.96 in chips)
Seat 4: AzureCaper ($135.44 in chips)
Auge72: posts small blind $1
AzureCaper: posts big blind $3
*** HOLE CARDS ***
Auge72: raises $3 to $6
AzureCaper: calls $3
*** FLOP *** [Jd 5s Js]
AzureCaper: checks
Auge72: checks
*** TURN *** [Jd 5s Js] [As]
AzureCaper: checks
Auge72: bets $2.96 and is all-in
AzureCaper: folds
Uncalled bet ($2.96) returned to Auge72
Auge72 collected $11.76 from pot
Auge72: doesn't show hand
*** SUMMARY ***
Total pot $12 | Rake $0.24
Board [Jd 5s Js As]
Seat 1: Auge72 (button) (small blind) collected ($11.76)
Seat 4: AzureCaper (big blind) folded on the Turn


PokerStars Hand #164993749295:  Hold'em Limit ($3/$6 USD) - 2017/01/22 12:22:20 ET
Table 'Galene II' 6-max Seat #4 is the button
Seat 1: Auge72 ($7.96 in chips)
Seat 4: AzureCaper ($136.44 in chips)
AzureCaper: posts small blind $1
Auge72: posts big blind $3
*** HOLE CARDS ***
AzureCaper: folds
Uncalled bet ($2) returned to Auge72
Auge72 collected $2 from pot
Auge72: doesn't show hand
*** SUMMARY ***
Total pot $2 | Rake $0
Seat 1: Auge72 (big blind) collected ($2)
Seat 4: AzureCaper (button) (small blind) folded before Flop


PokerStars Hand #164993847823:  Hold'em Limit ($3/$6 USD) - 2017/01/22 12:24:00 ET
Table 'Galene II' 6-max Seat #1 is the button
Seat 1: Auge72 ($31.69 in chips)
Seat 4: AzureCaper ($111.23 in chips)
Auge72: posts small blind $1
AzureCaper: posts big blind $3
*** HOLE CARDS ***
Auge72: raises $3 to $6
AzureCaper: calls $3
*** FLOP *** [Ks 6c 7s]
AzureCaper: checks
Auge72: bets $3
AzureCaper: raises $3 to $6
Auge72: calls $3
*** TURN *** [Ks 6c 7s] [6h]
AzureCaper: bets $6
Auge72: raises $6 to $12
AzureCaper: calls $6
*** RIVER *** [Ks 6c 7s 6h] [Qs]
AzureCaper: checks
Auge72: bets $6
AzureCaper: calls $6
*** SHOW DOWN ***
Auge72: shows [6d Qh] (a full house, Sixes full of Queens)
AzureCaper: mucks hand
Auge72 collected $59.50 from pot
*** SUMMARY ***
Total pot $60 | Rake $0.50
Board [Ks 6c 7s 6h Qs]
Seat 1: Auge72 (button) (small blind) showed [6d Qh] and won ($59.50) with a full house, Sixes full of Queens
Seat 4: AzureCaper (big blind) mucked


PokerStars Hand #164993835482:  Hold'em Limit ($3/$6 USD) - 2017/01/22 12:23:48 ET
Table 'Galene II' 6-max Seat #4 is the button
Seat 1: Auge72 ($37.69 in chips)
Seat 4: AzureCaper ($105.47 in chips)
AzureCaper: posts small blind $1
Auge72: posts big blind $3
*** HOLE CARDS ***
AzureCaper: raises $3 to $6
Auge72: calls $3
*** FLOP *** [5h Jh Ac]
Auge72: checks
AzureCaper: bets $3
Auge72: folds
Uncalled bet ($3) returned to AzureCaper
AzureCaper collected $11.76 from pot
AzureCaper: doesn't show hand
*** SUMMARY ***
Total pot $12 | Rake $0.24
Board [5h Jh Ac]
Seat 1: Auge72 (big blind) folded on the Flop
Seat 4: AzureCaper (button) (small blind) collected ($11.76)


PokerStars Hand #164993823482:  Hold'em Limit ($3/$6 USD) - 2017/01/22 12:23:36 ET
Table 'Galene II' 6-max Seat #1 is the button
Seat 1: Auge72 ($34.69 in chips)
Seat 4: AzureCaper ($108.47 in chips)
Auge72: posts small blind $1
AzureCaper: posts big blind $3
*** HOLE CARDS ***
Auge72: raises $3 to $6
AzureCaper: folds
Uncalled bet ($3) returned to Auge72
Auge72 collected $6 from pot
Auge72: doesn't show hand
*** SUMMARY ***
Total pot $6 | Rake $0
Seat 1: Auge72 (button) (small blind) collected ($6)
Seat 4: AzureCaper (big blind) folded before Flop


PokerStars Hand #164993817377:  Hold'em Limit ($3/$6 USD) - 2017/01/22 12:23:30 ET
Table 'Galene II' 6-max Seat #4 is the button
Seat 1: Auge72 ($33.69 in chips)
Seat 4: AzureCaper ($109.47 in chips)
AzureCaper: posts small blind $1
Auge72: posts big blind $3
*** HOLE CARDS ***
AzureCaper: folds
Uncalled bet ($2) returned to Auge72
Auge72 collected $2 from pot
Auge72: doesn't show hand
*** SUMMARY ***
Total pot $2 | Rake $0
Seat 1: Auge72 (big blind) collected ($2)
Seat 4: AzureCaper (button) (small blind) folded before Flop


PokerStars Hand #164993810219:  Hold'em Limit ($3/$6 USD) - 2017/01/22 12:23:22 ET
Table 'Galene II' 6-max Seat #1 is the button
Seat 1: Auge72 ($30.69 in chips)
Seat 4: AzureCaper ($112.47 in chips)
Auge72: posts small blind $1
AzureCaper: posts big blind $3
*** HOLE CARDS ***
Auge72: raises $3 to $6
AzureCaper: folds
Uncalled bet ($3) returned to Auge72
Auge72 collected $6 from pot
Auge72: doesn't show hand
*** SUMMARY ***
Total pot $6 | Rake $0
Seat 1: Auge72 (button) (small blind) collected ($6)
Seat 4: AzureCaper (big blind) folded before Flop


PokerStars Hand #164993908763:  Hold'em Limit ($3/$6 USD) - 2017/01/22 12:25:01 ET
Table 'Galene II' 6-max Seat #4 is the button
Seat 1: Auge72 ($90.33 in chips)
Seat 4: AzureCaper ($72 in chips)
AzureCaper: posts small blind $1
Auge72: posts big blind $3
*** HOLE CARDS ***
AzureCaper: raises $3 to $6
Auge72: calls $3
*** FLOP *** [5h 3s Ac]
Auge72: bets $3
AzureCaper: raises $3 to $6
Auge72: calls $3
*** TURN *** [5h 3s Ac] [5c]
Auge72: checks
AzureCaper: bets $6
Auge72: calls $6
*** RIVER *** [5h 3s Ac 5c] [Kc]
Auge72: checks
AzureCaper: bets $6
Auge72: calls $6
*** SHOW DOWN ***
AzureCaper: shows [Ks 5s] (a full house, Fives full of Kings)
Auge72: mucks hand
AzureCaper collected $47.50 from pot
*** SUMMARY ***
Total pot $48 | Rake $0.50
Board [5h 3s Ac 5c Kc]
Seat 1: Auge72 (big blind) mucked
Seat 4: AzureCaper (button) (small blind) showed [Ks 5s] and won ($47.50) with a full house, Fives full of Kings


PokerStars Hand #164993900366:  Hold'em Limit ($3/$6 USD) - 2017/01/22 12:24:52 ET
Table 'Galene II' 6-max Seat #1 is the button
Seat 1: Auge72 ($87.33 in chips)
Seat 4: AzureCaper ($72 in chips)
Auge72: posts small blind $1
AzureCaper: posts big blind $3
*** HOLE CARDS ***
Krazy90 joins the table at seat #2
Auge72: raises $3 to $6
AzureCaper: folds
Uncalled bet ($3) returned to Auge72
Auge72 collected $6 from pot
Auge72: doesn't show hand
*** SUMMARY ***
Total pot $6 | Rake $0
Seat 1: Auge72 (button) (small blind) collected ($6)
Seat 4: AzureCaper (big blind) folded before Flop


PokerStars Hand #164993885700:  Hold'em Limit ($3/$6 USD) - 2017/01/22 12:24:38 ET
Table 'Galene II' 6-max Seat #4 is the button
Seat 1: Auge72 ($78.69 in chips)
Seat 4: AzureCaper ($72 in chips)
AzureCaper: posts small blind $1
Auge72: posts big blind $3
*** HOLE CARDS ***
AzureCaper: raises $3 to $6
Auge72: calls $3
*** FLOP *** [Ac 3s 3d]
Auge72: checks
AzureCaper: bets $3
Auge72: calls $3
*** TURN *** [Ac 3s 3d] [9c]
Auge72: checks
AzureCaper: checks
*** RIVER *** [Ac 3s 3d 9c] [6c]
Auge72: bets $6
AzureCaper: folds
Uncalled bet ($6) returned to Auge72
Auge72 collected $17.64 from pot
Auge72: doesn't show hand
*** SUMMARY ***
Total pot $18 | Rake $0.36
Board [Ac 3s 3d 9c 6c]
Seat 1: Auge72 (big blind) collected ($17.64)
Seat 4: AzureCaper (button) (small blind) folded on the River


PokerStars Hand #164993880030:  Hold'em Limit ($3/$6 USD) - 2017/01/22 12:24:32 ET
Table 'Galene II' 6-max Seat #1 is the button
Seat 1: Auge72 ($75.69 in chips)
Seat 4: AzureCaper ($72 in chips)
Auge72: posts small blind $1
AzureCaper: posts big blind $3
*** HOLE CARDS ***
Auge72: raises $3 to $6
AzureCaper: folds
Uncalled bet ($3) returned to Auge72
Auge72 collected $6 from pot
Auge72: doesn't show hand
*** SUMMARY ***
Total pot $6 | Rake $0
Seat 1: Auge72 (button) (small blind) collected ($6)
Seat 4: AzureCaper (big blind) folded before Flop


PokerStars Hand #164993866009:  Hold'em Limit ($3/$6 USD) - 2017/01/22 12:24:18 ET
Table 'Galene II' 6-max Seat #4 is the button
Seat 1: Auge72 ($61.19 in chips)
Seat 4: AzureCaper ($81.23 in chips)
AzureCaper: posts small blind $1
Auge72: posts big blind $3
*** HOLE CARDS ***
AzureCaper: raises $3 to $6
Auge72: calls $3
*** FLOP *** [Ac Td Kd]
Auge72: checks
AzureCaper: bets $3
Auge72: calls $3
*** TURN *** [Ac Td Kd] [4c]
Auge72: checks
AzureCaper: bets $6
Auge72: raises $6 to $12
AzureCaper: folds
Uncalled bet ($6) returned to Auge72
Auge72 collected $29.50 from pot
Auge72: doesn't show hand
*** SUMMARY ***
Total pot $30 | Rake $0.50
Board [Ac Td Kd 4c]
Seat 1: Auge72 (big blind) collected ($29.50)
Seat 4: AzureCaper (button) (small blind) folded on the Turn


PokerStars Hand #164994128111:  Hold'em Limit ($3/$6 USD) - 2017/01/22 12:28:42 ET
Table 'Galene II' 6-max Seat #4 is the button
Seat 2: Krazy90 ($181.18 in chips)
Seat 4: AzureCaper ($95.13 in chips)
AzureCaper: posts small blind $1
Krazy90: posts big blind $3
*** HOLE CARDS ***
AzureCaper: folds
Uncalled bet ($2) returned to Krazy90
Auge72 leaves the table
Krazy90 collected $2 from pot
Krazy90: doesn't show hand
*** SUMMARY ***
Total pot $2 | Rake $0
Seat 2: Krazy90 (big blind) collected ($2)
Seat 4: AzureCaper (button) (small blind) folded before Flop


