PokerStars Hand #169978124167:  Hold'em Limit ($3/$6 USD) - 2017/05/05 6:12:49 ET
Table 'Galene' 6-max Seat #4 is the button
Seat 4: igorkabmw ($30 in chips)
Seat 5: Koraseg ($120 in chips)
igorkabmw: posts small blind $1
Koraseg: posts big blind $3
*** HOLE CARDS ***
igorkabmw: folds
Uncalled bet ($2) returned to Koraseg
Koraseg collected $2 from pot
Koraseg: doesn't show hand
*** SUMMARY ***
Total pot $2 | Rake $0
Seat 4: igorkabmw (button) (small blind) folded before Flop
Seat 5: Koraseg (big blind) collected ($2)


PokerStars Hand #169978126140:  Hold'em Limit ($3/$6 USD) - 2017/05/05 6:12:54 ET
Table 'Galene' 6-max Seat #5 is the button
Seat 4: igorkabmw ($29 in chips)
Seat 5: Koraseg ($121 in chips)
Koraseg: posts small blind $1
igorkabmw: posts big blind $3
*** HOLE CARDS ***
Koraseg: raises $3 to $6
igorkabmw: calls $3
*** FLOP *** [Ts 8d As]
igorkabmw: bets $3
Koraseg: raises $3 to $6
igorkabmw: calls $3
*** TURN *** [Ts 8d As] [Jd]
igorkabmw: checks
Koraseg: checks
*** RIVER *** [Ts 8d As Jd] [Jh]
igorkabmw: bets $6
Koraseg: raises $6 to $12
igorkabmw: raises $5 to $17 and is all-in
Koraseg: calls $5
*** SHOW DOWN ***
igorkabmw: shows [7c 9d] (a straight, Seven to Jack)
Koraseg: shows [Qd Jc] (three of a kind, Jacks)
igorkabmw collected $57.50 from pot
*** SUMMARY ***
Total pot $58 | Rake $0.50
Board [Ts 8d As Jd Jh]
Seat 4: igorkabmw (big blind) showed [7c 9d] and won ($57.50) with a straight, Seven to Jack
Seat 5: Koraseg (button) (small blind) showed [Qd Jc] and lost with three of a kind, Jacks


PokerStars Hand #169978134444:  Hold'em Limit ($3/$6 USD) - 2017/05/05 6:13:14 ET
Table 'Galene' 6-max Seat #4 is the button
Seat 4: igorkabmw ($57.50 in chips)
Seat 5: Koraseg ($92 in chips)
igorkabmw: posts small blind $1
Koraseg: posts big blind $3
*** HOLE CARDS ***
igorkabmw: calls $2
Koraseg: checks
*** FLOP *** [Ks 9d Kd]
Koraseg: bets $3
igorkabmw: calls $3
*** TURN *** [Ks 9d Kd] [3d]
Koraseg: checks
igorkabmw: checks
*** RIVER *** [Ks 9d Kd 3d] [Td]
Koraseg: checks
igorkabmw: bets $6
Koraseg: folds
Uncalled bet ($6) returned to igorkabmw
igorkabmw collected $11.76 from pot
*** SUMMARY ***
Total pot $12 | Rake $0.24
Board [Ks 9d Kd 3d Td]
Seat 4: igorkabmw (button) (small blind) collected ($11.76)
Seat 5: Koraseg (big blind) folded on the River


PokerStars Hand #169978146535:  Hold'em Limit ($3/$6 USD) - 2017/05/05 6:13:45 ET
Table 'Galene' 6-max Seat #4 is the button
Seat 4: igorkabmw ($57.26 in chips)
Seat 5: Koraseg ($91.76 in chips)
igorkabmw: posts small blind $1
Koraseg: posts big blind $3
*** HOLE CARDS ***
igorkabmw: folds
Uncalled bet ($2) returned to Koraseg
Koraseg collected $2 from pot
Koraseg: doesn't show hand
*** SUMMARY ***
Total pot $2 | Rake $0
Seat 4: igorkabmw (button) (small blind) folded before Flop
Seat 5: Koraseg (big blind) collected ($2)


PokerStars Hand #169978142272:  Hold'em Limit ($3/$6 USD) - 2017/05/05 6:13:34 ET
Table 'Galene' 6-max Seat #5 is the button
Seat 4: igorkabmw ($63.26 in chips)
Seat 5: Koraseg ($86 in chips)
Koraseg: posts small blind $1
igorkabmw: posts big blind $3
*** HOLE CARDS ***
Koraseg: raises $3 to $6
igorkabmw: calls $3
*** FLOP *** [4d Ac 4h]
igorkabmw: checks
Koraseg: bets $3
igorkabmw: folds
Uncalled bet ($3) returned to Koraseg
Koraseg collected $11.76 from pot
Koraseg: doesn't show hand
*** SUMMARY ***
Total pot $12 | Rake $0.24
Board [4d Ac 4h]
Seat 4: igorkabmw (big blind) folded on the Flop
Seat 5: Koraseg (button) (small blind) collected ($11.76)


PokerStars Hand #169978170211:  Hold'em Limit ($3/$6 USD) - 2017/05/05 6:14:44 ET
Table 'Galene' 6-max Seat #4 is the button
Seat 4: igorkabmw ($67.76 in chips)
Seat 5: Koraseg ($80.52 in chips)
igorkabmw: posts small blind $1
Koraseg: posts big blind $3
*** HOLE CARDS ***
igorkabmw: calls $2
Koraseg: checks
*** FLOP *** [6c As Jd]
Koraseg: checks
igorkabmw: checks
*** TURN *** [6c As Jd] [Ac]
Koraseg: checks
igorkabmw: checks
*** RIVER *** [6c As Jd Ac] [7s]
Koraseg: checks
igorkabmw: bets $6
Koraseg: calls $6
*** SHOW DOWN ***
igorkabmw: shows [Jc Kh] (two pair, Aces and Jacks)
Koraseg: mucks hand
igorkabmw collected $17.64 from pot
*** SUMMARY ***
Total pot $18 | Rake $0.36
Board [6c As Jd Ac 7s]
Seat 4: igorkabmw (button) (small blind) showed [Jc Kh] and won ($17.64) with two pair, Aces and Jacks
Seat 5: Koraseg (big blind) mucked


PokerStars Hand #169978148539:  Hold'em Limit ($3/$6 USD) - 2017/05/05 6:13:50 ET
Table 'Galene' 6-max Seat #5 is the button
Seat 4: igorkabmw ($56.26 in chips)
Seat 5: Koraseg ($92.76 in chips)
Koraseg: posts small blind $1
igorkabmw: posts big blind $3
*** HOLE CARDS ***
Koraseg: raises $3 to $6
igorkabmw: calls $3
*** FLOP *** [9c 2h 2c]
igorkabmw: checks
Koraseg: bets $3
igorkabmw: calls $3
*** TURN *** [9c 2h 2c] [8h]
igorkabmw: checks
Koraseg: bets $6
igorkabmw: calls $6
*** RIVER *** [9c 2h 2c 8h] [2s]
igorkabmw: checks
Koraseg: bets $6
igorkabmw: raises $6 to $12
Koraseg: folds
Uncalled bet ($6) returned to igorkabmw
igorkabmw collected $41.50 from pot
*** SUMMARY ***
Total pot $42 | Rake $0.50
Board [9c 2h 2c 8h 2s]
Seat 4: igorkabmw (big blind) collected ($41.50)
Seat 5: Koraseg (button) (small blind) folded on the River


PokerStars Hand #169978157374:  Hold'em Limit ($3/$6 USD) - 2017/05/05 6:14:12 ET
Table 'Galene' 6-max Seat #4 is the button
Seat 4: igorkabmw ($76.76 in chips)
Seat 5: Koraseg ($71.76 in chips)
igorkabmw: posts small blind $1
Koraseg: posts big blind $3
*** HOLE CARDS ***
igorkabmw: calls $2
Koraseg: raises $3 to $6
igorkabmw: calls $3
*** FLOP *** [Js 4d 6c]
Koraseg: bets $3
igorkabmw: folds
Uncalled bet ($3) returned to Koraseg
Koraseg collected $11.76 from pot
Koraseg: doesn't show hand
*** SUMMARY ***
Total pot $12 | Rake $0.24
Board [Js 4d 6c]
Seat 4: igorkabmw (button) (small blind) folded on the Flop
Seat 5: Koraseg (big blind) collected ($11.76)


PokerStars Hand #169978165541:  Hold'em Limit ($3/$6 USD) - 2017/05/05 6:14:32 ET
Table 'Galene' 6-max Seat #4 is the button
Seat 4: igorkabmw ($67.76 in chips)
Seat 5: Koraseg ($80.52 in chips)
igorkabmw: posts small blind $1
Koraseg: posts big blind $3
*** HOLE CARDS ***
igorkabmw: folds
Uncalled bet ($2) returned to Koraseg
Koraseg collected $2 from pot
Koraseg: doesn't show hand
*** SUMMARY ***
Total pot $2 | Rake $0
Seat 4: igorkabmw (button) (small blind) folded before Flop
Seat 5: Koraseg (big blind) collected ($2)


PokerStars Hand #169978163031:  Hold'em Limit ($3/$6 USD) - 2017/05/05 6:14:26 ET
Table 'Galene' 6-max Seat #5 is the button
Seat 4: igorkabmw ($70.76 in chips)
Seat 5: Koraseg ($77.52 in chips)
Koraseg: posts small blind $1
igorkabmw: posts big blind $3
*** HOLE CARDS ***
Koraseg: raises $3 to $6
igorkabmw: folds
Uncalled bet ($3) returned to Koraseg
Koraseg collected $6 from pot
Koraseg: doesn't show hand
*** SUMMARY ***
Total pot $6 | Rake $0
Seat 4: igorkabmw (big blind) folded before Flop
Seat 5: Koraseg (button) (small blind) collected ($6)


PokerStars Hand #169978167723:  Hold'em Limit ($3/$6 USD) - 2017/05/05 6:14:37 ET
Table 'Galene' 6-max Seat #5 is the button
Seat 4: igorkabmw ($66.76 in chips)
Seat 5: Koraseg ($81.52 in chips)
Koraseg: posts small blind $1
igorkabmw: posts big blind $3
*** HOLE CARDS ***
Koraseg: folds
Uncalled bet ($2) returned to igorkabmw
igorkabmw collected $2 from pot
*** SUMMARY ***
Total pot $2 | Rake $0
Seat 4: igorkabmw (big blind) collected ($2)
Seat 5: Koraseg (button) (small blind) folded before Flop


PokerStars Hand #169978185371:  Hold'em Limit ($3/$6 USD) - 2017/05/05 6:15:22 ET
Table 'Galene' 6-max Seat #4 is the button
Seat 4: igorkabmw ($90.90 in chips)
Seat 5: Koraseg ($56.52 in chips)
igorkabmw: posts small blind $1
Koraseg: posts big blind $3
*** HOLE CARDS ***
Whatze Phuck joins the table at seat #6
igorkabmw: calls $2
Koraseg: checks
*** FLOP *** [3h 7h Ac]
Koraseg: bets $3
igorkabmw: folds
Uncalled bet ($3) returned to Koraseg
Koraseg collected $5.88 from pot
Koraseg: doesn't show hand
*** SUMMARY ***
Total pot $6 | Rake $0.12
Board [3h 7h Ac]
Seat 4: igorkabmw (button) (small blind) folded on the Flop
Seat 5: Koraseg (big blind) collected ($5.88)


PokerStars Hand #169978176637:  Hold'em Limit ($3/$6 USD) - 2017/05/05 6:15:00 ET
Table 'Galene' 6-max Seat #5 is the button
Seat 4: igorkabmw ($76.40 in chips)
Seat 5: Koraseg ($71.52 in chips)
Koraseg: posts small blind $1
igorkabmw: posts big blind $3
*** HOLE CARDS ***
Koraseg: raises $3 to $6
igorkabmw: calls $3
*** FLOP *** [6d 7d 2c]
igorkabmw: bets $3
Koraseg: calls $3
*** TURN *** [6d 7d 2c] [5s]
igorkabmw: bets $6
Koraseg: calls $6
*** RIVER *** [6d 7d 2c 5s] [4c]
igorkabmw: checks
Koraseg: checks
*** SHOW DOWN ***
igorkabmw: shows [Qh 8s] (a straight, Four to Eight)
Koraseg: mucks hand
igorkabmw collected $29.50 from pot
*** SUMMARY ***
Total pot $30 | Rake $0.50
Board [6d 7d 2c 5s 4c]
Seat 4: igorkabmw (big blind) showed [Qh 8s] and won ($29.50) with a straight, Four to Eight
Seat 5: Koraseg (button) (small blind) mucked


