PokerStars Hand #151435582013:  Hold'em Limit ($3/$6 USD) - 2016/04/04 16:15:52 ET
Table 'Galene II' 6-max Seat #1 is the button
Seat 1: m.geckeler ($120 in chips)
Seat 5: biermann78 ($60 in chips)
m.geckeler: posts small blind $1
biermann78: posts big blind $3
*** HOLE CARDS ***
m.geckeler: calls $2
Chessnok joins the table at seat #6
biermann78: checks
*** FLOP *** [2d 6c 3c]
Ale4o joins the table at seat #3
biermann78: checks
m.geckeler: bets $3
biermann78: folds
Uncalled bet ($3) returned to m.geckeler
m.geckeler collected $5.88 from pot
m.geckeler: doesn't show hand
*** SUMMARY ***
Total pot $6 | Rake $0.12
Board [2d 6c 3c]
Seat 1: m.geckeler (button) (small blind) collected ($5.88)
Seat 5: biermann78 (big blind) folded on the Flop


PokerStars Hand #151436626078:  Hold'em Limit ($3/$6 USD) - 2016/04/04 16:32:47 ET
Table 'Galene II' 6-max Seat #1 is the button
Seat 1: m.geckeler ($58.80 in chips)
Seat 3: Ale4o ($199.17 in chips)
m.geckeler: posts small blind $1
GRAILKO: is sitting out
Ale4o: posts big blind $3
*** HOLE CARDS ***
m.geckeler: calls $2
Ale4o: raises $3 to $6
m.geckeler: calls $3
*** FLOP *** [Ts 5c 3c]
Ale4o: bets $3
m.geckeler: calls $3
*** TURN *** [Ts 5c 3c] [6c]
Ale4o: checks
m.geckeler: bets $6
Ale4o: calls $6
*** RIVER *** [Ts 5c 3c 6c] [8d]
Ale4o: checks
m.geckeler: bets $6
Ale4o: folds
Uncalled bet ($6) returned to m.geckeler
m.geckeler collected $29.50 from pot
m.geckeler: doesn't show hand
*** SUMMARY ***
Total pot $30 | Rake $0.50
Board [Ts 5c 3c 6c 8d]
Seat 1: m.geckeler (button) (small blind) collected ($29.50)
Seat 3: Ale4o (big blind) folded on the River


PokerStars Hand #151436697800:  Hold'em Limit ($3/$6 USD) - 2016/04/04 16:33:57 ET
Table 'Galene II' 6-max Seat #3 is the button
Seat 1: m.geckeler ($66.30 in chips)
Seat 3: Ale4o ($190.93 in chips)
Ale4o: posts small blind $1
m.geckeler: posts big blind $3
*** HOLE CARDS ***
avgust91985 joins the table at seat #6
Ale4o: raises $3 to $6
m.geckeler: folds
Uncalled bet ($3) returned to Ale4o
Ale4o collected $6 from pot
Ale4o: doesn't show hand
*** SUMMARY ***
Total pot $6 | Rake $0
Seat 1: m.geckeler (big blind) folded before Flop
Seat 3: Ale4o (button) (small blind) collected ($6)


PokerStars Hand #151436691147:  Hold'em Limit ($3/$6 USD) - 2016/04/04 16:33:51 ET
Table 'Galene II' 6-max Seat #1 is the button
Seat 1: m.geckeler ($67.30 in chips)
Seat 3: Ale4o ($189.93 in chips)
m.geckeler: posts small blind $1
Ale4o: posts big blind $3
*** HOLE CARDS ***
m.geckeler: folds
Uncalled bet ($2) returned to Ale4o
Ale4o collected $2 from pot
Ale4o: doesn't show hand
*** SUMMARY ***
Total pot $2 | Rake $0
Seat 1: m.geckeler (button) (small blind) folded before Flop
Seat 3: Ale4o (big blind) collected ($2)


PokerStars Hand #151436667987:  Hold'em Limit ($3/$6 USD) - 2016/04/04 16:33:28 ET
Table 'Galene II' 6-max Seat #3 is the button
Seat 1: m.geckeler ($73.30 in chips)
Seat 3: Ale4o ($184.17 in chips)
Ale4o: posts small blind $1
m.geckeler: posts big blind $3
*** HOLE CARDS ***
Ale4o: raises $3 to $6
m.geckeler: calls $3
*** FLOP *** [Ad 4s Ts]
m.geckeler: checks
Ale4o: bets $3
m.geckeler: folds
Uncalled bet ($3) returned to Ale4o
Ale4o collected $11.76 from pot
Ale4o: doesn't show hand
*** SUMMARY ***
Total pot $12 | Rake $0.24
Board [Ad 4s Ts]
Seat 1: m.geckeler (big blind) folded on the Flop
Seat 3: Ale4o (button) (small blind) collected ($11.76)


PokerStars Hand #151442426481:  Hold'em Limit ($3/$6 USD) - 2016/04/04 18:15:39 ET
Table 'Galene II' 6-max Seat #6 is the button
Seat 5: betipo6 ($159.59 in chips)
Seat 6: vestimokrec ($190.32 in chips)
vestimokrec: posts small blind $1
anetkaapro: is sitting out
MissEKAmouse: is sitting out
betipo6: posts big blind $3
*** HOLE CARDS ***
MissEKAmouse leaves the table
plummgg leaves the table
vestimokrec: raises $3 to $6
betipo6: calls $3
*** FLOP *** [5s 2s Td]
betipo6: checks
vestimokrec: bets $3
betipo6: folds
Uncalled bet ($3) returned to vestimokrec
vestimokrec collected $11.76 from pot
vestimokrec: doesn't show hand
*** SUMMARY ***
Total pot $12 | Rake $0.24
Board [5s 2s Td]
Seat 5: betipo6 (big blind) folded on the Flop
Seat 6: vestimokrec (button) (small blind) collected ($11.76)


PokerStars Hand #151442495287:  Hold'em Limit ($3/$6 USD) - 2016/04/04 18:16:59 ET
Table 'Galene II' 6-max Seat #6 is the button
Seat 5: betipo6 ($165.11 in chips)
Seat 6: vestimokrec ($184.08 in chips)
vestimokrec: posts small blind $1
betipo6: posts big blind $3
*** HOLE CARDS ***
vestimokrec: folds
Uncalled bet ($2) returned to betipo6
betipo6 collected $2 from pot
betipo6: doesn't show hand
*** SUMMARY ***
Total pot $2 | Rake $0
Seat 5: betipo6 (big blind) collected ($2)
Seat 6: vestimokrec (button) (small blind) folded before Flop


PokerStars Hand #151442443406:  Hold'em Limit ($3/$6 USD) - 2016/04/04 18:15:59 ET
Table 'Galene II' 6-max Seat #5 is the button
Seat 5: betipo6 ($153.59 in chips)
Seat 6: vestimokrec ($196.08 in chips)
betipo6: posts small blind $1
vestimokrec: posts big blind $3
*** HOLE CARDS ***
betipo6: raises $3 to $6
vestimokrec: calls $3
*** FLOP *** [Qc 2c 2s]
vestimokrec: checks
betipo6: checks
*** TURN *** [Qc 2c 2s] [4d]
vestimokrec: bets $6
betipo6: calls $6
*** RIVER *** [Qc 2c 2s 4d] [Kd]
vestimokrec: checks
betipo6: checks
*** SHOW DOWN ***
vestimokrec: shows [Ac 5s] (a pair of Deuces)
betipo6: shows [7c 7s] (two pair, Sevens and Deuces)
betipo6 collected $23.52 from pot
*** SUMMARY ***
Total pot $24 | Rake $0.48
Board [Qc 2c 2s 4d Kd]
Seat 5: betipo6 (button) (small blind) showed [7c 7s] and won ($23.52) with two pair, Sevens and Deuces
Seat 6: vestimokrec (big blind) showed [Ac 5s] and lost with a pair of Deuces


PokerStars Hand #151442541530:  Hold'em Limit ($3/$6 USD) - 2016/04/04 18:17:53 ET
Table 'Galene II' 6-max Seat #6 is the button
Seat 5: betipo6 ($174.75 in chips)
Seat 6: vestimokrec ($174.08 in chips)
vestimokrec: posts small blind $1
cjwebster was removed from the table for failing to post
betipo6: posts big blind $3
*** HOLE CARDS ***
vestimokrec: raises $3 to $6
betipo6: calls $3
*** FLOP *** [3h 8d 5d]
betipo6: checks
vestimokrec: bets $3
betipo6: folds
Uncalled bet ($3) returned to vestimokrec
vestimokrec collected $11.76 from pot
vestimokrec: doesn't show hand
*** SUMMARY ***
Total pot $12 | Rake $0.24
Board [3h 8d 5d]
Seat 5: betipo6 (big blind) folded on the Flop
Seat 6: vestimokrec (button) (small blind) collected ($11.76)


PokerStars Hand #151442509378:  Hold'em Limit ($3/$6 USD) - 2016/04/04 18:17:15 ET
Table 'Galene II' 6-max Seat #5 is the button
Seat 5: betipo6 ($166.11 in chips)
Seat 6: vestimokrec ($183.08 in chips)
betipo6: posts small blind $1
vestimokrec: posts big blind $3
*** HOLE CARDS ***
betipo6: calls $2
vestimokrec: raises $3 to $6
betipo6: calls $3
*** FLOP *** [Qd 3h Kh]
vestimokrec: bets $3
betipo6: calls $3
*** TURN *** [Qd 3h Kh] [9c]
vestimokrec: checks
betipo6: checks
*** RIVER *** [Qd 3h Kh 9c] [Ts]
vestimokrec: checks
betipo6: checks
*** SHOW DOWN ***
vestimokrec: shows [8d 8h] (a pair of Eights)
betipo6: shows [5h Qs] (a pair of Queens)
betipo6 collected $17.64 from pot
*** SUMMARY ***
Total pot $18 | Rake $0.36
Board [Qd 3h Kh 9c Ts]
Seat 5: betipo6 (button) (small blind) showed [5h Qs] and won ($17.64) with a pair of Queens
Seat 6: vestimokrec (big blind) showed [8d 8h] and lost with a pair of Eights


PokerStars Hand #151442565283:  Hold'em Limit ($3/$6 USD) - 2016/04/04 18:18:20 ET
Table 'Galene II' 6-max Seat #5 is the button
Seat 5: betipo6 ($168.75 in chips)
Seat 6: vestimokrec ($179.84 in chips)
betipo6: posts small blind $1
vestimokrec: posts big blind $3
*** HOLE CARDS ***
betipo6: raises $3 to $6
vestimokrec: raises $3 to $9
betipo6: calls $3
*** FLOP *** [Jd 5c 4c]
vestimokrec: bets $3
betipo6: calls $3
*** TURN *** [Jd 5c 4c] [2s]
vestimokrec: bets $6
betipo6: calls $6
*** RIVER *** [Jd 5c 4c 2s] [9s]
vestimokrec: bets $6
betipo6: raises $6 to $12
vestimokrec: folds
Uncalled bet ($6) returned to betipo6
betipo6 collected $47.50 from pot
betipo6: doesn't show hand
*** SUMMARY ***
Total pot $48 | Rake $0.50
Board [Jd 5c 4c 2s 9s]
Seat 5: betipo6 (button) (small blind) collected ($47.50)
Seat 6: vestimokrec (big blind) folded on the River


PokerStars Hand #151442608615:  Hold'em Limit ($3/$6 USD) - 2016/04/04 18:19:11 ET
Table 'Galene II' 6-max Seat #6 is the button
Seat 5: betipo6 ($192.25 in chips)
Seat 6: vestimokrec ($155.84 in chips)
vestimokrec: posts small blind $1
betipo6: posts big blind $3
*** HOLE CARDS ***
vestimokrec: raises $3 to $6
betipo6: calls $3
*** FLOP *** [5s As 7c]
betipo6: checks
vestimokrec: bets $3
betipo6: folds
Uncalled bet ($3) returned to vestimokrec
vestimokrec collected $11.76 from pot
vestimokrec: doesn't show hand
*** SUMMARY ***
Total pot $12 | Rake $0.24
Board [5s As 7c]
Seat 5: betipo6 (big blind) folded on the Flop
Seat 6: vestimokrec (button) (small blind) collected ($11.76)


PokerStars Hand #151442641731:  Hold'em Limit ($3/$6 USD) - 2016/04/04 18:19:51 ET
Table 'Galene II' 6-max Seat #6 is the button
Seat 5: betipo6 ($189.25 in chips)
Seat 6: vestimokrec ($158.60 in chips)
vestimokrec: posts small blind $1
betipo6: posts big blind $3
*** HOLE CARDS ***
vestimokrec: raises $3 to $6
betipo6: calls $3
*** FLOP *** [Qh 6c Qd]
betipo6: bets $3
vestimokrec: calls $3
*** TURN *** [Qh 6c Qd] [6h]
betipo6: bets $6
vestimokrec: calls $6
*** RIVER *** [Qh 6c Qd 6h] [Ad]
betipo6: bets $6
vestimokrec: calls $6
*** SHOW DOWN ***
betipo6: shows [3c 7s] (two pair, Queens and Sixes)
vestimokrec: shows [Kh 5c] (two pair, Queens and Sixes)
betipo6 collected $20.75 from pot
vestimokrec collected $20.75 from pot
*** SUMMARY ***
Total pot $42 | Rake $0.50
Board [Qh 6c Qd 6h Ad]
Seat 5: betipo6 (big blind) showed [3c 7s] and won ($20.75) with two pair, Queens and Sixes
Seat 6: vestimokrec (button) (small blind) showed [Kh 5c] and won ($20.75) with two pair, Queens and Sixes


PokerStars Hand #151442630764:  Hold'em Limit ($3/$6 USD) - 2016/04/04 18:19:37 ET
Table 'Galene II' 6-max Seat #5 is the button
Seat 5: betipo6 ($186.25 in chips)
Seat 6: vestimokrec ($161.60 in chips)
betipo6: posts small blind $1
vestimokrec: posts big blind $3
*** HOLE CARDS ***
betipo6: raises $3 to $6
vestimokrec: folds
Uncalled bet ($3) returned to betipo6
betipo6 collected $6 from pot
betipo6: doesn't show hand
*** SUMMARY ***
Total pot $6 | Rake $0
Seat 5: betipo6 (button) (small blind) collected ($6)
Seat 6: vestimokrec (big blind) folded before Flop


PokerStars Hand #151442693176:  Hold'em Limit ($3/$6 USD) - 2016/04/04 18:20:53 ET
Table 'Galene II' 6-max Seat #6 is the button
Seat 5: betipo6 ($194.76 in chips)
Seat 6: vestimokrec ($152.35 in chips)
vestimokrec: posts small blind $1
betipo6: posts big blind $3
*** HOLE CARDS ***
vestimokrec: raises $3 to $6
betipo6: calls $3
*** FLOP *** [2h Qd 2s]
betipo6: checks
vestimokrec: bets $3
betipo6: calls $3
*** TURN *** [2h Qd 2s] [Ac]
betipo6: checks
vestimokrec: checks
*** RIVER *** [2h Qd 2s Ac] [7c]
betipo6: bets $6
vestimokrec: calls $6
*** SHOW DOWN ***
betipo6: shows [7s 2c] (a full house, Deuces full of Sevens)
vestimokrec: mucks hand
betipo6 collected $29.50 from pot
*** SUMMARY ***
Total pot $30 | Rake $0.50
Board [2h Qd 2s Ac 7c]
Seat 5: betipo6 (big blind) showed [7s 2c] and won ($29.50) with a full house, Deuces full of Sevens
Seat 6: vestimokrec (button) (small blind) mucked


PokerStars Hand #151442713975:  Hold'em Limit ($3/$6 USD) - 2016/04/04 18:21:18 ET
Table 'Galene II' 6-max Seat #5 is the button
Seat 5: betipo6 ($209.26 in chips)
Seat 6: vestimokrec ($137.35 in chips)
betipo6: posts small blind $1
vestimokrec: posts big blind $3
*** HOLE CARDS ***
betipo6: raises $3 to $6
vestimokrec: calls $3
*** FLOP *** [9c 6h 3d]
vestimokrec: checks
betipo6: bets $3
vestimokrec: raises $3 to $6
betipo6: raises $3 to $9
vestimokrec: calls $3
*** TURN *** [9c 6h 3d] [Ts]
vestimokrec: checks
betipo6: bets $6
vestimokrec: calls $6
*** RIVER *** [9c 6h 3d Ts] [Ks]
vestimokrec: checks
betipo6: bets $6
vestimokrec: calls $6
*** SHOW DOWN ***
betipo6: shows [Ac Th] (a pair of Tens)
vestimokrec: mucks hand
betipo6 collected $53.50 from pot
*** SUMMARY ***
Total pot $54 | Rake $0.50
Board [9c 6h 3d Ts Ks]
Seat 5: betipo6 (button) (small blind) showed [Ac Th] and won ($53.50) with a pair of Tens
Seat 6: vestimokrec (big blind) mucked


PokerStars Hand #151442674604:  Hold'em Limit ($3/$6 USD) - 2016/04/04 18:20:30 ET
Table 'Galene II' 6-max Seat #5 is the button
Seat 5: betipo6 ($189 in chips)
Seat 6: vestimokrec ($158.35 in chips)
betipo6: posts small blind $1
vestimokrec: posts big blind $3
*** HOLE CARDS ***
betipo6: raises $3 to $6
vestimokrec: calls $3
*** FLOP *** [Qd Ah 9s]
vestimokrec: checks
betipo6: bets $3
vestimokrec: folds
Uncalled bet ($3) returned to betipo6
betipo6 collected $11.76 from pot
betipo6: doesn't show hand
*** SUMMARY ***
Total pot $12 | Rake $0.24
Board [Qd Ah 9s]
Seat 5: betipo6 (button) (small blind) collected ($11.76)
Seat 6: vestimokrec (big blind) folded on the Flop


PokerStars Hand #151442741471:  Hold'em Limit ($3/$6 USD) - 2016/04/04 18:21:52 ET
Table 'Galene II' 6-max Seat #5 is the button
Seat 5: betipo6 ($229.76 in chips)
Seat 6: vestimokrec ($125.76 in chips)
betipo6: posts small blind $1
vestimokrec: posts big blind $3
*** HOLE CARDS ***
betipo6: calls $2
vestimokrec: raises $3 to $6
betipo6: calls $3
*** FLOP *** [2c 4d 9h]
vestimokrec: bets $3
betipo6: calls $3
*** TURN *** [2c 4d 9h] [4c]
vestimokrec: checks
betipo6: bets $6
vestimokrec: calls $6
*** RIVER *** [2c 4d 9h 4c] [Tc]
vestimokrec: checks
betipo6: bets $6
vestimokrec: folds
Uncalled bet ($6) returned to betipo6
betipo6 collected $29.50 from pot
betipo6: doesn't show hand
*** SUMMARY ***
Total pot $30 | Rake $0.50
Board [2c 4d 9h 4c Tc]
Seat 5: betipo6 (button) (small blind) collected ($29.50)
Seat 6: vestimokrec (big blind) folded on the River


PokerStars Hand #151442730117:  Hold'em Limit ($3/$6 USD) - 2016/04/04 18:21:38 ET
Table 'Galene II' 6-max Seat #6 is the button
Seat 5: betipo6 ($235.76 in chips)
Seat 6: vestimokrec ($120 in chips)
vestimokrec: posts small blind $1
betipo6: posts big blind $3
*** HOLE CARDS ***
vestimokrec: raises $3 to $6
betipo6: calls $3
*** FLOP *** [Qd 4h 6d]
betipo6: checks
vestimokrec: bets $3
betipo6: folds
Uncalled bet ($3) returned to vestimokrec
vestimokrec collected $11.76 from pot
vestimokrec: doesn't show hand
*** SUMMARY ***
Total pot $12 | Rake $0.24
Board [Qd 4h 6d]
Seat 5: betipo6 (big blind) folded on the Flop
Seat 6: vestimokrec (button) (small blind) collected ($11.76)


PokerStars Hand #151442788323:  Hold'em Limit ($3/$6 USD) - 2016/04/04 18:22:50 ET
Table 'Galene II' 6-max Seat #6 is the button
Seat 5: betipo6 ($244.26 in chips)
Seat 6: vestimokrec ($120 in chips)
vestimokrec: posts small blind $1
betipo6: posts big blind $3
*** HOLE CARDS ***
vestimokrec: raises $3 to $6
betipo6: raises $3 to $9
vestimokrec: calls $3
*** FLOP *** [Ac Ts 3h]
betipo6: bets $3
vestimokrec: calls $3
*** TURN *** [Ac Ts 3h] [Qh]
betipo6: bets $6
vestimokrec: folds
Uncalled bet ($6) returned to betipo6
betipo6 collected $23.52 from pot
betipo6: doesn't show hand
*** SUMMARY ***
Total pot $24 | Rake $0.48
Board [Ac Ts 3h Qh]
Seat 5: betipo6 (big blind) collected ($23.52)
Seat 6: vestimokrec (button) (small blind) folded on the Turn


PokerStars Hand #151442833939:  Hold'em Limit ($3/$6 USD) - 2016/04/04 18:23:47 ET
Table 'Galene II' 6-max Seat #5 is the button
Seat 5: betipo6 ($255.78 in chips)
Seat 6: vestimokrec ($120 in chips)
betipo6: posts small blind $1
vestimokrec: posts big blind $3
*** HOLE CARDS ***
betipo6: folds
Uncalled bet ($2) returned to vestimokrec
vestimokrec collected $2 from pot
vestimokrec: doesn't show hand
*** SUMMARY ***
Total pot $2 | Rake $0
Seat 5: betipo6 (button) (small blind) folded before Flop
Seat 6: vestimokrec (big blind) collected ($2)


PokerStars Hand #151442886507:  Hold'em Limit ($3/$6 USD) - 2016/04/04 18:24:53 ET
Table 'Galene II' 6-max Seat #5 is the button
Seat 5: betipo6 ($278.28 in chips)
Seat 6: vestimokrec ($120 in chips)
betipo6: posts small blind $1
vestimokrec: posts big blind $3
*** HOLE CARDS ***
betipo6: folds
Uncalled bet ($2) returned to vestimokrec
vestimokrec collected $2 from pot
vestimokrec: doesn't show hand
*** SUMMARY ***
Total pot $2 | Rake $0
Seat 5: betipo6 (button) (small blind) folded before Flop
Seat 6: vestimokrec (big blind) collected ($2)


PokerStars Hand #151442854427:  Hold'em Limit ($3/$6 USD) - 2016/04/04 18:24:12 ET
Table 'Galene II' 6-max Seat #6 is the button
Seat 5: betipo6 ($254.78 in chips)
Seat 6: vestimokrec ($121 in chips)
vestimokrec: posts small blind $1
betipo6: posts big blind $3
*** HOLE CARDS ***
vestimokrec: raises $3 to $6
betipo6: raises $3 to $9
vestimokrec: calls $3
*** FLOP *** [5s Js 7d]
betipo6: bets $3
vestimokrec: calls $3
*** TURN *** [5s Js 7d] [8s]
betipo6: bets $6
vestimokrec: calls $6
*** RIVER *** [5s Js 7d 8s] [4d]
betipo6: bets $6
vestimokrec: calls $6
*** SHOW DOWN ***
betipo6: shows [Jh Th] (a pair of Jacks)
vestimokrec: mucks hand
betipo6 collected $47.50 from pot
*** SUMMARY ***
Total pot $48 | Rake $0.50
Board [5s Js 7d 8s 4d]
Seat 5: betipo6 (big blind) showed [Jh Th] and won ($47.50) with a pair of Jacks
Seat 6: vestimokrec (button) (small blind) mucked


PokerStars Hand #151442890749:  Hold'em Limit ($3/$6 USD) - 2016/04/04 18:24:58 ET
Table 'Galene II' 6-max Seat #6 is the button
Seat 5: betipo6 ($277.28 in chips)
Seat 6: vestimokrec ($121 in chips)
vestimokrec: posts small blind $1
betipo6: posts big blind $3
*** HOLE CARDS ***
vestimokrec: raises $3 to $6
betipo6: raises $3 to $9
vestimokrec: calls $3
*** FLOP *** [Kh Qd Td]
betipo6: bets $3
vestimokrec: calls $3
*** TURN *** [Kh Qd Td] [5h]
betipo6: bets $6
vestimokrec: raises $6 to $12
betipo6: raises $6 to $18
vestimokrec: calls $6
*** RIVER *** [Kh Qd Td 5h] [4s]
betipo6: bets $6
vestimokrec: calls $6
*** SHOW DOWN ***
betipo6: shows [6d Ad] (high card Ace)
vestimokrec: shows [5s Ks] (two pair, Kings and Fives)
vestimokrec collected $71.50 from pot
*** SUMMARY ***
Total pot $72 | Rake $0.50
Board [Kh Qd Td 5h 4s]
Seat 5: betipo6 (big blind) showed [6d Ad] and lost with high card Ace
Seat 6: vestimokrec (button) (small blind) showed [5s Ks] and won ($71.50) with two pair, Kings and Fives


PokerStars Hand #151442930242:  Hold'em Limit ($3/$6 USD) - 2016/04/04 18:25:48 ET
Table 'Galene II' 6-max Seat #5 is the button
Seat 5: betipo6 ($241.28 in chips)
Seat 6: vestimokrec ($156.50 in chips)
betipo6: posts small blind $1
vestimokrec: posts big blind $3
*** HOLE CARDS ***
betipo6: calls $2
vestimokrec: checks
*** FLOP *** [2h Ah 9h]
vestimokrec: checks
betipo6: bets $3
vestimokrec: calls $3
*** TURN *** [2h Ah 9h] [9c]
vestimokrec: checks
betipo6: checks
*** RIVER *** [2h Ah 9h 9c] [6s]
WSpieler joins the table at seat #4
vestimokrec: checks
betipo6: checks
*** SHOW DOWN ***
vestimokrec: shows [8c Kh] (a pair of Nines)
betipo6: mucks hand
vestimokrec collected $11.76 from pot
*** SUMMARY ***
Total pot $12 | Rake $0.24
Board [2h Ah 9h 9c 6s]
Seat 5: betipo6 (button) (small blind) mucked
Seat 6: vestimokrec (big blind) showed [8c Kh] and won ($11.76) with a pair of Nines


PokerStars Hand #151446108336:  Hold'em Limit ($3/$6 USD) - 2016/04/04 19:43:08 ET
Table 'Galene II' 6-max Seat #2 is the button
Seat 2: Riemann1 ($80.65 in chips)
Seat 5: PayMyAudiR8 ($139.47 in chips)
Riemann1: posts small blind $1
PayMyAudiR8: posts big blind $3
*** HOLE CARDS ***
Riemann1: folds
Uncalled bet ($2) returned to PayMyAudiR8
PayMyAudiR8 collected $2 from pot
PayMyAudiR8: doesn't show hand
*** SUMMARY ***
Total pot $2 | Rake $0
Seat 2: Riemann1 (button) (small blind) folded before Flop
Seat 5: PayMyAudiR8 (big blind) collected ($2)


PokerStars Hand #151446105216:  Hold'em Limit ($3/$6 USD) - 2016/04/04 19:43:03 ET
Table 'Galene II' 6-max Seat #5 is the button
Seat 2: Riemann1 ($79.65 in chips)
Seat 5: PayMyAudiR8 ($140.47 in chips)
PayMyAudiR8: posts small blind $1
Zubasa07: is sitting out
Riemann1: posts big blind $3
*** HOLE CARDS ***
PayMyAudiR8: folds
Uncalled bet ($2) returned to Riemann1
Zubasa07 leaves the table
Riemann1 collected $2 from pot
Riemann1: doesn't show hand
*** SUMMARY ***
Total pot $2 | Rake $0
Seat 2: Riemann1 (big blind) collected ($2)
Seat 5: PayMyAudiR8 (button) (small blind) folded before Flop


PokerStars Hand #151446119040:  Hold'em Limit ($3/$6 USD) - 2016/04/04 19:43:26 ET
Table 'Galene II' 6-max Seat #5 is the button
Seat 2: Riemann1 ($83.65 in chips)
Seat 5: PayMyAudiR8 ($136.47 in chips)
PayMyAudiR8: posts small blind $1
Riemann1: posts big blind $3
*** HOLE CARDS ***
PayMyAudiR8: raises $3 to $6
Riemann1: folds
Uncalled bet ($3) returned to PayMyAudiR8
PayMyAudiR8 collected $6 from pot
PayMyAudiR8: doesn't show hand
*** SUMMARY ***
Total pot $6 | Rake $0
Seat 2: Riemann1 (big blind) folded before Flop
Seat 5: PayMyAudiR8 (button) (small blind) collected ($6)


PokerStars Hand #151446114628:  Hold'em Limit ($3/$6 USD) - 2016/04/04 19:43:19 ET
Table 'Galene II' 6-max Seat #2 is the button
Seat 2: Riemann1 ($80.65 in chips)
Seat 5: PayMyAudiR8 ($139.47 in chips)
Riemann1: posts small blind $1
PayMyAudiR8: posts big blind $3
*** HOLE CARDS ***
Riemann1: raises $3 to $6
PayMyAudiR8: folds
Uncalled bet ($3) returned to Riemann1
Riemann1 collected $6 from pot
Riemann1: doesn't show hand
*** SUMMARY ***
Total pot $6 | Rake $0
Seat 2: Riemann1 (button) (small blind) collected ($6)
Seat 5: PayMyAudiR8 (big blind) folded before Flop


PokerStars Hand #151446111703:  Hold'em Limit ($3/$6 USD) - 2016/04/04 19:43:14 ET
Table 'Galene II' 6-max Seat #5 is the button
Seat 2: Riemann1 ($79.65 in chips)
Seat 5: PayMyAudiR8 ($140.47 in chips)
PayMyAudiR8: posts small blind $1
Riemann1: posts big blind $3
*** HOLE CARDS ***
PayMyAudiR8: folds
Uncalled bet ($2) returned to Riemann1
Riemann1 collected $2 from pot
Riemann1: doesn't show hand
*** SUMMARY ***
Total pot $2 | Rake $0
Seat 2: Riemann1 (big blind) collected ($2)
Seat 5: PayMyAudiR8 (button) (small blind) folded before Flop


PokerStars Hand #151446168887:  Hold'em Limit ($3/$6 USD) - 2016/04/04 19:44:35 ET
Table 'Galene II' 6-max Seat #5 is the button
Seat 2: Riemann1 ($72 in chips)
Seat 5: PayMyAudiR8 ($156.11 in chips)
PayMyAudiR8: posts small blind $1
Riemann1: posts big blind $3
*** HOLE CARDS ***
PayMyAudiR8: raises $3 to $6
Riemann1: calls $3
*** FLOP *** [Jc As 2c]
Riemann1: checks
PayMyAudiR8: bets $3
Riemann1: raises $3 to $6
PayMyAudiR8: folds
Uncalled bet ($3) returned to Riemann1
Riemann1 collected $17.64 from pot
Riemann1: doesn't show hand
*** SUMMARY ***
Total pot $18 | Rake $0.36
Board [Jc As 2c]
Seat 2: Riemann1 (big blind) collected ($17.64)
Seat 5: PayMyAudiR8 (button) (small blind) folded on the Flop


PokerStars Hand #151446133000:  Hold'em Limit ($3/$6 USD) - 2016/04/04 19:43:34 ET
Table 'Galene II' 6-max Seat #2 is the button
Seat 2: Riemann1 ($80.65 in chips)
Seat 5: PayMyAudiR8 ($139.47 in chips)
Riemann1: posts small blind $1
PayMyAudiR8: posts big blind $3
*** HOLE CARDS ***
Riemann1: raises $3 to $6
PayMyAudiR8: calls $3
*** FLOP *** [5d 3s 2h]
PayMyAudiR8: checks
Riemann1: bets $3
PayMyAudiR8: calls $3
*** TURN *** [5d 3s 2h] [Ad]
PayMyAudiR8: checks
Riemann1: checks
*** RIVER *** [5d 3s 2h Ad] [As]
PayMyAudiR8: checks
Riemann1: checks
*** SHOW DOWN ***
PayMyAudiR8: shows [Ts 5c] (two pair, Aces and Fives)
Riemann1: mucks hand
PayMyAudiR8 collected $17.64 from pot
*** SUMMARY ***
Total pot $18 | Rake $0.36
Board [5d 3s 2h Ad As]
Seat 2: Riemann1 (button) (small blind) mucked
Seat 5: PayMyAudiR8 (big blind) showed [Ts 5c] and won ($17.64) with two pair, Aces and Fives


PokerStars Hand #151446148720:  Hold'em Limit ($3/$6 USD) - 2016/04/04 19:44:01 ET
Table 'Galene II' 6-max Seat #5 is the button
Seat 2: Riemann1 ($72 in chips)
Seat 5: PayMyAudiR8 ($148.11 in chips)
PayMyAudiR8: posts small blind $1
Riemann1: posts big blind $3
*** HOLE CARDS ***
PayMyAudiR8: raises $3 to $6
Riemann1: folds
Uncalled bet ($3) returned to PayMyAudiR8
PayMyAudiR8 collected $6 from pot
PayMyAudiR8: doesn't show hand
*** SUMMARY ***
Total pot $6 | Rake $0
Seat 2: Riemann1 (big blind) folded before Flop
Seat 5: PayMyAudiR8 (button) (small blind) collected ($6)


PokerStars Hand #151446166127:  Hold'em Limit ($3/$6 USD) - 2016/04/04 19:44:31 ET
Table 'Galene II' 6-max Seat #2 is the button
Seat 2: Riemann1 ($72 in chips)
Seat 5: PayMyAudiR8 ($155.11 in chips)
Riemann1: posts small blind $1
PayMyAudiR8: posts big blind $3
*** HOLE CARDS ***
Riemann1: folds
Uncalled bet ($2) returned to PayMyAudiR8
PayMyAudiR8 collected $2 from pot
PayMyAudiR8: doesn't show hand
*** SUMMARY ***
Total pot $2 | Rake $0
Seat 2: Riemann1 (button) (small blind) folded before Flop
Seat 5: PayMyAudiR8 (big blind) collected ($2)


PokerStars Hand #151446161800:  Hold'em Limit ($3/$6 USD) - 2016/04/04 19:44:23 ET
Table 'Galene II' 6-max Seat #5 is the button
Seat 2: Riemann1 ($72 in chips)
Seat 5: PayMyAudiR8 ($152.11 in chips)
PayMyAudiR8: posts small blind $1
Riemann1: posts big blind $3
*** HOLE CARDS ***
PayMyAudiR8: raises $3 to $6
Riemann1: folds
Uncalled bet ($3) returned to PayMyAudiR8
PayMyAudiR8 collected $6 from pot
PayMyAudiR8: doesn't show hand
*** SUMMARY ***
Total pot $6 | Rake $0
Seat 2: Riemann1 (big blind) folded before Flop
Seat 5: PayMyAudiR8 (button) (small blind) collected ($6)


PokerStars Hand #151446155962:  Hold'em Limit ($3/$6 USD) - 2016/04/04 19:44:13 ET
Table 'Galene II' 6-max Seat #2 is the button
Seat 2: Riemann1 ($72 in chips)
Seat 5: PayMyAudiR8 ($151.11 in chips)
Riemann1: posts small blind $1
PayMyAudiR8: posts big blind $3
*** HOLE CARDS ***
Riemann1: folds
Uncalled bet ($2) returned to PayMyAudiR8
PayMyAudiR8 collected $2 from pot
PayMyAudiR8: doesn't show hand
*** SUMMARY ***
Total pot $2 | Rake $0
Seat 2: Riemann1 (button) (small blind) folded before Flop
Seat 5: PayMyAudiR8 (big blind) collected ($2)


PokerStars Hand #151446179301:  Hold'em Limit ($3/$6 USD) - 2016/04/04 19:44:53 ET
Table 'Galene II' 6-max Seat #2 is the button
Seat 2: Riemann1 ($80.64 in chips)
Seat 5: PayMyAudiR8 ($147.11 in chips)
Riemann1: posts small blind $1
PayMyAudiR8: posts big blind $3
*** HOLE CARDS ***
Riemann1: raises $3 to $6
PayMyAudiR8: calls $3
*** FLOP *** [Jh 2d 2h]
PayMyAudiR8: checks
Riemann1: bets $3
PayMyAudiR8: calls $3
*** TURN *** [Jh 2d 2h] [6h]
PayMyAudiR8: checks
Riemann1: bets $6
PayMyAudiR8: folds
Uncalled bet ($6) returned to Riemann1
Riemann1 collected $17.64 from pot
Riemann1: doesn't show hand
*** SUMMARY ***
Total pot $18 | Rake $0.36
Board [Jh 2d 2h 6h]
Seat 2: Riemann1 (button) (small blind) collected ($17.64)
Seat 5: PayMyAudiR8 (big blind) folded on the Turn


PokerStars Hand #151446198835:  Hold'em Limit ($3/$6 USD) - 2016/04/04 19:45:26 ET
Table 'Galene II' 6-max Seat #2 is the button
Seat 2: Riemann1 ($83.28 in chips)
Seat 5: PayMyAudiR8 ($143.87 in chips)
Riemann1: posts small blind $1
PayMyAudiR8: posts big blind $3
*** HOLE CARDS ***
Riemann1: folds
Uncalled bet ($2) returned to PayMyAudiR8
PayMyAudiR8 collected $2 from pot
PayMyAudiR8: doesn't show hand
*** SUMMARY ***
Total pot $2 | Rake $0
Seat 2: Riemann1 (button) (small blind) folded before Flop
Seat 5: PayMyAudiR8 (big blind) collected ($2)


PokerStars Hand #151446191065:  Hold'em Limit ($3/$6 USD) - 2016/04/04 19:45:13 ET
Table 'Galene II' 6-max Seat #5 is the button
Seat 2: Riemann1 ($89.28 in chips)
Seat 5: PayMyAudiR8 ($138.11 in chips)
PayMyAudiR8: posts small blind $1
Riemann1: posts big blind $3
*** HOLE CARDS ***
PayMyAudiR8: raises $3 to $6
Riemann1: calls $3
*** FLOP *** [8s Ah 3d]
Riemann1: checks
PayMyAudiR8: bets $3
Riemann1: folds
Uncalled bet ($3) returned to PayMyAudiR8
PayMyAudiR8 collected $11.76 from pot
PayMyAudiR8: doesn't show hand
*** SUMMARY ***
Total pot $12 | Rake $0.24
Board [8s Ah 3d]
Seat 2: Riemann1 (big blind) folded on the Flop
Seat 5: PayMyAudiR8 (button) (small blind) collected ($11.76)


PokerStars Hand #151446223161:  Hold'em Limit ($3/$6 USD) - 2016/04/04 19:46:08 ET
Table 'Galene II' 6-max Seat #5 is the button
Seat 2: Riemann1 ($101.78 in chips)
Seat 5: PayMyAudiR8 ($124.87 in chips)
PayMyAudiR8: posts small blind $1
Riemann1: posts big blind $3
*** HOLE CARDS ***
PayMyAudiR8: folds
Uncalled bet ($2) returned to Riemann1
Riemann1 collected $2 from pot
Riemann1: doesn't show hand
*** SUMMARY ***
Total pot $2 | Rake $0
Seat 2: Riemann1 (big blind) collected ($2)
Seat 5: PayMyAudiR8 (button) (small blind) folded before Flop


PokerStars Hand #151446219987:  Hold'em Limit ($3/$6 USD) - 2016/04/04 19:46:03 ET
Table 'Galene II' 6-max Seat #2 is the button
Seat 2: Riemann1 ($102.78 in chips)
Seat 5: PayMyAudiR8 ($123.87 in chips)
Riemann1: posts small blind $1
PayMyAudiR8: posts big blind $3
*** HOLE CARDS ***
Riemann1: folds
Uncalled bet ($2) returned to PayMyAudiR8
PayMyAudiR8 collected $2 from pot
PayMyAudiR8: doesn't show hand
*** SUMMARY ***
Total pot $2 | Rake $0
Seat 2: Riemann1 (button) (small blind) folded before Flop
Seat 5: PayMyAudiR8 (big blind) collected ($2)


PokerStars Hand #151446238361:  Hold'em Limit ($3/$6 USD) - 2016/04/04 19:46:34 ET
Table 'Galene II' 6-max Seat #5 is the button
Seat 2: Riemann1 ($108.54 in chips)
Seat 5: PayMyAudiR8 ($117.87 in chips)
PayMyAudiR8: posts small blind $1
Riemann1: posts big blind $3
*** HOLE CARDS ***
PayMyAudiR8: folds
Uncalled bet ($2) returned to Riemann1
Riemann1 collected $2 from pot
Riemann1: doesn't show hand
*** SUMMARY ***
Total pot $2 | Rake $0
Seat 2: Riemann1 (big blind) collected ($2)
Seat 5: PayMyAudiR8 (button) (small blind) folded before Flop


PokerStars Hand #151446203376:  Hold'em Limit ($3/$6 USD) - 2016/04/04 19:45:34 ET
Table 'Galene II' 6-max Seat #5 is the button
Seat 2: Riemann1 ($82.28 in chips)
Seat 5: PayMyAudiR8 ($144.87 in chips)
PayMyAudiR8: posts small blind $1
Riemann1: posts big blind $3
*** HOLE CARDS ***
PayMyAudiR8: raises $3 to $6
Riemann1: calls $3
*** FLOP *** [Ac 8h 7c]
Riemann1: checks
PayMyAudiR8: bets $3
Riemann1: calls $3
*** TURN *** [Ac 8h 7c] [3c]
Riemann1: checks
PayMyAudiR8: bets $6
Riemann1: raises $6 to $12
PayMyAudiR8: calls $6
*** RIVER *** [Ac 8h 7c 3c] [3h]
Riemann1: bets $6
PayMyAudiR8: folds
Uncalled bet ($6) returned to Riemann1
Riemann1 collected $41.50 from pot
Riemann1: doesn't show hand
*** SUMMARY ***
Total pot $42 | Rake $0.50
Board [Ac 8h 7c 3c 3h]
Seat 2: Riemann1 (big blind) collected ($41.50)
Seat 5: PayMyAudiR8 (button) (small blind) folded on the River


PokerStars Hand #151446225831:  Hold'em Limit ($3/$6 USD) - 2016/04/04 19:46:12 ET
Table 'Galene II' 6-max Seat #2 is the button
Seat 2: Riemann1 ($102.78 in chips)
Seat 5: PayMyAudiR8 ($123.87 in chips)
Riemann1: posts small blind $1
PayMyAudiR8: posts big blind $3
*** HOLE CARDS ***
Riemann1: raises $3 to $6
PayMyAudiR8: calls $3
*** FLOP *** [9d Ad Kh]
PayMyAudiR8: checks
Riemann1: checks
*** TURN *** [9d Ad Kh] [Tc]
PayMyAudiR8: checks
Riemann1: bets $6
PayMyAudiR8: folds
Uncalled bet ($6) returned to Riemann1
Riemann1 collected $11.76 from pot
Riemann1: doesn't show hand
*** SUMMARY ***
Total pot $12 | Rake $0.24
Board [9d Ad Kh Tc]
Seat 2: Riemann1 (button) (small blind) collected ($11.76)
Seat 5: PayMyAudiR8 (big blind) folded on the Turn


PokerStars Hand #151446241047:  Hold'em Limit ($3/$6 USD) - 2016/04/04 19:46:38 ET
Table 'Galene II' 6-max Seat #2 is the button
Seat 2: Riemann1 ($109.54 in chips)
Seat 5: PayMyAudiR8 ($116.87 in chips)
Riemann1: posts small blind $1
PayMyAudiR8: posts big blind $3
*** HOLE CARDS ***
Riemann1: raises $3 to $6
PayMyAudiR8: calls $3
*** FLOP *** [8c 6c 2s]
PayMyAudiR8: checks
Riemann1: bets $3
PayMyAudiR8: raises $3 to $6
Riemann1: calls $3
*** TURN *** [8c 6c 2s] [6h]
PayMyAudiR8: bets $6
Riemann1: calls $6
*** RIVER *** [8c 6c 2s 6h] [3c]
PayMyAudiR8: bets $6
Riemann1: calls $6
*** SHOW DOWN ***
PayMyAudiR8: shows [6d Jh] (three of a kind, Sixes)
Riemann1: mucks hand
PayMyAudiR8 collected $47.50 from pot
*** SUMMARY ***
Total pot $48 | Rake $0.50
Board [8c 6c 2s 6h 3c]
Seat 2: Riemann1 (button) (small blind) mucked
Seat 5: PayMyAudiR8 (big blind) showed [6d Jh] and won ($47.50) with three of a kind, Sixes


PokerStars Hand #151446259950:  Hold'em Limit ($3/$6 USD) - 2016/04/04 19:47:10 ET
Table 'Galene II' 6-max Seat #2 is the button
Seat 2: Riemann1 ($82.54 in chips)
Seat 5: PayMyAudiR8 ($143.37 in chips)
Riemann1: posts small blind $1
PayMyAudiR8: posts big blind $3
*** HOLE CARDS ***
Riemann1: folds
Uncalled bet ($2) returned to PayMyAudiR8
PayMyAudiR8 collected $2 from pot
PayMyAudiR8: doesn't show hand
*** SUMMARY ***
Total pot $2 | Rake $0
Seat 2: Riemann1 (button) (small blind) folded before Flop
Seat 5: PayMyAudiR8 (big blind) collected ($2)


PokerStars Hand #151446256307:  Hold'em Limit ($3/$6 USD) - 2016/04/04 19:47:04 ET
Table 'Galene II' 6-max Seat #5 is the button
Seat 2: Riemann1 ($85.54 in chips)
Seat 5: PayMyAudiR8 ($140.37 in chips)
PayMyAudiR8: posts small blind $1
Riemann1: posts big blind $3
*** HOLE CARDS ***
PayMyAudiR8: raises $3 to $6
Riemann1: folds
Uncalled bet ($3) returned to PayMyAudiR8
PayMyAudiR8 collected $6 from pot
PayMyAudiR8: doesn't show hand
*** SUMMARY ***
Total pot $6 | Rake $0
Seat 2: Riemann1 (big blind) folded before Flop
Seat 5: PayMyAudiR8 (button) (small blind) collected ($6)


PokerStars Hand #151446298792:  Hold'em Limit ($3/$6 USD) - 2016/04/04 19:48:17 ET
Table 'Galene II' 6-max Seat #5 is the button
Seat 2: Riemann1 ($95.04 in chips)
Seat 5: PayMyAudiR8 ($130.37 in chips)
PayMyAudiR8: posts small blind $1
Riemann1: posts big blind $3
*** HOLE CARDS ***
PayMyAudiR8: folds
Uncalled bet ($2) returned to Riemann1
Riemann1 collected $2 from pot
Riemann1: doesn't show hand
*** SUMMARY ***
Total pot $2 | Rake $0
Seat 2: Riemann1 (big blind) collected ($2)
Seat 5: PayMyAudiR8 (button) (small blind) folded before Flop


PokerStars Hand #151446295825:  Hold'em Limit ($3/$6 USD) - 2016/04/04 19:48:12 ET
Table 'Galene II' 6-max Seat #2 is the button
Seat 2: Riemann1 ($96.04 in chips)
Seat 5: PayMyAudiR8 ($129.37 in chips)
Riemann1: posts small blind $1
PayMyAudiR8: posts big blind $3
*** HOLE CARDS ***
Riemann1: folds
Uncalled bet ($2) returned to PayMyAudiR8
PayMyAudiR8 collected $2 from pot
PayMyAudiR8: doesn't show hand
*** SUMMARY ***
Total pot $2 | Rake $0
Seat 2: Riemann1 (button) (small blind) folded before Flop
Seat 5: PayMyAudiR8 (big blind) collected ($2)


PokerStars Hand #151446292970:  Hold'em Limit ($3/$6 USD) - 2016/04/04 19:48:07 ET
Table 'Galene II' 6-max Seat #5 is the button
Seat 2: Riemann1 ($95.04 in chips)
Seat 5: PayMyAudiR8 ($130.37 in chips)
PayMyAudiR8: posts small blind $1
Riemann1: posts big blind $3
*** HOLE CARDS ***
PayMyAudiR8: folds
Uncalled bet ($2) returned to Riemann1
Riemann1 collected $2 from pot
Riemann1: doesn't show hand
*** SUMMARY ***
Total pot $2 | Rake $0
Seat 2: Riemann1 (big blind) collected ($2)
Seat 5: PayMyAudiR8 (button) (small blind) folded before Flop


PokerStars Hand #151446289712:  Hold'em Limit ($3/$6 USD) - 2016/04/04 19:48:02 ET
Table 'Galene II' 6-max Seat #2 is the button
Seat 2: Riemann1 ($96.04 in chips)
Seat 5: PayMyAudiR8 ($129.37 in chips)
Riemann1: posts small blind $1
PayMyAudiR8: posts big blind $3
*** HOLE CARDS ***
Riemann1: folds
Uncalled bet ($2) returned to PayMyAudiR8
PayMyAudiR8 collected $2 from pot
PayMyAudiR8: doesn't show hand
*** SUMMARY ***
Total pot $2 | Rake $0
Seat 2: Riemann1 (button) (small blind) folded before Flop
Seat 5: PayMyAudiR8 (big blind) collected ($2)


PokerStars Hand #151446267169:  Hold'em Limit ($3/$6 USD) - 2016/04/04 19:47:23 ET
Table 'Galene II' 6-max Seat #5 is the button
Seat 2: Riemann1 ($81.54 in chips)
Seat 5: PayMyAudiR8 ($144.37 in chips)
PayMyAudiR8: posts small blind $1
Riemann1: posts big blind $3
*** HOLE CARDS ***
PayMyAudiR8: raises $3 to $6
Riemann1: calls $3
*** FLOP *** [3d Ah Jh]
Riemann1: checks
PayMyAudiR8: bets $3
Riemann1: calls $3
*** TURN *** [3d Ah Jh] [4h]
Riemann1: checks
PayMyAudiR8: bets $6
Riemann1: calls $6
*** RIVER *** [3d Ah Jh 4h] [4s]
Riemann1: checks
PayMyAudiR8: checks
*** SHOW DOWN ***
Riemann1: shows [Jc Qs] (two pair, Jacks and Fours)
PayMyAudiR8: mucks hand
Riemann1 collected $29.50 from pot
*** SUMMARY ***
Total pot $30 | Rake $0.50
Board [3d Ah Jh 4h 4s]
Seat 2: Riemann1 (big blind) showed [Jc Qs] and won ($29.50) with two pair, Jacks and Fours
Seat 5: PayMyAudiR8 (button) (small blind) mucked


PokerStars Hand #151446326950:  Hold'em Limit ($3/$6 USD) - 2016/04/04 19:49:06 ET
Table 'Galene II' 6-max Seat #2 is the button
Seat 2: Riemann1 ($91.04 in chips)
Seat 5: PayMyAudiR8 ($134.13 in chips)
Riemann1: posts small blind $1
PayMyAudiR8: posts big blind $3
*** HOLE CARDS ***
Riemann1: raises $3 to $6
PayMyAudiR8: calls $3
*** FLOP *** [9c Ah 8s]
PayMyAudiR8: checks
Riemann1: bets $3
PayMyAudiR8: folds
Uncalled bet ($3) returned to Riemann1
Riemann1 collected $11.76 from pot
Riemann1: doesn't show hand
*** SUMMARY ***
Total pot $12 | Rake $0.24
Board [9c Ah 8s]
Seat 2: Riemann1 (button) (small blind) collected ($11.76)
Seat 5: PayMyAudiR8 (big blind) folded on the Flop


PokerStars Hand #151446336515:  Hold'em Limit ($3/$6 USD) - 2016/04/04 19:49:22 ET
Table 'Galene II' 6-max Seat #5 is the button
Seat 2: Riemann1 ($96.80 in chips)
Seat 5: PayMyAudiR8 ($128.13 in chips)
PayMyAudiR8: posts small blind $1
Riemann1: posts big blind $3
*** HOLE CARDS ***
PayMyAudiR8: raises $3 to $6
Riemann1: calls $3
*** FLOP *** [5d 9c Jd]
Riemann1: checks
PayMyAudiR8: bets $3
Riemann1: folds
Uncalled bet ($3) returned to PayMyAudiR8
PayMyAudiR8 collected $11.76 from pot
PayMyAudiR8: doesn't show hand
*** SUMMARY ***
Total pot $12 | Rake $0.24
Board [5d 9c Jd]
Seat 2: Riemann1 (big blind) folded on the Flop
Seat 5: PayMyAudiR8 (button) (small blind) collected ($11.76)


PokerStars Hand #151446324273:  Hold'em Limit ($3/$6 USD) - 2016/04/04 19:49:01 ET
Table 'Galene II' 6-max Seat #5 is the button
Seat 2: Riemann1 ($90.04 in chips)
Seat 5: PayMyAudiR8 ($135.13 in chips)
PayMyAudiR8: posts small blind $1
Riemann1: posts big blind $3
*** HOLE CARDS ***
PayMyAudiR8: folds
Uncalled bet ($2) returned to Riemann1
Riemann1 collected $2 from pot
Riemann1: doesn't show hand
*** SUMMARY ***
Total pot $2 | Rake $0
Seat 2: Riemann1 (big blind) collected ($2)
Seat 5: PayMyAudiR8 (button) (small blind) folded before Flop


PokerStars Hand #151446301628:  Hold'em Limit ($3/$6 USD) - 2016/04/04 19:48:22 ET
Table 'Galene II' 6-max Seat #2 is the button
Seat 2: Riemann1 ($96.04 in chips)
Seat 5: PayMyAudiR8 ($129.37 in chips)
Riemann1: posts small blind $1
PayMyAudiR8: posts big blind $3
*** HOLE CARDS ***
Riemann1: raises $3 to $6
PayMyAudiR8: calls $3
*** FLOP *** [Jd Kd 4c]
PayMyAudiR8: checks
Riemann1: checks
*** TURN *** [Jd Kd 4c] [7c]
PayMyAudiR8: checks
Riemann1: checks
*** RIVER *** [Jd Kd 4c 7c] [4h]
PayMyAudiR8: bets $6
Riemann1: folds
Uncalled bet ($6) returned to PayMyAudiR8
PayMyAudiR8 collected $11.76 from pot
PayMyAudiR8: doesn't show hand
*** SUMMARY ***
Total pot $12 | Rake $0.24
Board [Jd Kd 4c 7c 4h]
Seat 2: Riemann1 (button) (small blind) folded on the River
Seat 5: PayMyAudiR8 (big blind) collected ($11.76)


PokerStars Hand #151446365874:  Hold'em Limit ($3/$6 USD) - 2016/04/04 19:50:14 ET
Table 'Galene II' 6-max Seat #2 is the button
Seat 2: Riemann1 ($86.80 in chips)
Seat 5: PayMyAudiR8 ($137.89 in chips)
Riemann1: posts small blind $1
PayMyAudiR8: posts big blind $3
*** HOLE CARDS ***
Riemann1: folds
Uncalled bet ($2) returned to PayMyAudiR8
PayMyAudiR8 collected $2 from pot
PayMyAudiR8: doesn't show hand
*** SUMMARY ***
Total pot $2 | Rake $0
Seat 2: Riemann1 (button) (small blind) folded before Flop
Seat 5: PayMyAudiR8 (big blind) collected ($2)


PokerStars Hand #151446370804:  Hold'em Limit ($3/$6 USD) - 2016/04/04 19:50:22 ET
Table 'Galene II' 6-max Seat #5 is the button
Seat 2: Riemann1 ($85.80 in chips)
Seat 5: PayMyAudiR8 ($138.89 in chips)
PayMyAudiR8: posts small blind $1
Riemann1: posts big blind $3
*** HOLE CARDS ***
PayMyAudiR8: raises $3 to $6
Riemann1: folds
Uncalled bet ($3) returned to PayMyAudiR8
PayMyAudiR8 collected $6 from pot
PayMyAudiR8: doesn't show hand
*** SUMMARY ***
Total pot $6 | Rake $0
Seat 2: Riemann1 (big blind) folded before Flop
Seat 5: PayMyAudiR8 (button) (small blind) collected ($6)


PokerStars Hand #151446359415:  Hold'em Limit ($3/$6 USD) - 2016/04/04 19:50:02 ET
Table 'Galene II' 6-max Seat #5 is the button
Seat 2: Riemann1 ($89.80 in chips)
Seat 5: PayMyAudiR8 ($134.89 in chips)
PayMyAudiR8: posts small blind $1
Riemann1: posts big blind $3
*** HOLE CARDS ***
PayMyAudiR8: raises $3 to $6
Riemann1: folds
Uncalled bet ($3) returned to PayMyAudiR8
PayMyAudiR8 collected $6 from pot
PayMyAudiR8: doesn't show hand
*** SUMMARY ***
Total pot $6 | Rake $0
Seat 2: Riemann1 (big blind) folded before Flop
Seat 5: PayMyAudiR8 (button) (small blind) collected ($6)


PokerStars Hand #151446354870:  Hold'em Limit ($3/$6 USD) - 2016/04/04 19:49:54 ET
Table 'Galene II' 6-max Seat #2 is the button
Seat 2: Riemann1 ($90.80 in chips)
Seat 5: PayMyAudiR8 ($133.89 in chips)
Riemann1: posts small blind $1
PayMyAudiR8: posts big blind $3
*** HOLE CARDS ***
Riemann1: folds
Uncalled bet ($2) returned to PayMyAudiR8
PayMyAudiR8 collected $2 from pot
PayMyAudiR8: doesn't show hand
*** SUMMARY ***
Total pot $2 | Rake $0
Seat 2: Riemann1 (button) (small blind) folded before Flop
Seat 5: PayMyAudiR8 (big blind) collected ($2)


PokerStars Hand #151446408880:  Hold'em Limit ($3/$6 USD) - 2016/04/04 19:51:29 ET
Table 'Galene II' 6-max Seat #5 is the button
Seat 2: Riemann1 ($98.30 in chips)
Seat 5: PayMyAudiR8 ($125.53 in chips)
PayMyAudiR8: posts small blind $1
Riemann1: posts big blind $3
*** HOLE CARDS ***
PayMyAudiR8: folds
Uncalled bet ($2) returned to Riemann1
Riemann1 collected $2 from pot
Riemann1: doesn't show hand
*** SUMMARY ***
Total pot $2 | Rake $0
Seat 2: Riemann1 (big blind) collected ($2)
Seat 5: PayMyAudiR8 (button) (small blind) folded before Flop


PokerStars Hand #151446400252:  Hold'em Limit ($3/$6 USD) - 2016/04/04 19:51:13 ET
Table 'Galene II' 6-max Seat #2 is the button
Seat 2: Riemann1 ($107.30 in chips)
Seat 5: PayMyAudiR8 ($116.89 in chips)
Riemann1: posts small blind $1
PayMyAudiR8: posts big blind $3
*** HOLE CARDS ***
Riemann1: raises $3 to $6
PayMyAudiR8: raises $3 to $9
Riemann1: calls $3
*** FLOP *** [9h Tc 8d]
PayMyAudiR8: bets $3
Riemann1: folds
Uncalled bet ($3) returned to PayMyAudiR8
PayMyAudiR8 collected $17.64 from pot
PayMyAudiR8: doesn't show hand
*** SUMMARY ***
Total pot $18 | Rake $0.36
Board [9h Tc 8d]
Seat 2: Riemann1 (button) (small blind) folded on the Flop
Seat 5: PayMyAudiR8 (big blind) collected ($17.64)


PokerStars Hand #151446411795:  Hold'em Limit ($3/$6 USD) - 2016/04/04 19:51:34 ET
Table 'Galene II' 6-max Seat #2 is the button
Seat 2: Riemann1 ($99.30 in chips)
Seat 5: PayMyAudiR8 ($124.53 in chips)
Riemann1: posts small blind $1
PayMyAudiR8: posts big blind $3
*** HOLE CARDS ***
Riemann1: folds
Uncalled bet ($2) returned to PayMyAudiR8
PayMyAudiR8 collected $2 from pot
PayMyAudiR8: doesn't show hand
*** SUMMARY ***
Total pot $2 | Rake $0
Seat 2: Riemann1 (button) (small blind) folded before Flop
Seat 5: PayMyAudiR8 (big blind) collected ($2)


PokerStars Hand #151446419584:  Hold'em Limit ($3/$6 USD) - 2016/04/04 19:51:48 ET
Table 'Galene II' 6-max Seat #5 is the button
Seat 2: Riemann1 ($98.30 in chips)
Seat 5: PayMyAudiR8 ($125.53 in chips)
PayMyAudiR8: posts small blind $1
Riemann1: posts big blind $3
*** HOLE CARDS ***
PayMyAudiR8: folds
Uncalled bet ($2) returned to Riemann1
Riemann1 collected $2 from pot
Riemann1: doesn't show hand
*** SUMMARY ***
Total pot $2 | Rake $0
Seat 2: Riemann1 (big blind) collected ($2)
Seat 5: PayMyAudiR8 (button) (small blind) folded before Flop


PokerStars Hand #151446397629:  Hold'em Limit ($3/$6 USD) - 2016/04/04 19:51:09 ET
Table 'Galene II' 6-max Seat #5 is the button
Seat 2: Riemann1 ($106.30 in chips)
Seat 5: PayMyAudiR8 ($117.89 in chips)
PayMyAudiR8: posts small blind $1
Riemann1: posts big blind $3
*** HOLE CARDS ***
PayMyAudiR8: folds
Uncalled bet ($2) returned to Riemann1
Riemann1 collected $2 from pot
Riemann1: doesn't show hand
*** SUMMARY ***
Total pot $2 | Rake $0
Seat 2: Riemann1 (big blind) collected ($2)
Seat 5: PayMyAudiR8 (button) (small blind) folded before Flop


PokerStars Hand #151446375018:  Hold'em Limit ($3/$6 USD) - 2016/04/04 19:50:29 ET
Table 'Galene II' 6-max Seat #2 is the button
Seat 2: Riemann1 ($82.80 in chips)
Seat 5: PayMyAudiR8 ($141.89 in chips)
Riemann1: posts small blind $1
PayMyAudiR8: posts big blind $3
*** HOLE CARDS ***
Riemann1: raises $3 to $6
PayMyAudiR8: raises $3 to $9
Riemann1: calls $3
*** FLOP *** [2s 4h Jc]
PayMyAudiR8: bets $3
Riemann1: calls $3
*** TURN *** [2s 4h Jc] [2h]
PayMyAudiR8: bets $6
Riemann1: calls $6
*** RIVER *** [2s 4h Jc 2h] [3d]
PayMyAudiR8: checks
Riemann1: bets $6
PayMyAudiR8: calls $6
*** SHOW DOWN ***
Riemann1: shows [9s Js] (two pair, Jacks and Deuces)
PayMyAudiR8: mucks hand
Riemann1 collected $47.50 from pot
*** SUMMARY ***
Total pot $48 | Rake $0.50
Board [2s 4h Jc 2h 3d]
Seat 2: Riemann1 (button) (small blind) showed [9s Js] and won ($47.50) with two pair, Jacks and Deuces
Seat 5: PayMyAudiR8 (big blind) mucked


PokerStars Hand #151446442644:  Hold'em Limit ($3/$6 USD) - 2016/04/04 19:52:28 ET
Table 'Galene II' 6-max Seat #5 is the button
Seat 2: Riemann1 ($83.30 in chips)
Seat 5: PayMyAudiR8 ($140.05 in chips)
PayMyAudiR8: posts small blind $1
Riemann1: posts big blind $3
*** HOLE CARDS ***
PayMyAudiR8: raises $3 to $6
Riemann1: folds
Uncalled bet ($3) returned to PayMyAudiR8
PayMyAudiR8 collected $6 from pot
PayMyAudiR8: doesn't show hand
*** SUMMARY ***
Total pot $6 | Rake $0
Seat 2: Riemann1 (big blind) folded before Flop
Seat 5: PayMyAudiR8 (button) (small blind) collected ($6)


PokerStars Hand #151446429565:  Hold'em Limit ($3/$6 USD) - 2016/04/04 19:52:05 ET
Table 'Galene II' 6-max Seat #2 is the button
Seat 2: Riemann1 ($95.30 in chips)
Seat 5: PayMyAudiR8 ($128.53 in chips)
Riemann1: posts small blind $1
PayMyAudiR8: posts big blind $3
*** HOLE CARDS ***
Riemann1: raises $3 to $6
PayMyAudiR8: calls $3
*** FLOP *** [As Jc Ac]
PayMyAudiR8: checks
Riemann1: checks
*** TURN *** [As Jc Ac] [7s]
PayMyAudiR8: checks
Riemann1: checks
*** RIVER *** [As Jc Ac 7s] [Js]
PayMyAudiR8: bets $6
Riemann1: calls $6
*** SHOW DOWN ***
PayMyAudiR8: shows [7c Ad] (a full house, Aces full of Jacks)
Riemann1: mucks hand
PayMyAudiR8 collected $23.52 from pot
*** SUMMARY ***
Total pot $24 | Rake $0.48
Board [As Jc Ac 7s Js]
Seat 2: Riemann1 (button) (small blind) mucked
Seat 5: PayMyAudiR8 (big blind) showed [7c Ad] and won ($23.52) with a full house, Aces full of Jacks


PokerStars Hand #151446425425:  Hold'em Limit ($3/$6 USD) - 2016/04/04 19:51:58 ET
Table 'Galene II' 6-max Seat #5 is the button
Seat 2: Riemann1 ($98.30 in chips)
Seat 5: PayMyAudiR8 ($125.53 in chips)
PayMyAudiR8: posts small blind $1
Riemann1: posts big blind $3
*** HOLE CARDS ***
PayMyAudiR8: raises $3 to $6
Riemann1: folds
Uncalled bet ($3) returned to PayMyAudiR8
PayMyAudiR8 collected $6 from pot
PayMyAudiR8: doesn't show hand
*** SUMMARY ***
Total pot $6 | Rake $0
Seat 2: Riemann1 (big blind) folded before Flop
Seat 5: PayMyAudiR8 (button) (small blind) collected ($6)


PokerStars Hand #151446422057:  Hold'em Limit ($3/$6 USD) - 2016/04/04 19:51:52 ET
Table 'Galene II' 6-max Seat #2 is the button
Seat 2: Riemann1 ($99.30 in chips)
Seat 5: PayMyAudiR8 ($124.53 in chips)
Riemann1: posts small blind $1
PayMyAudiR8: posts big blind $3
*** HOLE CARDS ***
Riemann1: folds
Uncalled bet ($2) returned to PayMyAudiR8
PayMyAudiR8 collected $2 from pot
PayMyAudiR8: doesn't show hand
*** SUMMARY ***
Total pot $2 | Rake $0
Seat 2: Riemann1 (button) (small blind) folded before Flop
Seat 5: PayMyAudiR8 (big blind) collected ($2)


PokerStars Hand #151446476389:  Hold'em Limit ($3/$6 USD) - 2016/04/04 19:53:29 ET
Table 'Galene II' 6-max Seat #5 is the button
Seat 2: Riemann1 ($75 in chips)
Seat 5: PayMyAudiR8 ($157.33 in chips)
PayMyAudiR8: posts small blind $1
Riemann1: posts big blind $3
*** HOLE CARDS ***
PayMyAudiR8: folds
Uncalled bet ($2) returned to Riemann1
Riemann1 collected $2 from pot
Riemann1: doesn't show hand
*** SUMMARY ***
Total pot $2 | Rake $0
Seat 2: Riemann1 (big blind) collected ($2)
Seat 5: PayMyAudiR8 (button) (small blind) folded before Flop


PokerStars Hand #151446472668:  Hold'em Limit ($3/$6 USD) - 2016/04/04 19:53:22 ET
Table 'Galene II' 6-max Seat #2 is the button
Seat 2: Riemann1 ($72 in chips)
Seat 5: PayMyAudiR8 ($160.33 in chips)
Riemann1: posts small blind $1
PayMyAudiR8: posts big blind $3
*** HOLE CARDS ***
Riemann1: raises $3 to $6
PayMyAudiR8: folds
Uncalled bet ($3) returned to Riemann1
Riemann1 collected $6 from pot
Riemann1: doesn't show hand
*** SUMMARY ***
Total pot $6 | Rake $0
Seat 2: Riemann1 (button) (small blind) collected ($6)
Seat 5: PayMyAudiR8 (big blind) folded before Flop


PokerStars Hand #151446479745:  Hold'em Limit ($3/$6 USD) - 2016/04/04 19:53:35 ET
Table 'Galene II' 6-max Seat #2 is the button
Seat 2: Riemann1 ($76 in chips)
Seat 5: PayMyAudiR8 ($156.33 in chips)
Riemann1: posts small blind $1
PayMyAudiR8: posts big blind $3
*** HOLE CARDS ***
Riemann1: folds
Uncalled bet ($2) returned to PayMyAudiR8
PayMyAudiR8 collected $2 from pot
PayMyAudiR8: doesn't show hand
*** SUMMARY ***
Total pot $2 | Rake $0
Seat 2: Riemann1 (button) (small blind) folded before Flop
Seat 5: PayMyAudiR8 (big blind) collected ($2)


PokerStars Hand #151446446995:  Hold'em Limit ($3/$6 USD) - 2016/04/04 19:52:36 ET
Table 'Galene II' 6-max Seat #2 is the button
Seat 2: Riemann1 ($80.30 in chips)
Seat 5: PayMyAudiR8 ($143.05 in chips)
Riemann1: posts small blind $1
PayMyAudiR8: posts big blind $3
*** HOLE CARDS ***
Riemann1: raises $3 to $6
PayMyAudiR8: raises $3 to $9
Riemann1: calls $3
*** FLOP *** [6d Qs 2c]
PayMyAudiR8: bets $3
Riemann1: calls $3
*** TURN *** [6d Qs 2c] [Qh]
PayMyAudiR8: bets $6
Riemann1: folds
Uncalled bet ($6) returned to PayMyAudiR8
PayMyAudiR8 collected $23.52 from pot
PayMyAudiR8: doesn't show hand
*** SUMMARY ***
Total pot $24 | Rake $0.48
Board [6d Qs 2c Qh]
Seat 2: Riemann1 (button) (small blind) folded on the Turn
Seat 5: PayMyAudiR8 (big blind) collected ($23.52)


PokerStars Hand #151446465306:  Hold'em Limit ($3/$6 USD) - 2016/04/04 19:53:09 ET
Table 'Galene II' 6-max Seat #5 is the button
Seat 2: Riemann1 ($72 in chips)
Seat 5: PayMyAudiR8 ($154.57 in chips)
PayMyAudiR8: posts small blind $1
Riemann1: posts big blind $3
*** HOLE CARDS ***
PayMyAudiR8: raises $3 to $6
Riemann1: calls $3
*** FLOP *** [Ts 8c 2h]
Riemann1: checks
PayMyAudiR8: bets $3
Riemann1: folds
Uncalled bet ($3) returned to PayMyAudiR8
PayMyAudiR8 collected $11.76 from pot
PayMyAudiR8: doesn't show hand
*** SUMMARY ***
Total pot $12 | Rake $0.24
Board [Ts 8c 2h]
Seat 2: Riemann1 (big blind) folded on the Flop
Seat 5: PayMyAudiR8 (button) (small blind) collected ($11.76)


PokerStars Hand #151446496597:  Hold'em Limit ($3/$6 USD) - 2016/04/04 19:54:04 ET
Table 'Galene II' 6-max Seat #2 is the button
Seat 2: Riemann1 ($71.97 in chips)
Seat 5: PayMyAudiR8 ($171.83 in chips)
Riemann1: posts small blind $1
PayMyAudiR8: posts big blind $3
*** HOLE CARDS ***
Riemann1: raises $3 to $6
PayMyAudiR8: folds
Uncalled bet ($3) returned to Riemann1
Riemann1 collected $6 from pot
Riemann1: doesn't show hand
*** SUMMARY ***
Total pot $6 | Rake $0
Seat 2: Riemann1 (button) (small blind) collected ($6)
Seat 5: PayMyAudiR8 (big blind) folded before Flop


PokerStars Hand #151446499963:  Hold'em Limit ($3/$6 USD) - 2016/04/04 19:54:11 ET
Table 'Galene II' 6-max Seat #5 is the button
Seat 2: Riemann1 ($74.97 in chips)
Seat 5: PayMyAudiR8 ($168.83 in chips)
PayMyAudiR8: posts small blind $1
Riemann1: posts big blind $3
*** HOLE CARDS ***
PayMyAudiR8: folds
Uncalled bet ($2) returned to Riemann1
Riemann1 collected $2 from pot
Riemann1: doesn't show hand
*** SUMMARY ***
Total pot $2 | Rake $0
Seat 2: Riemann1 (big blind) collected ($2)
Seat 5: PayMyAudiR8 (button) (small blind) folded before Flop


PokerStars Hand #151446507097:  Hold'em Limit ($3/$6 USD) - 2016/04/04 19:54:23 ET
Table 'Galene II' 6-max Seat #2 is the button
Seat 2: Riemann1 ($75.97 in chips)
Seat 5: PayMyAudiR8 ($167.83 in chips)
Riemann1: posts small blind $1
PayMyAudiR8: posts big blind $3
*** HOLE CARDS ***
Riemann1: raises $3 to $6
PayMyAudiR8: calls $3
*** FLOP *** [6c 2c Kc]
PayMyAudiR8: checks
Riemann1: bets $3
PayMyAudiR8: folds
Uncalled bet ($3) returned to Riemann1
Riemann1 collected $11.76 from pot
Riemann1: doesn't show hand
*** SUMMARY ***
Total pot $12 | Rake $0.24
Board [6c 2c Kc]
Seat 2: Riemann1 (button) (small blind) collected ($11.76)
Seat 5: PayMyAudiR8 (big blind) folded on the Flop


PokerStars Hand #151446482419:  Hold'em Limit ($3/$6 USD) - 2016/04/04 19:53:39 ET
Table 'Galene II' 6-max Seat #5 is the button
Seat 2: Riemann1 ($75 in chips)
Seat 5: PayMyAudiR8 ($157.33 in chips)
PayMyAudiR8: posts small blind $1
Riemann1: posts big blind $3
*** HOLE CARDS ***
PayMyAudiR8: raises $3 to $6
Riemann1: calls $3
*** FLOP *** [9d 6d 2h]
Riemann1: checks
PayMyAudiR8: bets $3
Riemann1: calls $3
*** TURN *** [9d 6d 2h] [8d]
Riemann1: checks
PayMyAudiR8: bets $6
Riemann1: calls $6
*** RIVER *** [9d 6d 2h 8d] [4s]
Riemann1: checks
PayMyAudiR8: checks
*** SHOW DOWN ***
Riemann1: shows [Kd Js] (high card King)
PayMyAudiR8: shows [Qc Ad] (high card Ace)
PayMyAudiR8 collected $29.50 from pot
*** SUMMARY ***
Total pot $30 | Rake $0.50
Board [9d 6d 2h 8d 4s]
Seat 2: Riemann1 (big blind) showed [Kd Js] and lost with high card King
Seat 5: PayMyAudiR8 (button) (small blind) showed [Qc Ad] and won ($29.50) with high card Ace


PokerStars Hand #151446519009:  Hold'em Limit ($3/$6 USD) - 2016/04/04 19:54:44 ET
Table 'Galene II' 6-max Seat #5 is the button
Seat 2: Riemann1 ($81.73 in chips)
Seat 5: PayMyAudiR8 ($161.83 in chips)
PayMyAudiR8: posts small blind $1
Riemann1: posts big blind $3
*** HOLE CARDS ***
PayMyAudiR8: raises $3 to $6
Riemann1: calls $3
*** FLOP *** [2c 6h 5h]
Riemann1: checks
PayMyAudiR8: bets $3
Riemann1: calls $3
*** TURN *** [2c 6h 5h] [As]
Riemann1: checks
PayMyAudiR8: bets $6
Riemann1: calls $6
*** RIVER *** [2c 6h 5h As] [9d]
Riemann1: checks
PayMyAudiR8: bets $6
Riemann1: calls $6
*** SHOW DOWN ***
PayMyAudiR8: shows [Ac 5c] (two pair, Aces and Fives)
Riemann1: mucks hand
PayMyAudiR8 collected $41.50 from pot
*** SUMMARY ***
Total pot $42 | Rake $0.50
Board [2c 6h 5h As 9d]
Seat 2: Riemann1 (big blind) mucked
Seat 5: PayMyAudiR8 (button) (small blind) showed [Ac 5c] and won ($41.50) with two pair, Aces and Fives


PokerStars Hand #151446549112:  Hold'em Limit ($3/$6 USD) - 2016/04/04 19:55:45 ET
Table 'Galene II' 6-max Seat #5 is the button
Seat 2: Riemann1 ($75.23 in chips)
Seat 5: PayMyAudiR8 ($167.33 in chips)
PayMyAudiR8: posts small blind $1
Riemann1: posts big blind $3
*** HOLE CARDS ***
PayMyAudiR8: raises $3 to $6
Riemann1: raises $3 to $9
PayMyAudiR8: calls $3
*** FLOP *** [2d Jc 3d]
Riemann1: bets $3
PayMyAudiR8: folds
Uncalled bet ($3) returned to Riemann1
Riemann1 collected $17.64 from pot
Riemann1: doesn't show hand
*** SUMMARY ***
Total pot $18 | Rake $0.36
Board [2d Jc 3d]
Seat 2: Riemann1 (big blind) collected ($17.64)
Seat 5: PayMyAudiR8 (button) (small blind) folded on the Flop


PokerStars Hand #151446534227:  Hold'em Limit ($3/$6 USD) - 2016/04/04 19:55:12 ET
Table 'Galene II' 6-max Seat #2 is the button
Seat 2: Riemann1 ($60.73 in chips)
Seat 5: PayMyAudiR8 ($182.33 in chips)
Riemann1: posts small blind $1
PayMyAudiR8: posts big blind $3
*** HOLE CARDS ***
Riemann1: raises $3 to $6
PayMyAudiR8: calls $3
*** FLOP *** [Th 5h 7s]
PayMyAudiR8: checks
Riemann1: bets $3
PayMyAudiR8: calls $3
*** TURN *** [Th 5h 7s] [9h]
PayMyAudiR8: checks
Riemann1: bets $6
PayMyAudiR8: calls $6
*** RIVER *** [Th 5h 7s 9h] [4h]
PayMyAudiR8: checks
Riemann1: bets $6
PayMyAudiR8: folds
Uncalled bet ($6) returned to Riemann1
Riemann1 collected $29.50 from pot
Riemann1: doesn't show hand
*** SUMMARY ***
Total pot $30 | Rake $0.50
Board [Th 5h 7s 9h 4h]
Seat 2: Riemann1 (button) (small blind) collected ($29.50)
Seat 5: PayMyAudiR8 (big blind) folded on the River


PokerStars Hand #151446557996:  Hold'em Limit ($3/$6 USD) - 2016/04/04 19:56:04 ET
Table 'Galene II' 6-max Seat #5 is the button
Seat 2: Riemann1 ($82.87 in chips)
Seat 5: PayMyAudiR8 ($159.33 in chips)
PayMyAudiR8: posts small blind $1
Riemann1: posts big blind $3
*** HOLE CARDS ***
PayMyAudiR8: raises $3 to $6
Riemann1: folds
Uncalled bet ($3) returned to PayMyAudiR8
PayMyAudiR8 collected $6 from pot
PayMyAudiR8: doesn't show hand
*** SUMMARY ***
Total pot $6 | Rake $0
Seat 2: Riemann1 (big blind) folded before Flop
Seat 5: PayMyAudiR8 (button) (small blind) collected ($6)


PokerStars Hand #151446562312:  Hold'em Limit ($3/$6 USD) - 2016/04/04 19:56:13 ET
Table 'Galene II' 6-max Seat #2 is the button
Seat 2: Riemann1 ($79.87 in chips)
Seat 5: PayMyAudiR8 ($162.33 in chips)
Riemann1: posts small blind $1
PayMyAudiR8: posts big blind $3
*** HOLE CARDS ***
Riemann1: raises $3 to $6
PayMyAudiR8: raises $3 to $9
Riemann1: calls $3
*** FLOP *** [Qh 2h Tc]
PayMyAudiR8: bets $3
Riemann1: calls $3
*** TURN *** [Qh 2h Tc] [Kh]
PayMyAudiR8: bets $6
Riemann1: raises $6 to $12
PayMyAudiR8: calls $6
*** RIVER *** [Qh 2h Tc Kh] [5c]
PayMyAudiR8: checks
Riemann1: bets $6
PayMyAudiR8: calls $6
*** SHOW DOWN ***
Riemann1: shows [Qs Td] (two pair, Queens and Tens)
PayMyAudiR8: shows [Ac Jd] (a straight, Ten to Ace)
PayMyAudiR8 collected $59.50 from pot
*** SUMMARY ***
Total pot $60 | Rake $0.50
Board [Qh 2h Tc Kh 5c]
Seat 2: Riemann1 (button) (small blind) showed [Qs Td] and lost with two pair, Queens and Tens
Seat 5: PayMyAudiR8 (big blind) showed [Ac Jd] and won ($59.50) with a straight, Ten to Ace


PokerStars Hand #151446576530:  Hold'em Limit ($3/$6 USD) - 2016/04/04 19:56:44 ET
Table 'Galene II' 6-max Seat #5 is the button
Seat 2: Riemann1 ($49.87 in chips)
Seat 5: PayMyAudiR8 ($191.83 in chips)
PayMyAudiR8: posts small blind $1
Riemann1: posts big blind $3
*** HOLE CARDS ***
PayMyAudiR8: raises $3 to $6
Riemann1: folds
Uncalled bet ($3) returned to PayMyAudiR8
PayMyAudiR8 collected $6 from pot
PayMyAudiR8: doesn't show hand
*** SUMMARY ***
Total pot $6 | Rake $0
Seat 2: Riemann1 (big blind) folded before Flop
Seat 5: PayMyAudiR8 (button) (small blind) collected ($6)


PokerStars Hand #151446555563:  Hold'em Limit ($3/$6 USD) - 2016/04/04 19:55:58 ET
Table 'Galene II' 6-max Seat #2 is the button
Seat 2: Riemann1 ($83.87 in chips)
Seat 5: PayMyAudiR8 ($158.33 in chips)
Riemann1: posts small blind $1
PayMyAudiR8: posts big blind $3
*** HOLE CARDS ***
Riemann1: folds
Uncalled bet ($2) returned to PayMyAudiR8
PayMyAudiR8 collected $2 from pot
PayMyAudiR8: doesn't show hand
*** SUMMARY ***
Total pot $2 | Rake $0
Seat 2: Riemann1 (button) (small blind) folded before Flop
Seat 5: PayMyAudiR8 (big blind) collected ($2)


PokerStars Hand #151446588398:  Hold'em Limit ($3/$6 USD) - 2016/04/04 19:57:10 ET
Table 'Galene II' 6-max Seat #5 is the button
Seat 2: Riemann1 ($52.63 in chips)
Seat 5: PayMyAudiR8 ($188.83 in chips)
PayMyAudiR8: posts small blind $1
Riemann1: posts big blind $3
*** HOLE CARDS ***
PayMyAudiR8: folds
Uncalled bet ($2) returned to Riemann1
Riemann1 collected $2 from pot
Riemann1: doesn't show hand
*** SUMMARY ***
Total pot $2 | Rake $0
Seat 2: Riemann1 (big blind) collected ($2)
Seat 5: PayMyAudiR8 (button) (small blind) folded before Flop


PokerStars Hand #151446581481:  Hold'em Limit ($3/$6 USD) - 2016/04/04 19:56:54 ET
Table 'Galene II' 6-max Seat #2 is the button
Seat 2: Riemann1 ($46.87 in chips)
Seat 5: PayMyAudiR8 ($194.83 in chips)
Riemann1: posts small blind $1
PayMyAudiR8: posts big blind $3
*** HOLE CARDS ***
Riemann1: raises $3 to $6
PayMyAudiR8: calls $3
*** FLOP *** [5h Kd 5d]
PayMyAudiR8: checks
Riemann1: bets $3
PayMyAudiR8: folds
Uncalled bet ($3) returned to Riemann1
Riemann1 collected $11.76 from pot
Riemann1: doesn't show hand
*** SUMMARY ***
Total pot $12 | Rake $0.24
Board [5h Kd 5d]
Seat 2: Riemann1 (button) (small blind) collected ($11.76)
Seat 5: PayMyAudiR8 (big blind) folded on the Flop


PokerStars Hand #151446600804:  Hold'em Limit ($3/$6 USD) - 2016/04/04 19:57:36 ET
Table 'Galene II' 6-max Seat #5 is the button
Seat 2: Riemann1 ($47.63 in chips)
Seat 5: PayMyAudiR8 ($193.59 in chips)
PayMyAudiR8: posts small blind $1
Riemann1: posts big blind $3
*** HOLE CARDS ***
PayMyAudiR8: folds
Uncalled bet ($2) returned to Riemann1
Riemann1 collected $2 from pot
Riemann1: doesn't show hand
*** SUMMARY ***
Total pot $2 | Rake $0
Seat 2: Riemann1 (big blind) collected ($2)
Seat 5: PayMyAudiR8 (button) (small blind) folded before Flop


PokerStars Hand #151446590548:  Hold'em Limit ($3/$6 USD) - 2016/04/04 19:57:14 ET
Table 'Galene II' 6-max Seat #2 is the button
Seat 2: Riemann1 ($53.63 in chips)
Seat 5: PayMyAudiR8 ($187.83 in chips)
Riemann1: posts small blind $1
PayMyAudiR8: posts big blind $3
*** HOLE CARDS ***
Riemann1: raises $3 to $6
PayMyAudiR8: calls $3
*** FLOP *** [Td Kc 9d]
PayMyAudiR8: checks
Riemann1: checks
*** TURN *** [Td Kc 9d] [As]
PayMyAudiR8: checks
Riemann1: checks
*** RIVER *** [Td Kc 9d As] [Jh]
PayMyAudiR8: bets $6
Riemann1: folds
Uncalled bet ($6) returned to PayMyAudiR8
PayMyAudiR8 collected $11.76 from pot
PayMyAudiR8: doesn't show hand
*** SUMMARY ***
Total pot $12 | Rake $0.24
Board [Td Kc 9d As Jh]
Seat 2: Riemann1 (button) (small blind) folded on the River
Seat 5: PayMyAudiR8 (big blind) collected ($11.76)


PokerStars Hand #151446612782:  Hold'em Limit ($3/$6 USD) - 2016/04/04 19:58:02 ET
Table 'Galene II' 6-max Seat #5 is the button
Seat 2: Riemann1 ($57.27 in chips)
Seat 5: PayMyAudiR8 ($183.59 in chips)
PayMyAudiR8: posts small blind $1
Riemann1: posts big blind $3
*** HOLE CARDS ***
PayMyAudiR8: raises $3 to $6
Riemann1: folds
Uncalled bet ($3) returned to PayMyAudiR8
PayMyAudiR8 collected $6 from pot
PayMyAudiR8: doesn't show hand
*** SUMMARY ***
Total pot $6 | Rake $0
Seat 2: Riemann1 (big blind) folded before Flop
Seat 5: PayMyAudiR8 (button) (small blind) collected ($6)


PokerStars Hand #151446606099:  Hold'em Limit ($3/$6 USD) - 2016/04/04 19:57:47 ET
Table 'Galene II' 6-max Seat #2 is the button
Seat 2: Riemann1 ($48.63 in chips)
Seat 5: PayMyAudiR8 ($192.59 in chips)
Riemann1: posts small blind $1
PayMyAudiR8: posts big blind $3
*** HOLE CARDS ***
Riemann1: raises $3 to $6
PayMyAudiR8: calls $3
*** FLOP *** [2c 5c Qs]
PayMyAudiR8: checks
Riemann1: bets $3
PayMyAudiR8: calls $3
*** TURN *** [2c 5c Qs] [4c]
PayMyAudiR8: checks
Riemann1: bets $6
PayMyAudiR8: folds
Uncalled bet ($6) returned to Riemann1
Riemann1 collected $17.64 from pot
Riemann1: doesn't show hand
*** SUMMARY ***
Total pot $18 | Rake $0.36
Board [2c 5c Qs 4c]
Seat 2: Riemann1 (button) (small blind) collected ($17.64)
Seat 5: PayMyAudiR8 (big blind) folded on the Turn


PokerStars Hand #151446633239:  Hold'em Limit ($3/$6 USD) - 2016/04/04 19:58:46 ET
Table 'Galene II' 6-max Seat #5 is the button
Seat 2: Riemann1 ($42.02 in chips)
Seat 5: PayMyAudiR8 ($197.98 in chips)
PayMyAudiR8: posts small blind $1
Riemann1: posts big blind $3
*** HOLE CARDS ***
PayMyAudiR8: raises $3 to $6
Riemann1: folds
Uncalled bet ($3) returned to PayMyAudiR8
PayMyAudiR8 collected $6 from pot
PayMyAudiR8: doesn't show hand
*** SUMMARY ***
Total pot $6 | Rake $0
Seat 2: Riemann1 (big blind) folded before Flop
Seat 5: PayMyAudiR8 (button) (small blind) collected ($6)


PokerStars Hand #151446624717:  Hold'em Limit ($3/$6 USD) - 2016/04/04 19:58:28 ET
Table 'Galene II' 6-max Seat #2 is the button
Seat 2: Riemann1 ($51.02 in chips)
Seat 5: PayMyAudiR8 ($189.34 in chips)
Riemann1: posts small blind $1
PayMyAudiR8: posts big blind $3
*** HOLE CARDS ***
Riemann1: raises $3 to $6
PayMyAudiR8: raises $3 to $9
Riemann1: calls $3
*** FLOP *** [Jd 9s Js]
PayMyAudiR8: bets $3
Riemann1: folds
Uncalled bet ($3) returned to PayMyAudiR8
PayMyAudiR8 collected $17.64 from pot
PayMyAudiR8: doesn't show hand
*** SUMMARY ***
Total pot $18 | Rake $0.36
Board [Jd 9s Js]
Seat 2: Riemann1 (button) (small blind) folded on the Flop
Seat 5: PayMyAudiR8 (big blind) collected ($17.64)


PokerStars Hand #151446621990:  Hold'em Limit ($3/$6 USD) - 2016/04/04 19:58:22 ET
Table 'Galene II' 6-max Seat #5 is the button
Seat 2: Riemann1 ($54.02 in chips)
Seat 5: PayMyAudiR8 ($186.34 in chips)
PayMyAudiR8: posts small blind $1
Riemann1: posts big blind $3
*** HOLE CARDS ***
PayMyAudiR8: raises $3 to $6
Riemann1: folds
Uncalled bet ($3) returned to PayMyAudiR8
PayMyAudiR8 collected $6 from pot
PayMyAudiR8: doesn't show hand
*** SUMMARY ***
Total pot $6 | Rake $0
Seat 2: Riemann1 (big blind) folded before Flop
Seat 5: PayMyAudiR8 (button) (small blind) collected ($6)


PokerStars Hand #151446615186:  Hold'em Limit ($3/$6 USD) - 2016/04/04 19:58:07 ET
Table 'Galene II' 6-max Seat #2 is the button
Seat 2: Riemann1 ($54.27 in chips)
Seat 5: PayMyAudiR8 ($186.59 in chips)
Riemann1: posts small blind $1
PayMyAudiR8: posts big blind $3
*** HOLE CARDS ***
Riemann1: raises $3 to $6
PayMyAudiR8: calls $3
*** FLOP *** [3c Ah 7s]
PayMyAudiR8: checks
Riemann1: checks
*** TURN *** [3c Ah 7s] [7d]
PayMyAudiR8: bets $6
Riemann1: calls $6
*** RIVER *** [3c Ah 7s 7d] [4h]
PayMyAudiR8: bets $6
Riemann1: calls $6
*** SHOW DOWN ***
PayMyAudiR8: shows [4s Jd] (two pair, Sevens and Fours)
Riemann1: shows [Kc 4c] (two pair, Sevens and Fours)
PayMyAudiR8 collected $17.75 from pot
Riemann1 collected $17.75 from pot
*** SUMMARY ***
Total pot $36 | Rake $0.50
Board [3c Ah 7s 7d 4h]
Seat 2: Riemann1 (button) (small blind) showed [Kc 4c] and won ($17.75) with two pair, Sevens and Fours
Seat 5: PayMyAudiR8 (big blind) showed [4s Jd] and won ($17.75) with two pair, Sevens and Fours


