PokerStars Hand #147630581683:  Hold'em Limit ($3/$6 USD) - 2016/01/24 20:28:26 ET
Table 'Galene II' 6-max Seat #4 is the button
Seat 4: krytalex ($73 in chips)
Seat 5: NAUTJE1337 ($95.13 in chips)
krytalex: posts small blind $1
NAUTJE1337: posts big blind $3
*** HOLE CARDS ***
krytalex: raises $3 to $6
NAUTJE1337: calls $3
*** FLOP *** [4s 8c Ah]
NAUTJE1337: bets $3
krytalex: calls $3
*** TURN *** [4s 8c Ah] [9d]
NAUTJE1337: bets $6
krytalex: calls $6
*** RIVER *** [4s 8c Ah 9d] [Kc]
NAUTJE1337: checks
krytalex: checks
*** SHOW DOWN ***
NAUTJE1337: shows [Tc 8s] (a pair of Eights)
krytalex: mucks hand
NAUTJE1337 collected $29.50 from pot
*** SUMMARY ***
Total pot $30 | Rake $0.50
Board [4s 8c Ah 9d Kc]
Seat 4: krytalex (button) (small blind) mucked
Seat 5: NAUTJE1337 (big blind) showed [Tc 8s] and won ($29.50) with a pair of Eights


PokerStars Hand #147630578565:  Hold'em Limit ($3/$6 USD) - 2016/01/24 20:28:20 ET
Table 'Galene II' 6-max Seat #5 is the button
Seat 4: krytalex ($72 in chips)
Seat 5: NAUTJE1337 ($96.13 in chips)
NAUTJE1337: posts small blind $1
chezlaw: is sitting out
chezlaw leaves the table
krytalex: posts big blind $3
*** HOLE CARDS ***
NAUTJE1337: folds
Uncalled bet ($2) returned to krytalex
krytalex collected $2 from pot
*** SUMMARY ***
Total pot $2 | Rake $0
Seat 4: krytalex (big blind) collected ($2)
Seat 5: NAUTJE1337 (button) (small blind) folded before Flop


PokerStars Hand #147630617911:  Hold'em Limit ($3/$6 USD) - 2016/01/24 20:29:36 ET
Table 'Galene II' 6-max Seat #5 is the button
Seat 4: krytalex ($72 in chips)
Seat 5: NAUTJE1337 ($125.13 in chips)
NAUTJE1337: posts small blind $1
krytalex: posts big blind $3
*** HOLE CARDS ***
NAUTJE1337: folds
Uncalled bet ($2) returned to krytalex
krytalex collected $2 from pot
*** SUMMARY ***
Total pot $2 | Rake $0
Seat 4: krytalex (big blind) collected ($2)
Seat 5: NAUTJE1337 (button) (small blind) folded before Flop


PokerStars Hand #147630615358:  Hold'em Limit ($3/$6 USD) - 2016/01/24 20:29:31 ET
Table 'Galene II' 6-max Seat #4 is the button
Seat 4: krytalex ($72 in chips)
Seat 5: NAUTJE1337 ($124.13 in chips)
krytalex: posts small blind $1
NAUTJE1337: posts big blind $3
*** HOLE CARDS ***
krytalex: folds
Uncalled bet ($2) returned to NAUTJE1337
NAUTJE1337 collected $2 from pot
*** SUMMARY ***
Total pot $2 | Rake $0
Seat 4: krytalex (button) (small blind) folded before Flop
Seat 5: NAUTJE1337 (big blind) collected ($2)


PokerStars Hand #147630597287:  Hold'em Limit ($3/$6 USD) - 2016/01/24 20:28:56 ET
Table 'Galene II' 6-max Seat #5 is the button
Seat 4: krytalex ($72 in chips)
Seat 5: NAUTJE1337 ($109.63 in chips)
NAUTJE1337: posts small blind $1
krytalex: posts big blind $3
*** HOLE CARDS ***
NAUTJE1337: calls $2
krytalex: checks
*** FLOP *** [6d Qd 6c]
krytalex: checks
NAUTJE1337: checks
*** TURN *** [6d Qd 6c] [8c]
krytalex: checks
NAUTJE1337: bets $6
krytalex: calls $6
*** RIVER *** [6d Qd 6c 8c] [3c]
krytalex: checks
NAUTJE1337: bets $6
krytalex: calls $6
*** SHOW DOWN ***
NAUTJE1337: shows [Kd 8s] (two pair, Eights and Sixes)
krytalex: mucks hand
NAUTJE1337 collected $29.50 from pot
*** SUMMARY ***
Total pot $30 | Rake $0.50
Board [6d Qd 6c 8c 3c]
Seat 4: krytalex (big blind) mucked
Seat 5: NAUTJE1337 (button) (small blind) showed [Kd 8s] and won ($29.50) with two pair, Eights and Sixes


PokerStars Hand #147630621675:  Hold'em Limit ($3/$6 USD) - 2016/01/24 20:29:43 ET
Table 'Galene II' 6-max Seat #4 is the button
Seat 4: krytalex ($73 in chips)
Seat 5: NAUTJE1337 ($124.13 in chips)
krytalex: posts small blind $1
NAUTJE1337: posts big blind $3
*** HOLE CARDS ***
krytalex: raises $3 to $6
NAUTJE1337: raises $3 to $9
krytalex: calls $3
*** FLOP *** [Js Jc Ad]
NAUTJE1337: bets $3
krytalex: folds
Uncalled bet ($3) returned to NAUTJE1337
NAUTJE1337 collected $17.64 from pot
*** SUMMARY ***
Total pot $18 | Rake $0.36
Board [Js Jc Ad]
Seat 4: krytalex (button) (small blind) folded on the Flop
Seat 5: NAUTJE1337 (big blind) collected ($17.64)


PokerStars Hand #147630630504:  Hold'em Limit ($3/$6 USD) - 2016/01/24 20:30:00 ET
Table 'Galene II' 6-max Seat #5 is the button
Seat 4: krytalex ($72 in chips)
Seat 5: NAUTJE1337 ($132.77 in chips)
NAUTJE1337: posts small blind $1
krytalex: posts big blind $3
*** HOLE CARDS ***
NAUTJE1337: calls $2
krytalex: raises $3 to $6
NAUTJE1337: calls $3
*** FLOP *** [As 9d Ad]
krytalex: bets $3
NAUTJE1337: folds
Uncalled bet ($3) returned to krytalex
krytalex collected $11.76 from pot
*** SUMMARY ***
Total pot $12 | Rake $0.24
Board [As 9d Ad]
Seat 4: krytalex (big blind) collected ($11.76)
Seat 5: NAUTJE1337 (button) (small blind) folded on the Flop


PokerStars Hand #147630654205:  Hold'em Limit ($3/$6 USD) - 2016/01/24 20:30:45 ET
Table 'Galene II' 6-max Seat #5 is the button
Seat 4: krytalex ($72 in chips)
Seat 5: NAUTJE1337 ($132.53 in chips)
NAUTJE1337: posts small blind $1
krytalex: posts big blind $3
*** HOLE CARDS ***
NAUTJE1337: folds
Uncalled bet ($2) returned to krytalex
krytalex collected $2 from pot
*** SUMMARY ***
Total pot $2 | Rake $0
Seat 4: krytalex (big blind) collected ($2)
Seat 5: NAUTJE1337 (button) (small blind) folded before Flop


PokerStars Hand #147630637520:  Hold'em Limit ($3/$6 USD) - 2016/01/24 20:30:13 ET
Table 'Galene II' 6-max Seat #4 is the button
Seat 4: krytalex ($77.76 in chips)
Seat 5: NAUTJE1337 ($126.77 in chips)
krytalex: posts small blind $1
NAUTJE1337: posts big blind $3
*** HOLE CARDS ***
krytalex: raises $3 to $6
NAUTJE1337: calls $3
*** FLOP *** [Ts 5c Qs]
NAUTJE1337: bets $3
krytalex: folds
Uncalled bet ($3) returned to NAUTJE1337
NAUTJE1337 collected $11.76 from pot
*** SUMMARY ***
Total pot $12 | Rake $0.24
Board [Ts 5c Qs]
Seat 4: krytalex (button) (small blind) folded on the Flop
Seat 5: NAUTJE1337 (big blind) collected ($11.76)


PokerStars Hand #147630659744:  Hold'em Limit ($3/$6 USD) - 2016/01/24 20:30:56 ET
Table 'Galene II' 6-max Seat #4 is the button
Seat 4: krytalex ($73 in chips)
Seat 5: NAUTJE1337 ($131.53 in chips)
krytalex: posts small blind $1
NAUTJE1337: posts big blind $3
*** HOLE CARDS ***
krytalex: raises $3 to $6
NAUTJE1337: raises $3 to $9
krytalex: calls $3
*** FLOP *** [4h 3h 2c]
NAUTJE1337: bets $3
AzureCaper joins the table at seat #6
krytalex: calls $3
*** TURN *** [4h 3h 2c] [4s]
NAUTJE1337: bets $6
krytalex: calls $6
*** RIVER *** [4h 3h 2c 4s] [8d]
NAUTJE1337: bets $6
krytalex: folds
Uncalled bet ($6) returned to NAUTJE1337
NAUTJE1337 collected $35.50 from pot
*** SUMMARY ***
Total pot $36 | Rake $0.50
Board [4h 3h 2c 4s 8d]
Seat 4: krytalex (button) (small blind) folded on the River
Seat 5: NAUTJE1337 (big blind) collected ($35.50)


