PokerStars Hand #174250261410:  Hold'em Limit ($3/$6 USD) - 2017/08/12 15:28:00 ET
Table 'Galilea' 6-max Seat #3 is the button
Seat 1: manly70 ($168.34 in chips)
Seat 3: Apanage ($137.29 in chips)
Apanage: posts small blind $1
belik555: is sitting out
manly70: posts big blind $3
*** HOLE CARDS ***
NAUTJE1337 leaves the table
Apanage: raises $3 to $6
belik555 leaves the table
manly70: folds
Uncalled bet ($3) returned to Apanage
Apanage collected $6 from pot
Apanage: doesn't show hand
*** SUMMARY ***
Total pot $6 | Rake $0
Seat 1: manly70 (big blind) folded before Flop
Seat 3: Apanage (button) (small blind) collected ($6)


PokerStars Hand #174250268274:  Hold'em Limit ($3/$6 USD) - 2017/08/12 15:28:09 ET
Table 'Galilea' 6-max Seat #1 is the button
Seat 1: manly70 ($165.34 in chips)
Seat 3: Apanage ($140.29 in chips)
manly70: posts small blind $1
Apanage: posts big blind $3
*** HOLE CARDS ***
manly70: folds
Uncalled bet ($2) returned to Apanage
Apanage collected $2 from pot
Apanage: doesn't show hand
*** SUMMARY ***
Total pot $2 | Rake $0
Seat 1: manly70 (button) (small blind) folded before Flop
Seat 3: Apanage (big blind) collected ($2)


PokerStars Hand #174250297773:  Hold'em Limit ($3/$6 USD) - 2017/08/12 15:28:48 ET
Table 'Galilea' 6-max Seat #3 is the button
Seat 1: manly70 ($180.84 in chips)
Seat 3: Apanage ($124.29 in chips)
Apanage: posts small blind $1
manly70: posts big blind $3
*** HOLE CARDS ***
Apanage: raises $3 to $6
manly70: calls $3
*** FLOP *** [8h Ac 6c]
manly70: checks
Apanage: bets $3
manly70: calls $3
*** TURN *** [8h Ac 6c] [7c]
manly70: checks
Apanage: checks
*** RIVER *** [8h Ac 6c 7c] [Th]
manly70: checks
Apanage: bets $6
manly70: calls $6
*** SHOW DOWN ***
Apanage: shows [6h Ts] (two pair, Tens and Sixes)
manly70: mucks hand
Apanage collected $29.50 from pot
*** SUMMARY ***
Total pot $30 | Rake $0.50
Board [8h Ac 6c 7c Th]
Seat 1: manly70 (big blind) mucked
Seat 3: Apanage (button) (small blind) showed [6h Ts] and won ($29.50) with two pair, Tens and Sixes


PokerStars Hand #174250292102:  Hold'em Limit ($3/$6 USD) - 2017/08/12 15:28:41 ET
Table 'Galilea' 6-max Seat #1 is the button
Seat 1: manly70 ($181.84 in chips)
Seat 3: Apanage ($123.29 in chips)
manly70: posts small blind $1
Apanage: posts big blind $3
*** HOLE CARDS ***
manly70: folds
Uncalled bet ($2) returned to Apanage
Apanage collected $2 from pot
Apanage: doesn't show hand
*** SUMMARY ***
Total pot $2 | Rake $0
Seat 1: manly70 (button) (small blind) folded before Flop
Seat 3: Apanage (big blind) collected ($2)


PokerStars Hand #174250272536:  Hold'em Limit ($3/$6 USD) - 2017/08/12 15:28:15 ET
Table 'Galilea' 6-max Seat #3 is the button
Seat 1: manly70 ($164.34 in chips)
Seat 3: Apanage ($141.29 in chips)
Apanage: posts small blind $1
manly70: posts big blind $3
*** HOLE CARDS ***
Apanage: raises $3 to $6
manly70: raises $3 to $9
Apanage: calls $3
*** FLOP *** [Ts Js Kh]
manly70: bets $3
Apanage: calls $3
*** TURN *** [Ts Js Kh] [As]
manly70: bets $6
Apanage: calls $6
*** RIVER *** [Ts Js Kh As] [Ad]
manly70: bets $6
Apanage: folds
Uncalled bet ($6) returned to manly70
manly70 collected $35.50 from pot
*** SUMMARY ***
Total pot $36 | Rake $0.50
Board [Ts Js Kh As Ad]
Seat 1: manly70 (big blind) collected ($35.50)
Seat 3: Apanage (button) (small blind) folded on the River


PokerStars Hand #174250315197:  Hold'em Limit ($3/$6 USD) - 2017/08/12 15:29:11 ET
Table 'Galilea' 6-max Seat #1 is the button
Seat 1: manly70 ($165.84 in chips)
Seat 3: Apanage ($138.79 in chips)
manly70: posts small blind $1
Apanage: posts big blind $3
*** HOLE CARDS ***
manly70: folds
Uncalled bet ($2) returned to Apanage
Apanage collected $2 from pot
Apanage: doesn't show hand
*** SUMMARY ***
Total pot $2 | Rake $0
Seat 1: manly70 (button) (small blind) folded before Flop
Seat 3: Apanage (big blind) collected ($2)


PokerStars Hand #174250367483:  Hold'em Limit ($3/$6 USD) - 2017/08/12 15:30:12 ET
Table 'Galilea' 6-max Seat #1 is the button
Seat 1: manly70 ($125.48 in chips)
Seat 3: Apanage ($177.79 in chips)
manly70: posts small blind $1
Apanage: posts big blind $3
*** HOLE CARDS ***
manly70: folds
Uncalled bet ($2) returned to Apanage
Apanage collected $2 from pot
Apanage: doesn't show hand
*** SUMMARY ***
Total pot $2 | Rake $0
Seat 1: manly70 (button) (small blind) folded before Flop
Seat 3: Apanage (big blind) collected ($2)


PokerStars Hand #174250358581:  Hold'em Limit ($3/$6 USD) - 2017/08/12 15:30:02 ET
Table 'Galilea' 6-max Seat #3 is the button
Seat 1: manly70 ($116.84 in chips)
Seat 3: Apanage ($186.79 in chips)
Apanage: posts small blind $1
manly70: posts big blind $3
*** HOLE CARDS ***
Apanage: raises $3 to $6
manly70: raises $3 to $9
Apanage: calls $3
*** FLOP *** [3c Ah 3s]
manly70: bets $3
Apanage: folds
Uncalled bet ($3) returned to manly70
manly70 collected $17.64 from pot
*** SUMMARY ***
Total pot $18 | Rake $0.36
Board [3c Ah 3s]
Seat 1: manly70 (big blind) collected ($17.64)
Seat 3: Apanage (button) (small blind) folded on the Flop


PokerStars Hand #174250335001:  Hold'em Limit ($3/$6 USD) - 2017/08/12 15:29:37 ET
Table 'Galilea' 6-max Seat #1 is the button
Seat 1: manly70 ($149.84 in chips)
Seat 3: Apanage ($154.29 in chips)
manly70: posts small blind $1
Apanage: posts big blind $3
*** HOLE CARDS ***
manly70: raises $3 to $6
Apanage: calls $3
*** FLOP *** [5c 3c Td]
Apanage: checks
manly70: bets $3
Apanage: raises $3 to $6
manly70: raises $3 to $9
Apanage: calls $3
*** TURN *** [5c 3c Td] [4c]
Apanage: checks
manly70: bets $6
Apanage: raises $6 to $12
manly70: calls $6
*** RIVER *** [5c 3c Td 4c] [Jh]
Apanage: bets $6
manly70: calls $6
*** SHOW DOWN ***
Apanage: shows [Jc 8c] (a flush, Jack high)
manly70: mucks hand
Apanage collected $65.50 from pot
*** SUMMARY ***
Total pot $66 | Rake $0.50
Board [5c 3c Td 4c Jh]
Seat 1: manly70 (button) (small blind) mucked
Seat 3: Apanage (big blind) showed [Jc 8c] and won ($65.50) with a flush, Jack high


PokerStars Hand #174250319296:  Hold'em Limit ($3/$6 USD) - 2017/08/12 15:29:16 ET
Table 'Galilea' 6-max Seat #3 is the button
Seat 1: manly70 ($164.84 in chips)
Seat 3: Apanage ($139.79 in chips)
Apanage: posts small blind $1
manly70: posts big blind $3
*** HOLE CARDS ***
Apanage: raises $3 to $6
manly70: calls $3
*** FLOP *** [6c Qd 7d]
manly70: checks
Apanage: bets $3
manly70: calls $3
*** TURN *** [6c Qd 7d] [Td]
manly70: checks
Apanage: bets $6
manly70: calls $6
*** RIVER *** [6c Qd 7d Td] [8s]
manly70: checks
Apanage: checks
*** SHOW DOWN ***
manly70: shows [Jh 7s] (a pair of Sevens)
Apanage: shows [Jd Tc] (a pair of Tens)
Apanage collected $29.50 from pot
*** SUMMARY ***
Total pot $30 | Rake $0.50
Board [6c Qd 7d Td 8s]
Seat 1: manly70 (big blind) showed [Jh 7s] and lost with a pair of Sevens
Seat 3: Apanage (button) (small blind) showed [Jd Tc] and won ($29.50) with a pair of Tens


PokerStars Hand #174250401130:  Hold'em Limit ($3/$6 USD) - 2017/08/12 15:30:56 ET
Table 'Galilea' 6-max Seat #3 is the button
Seat 1: manly70 ($135.98 in chips)
Seat 3: Apanage ($166.31 in chips)
Apanage: posts small blind $1
manly70: posts big blind $3
*** HOLE CARDS ***
Apanage: folds
Uncalled bet ($2) returned to manly70
manly70 collected $2 from pot
*** SUMMARY ***
Total pot $2 | Rake $0
Seat 1: manly70 (big blind) collected ($2)
Seat 3: Apanage (button) (small blind) folded before Flop


PokerStars Hand #174250388968:  Hold'em Limit ($3/$6 USD) - 2017/08/12 15:30:40 ET
Table 'Galilea' 6-max Seat #1 is the button
Seat 1: manly70 ($147.98 in chips)
Seat 3: Apanage ($154.79 in chips)
manly70: posts small blind $1
Apanage: posts big blind $3
*** HOLE CARDS ***
manly70: raises $3 to $6
Apanage: calls $3
*** FLOP *** [2s 6c Tc]
Apanage: checks
manly70: bets $3
Apanage: raises $3 to $6
manly70: calls $3
*** TURN *** [2s 6c Tc] [9d]
Apanage: bets $6
manly70: folds
Uncalled bet ($6) returned to Apanage
Apanage collected $23.52 from pot
Apanage: doesn't show hand
*** SUMMARY ***
Total pot $24 | Rake $0.48
Board [2s 6c Tc 9d]
Seat 1: manly70 (button) (small blind) folded on the Turn
Seat 3: Apanage (big blind) collected ($23.52)


PokerStars Hand #174250372943:  Hold'em Limit ($3/$6 USD) - 2017/08/12 15:30:19 ET
Table 'Galilea' 6-max Seat #3 is the button
Seat 1: manly70 ($124.48 in chips)
Seat 3: Apanage ($178.79 in chips)
Apanage: posts small blind $1
manly70: posts big blind $3
*** HOLE CARDS ***
Apanage: raises $3 to $6
manly70: raises $3 to $9
Apanage: calls $3
*** FLOP *** [6c Qc Ad]
manly70: bets $3
Apanage: raises $3 to $6
manly70: raises $3 to $9
Apanage: calls $3
*** TURN *** [6c Qc Ad] [Td]
manly70: bets $6
Apanage: calls $6
*** RIVER *** [6c Qc Ad Td] [3d]
manly70: bets $6
Apanage: folds
Uncalled bet ($6) returned to manly70
manly70 collected $47.50 from pot
*** SUMMARY ***
Total pot $48 | Rake $0.50
Board [6c Qc Ad Td 3d]
Seat 1: manly70 (big blind) collected ($47.50)
Seat 3: Apanage (button) (small blind) folded on the River


PokerStars Hand #174250405316:  Hold'em Limit ($3/$6 USD) - 2017/08/12 15:31:02 ET
Table 'Galilea' 6-max Seat #1 is the button
Seat 1: manly70 ($136.98 in chips)
Seat 3: Apanage ($165.31 in chips)
manly70: posts small blind $1
Apanage: posts big blind $3
*** HOLE CARDS ***
manly70: raises $3 to $6
Apanage: calls $3
*** FLOP *** [7d Jd Ah]
Apanage: checks
manly70: bets $3
Apanage: raises $3 to $6
manly70: calls $3
*** TURN *** [7d Jd Ah] [2h]
Apanage: bets $6
manly70: calls $6
*** RIVER *** [7d Jd Ah 2h] [5c]
Apanage: bets $6
manly70: calls $6
*** SHOW DOWN ***
Apanage: shows [As 6h] (a pair of Aces)
manly70: mucks hand
Apanage collected $47.50 from pot
*** SUMMARY ***
Total pot $48 | Rake $0.50
Board [7d Jd Ah 2h 5c]
Seat 1: manly70 (button) (small blind) mucked
Seat 3: Apanage (big blind) showed [As 6h] and won ($47.50) with a pair of Aces


PokerStars Hand #174250445522:  Hold'em Limit ($3/$6 USD) - 2017/08/12 15:31:54 ET
Table 'Galilea' 6-max Seat #1 is the button
Seat 1: manly70 ($103.98 in chips)
Seat 3: Apanage ($197.45 in chips)
manly70: posts small blind $1
Apanage: posts big blind $3
*** HOLE CARDS ***
manly70: folds
Uncalled bet ($2) returned to Apanage
Apanage collected $2 from pot
Apanage: doesn't show hand
*** SUMMARY ***
Total pot $2 | Rake $0
Seat 1: manly70 (button) (small blind) folded before Flop
Seat 3: Apanage (big blind) collected ($2)


PokerStars Hand #174250422337:  Hold'em Limit ($3/$6 USD) - 2017/08/12 15:31:24 ET
Table 'Galilea' 6-max Seat #3 is the button
Seat 1: manly70 ($112.98 in chips)
Seat 3: Apanage ($188.81 in chips)
Apanage: posts small blind $1
manly70: posts big blind $3
*** HOLE CARDS ***
Apanage: raises $3 to $6
manly70: calls $3
*** FLOP *** [Qh 9s 8h]
manly70: checks
Apanage: bets $3
manly70: calls $3
*** TURN *** [Qh 9s 8h] [5h]
manly70: checks
Apanage: checks
*** RIVER *** [Qh 9s 8h 5h] [2s]
manly70: checks
Apanage: checks
*** SHOW DOWN ***
manly70: shows [Ts 3c] (high card Queen)
Apanage: shows [Ac 6c] (high card Ace)
Apanage collected $17.64 from pot
*** SUMMARY ***
Total pot $18 | Rake $0.36
Board [Qh 9s 8h 5h 2s]
Seat 1: manly70 (big blind) showed [Ts 3c] and lost with high card Queen
Seat 3: Apanage (button) (small blind) showed [Ac 6c] and won ($17.64) with high card Ace


PokerStars Hand #174250449967:  Hold'em Limit ($3/$6 USD) - 2017/08/12 15:32:00 ET
Table 'Galilea' 6-max Seat #3 is the button
Seat 1: manly70 ($102.98 in chips)
Seat 3: Apanage ($198.45 in chips)
Apanage: posts small blind $1
manly70: posts big blind $3
*** HOLE CARDS ***
Apanage: raises $3 to $6
manly70: calls $3
*** FLOP *** [6d Kd Qc]
manly70: checks
Apanage: bets $3
manly70: raises $3 to $6
Apanage: folds
Uncalled bet ($3) returned to manly70
manly70 collected $17.64 from pot
*** SUMMARY ***
Total pot $18 | Rake $0.36
Board [6d Kd Qc]
Seat 1: manly70 (big blind) collected ($17.64)
Seat 3: Apanage (button) (small blind) folded on the Flop


PokerStars Hand #174250463066:  Hold'em Limit ($3/$6 USD) - 2017/08/12 15:32:17 ET
Table 'Galilea' 6-max Seat #1 is the button
Seat 1: manly70 ($111.62 in chips)
Seat 3: Apanage ($189.45 in chips)
manly70: posts small blind $1
Apanage: posts big blind $3
*** HOLE CARDS ***
manly70: raises $3 to $6
Apanage: calls $3
*** FLOP *** [8s 5s 7d]
Apanage: checks
NAUTJE1337 joins the table at seat #6
manly70: checks
*** TURN *** [8s 5s 7d] [Ks]
Apanage: checks
manly70: checks
*** RIVER *** [8s 5s 7d Ks] [7s]
Apanage: bets $6
manly70: folds
Uncalled bet ($6) returned to Apanage
Apanage collected $11.76 from pot
Apanage: doesn't show hand
*** SUMMARY ***
Total pot $12 | Rake $0.24
Board [8s 5s 7d Ks 7s]
Seat 1: manly70 (button) (small blind) folded on the River
Seat 3: Apanage (big blind) collected ($11.76)


PokerStars Hand #174250532502:  Hold'em Limit ($3/$6 USD) - 2017/08/12 15:33:49 ET
Table 'Galilea' 6-max Seat #1 is the button
Seat 1: manly70 ($79.62 in chips)
Seat 6: NAUTJE1337 ($48.52 in chips)
manly70: posts small blind $1
NAUTJE1337: posts big blind $3
*** HOLE CARDS ***
manly70: raises $3 to $6
NAUTJE1337: raises $3 to $9
manly70: calls $3
*** FLOP *** [7s Tc Ac]
NAUTJE1337: bets $3
manly70: folds
Uncalled bet ($3) returned to NAUTJE1337
NAUTJE1337 collected $17.64 from pot
NAUTJE1337: doesn't show hand
*** SUMMARY ***
Total pot $18 | Rake $0.36
Board [7s Tc Ac]
Seat 1: manly70 (button) (small blind) folded on the Flop
Seat 6: NAUTJE1337 (big blind) collected ($17.64)


PokerStars Hand #174250527632:  Hold'em Limit ($3/$6 USD) - 2017/08/12 15:33:43 ET
Table 'Galilea' 6-max Seat #6 is the button
Seat 1: manly70 ($78.62 in chips)
Seat 6: NAUTJE1337 ($49.52 in chips)
NAUTJE1337: posts small blind $1
manly70: posts big blind $3
*** HOLE CARDS ***
NAUTJE1337: folds
Uncalled bet ($2) returned to manly70
manly70 collected $2 from pot
*** SUMMARY ***
Total pot $2 | Rake $0
Seat 1: manly70 (big blind) collected ($2)
Seat 6: NAUTJE1337 (button) (small blind) folded before Flop


PokerStars Hand #174250516517:  Hold'em Limit ($3/$6 USD) - 2017/08/12 15:33:28 ET
Table 'Galilea' 6-max Seat #1 is the button
Seat 1: manly70 ($90.62 in chips)
Seat 6: NAUTJE1337 ($38 in chips)
manly70: posts small blind $1
Apanage: is sitting out
NAUTJE1337: posts big blind $3
*** HOLE CARDS ***
manly70: raises $3 to $6
NAUTJE1337: raises $3 to $9
Apanage leaves the table
manly70: calls $3
*** FLOP *** [7c Qs Qc]
NAUTJE1337: bets $3
manly70: calls $3
*** TURN *** [7c Qs Qc] [Jc]
NAUTJE1337: bets $6
manly70: folds
Uncalled bet ($6) returned to NAUTJE1337
NAUTJE1337 collected $23.52 from pot
NAUTJE1337: doesn't show hand
*** SUMMARY ***
Total pot $24 | Rake $0.48
Board [7c Qs Qc Jc]
Seat 1: manly70 (button) (small blind) folded on the Turn
Seat 6: NAUTJE1337 (big blind) collected ($23.52)


PokerStars Hand #174250542723:  Hold'em Limit ($3/$6 USD) - 2017/08/12 15:34:03 ET
Table 'Galilea' 6-max Seat #6 is the button
Seat 1: manly70 ($70.62 in chips)
Seat 6: NAUTJE1337 ($57.16 in chips)
NAUTJE1337: posts small blind $1
manly70: posts big blind $3
*** HOLE CARDS ***
NAUTJE1337: raises $3 to $6
manly70: calls $3
*** FLOP *** [As 3s 3c]
manly70: checks
NAUTJE1337: bets $3
manly70: calls $3
*** TURN *** [As 3s 3c] [7h]
manly70: checks
NAUTJE1337: bets $6
manly70: raises $6 to $12
NAUTJE1337: raises $6 to $18
manly70: raises $6 to $24
Betting is capped
NAUTJE1337: calls $6
*** RIVER *** [As 3s 3c 7h] [3h]
manly70: bets $6
NAUTJE1337: raises $6 to $12
manly70: raises $6 to $18
NAUTJE1337: calls $6
*** SHOW DOWN ***
manly70: shows [3d 5s] (four of a kind, Threes)
NAUTJE1337: mucks hand
manly70 collected $101.50 from pot
*** SUMMARY ***
Total pot $102 | Rake $0.50
Board [As 3s 3c 7h 3h]
Seat 1: manly70 (big blind) showed [3d 5s] and won ($101.50) with four of a kind, Threes
Seat 6: NAUTJE1337 (button) (small blind) mucked


PokerStars Hand #174250587391:  Hold'em Limit ($3/$6 USD) - 2017/08/12 15:35:02 ET
Table 'Galilea' 6-max Seat #6 is the button
Seat 1: manly70 ($127.03 in chips)
Seat 6: NAUTJE1337 ($48 in chips)
NAUTJE1337: posts small blind $1
manly70: posts big blind $3
*** HOLE CARDS ***
NAUTJE1337: folds
Uncalled bet ($2) returned to manly70
manly70 collected $2 from pot
*** SUMMARY ***
Total pot $2 | Rake $0
Seat 1: manly70 (big blind) collected ($2)
Seat 6: NAUTJE1337 (button) (small blind) folded before Flop


PokerStars Hand #174250566552:  Hold'em Limit ($3/$6 USD) - 2017/08/12 15:34:34 ET
Table 'Galilea' 6-max Seat #1 is the button
Seat 1: manly70 ($121.12 in chips)
Seat 6: NAUTJE1337 ($6.16 in chips)
manly70: posts small blind $1
NAUTJE1337: posts big blind $3
*** HOLE CARDS ***
manly70: raises $3 to $6
NAUTJE1337: raises $0.16 to $6.16 and is all-in
manly70: calls $0.16
*** FLOP *** [5d 4c Ad]
*** TURN *** [5d 4c Ad] [Tc]
*** RIVER *** [5d 4c Ad Tc] [6d]
*** SHOW DOWN ***
NAUTJE1337: shows [2s Js] (high card Ace)
manly70: shows [8h 7s] (a straight, Four to Eight)
manly70 collected $12.07 from pot
*** SUMMARY ***
Total pot $12.32 | Rake $0.25
Board [5d 4c Ad Tc 6d]
Seat 1: manly70 (button) (small blind) showed [8h 7s] and won ($12.07) with a straight, Four to Eight
Seat 6: NAUTJE1337 (big blind) showed [2s Js] and lost with high card Ace


PokerStars Hand #174250604653:  Hold'em Limit ($3/$6 USD) - 2017/08/12 15:35:24 ET
Table 'Galilea' 6-max Seat #6 is the button
Seat 1: manly70 ($127.78 in chips)
Seat 6: NAUTJE1337 ($46.75 in chips)
NAUTJE1337: posts small blind $1
manly70: posts big blind $3
*** HOLE CARDS ***
NAUTJE1337: raises $3 to $6
manly70: raises $3 to $9
NAUTJE1337: calls $3
*** FLOP *** [Ac 5s 6d]
manly70: bets $3
NAUTJE1337: calls $3
*** TURN *** [Ac 5s 6d] [8s]
sienvan joins the table at seat #3
manly70: bets $6
NAUTJE1337: calls $6
*** RIVER *** [Ac 5s 6d 8s] [Td]
manly70: bets $6
NAUTJE1337: calls $6
*** SHOW DOWN ***
manly70: shows [7d 7c] (a pair of Sevens)
NAUTJE1337: mucks hand
manly70 collected $47.50 from pot
*** SUMMARY ***
Total pot $48 | Rake $0.50
Board [Ac 5s 6d 8s Td]
Seat 1: manly70 (big blind) showed [7d 7c] and won ($47.50) with a pair of Sevens
Seat 6: NAUTJE1337 (button) (small blind) mucked


PokerStars Hand #174250591174:  Hold'em Limit ($3/$6 USD) - 2017/08/12 15:35:06 ET
Table 'Galilea' 6-max Seat #1 is the button
Seat 1: manly70 ($128.03 in chips)
Seat 6: NAUTJE1337 ($47 in chips)
manly70: posts small blind $1
NAUTJE1337: posts big blind $3
*** HOLE CARDS ***
manly70: raises $3 to $6
NAUTJE1337: raises $3 to $9
manly70: calls $3
*** FLOP *** [4d 3s 4c]
NAUTJE1337: bets $3
manly70: calls $3
*** TURN *** [4d 3s 4c] [4h]
NAUTJE1337: bets $6
manly70: calls $6
*** RIVER *** [4d 3s 4c 4h] [3d]
NAUTJE1337: bets $6
manly70: calls $6
*** SHOW DOWN ***
NAUTJE1337: shows [Ac 5s] (a full house, Fours full of Threes)
manly70: shows [Ah 8h] (a full house, Fours full of Threes)
NAUTJE1337 collected $23.75 from pot
manly70 collected $23.75 from pot
*** SUMMARY ***
Total pot $48 | Rake $0.50
Board [4d 3s 4c 4h 3d]
Seat 1: manly70 (button) (small blind) showed [Ah 8h] and won ($23.75) with a full house, Fours full of Threes
Seat 6: NAUTJE1337 (big blind) showed [Ac 5s] and won ($23.75) with a full house, Fours full of Threes


PokerStars Hand #174250711296:  Hold'em Limit ($3/$6 USD) - 2017/08/12 15:37:48 ET
Table 'Galilea' 6-max Seat #3 is the button
Seat 1: manly70 ($186.95 in chips)
Seat 3: sienvan ($13 in chips)
sienvan: posts small blind $1
manly70: posts big blind $3
*** HOLE CARDS ***
sienvan: raises $3 to $6
manly70: calls $3
*** FLOP *** [Ts 4c 3c]
manly70: checks
sienvan: checks
*** TURN *** [Ts 4c 3c] [7h]
manly70: bets $6
sienvan: calls $6
*** RIVER *** [Ts 4c 3c 7h] [Tc]
manly70: bets $6
sienvan: calls $1 and is all-in
Uncalled bet ($5) returned to manly70
*** SHOW DOWN ***
manly70: shows [Jd Th] (three of a kind, Tens)
sienvan: shows [5h Ad] (a pair of Tens)
manly70 collected $25.50 from pot
*** SUMMARY ***
Total pot $26 | Rake $0.50
Board [Ts 4c 3c 7h Tc]
Seat 1: manly70 (big blind) showed [Jd Th] and won ($25.50) with three of a kind, Tens
Seat 3: sienvan (button) (small blind) showed [5h Ad] and lost with a pair of Tens


PokerStars Hand #174250706399:  Hold'em Limit ($3/$6 USD) - 2017/08/12 15:37:42 ET
Table 'Galilea' 6-max Seat #1 is the button
Seat 1: manly70 ($183.95 in chips)
Seat 3: sienvan ($16 in chips)
manly70: posts small blind $1
sienvan: posts big blind $3
*** HOLE CARDS ***
manly70: raises $3 to $6
sienvan: folds
Uncalled bet ($3) returned to manly70
manly70 collected $6 from pot
*** SUMMARY ***
Total pot $6 | Rake $0
Seat 1: manly70 (button) (small blind) collected ($6)
Seat 3: sienvan (big blind) folded before Flop


PokerStars Hand #174250701850:  Hold'em Limit ($3/$6 USD) - 2017/08/12 15:37:36 ET
Table 'Galilea' 6-max Seat #3 is the button
Seat 1: manly70 ($182.95 in chips)
Seat 3: sienvan ($17 in chips)
sienvan: posts small blind $1
manly70: posts big blind $3
NAUTJE1337 leaves the table
*** HOLE CARDS ***
sienvan: folds
Uncalled bet ($2) returned to manly70
manly70 collected $2 from pot
*** SUMMARY ***
Total pot $2 | Rake $0
Seat 1: manly70 (big blind) collected ($2)
Seat 3: sienvan (button) (small blind) folded before Flop


PokerStars Hand #174250744868:  Hold'em Limit ($3/$6 USD) - 2017/08/12 15:38:33 ET
Table 'Galilea' 6-max Seat #3 is the button
Seat 1: manly70 ($198.45 in chips)
Seat 3: sienvan ($31 in chips)
sienvan: posts small blind $1
manly70: posts big blind $3
*** HOLE CARDS ***
sienvan: raises $3 to $6
manly70: calls $3
*** FLOP *** [Th 5c As]
manly70: checks
sienvan: bets $3
manly70: folds
Uncalled bet ($3) returned to sienvan
sienvan collected $11.76 from pot
sienvan: doesn't show hand
*** SUMMARY ***
Total pot $12 | Rake $0.24
Board [Th 5c As]
Seat 1: manly70 (big blind) folded on the Flop
Seat 3: sienvan (button) (small blind) collected ($11.76)


PokerStars Hand #174250737590:  Hold'em Limit ($3/$6 USD) - 2017/08/12 15:38:24 ET
Table 'Galilea' 6-max Seat #1 is the button
Seat 1: manly70 ($199.45 in chips)
Seat 3: sienvan ($30 in chips)
manly70: posts small blind $1
sienvan: posts big blind $3
*** HOLE CARDS ***
manly70: folds
Uncalled bet ($2) returned to sienvan
sienvan collected $2 from pot
sienvan: doesn't show hand
*** SUMMARY ***
Total pot $2 | Rake $0
Seat 1: manly70 (button) (small blind) folded before Flop
Seat 3: sienvan (big blind) collected ($2)


PokerStars Hand #174250753121:  Hold'em Limit ($3/$6 USD) - 2017/08/12 15:38:44 ET
Table 'Galilea' 6-max Seat #1 is the button
Seat 1: manly70 ($192.45 in chips)
Seat 3: sienvan ($36.76 in chips)
manly70: posts small blind $1
sienvan: posts big blind $3
*** HOLE CARDS ***
manly70: raises $3 to $6
sienvan: calls $3
*** FLOP *** [7c 4h 5s]
sienvan: checks
manly70: checks
*** TURN *** [7c 4h 5s] [8c]
sienvan: bets $6
manly70: calls $6
*** RIVER *** [7c 4h 5s 8c] [9s]
sienvan: checks
manly70: checks
*** SHOW DOWN ***
sienvan: shows [Qh 3h] (high card Queen)
manly70: shows [Kd Ts] (high card King)
SANKO2009 joins the table at seat #2
manly70 collected $23.52 from pot
*** SUMMARY ***
Total pot $24 | Rake $0.48
Board [7c 4h 5s 8c 9s]
Seat 1: manly70 (button) (small blind) showed [Kd Ts] and won ($23.52) with high card King
Seat 3: sienvan (big blind) showed [Qh 3h] and lost with high card Queen


PokerStars Hand #174250766060:  Hold'em Limit ($3/$6 USD) - 2017/08/12 15:39:02 ET
Table 'Galilea' 6-max Seat #3 is the button
Seat 1: manly70 ($203.97 in chips)
Seat 3: sienvan ($24.76 in chips)
sienvan: posts small blind $1
manly70: posts big blind $3
*** HOLE CARDS ***
sienvan: folds
Uncalled bet ($2) returned to manly70
manly70 collected $2 from pot
*** SUMMARY ***
Total pot $2 | Rake $0
Seat 1: manly70 (big blind) collected ($2)
Seat 3: sienvan (button) (small blind) folded before Flop


PokerStars Hand #174251891862:  Hold'em Limit ($3/$6 USD) - 2017/08/12 16:06:15 ET
Table 'Galilea' 6-max Seat #4 is the button
Seat 1: manly70 ($271.31 in chips)
Seat 4: belik555 ($118.90 in chips)
belik555: posts small blind $1
manly70: posts big blind $3
*** HOLE CARDS ***
belik555: raises $3 to $6
manly70: calls $3
*** FLOP *** [2s 6c Kc]
manly70: checks
belik555: bets $3
manly70: calls $3
*** TURN *** [2s 6c Kc] [Qs]
manly70: checks
belik555: checks
*** RIVER *** [2s 6c Kc Qs] [Jh]
manly70: checks
belik555: checks
*** SHOW DOWN ***
manly70: shows [8c 3c] (high card King)
belik555: mucks hand
manly70 collected $17.64 from pot
*** SUMMARY ***
Total pot $18 | Rake $0.36
Board [2s 6c Kc Qs Jh]
Seat 1: manly70 (big blind) showed [8c 3c] and won ($17.64) with high card King
Seat 4: belik555 (button) (small blind) mucked


PokerStars Hand #174252859308:  Hold'em Limit ($3/$6 USD) - 2017/08/12 16:28:09 ET
Table 'Galilea' 6-max Seat #4 is the button
Seat 4: moveoverover ($38.46 in chips)
Seat 5: sincity999 ($183.91 in chips)
Bassie830 will be allowed to play after the button
moveoverover: posts small blind $1
sincity999: posts big blind $3
*** HOLE CARDS ***
moveoverover: raises $3 to $6
sincity999: calls $3
*** FLOP *** [7d 9s 2d]
sincity999: checks
moveoverover: bets $3
sincity999: raises $3 to $6
moveoverover: calls $3
*** TURN *** [7d 9s 2d] [Kd]
sincity999: bets $6
sydd7 joins the table at seat #6
moveoverover: raises $6 to $12
sincity999: calls $6
*** RIVER *** [7d 9s 2d Kd] [4d]
belik555 joins the table at seat #1
sincity999: bets $6
moveoverover: raises $6 to $12
sincity999: calls $6
*** SHOW DOWN ***
moveoverover: shows [Ac Qh] (high card Ace)
sincity999: shows [Ts Jd] (a flush, King high)
sincity999 collected $71.50 from pot
*** SUMMARY ***
Total pot $72 | Rake $0.50
Board [7d 9s 2d Kd 4d]
Seat 4: moveoverover (button) (small blind) showed [Ac Qh] and lost with high card Ace
Seat 5: sincity999 (big blind) showed [Ts Jd] and won ($71.50) with a flush, King high


