PokerStars Hand #146603476953:  Hold'em Limit ($3/$6 USD) - 2016/01/06 22:10:52 ET
Table 'Galilea II' 2-max Seat #1 is the button
Seat 1: LifeisagameX ($54 in chips)
Seat 2: HARDGURU ($203.76 in chips)
LifeisagameX: posts small blind $1
HARDGURU: posts big blind $3
*** HOLE CARDS ***
LifeisagameX: raises $3 to $6
HARDGURU: calls $3
*** FLOP *** [Tc Th 3d]
HARDGURU: checks
LifeisagameX: bets $3
HARDGURU: calls $3
*** TURN *** [Tc Th 3d] [2s]
HARDGURU: checks
LifeisagameX: bets $6
HARDGURU: calls $6
*** RIVER *** [Tc Th 3d 2s] [Kc]
HARDGURU: bets $6
LifeisagameX: folds
Uncalled bet ($6) returned to HARDGURU
HARDGURU collected $29.50 from pot
HARDGURU: doesn't show hand
*** SUMMARY ***
Total pot $30 | Rake $0.50
Board [Tc Th 3d 2s Kc]
Seat 1: LifeisagameX (button) (small blind) folded on the River
Seat 2: HARDGURU (big blind) collected ($29.50)


PokerStars Hand #146603460893:  Hold'em Limit ($3/$6 USD) - 2016/01/06 22:10:15 ET
Table 'Galilea II' 2-max Seat #2 is the button
Seat 1: LifeisagameX ($60 in chips)
Seat 2: HARDGURU ($198 in chips)
HARDGURU: posts small blind $1
LifeisagameX: posts big blind $3
*** HOLE CARDS ***
HARDGURU: raises $3 to $6
LifeisagameX: calls $3
*** FLOP *** [Jc Ad 9s]
LifeisagameX: checks
HARDGURU: bets $3
LifeisagameX: folds
Uncalled bet ($3) returned to HARDGURU
HARDGURU collected $11.76 from pot
HARDGURU: doesn't show hand
*** SUMMARY ***
Total pot $12 | Rake $0.24
Board [Jc Ad 9s]
Seat 1: LifeisagameX (big blind) folded on the Flop
Seat 2: HARDGURU (button) (small blind) collected ($11.76)


PokerStars Hand #146603496025:  Hold'em Limit ($3/$6 USD) - 2016/01/06 22:11:37 ET
Table 'Galilea II' 2-max Seat #2 is the button
Seat 1: LifeisagameX ($39 in chips)
Seat 2: HARDGURU ($218.26 in chips)
HARDGURU: posts small blind $1
LifeisagameX: posts big blind $3
*** HOLE CARDS ***
HARDGURU: calls $2
LifeisagameX: checks
*** FLOP *** [2s 9h Jh]
LifeisagameX: checks
HARDGURU: checks
*** TURN *** [2s 9h Jh] [Js]
LifeisagameX: checks
HARDGURU: checks
*** RIVER *** [2s 9h Jh Js] [2h]
LifeisagameX: bets $6
HARDGURU: folds
Uncalled bet ($6) returned to LifeisagameX
LifeisagameX collected $5.88 from pot
LifeisagameX: doesn't show hand
*** SUMMARY ***
Total pot $6 | Rake $0.12
Board [2s 9h Jh Js 2h]
Seat 1: LifeisagameX (big blind) collected ($5.88)
Seat 2: HARDGURU (button) (small blind) folded on the River


PokerStars Hand #146603520251:  Hold'em Limit ($3/$6 USD) - 2016/01/06 22:12:35 ET
Table 'Galilea II' 2-max Seat #1 is the button
Seat 1: LifeisagameX ($41.88 in chips)
Seat 2: HARDGURU ($215.26 in chips)
LifeisagameX: posts small blind $1
HARDGURU: posts big blind $3
*** HOLE CARDS ***
LifeisagameX: raises $3 to $6
HARDGURU: calls $3
*** FLOP *** [Qd Ts 6c]
HARDGURU: checks
LifeisagameX: checks
*** TURN *** [Qd Ts 6c] [2s]
HARDGURU: bets $6
LifeisagameX: calls $6
*** RIVER *** [Qd Ts 6c 2s] [5d]
HARDGURU: checks
LifeisagameX: bets $6
HARDGURU: folds
Uncalled bet ($6) returned to LifeisagameX
LifeisagameX collected $23.52 from pot
LifeisagameX: doesn't show hand
*** SUMMARY ***
Total pot $24 | Rake $0.48
Board [Qd Ts 6c 2s 5d]
Seat 1: LifeisagameX (button) (small blind) collected ($23.52)
Seat 2: HARDGURU (big blind) folded on the River


PokerStars Hand #146603568162:  Hold'em Limit ($3/$6 USD) - 2016/01/06 22:14:28 ET
Table 'Galilea II' 2-max Seat #2 is the button
Seat 1: LifeisagameX ($73.56 in chips)
Seat 2: HARDGURU ($182.26 in chips)
HARDGURU: posts small blind $1
LifeisagameX: posts big blind $3
*** HOLE CARDS ***
HARDGURU: raises $3 to $6
LifeisagameX: calls $3
*** FLOP *** [8s 9h 4d]
LifeisagameX: checks
HARDGURU: bets $3
LifeisagameX: folds
Uncalled bet ($3) returned to HARDGURU
HARDGURU collected $11.76 from pot
HARDGURU: doesn't show hand
*** SUMMARY ***
Total pot $12 | Rake $0.24
Board [8s 9h 4d]
Seat 1: LifeisagameX (big blind) folded on the Flop
Seat 2: HARDGURU (button) (small blind) collected ($11.76)


PokerStars Hand #146603553549:  Hold'em Limit ($3/$6 USD) - 2016/01/06 22:13:54 ET
Table 'Galilea II' 2-max Seat #1 is the button
Seat 1: LifeisagameX ($62.04 in chips)
Seat 2: HARDGURU ($194.26 in chips)
LifeisagameX: posts small blind $1
HARDGURU: posts big blind $3
*** HOLE CARDS ***
LifeisagameX: raises $3 to $6
HARDGURU: calls $3
*** FLOP *** [6s 7h 7s]
HARDGURU: checks
LifeisagameX: checks
*** TURN *** [6s 7h 7s] [6h]
HARDGURU: bets $6
LifeisagameX: calls $6
*** RIVER *** [6s 7h 7s 6h] [3c]
HARDGURU: checks
LifeisagameX: bets $6
HARDGURU: folds
Uncalled bet ($6) returned to LifeisagameX
LifeisagameX collected $23.52 from pot
LifeisagameX: doesn't show hand
*** SUMMARY ***
Total pot $24 | Rake $0.48
Board [6s 7h 7s 6h 3c]
Seat 1: LifeisagameX (button) (small blind) collected ($23.52)
Seat 2: HARDGURU (big blind) folded on the River


PokerStars Hand #146603534659:  Hold'em Limit ($3/$6 USD) - 2016/01/06 22:13:09 ET
Table 'Galilea II' 2-max Seat #2 is the button
Seat 1: LifeisagameX ($53.40 in chips)
Seat 2: HARDGURU ($203.26 in chips)
HARDGURU: posts small blind $1
LifeisagameX: posts big blind $3
*** HOLE CARDS ***
HARDGURU: raises $3 to $6
LifeisagameX: calls $3
*** FLOP *** [As Jc 3h]
LifeisagameX: checks
HARDGURU: bets $3
LifeisagameX: calls $3
*** TURN *** [As Jc 3h] [8h]
LifeisagameX: checks
HARDGURU: checks
*** RIVER *** [As Jc 3h 8h] [6d]
LifeisagameX: bets $6
HARDGURU: folds
Uncalled bet ($6) returned to LifeisagameX
LifeisagameX collected $17.64 from pot
LifeisagameX: doesn't show hand
*** SUMMARY ***
Total pot $18 | Rake $0.36
Board [As Jc 3h 8h 6d]
Seat 1: LifeisagameX (big blind) collected ($17.64)
Seat 2: HARDGURU (button) (small blind) folded on the River


PokerStars Hand #146603580121:  Hold'em Limit ($3/$6 USD) - 2016/01/06 22:14:57 ET
Table 'Galilea II' 2-max Seat #2 is the button
Seat 1: LifeisagameX ($66.56 in chips)
Seat 2: HARDGURU ($189.02 in chips)
HARDGURU: posts small blind $1
LifeisagameX: posts big blind $3
*** HOLE CARDS ***
HARDGURU: raises $3 to $6
LifeisagameX: folds
Uncalled bet ($3) returned to HARDGURU
HARDGURU collected $6 from pot
HARDGURU: doesn't show hand
*** SUMMARY ***
Total pot $6 | Rake $0
Seat 1: LifeisagameX (big blind) folded before Flop
Seat 2: HARDGURU (button) (small blind) collected ($6)


PokerStars Hand #146603576233:  Hold'em Limit ($3/$6 USD) - 2016/01/06 22:14:48 ET
Table 'Galilea II' 2-max Seat #1 is the button
Seat 1: LifeisagameX ($67.56 in chips)
Seat 2: HARDGURU ($188.02 in chips)
LifeisagameX: posts small blind $1
HARDGURU: posts big blind $3
*** HOLE CARDS ***
LifeisagameX: folds
Uncalled bet ($2) returned to HARDGURU
HARDGURU collected $2 from pot
HARDGURU: doesn't show hand
*** SUMMARY ***
Total pot $2 | Rake $0
Seat 1: LifeisagameX (button) (small blind) folded before Flop
Seat 2: HARDGURU (big blind) collected ($2)


PokerStars Hand #146603605528:  Hold'em Limit ($3/$6 USD) - 2016/01/06 22:15:57 ET
Table 'Galilea II' 2-max Seat #1 is the button
Seat 1: LifeisagameX ($55.56 in chips)
Seat 2: HARDGURU ($199.66 in chips)
LifeisagameX: posts small blind $1
HARDGURU: posts big blind $3
*** HOLE CARDS ***
LifeisagameX: raises $3 to $6
HARDGURU: calls $3
*** FLOP *** [Ah 9d Qh]
HARDGURU: checks
LifeisagameX: bets $3
HARDGURU: folds
Uncalled bet ($3) returned to LifeisagameX
LifeisagameX collected $11.76 from pot
LifeisagameX: doesn't show hand
*** SUMMARY ***
Total pot $12 | Rake $0.24
Board [Ah 9d Qh]
Seat 1: LifeisagameX (button) (small blind) collected ($11.76)
Seat 2: HARDGURU (big blind) folded on the Flop


PokerStars Hand #146603603111:  Hold'em Limit ($3/$6 USD) - 2016/01/06 22:15:51 ET
Table 'Galilea II' 2-max Seat #2 is the button
Seat 1: LifeisagameX ($54.56 in chips)
Seat 2: HARDGURU ($200.66 in chips)
HARDGURU: posts small blind $1
LifeisagameX: posts big blind $3
*** HOLE CARDS ***
HARDGURU: folds
Uncalled bet ($2) returned to LifeisagameX
LifeisagameX collected $2 from pot
LifeisagameX: doesn't show hand
*** SUMMARY ***
Total pot $2 | Rake $0
Seat 1: LifeisagameX (big blind) collected ($2)
Seat 2: HARDGURU (button) (small blind) folded before Flop


PokerStars Hand #146603585467:  Hold'em Limit ($3/$6 USD) - 2016/01/06 22:15:09 ET
Table 'Galilea II' 2-max Seat #1 is the button
Seat 1: LifeisagameX ($63.56 in chips)
Seat 2: HARDGURU ($192.02 in chips)
LifeisagameX: posts small blind $1
HARDGURU: posts big blind $3
*** HOLE CARDS ***
LifeisagameX: raises $3 to $6
HARDGURU: calls $3
*** FLOP *** [Qh 4c Ks]
HARDGURU: checks
LifeisagameX: bets $3
HARDGURU: calls $3
*** TURN *** [Qh 4c Ks] [Jd]
HARDGURU: checks
LifeisagameX: checks
*** RIVER *** [Qh 4c Ks Jd] [9c]
HARDGURU: bets $6
LifeisagameX: folds
Uncalled bet ($6) returned to HARDGURU
HARDGURU collected $17.64 from pot
HARDGURU: doesn't show hand
*** SUMMARY ***
Total pot $18 | Rake $0.36
Board [Qh 4c Ks Jd 9c]
Seat 1: LifeisagameX (button) (small blind) folded on the River
Seat 2: HARDGURU (big blind) collected ($17.64)


PokerStars Hand #146603636092:  Hold'em Limit ($3/$6 USD) - 2016/01/06 22:17:10 ET
Table 'Galilea II' 2-max Seat #1 is the button
Seat 1: LifeisagameX ($39.32 in chips)
Seat 2: HARDGURU ($215.16 in chips)
LifeisagameX: posts small blind $1
HARDGURU: posts big blind $3
*** HOLE CARDS ***
LifeisagameX: raises $3 to $6
HARDGURU: calls $3
*** FLOP *** [Ad 3d 2s]
HARDGURU: checks
LifeisagameX: bets $3
HARDGURU: calls $3
*** TURN *** [Ad 3d 2s] [Qd]
HARDGURU: checks
LifeisagameX: checks
*** RIVER *** [Ad 3d 2s Qd] [6s]
HARDGURU: bets $6
LifeisagameX: folds
Uncalled bet ($6) returned to HARDGURU
HARDGURU collected $17.64 from pot
HARDGURU: doesn't show hand
*** SUMMARY ***
Total pot $18 | Rake $0.36
Board [Ad 3d 2s Qd 6s]
Seat 1: LifeisagameX (button) (small blind) folded on the River
Seat 2: HARDGURU (big blind) collected ($17.64)


PokerStars Hand #146603633572:  Hold'em Limit ($3/$6 USD) - 2016/01/06 22:17:04 ET
Table 'Galilea II' 2-max Seat #2 is the button
Seat 1: LifeisagameX ($42.32 in chips)
Seat 2: HARDGURU ($212.16 in chips)
HARDGURU: posts small blind $1
LifeisagameX: posts big blind $3
*** HOLE CARDS ***
HARDGURU: raises $3 to $6
LifeisagameX: folds
Uncalled bet ($3) returned to HARDGURU
HARDGURU collected $6 from pot
HARDGURU: doesn't show hand
*** SUMMARY ***
Total pot $6 | Rake $0
Seat 1: LifeisagameX (big blind) folded before Flop
Seat 2: HARDGURU (button) (small blind) collected ($6)


PokerStars Hand #146603629307:  Hold'em Limit ($3/$6 USD) - 2016/01/06 22:16:53 ET
Table 'Galilea II' 2-max Seat #1 is the button
Seat 1: LifeisagameX ($43.32 in chips)
Seat 2: HARDGURU ($211.16 in chips)
LifeisagameX: posts small blind $1
HARDGURU: posts big blind $3
*** HOLE CARDS ***
LifeisagameX: folds
Uncalled bet ($2) returned to HARDGURU
HARDGURU collected $2 from pot
HARDGURU: doesn't show hand
*** SUMMARY ***
Total pot $2 | Rake $0
Seat 1: LifeisagameX (button) (small blind) folded before Flop
Seat 2: HARDGURU (big blind) collected ($2)


PokerStars Hand #146603614151:  Hold'em Limit ($3/$6 USD) - 2016/01/06 22:16:17 ET
Table 'Galilea II' 2-max Seat #2 is the button
Seat 1: LifeisagameX ($61.32 in chips)
Seat 2: HARDGURU ($193.66 in chips)
HARDGURU: posts small blind $1
LifeisagameX: posts big blind $3
*** HOLE CARDS ***
HARDGURU: raises $3 to $6
LifeisagameX: raises $3 to $9
HARDGURU: calls $3
*** FLOP *** [Th 4h 7h]
LifeisagameX: bets $3
HARDGURU: calls $3
*** TURN *** [Th 4h 7h] [9h]
LifeisagameX: checks
HARDGURU: bets $6
LifeisagameX: calls $6
*** RIVER *** [Th 4h 7h 9h] [3c]
LifeisagameX: checks
HARDGURU: checks
*** SHOW DOWN ***
LifeisagameX: shows [As 9s] (a pair of Nines)
HARDGURU: shows [Ac Ts] (a pair of Tens)
HARDGURU collected $35.50 from pot
*** SUMMARY ***
Total pot $36 | Rake $0.50
Board [Th 4h 7h 9h 3c]
Seat 1: LifeisagameX (big blind) showed [As 9s] and lost with a pair of Nines
Seat 2: HARDGURU (button) (small blind) showed [Ac Ts] and won ($35.50) with a pair of Tens


PokerStars Hand #146604126601:  Hold'em Limit ($3/$6 USD) - 2016/01/06 22:37:42 ET
Table 'Galilea II' 2-max Seat #2 is the button
Seat 1: LifeisagameX ($30.32 in chips)
Seat 2: HARDGURU ($198 in chips)
HARDGURU: posts small blind $1
LifeisagameX: posts big blind $3
*** HOLE CARDS ***
HARDGURU: raises $3 to $6
LifeisagameX: calls $3
*** FLOP *** [Ts 3h Jh]
LifeisagameX: checks
HARDGURU: bets $3
LifeisagameX: folds
Uncalled bet ($3) returned to HARDGURU
HARDGURU collected $11.76 from pot
HARDGURU: doesn't show hand
*** SUMMARY ***
Total pot $12 | Rake $0.24
Board [Ts 3h Jh]
Seat 1: LifeisagameX (big blind) folded on the Flop
Seat 2: HARDGURU (button) (small blind) collected ($11.76)


PokerStars Hand #146604134340:  Hold'em Limit ($3/$6 USD) - 2016/01/06 22:38:02 ET
Table 'Galilea II' 2-max Seat #1 is the button
Seat 1: LifeisagameX ($24.32 in chips)
Seat 2: HARDGURU ($203.76 in chips)
LifeisagameX: posts small blind $1
HARDGURU: posts big blind $3
*** HOLE CARDS ***
LifeisagameX: raises $3 to $6
HARDGURU: calls $3
*** FLOP *** [3h 2s Kh]
HARDGURU: checks
LifeisagameX: bets $3
HARDGURU: calls $3
*** TURN *** [3h 2s Kh] [Qc]
HARDGURU: checks
LifeisagameX: bets $6
HARDGURU: folds
Uncalled bet ($6) returned to LifeisagameX
LifeisagameX collected $17.64 from pot
LifeisagameX: doesn't show hand
*** SUMMARY ***
Total pot $18 | Rake $0.36
Board [3h 2s Kh Qc]
Seat 1: LifeisagameX (button) (small blind) collected ($17.64)
Seat 2: HARDGURU (big blind) folded on the Turn


PokerStars Hand #146604154314:  Hold'em Limit ($3/$6 USD) - 2016/01/06 22:38:55 ET
Table 'Galilea II' 2-max Seat #1 is the button
Seat 1: LifeisagameX ($29.96 in chips)
Seat 2: HARDGURU ($197.76 in chips)
LifeisagameX: posts small blind $1
HARDGURU: posts big blind $3
*** HOLE CARDS ***
LifeisagameX: raises $3 to $6
HARDGURU: calls $3
*** FLOP *** [5h 4s 9s]
HARDGURU: checks
LifeisagameX: bets $3
HARDGURU: calls $3
*** TURN *** [5h 4s 9s] [8d]
HARDGURU: checks
LifeisagameX: bets $6
HARDGURU: calls $6
*** RIVER *** [5h 4s 9s 8d] [As]
HARDGURU: checks
LifeisagameX: bets $6
HARDGURU: raises $6 to $12
LifeisagameX: calls $6
*** SHOW DOWN ***
HARDGURU: shows [Js 2s] (a flush, Ace high)
LifeisagameX: mucks hand
HARDGURU collected $53.50 from pot
*** SUMMARY ***
Total pot $54 | Rake $0.50
Board [5h 4s 9s 8d As]
Seat 1: LifeisagameX (button) (small blind) mucked
Seat 2: HARDGURU (big blind) showed [Js 2s] and won ($53.50) with a flush, Ace high


PokerStars Hand #146604150184:  Hold'em Limit ($3/$6 USD) - 2016/01/06 22:38:44 ET
Table 'Galilea II' 2-max Seat #2 is the button
Seat 1: LifeisagameX ($32.96 in chips)
Seat 2: HARDGURU ($194.76 in chips)
HARDGURU: posts small blind $1
LifeisagameX: posts big blind $3
*** HOLE CARDS ***
HARDGURU: raises $3 to $6
LifeisagameX: folds
Uncalled bet ($3) returned to HARDGURU
HARDGURU collected $6 from pot
HARDGURU: doesn't show hand
*** SUMMARY ***
Total pot $6 | Rake $0
Seat 1: LifeisagameX (big blind) folded before Flop
Seat 2: HARDGURU (button) (small blind) collected ($6)


PokerStars Hand #146604146867:  Hold'em Limit ($3/$6 USD) - 2016/01/06 22:38:35 ET
Table 'Galilea II' 2-max Seat #1 is the button
Seat 1: LifeisagameX ($33.96 in chips)
Seat 2: HARDGURU ($193.76 in chips)
LifeisagameX: posts small blind $1
HARDGURU: posts big blind $3
*** HOLE CARDS ***
LifeisagameX: folds
Uncalled bet ($2) returned to HARDGURU
HARDGURU collected $2 from pot
HARDGURU: doesn't show hand
*** SUMMARY ***
Total pot $2 | Rake $0
Seat 1: LifeisagameX (button) (small blind) folded before Flop
Seat 2: HARDGURU (big blind) collected ($2)


PokerStars Hand #146604144642:  Hold'em Limit ($3/$6 USD) - 2016/01/06 22:38:29 ET
Table 'Galilea II' 2-max Seat #2 is the button
Seat 1: LifeisagameX ($32.96 in chips)
Seat 2: HARDGURU ($194.76 in chips)
HARDGURU: posts small blind $1
LifeisagameX: posts big blind $3
*** HOLE CARDS ***
HARDGURU: folds
Uncalled bet ($2) returned to LifeisagameX
LifeisagameX collected $2 from pot
LifeisagameX: doesn't show hand
*** SUMMARY ***
Total pot $2 | Rake $0
Seat 1: LifeisagameX (big blind) collected ($2)
Seat 2: HARDGURU (button) (small blind) folded before Flop


PokerStars Hand #146604180317:  Hold'em Limit ($3/$6 USD) - 2016/01/06 22:40:03 ET
Table 'Galilea II' 2-max Seat #1 is the button
Seat 1: LifeisagameX ($68.72 in chips)
Seat 2: HARDGURU ($218.26 in chips)
LifeisagameX: posts small blind $1
HARDGURU: posts big blind $3
*** HOLE CARDS ***
LifeisagameX: raises $3 to $6
HARDGURU: calls $3
*** FLOP *** [2c 3h 2h]
HARDGURU: checks
LifeisagameX: bets $3
HARDGURU: folds
Uncalled bet ($3) returned to LifeisagameX
LifeisagameX collected $11.76 from pot
LifeisagameX: doesn't show hand
*** SUMMARY ***
Total pot $12 | Rake $0.24
Board [2c 3h 2h]
Seat 1: LifeisagameX (button) (small blind) collected ($11.76)
Seat 2: HARDGURU (big blind) folded on the Flop


PokerStars Hand #146604168168:  Hold'em Limit ($3/$6 USD) - 2016/01/06 22:39:31 ET
Table 'Galilea II' 2-max Seat #2 is the button
Seat 1: LifeisagameX ($62.96 in chips)
Seat 2: HARDGURU ($224.26 in chips)
HARDGURU: posts small blind $1
LifeisagameX: posts big blind $3
*** HOLE CARDS ***
HARDGURU: raises $3 to $6
LifeisagameX: calls $3
*** FLOP *** [5c 4d 3s]
LifeisagameX: checks
HARDGURU: checks
*** TURN *** [5c 4d 3s] [8c]
LifeisagameX: bets $6
HARDGURU: folds
Uncalled bet ($6) returned to LifeisagameX
LifeisagameX collected $11.76 from pot
LifeisagameX: doesn't show hand
*** SUMMARY ***
Total pot $12 | Rake $0.24
Board [5c 4d 3s 8c]
Seat 1: LifeisagameX (big blind) collected ($11.76)
Seat 2: HARDGURU (button) (small blind) folded on the Turn


PokerStars Hand #146604187457:  Hold'em Limit ($3/$6 USD) - 2016/01/06 22:40:22 ET
Table 'Galilea II' 2-max Seat #2 is the button
Seat 1: LifeisagameX ($74.48 in chips)
Seat 2: HARDGURU ($212.26 in chips)
HARDGURU: posts small blind $1
LifeisagameX: posts big blind $3
*** HOLE CARDS ***
HARDGURU: raises $3 to $6
LifeisagameX: folds
Uncalled bet ($3) returned to HARDGURU
HARDGURU collected $6 from pot
HARDGURU: doesn't show hand
*** SUMMARY ***
Total pot $6 | Rake $0
Seat 1: LifeisagameX (big blind) folded before Flop
Seat 2: HARDGURU (button) (small blind) collected ($6)


PokerStars Hand #146604197912:  Hold'em Limit ($3/$6 USD) - 2016/01/06 22:40:50 ET
Table 'Galilea II' 2-max Seat #2 is the button
Seat 1: LifeisagameX ($56.48 in chips)
Seat 2: HARDGURU ($229.76 in chips)
HARDGURU: posts small blind $1
LifeisagameX: posts big blind $3
*** HOLE CARDS ***
HARDGURU: raises $3 to $6
LifeisagameX: raises $3 to $9
HARDGURU: calls $3
*** FLOP *** [Th Qc 6d]
LifeisagameX: bets $3
HARDGURU: folds
Uncalled bet ($3) returned to LifeisagameX
LifeisagameX collected $17.64 from pot
LifeisagameX: doesn't show hand
*** SUMMARY ***
Total pot $18 | Rake $0.36
Board [Th Qc 6d]
Seat 1: LifeisagameX (big blind) collected ($17.64)
Seat 2: HARDGURU (button) (small blind) folded on the Flop


PokerStars Hand #146604190526:  Hold'em Limit ($3/$6 USD) - 2016/01/06 22:40:30 ET
Table 'Galilea II' 2-max Seat #1 is the button
Seat 1: LifeisagameX ($71.48 in chips)
Seat 2: HARDGURU ($215.26 in chips)
LifeisagameX: posts small blind $1
HARDGURU: posts big blind $3
*** HOLE CARDS ***
LifeisagameX: raises $3 to $6
HARDGURU: calls $3
*** FLOP *** [8s 7c 5h]
HARDGURU: checks
LifeisagameX: bets $3
HARDGURU: calls $3
*** TURN *** [8s 7c 5h] [Qs]
HARDGURU: checks
LifeisagameX: bets $6
HARDGURU: calls $6
*** RIVER *** [8s 7c 5h Qs] [9d]
HARDGURU: checks
LifeisagameX: checks
*** SHOW DOWN ***
HARDGURU: shows [4d 6h] (a straight, Five to Nine)
LifeisagameX: mucks hand
HARDGURU collected $29.50 from pot
*** SUMMARY ***
Total pot $30 | Rake $0.50
Board [8s 7c 5h Qs 9d]
Seat 1: LifeisagameX (button) (small blind) mucked
Seat 2: HARDGURU (big blind) showed [4d 6h] and won ($29.50) with a straight, Five to Nine


PokerStars Hand #146604202769:  Hold'em Limit ($3/$6 USD) - 2016/01/06 22:41:03 ET
Table 'Galilea II' 2-max Seat #1 is the button
Seat 1: LifeisagameX ($65.12 in chips)
Seat 2: HARDGURU ($220.76 in chips)
LifeisagameX: posts small blind $1
HARDGURU: posts big blind $3
*** HOLE CARDS ***
LifeisagameX: raises $3 to $6
HARDGURU: calls $3
*** FLOP *** [9d Td 7d]
HARDGURU: checks
LifeisagameX: bets $3
HARDGURU: calls $3
*** TURN *** [9d Td 7d] [Qh]
HARDGURU: checks
LifeisagameX: bets $6
HARDGURU: raises $6 to $12
LifeisagameX: calls $6
*** RIVER *** [9d Td 7d Qh] [7h]
HARDGURU: bets $6
LifeisagameX: folds
Uncalled bet ($6) returned to HARDGURU
HARDGURU collected $41.50 from pot
HARDGURU: doesn't show hand
*** SUMMARY ***
Total pot $42 | Rake $0.50
Board [9d Td 7d Qh 7h]
Seat 1: LifeisagameX (button) (small blind) folded on the River
Seat 2: HARDGURU (big blind) collected ($41.50)


PokerStars Hand #146605413518:  Hold'em Limit ($3/$6 USD) - 2016/01/06 23:40:27 ET
Table 'Galilea II' 2-max Seat #1 is the button
Seat 1: LifeisagameX ($58.62 in chips)
Seat 2: jl45259071 ($50 in chips)
LifeisagameX: posts small blind $1
jl45259071: posts big blind $3
*** HOLE CARDS ***
LifeisagameX: raises $3 to $6
jl45259071: raises $3 to $9
LifeisagameX: calls $3
*** FLOP *** [Kh 8h 7h]
jl45259071: bets $3
LifeisagameX: folds
Uncalled bet ($3) returned to jl45259071
jl45259071 collected $17.64 from pot
jl45259071: doesn't show hand
*** SUMMARY ***
Total pot $18 | Rake $0.36
Board [Kh 8h 7h]
Seat 1: LifeisagameX (button) (small blind) folded on the Flop
Seat 2: jl45259071 (big blind) collected ($17.64)


PokerStars Hand #146605397950:  Hold'em Limit ($3/$6 USD) - 2016/01/06 23:39:37 ET
Table 'Galilea II' 2-max Seat #2 is the button
Seat 1: LifeisagameX ($44.12 in chips)
Seat 2: jl45259071 ($65 in chips)
jl45259071: posts small blind $1
LifeisagameX: posts big blind $3
*** HOLE CARDS ***
jl45259071: calls $2
LifeisagameX: raises $3 to $6
jl45259071: calls $3
*** FLOP *** [Jh 9c 8c]
LifeisagameX: bets $3
jl45259071: calls $3
*** TURN *** [Jh 9c 8c] [Jd]
LifeisagameX: bets $6
jl45259071: calls $6
*** RIVER *** [Jh 9c 8c Jd] [4d]
LifeisagameX: bets $6
jl45259071: folds
Uncalled bet ($6) returned to LifeisagameX
LifeisagameX collected $29.50 from pot
LifeisagameX: doesn't show hand
*** SUMMARY ***
Total pot $30 | Rake $0.50
Board [Jh 9c 8c Jd 4d]
Seat 1: LifeisagameX (big blind) collected ($29.50)
Seat 2: jl45259071 (button) (small blind) folded on the River


PokerStars Hand #146605439207:  Hold'em Limit ($3/$6 USD) - 2016/01/06 23:41:50 ET
Table 'Galilea II' 2-max Seat #1 is the button
Seat 1: LifeisagameX ($28.62 in chips)
Seat 2: jl45259071 ($79.14 in chips)
LifeisagameX: posts small blind $1
jl45259071: posts big blind $3
*** HOLE CARDS ***
LifeisagameX: folds
Uncalled bet ($2) returned to jl45259071
jl45259071 collected $2 from pot
jl45259071: doesn't show hand
*** SUMMARY ***
Total pot $2 | Rake $0
Seat 1: LifeisagameX (button) (small blind) folded before Flop
Seat 2: jl45259071 (big blind) collected ($2)


PokerStars Hand #146605419544:  Hold'em Limit ($3/$6 USD) - 2016/01/06 23:40:46 ET
Table 'Galilea II' 2-max Seat #2 is the button
Seat 1: LifeisagameX ($49.62 in chips)
Seat 2: jl45259071 ($58.64 in chips)
jl45259071: posts small blind $1
LifeisagameX: posts big blind $3
*** HOLE CARDS ***
jl45259071: calls $2
LifeisagameX: raises $3 to $6
jl45259071: calls $3
*** FLOP *** [8d 9s Jd]
LifeisagameX: bets $3
jl45259071: calls $3
*** TURN *** [8d 9s Jd] [7s]
LifeisagameX: checks
jl45259071: bets $6
LifeisagameX: calls $6
*** RIVER *** [8d 9s Jd 7s] [5h]
LifeisagameX: checks
jl45259071: bets $6
LifeisagameX: calls $6
*** SHOW DOWN ***
jl45259071: shows [7d Td] (a straight, Seven to Jack)
LifeisagameX: mucks hand
jl45259071 collected $41.50 from pot
*** SUMMARY ***
Total pot $42 | Rake $0.50
Board [8d 9s Jd 7s 5h]
Seat 1: LifeisagameX (big blind) mucked
Seat 2: jl45259071 (button) (small blind) showed [7d Td] and won ($41.50) with a straight, Seven to Jack


PokerStars Hand #146605444777:  Hold'em Limit ($3/$6 USD) - 2016/01/06 23:42:08 ET
Table 'Galilea II' 2-max Seat #2 is the button
Seat 1: LifeisagameX ($27.62 in chips)
Seat 2: jl45259071 ($80.14 in chips)
jl45259071: posts small blind $1
LifeisagameX: posts big blind $3
*** HOLE CARDS ***
jl45259071: calls $2
LifeisagameX: raises $3 to $6
jl45259071: calls $3
*** FLOP *** [2h 3c 6d]
LifeisagameX: bets $3
jl45259071: calls $3
*** TURN *** [2h 3c 6d] [Kc]
LifeisagameX: checks
jl45259071: checks
*** RIVER *** [2h 3c 6d Kc] [2c]
LifeisagameX: bets $6
jl45259071: raises $6 to $12
LifeisagameX: calls $6
*** SHOW DOWN ***
jl45259071: shows [4s 2s] (three of a kind, Deuces)
LifeisagameX: mucks hand
jl45259071 collected $41.50 from pot
*** SUMMARY ***
Total pot $42 | Rake $0.50
Board [2h 3c 6d Kc 2c]
Seat 1: LifeisagameX (big blind) mucked
Seat 2: jl45259071 (button) (small blind) showed [4s 2s] and won ($41.50) with three of a kind, Deuces


PokerStars Hand #146605465560:  Hold'em Limit ($3/$6 USD) - 2016/01/06 23:43:15 ET
Table 'Galilea II' 2-max Seat #2 is the button
Seat 1: LifeisagameX ($72.98 in chips)
Seat 2: jl45259071 ($94.02 in chips)
jl45259071: posts small blind $1
LifeisagameX: posts big blind $3
*** HOLE CARDS ***
jl45259071: calls $2
LifeisagameX: raises $3 to $6
jl45259071: calls $3
*** FLOP *** [7d Ah 9c]
LifeisagameX: checks
jl45259071: checks
*** TURN *** [7d Ah 9c] [4h]
LifeisagameX: bets $6
jl45259071: folds
Uncalled bet ($6) returned to LifeisagameX
LifeisagameX collected $11.76 from pot
LifeisagameX: doesn't show hand
*** SUMMARY ***
Total pot $12 | Rake $0.24
Board [7d Ah 9c 4h]
Seat 1: LifeisagameX (big blind) collected ($11.76)
Seat 2: jl45259071 (button) (small blind) folded on the Turn


PokerStars Hand #146605455753:  Hold'em Limit ($3/$6 USD) - 2016/01/06 23:42:43 ET
Table 'Galilea II' 2-max Seat #1 is the button
Seat 1: LifeisagameX ($6.62 in chips)
Seat 2: jl45259071 ($100.64 in chips)
LifeisagameX: posts small blind $1
jl45259071: posts big blind $3
*** HOLE CARDS ***
LifeisagameX: raises $3 to $6
jl45259071: calls $3
*** FLOP *** [3c 5c Th]
jl45259071: checks
LifeisagameX: bets $0.62 and is all-in
jl45259071: calls $0.62
*** TURN *** [3c 5c Th] [5d]
*** RIVER *** [3c 5c Th 5d] [5s]
*** SHOW DOWN ***
jl45259071: shows [Kh 8h] (three of a kind, Fives)
LifeisagameX: shows [Qd Ac] (three of a kind, Fives - Ace kicker)
LifeisagameX collected $12.98 from pot
*** SUMMARY ***
Total pot $13.24 | Rake $0.26
Board [3c 5c Th 5d 5s]
Seat 1: LifeisagameX (button) (small blind) showed [Qd Ac] and won ($12.98) with three of a kind, Fives
Seat 2: jl45259071 (big blind) showed [Kh 8h] and lost with three of a kind, Fives


PokerStars Hand #146605490612:  Hold'em Limit ($3/$6 USD) - 2016/01/06 23:44:37 ET
Table 'Galilea II' 2-max Seat #2 is the button
Seat 1: LifeisagameX ($84.50 in chips)
Seat 2: jl45259071 ($82.02 in chips)
jl45259071: posts small blind $1
LifeisagameX: posts big blind $3
*** HOLE CARDS ***
jl45259071: calls $2
LifeisagameX: checks
*** FLOP *** [3h 3s Js]
LifeisagameX: checks
jl45259071: bets $3
LifeisagameX: folds
Uncalled bet ($3) returned to jl45259071
jl45259071 collected $5.88 from pot
jl45259071: doesn't show hand
*** SUMMARY ***
Total pot $6 | Rake $0.12
Board [3h 3s Js]
Seat 1: LifeisagameX (big blind) folded on the Flop
Seat 2: jl45259071 (button) (small blind) collected ($5.88)


PokerStars Hand #146605478806:  Hold'em Limit ($3/$6 USD) - 2016/01/06 23:43:59 ET
Table 'Galilea II' 2-max Seat #1 is the button
Seat 1: LifeisagameX ($78.74 in chips)
Seat 2: jl45259071 ($88.02 in chips)
LifeisagameX: posts small blind $1
jl45259071: posts big blind $3
*** HOLE CARDS ***
LifeisagameX: raises $3 to $6
jl45259071: calls $3
*** FLOP *** [Kh 7d Td]
jl45259071: checks
LifeisagameX: bets $3
jl45259071: folds
Uncalled bet ($3) returned to LifeisagameX
LifeisagameX collected $11.76 from pot
LifeisagameX: doesn't show hand
*** SUMMARY ***
Total pot $12 | Rake $0.24
Board [Kh 7d Td]
Seat 1: LifeisagameX (button) (small blind) collected ($11.76)
Seat 2: jl45259071 (big blind) folded on the Flop


PokerStars Hand #146605509989:  Hold'em Limit ($3/$6 USD) - 2016/01/06 23:45:41 ET
Table 'Galilea II' 2-max Seat #1 is the button
Seat 1: LifeisagameX ($59.50 in chips)
Seat 2: jl45259071 ($106.40 in chips)
LifeisagameX: posts small blind $1
jl45259071: posts big blind $3
*** HOLE CARDS ***
LifeisagameX: raises $3 to $6
jl45259071: calls $3
*** FLOP *** [Ts Jd Kd]
jl45259071: checks
LifeisagameX: bets $3
jl45259071: calls $3
*** TURN *** [Ts Jd Kd] [5c]
jl45259071: checks
LifeisagameX: checks
*** RIVER *** [Ts Jd Kd 5c] [5s]
jl45259071: bets $6
LifeisagameX: calls $6
*** SHOW DOWN ***
jl45259071: shows [3h Jh] (two pair, Jacks and Fives)
LifeisagameX: mucks hand
jl45259071 collected $29.50 from pot
*** SUMMARY ***
Total pot $30 | Rake $0.50
Board [Ts Jd Kd 5c 5s]
Seat 1: LifeisagameX (button) (small blind) mucked
Seat 2: jl45259071 (big blind) showed [3h Jh] and won ($29.50) with two pair, Jacks and Fives


PokerStars Hand #146605501533:  Hold'em Limit ($3/$6 USD) - 2016/01/06 23:45:13 ET
Table 'Galilea II' 2-max Seat #2 is the button
Seat 1: LifeisagameX ($80.50 in chips)
Seat 2: jl45259071 ($85.90 in chips)
jl45259071: posts small blind $1
LifeisagameX: posts big blind $3
*** HOLE CARDS ***
jl45259071: calls $2
LifeisagameX: raises $3 to $6
jl45259071: calls $3
*** FLOP *** [6s Ks 8h]
LifeisagameX: bets $3
jl45259071: calls $3
*** TURN *** [6s Ks 8h] [Qd]
LifeisagameX: bets $6
jl45259071: calls $6
*** RIVER *** [6s Ks 8h Qd] [2c]
LifeisagameX: bets $6
jl45259071: calls $6
*** SHOW DOWN ***
LifeisagameX: shows [9s Jh] (high card King)
jl45259071: shows [Qs 7s] (a pair of Queens)
jl45259071 collected $41.50 from pot
*** SUMMARY ***
Total pot $42 | Rake $0.50
Board [6s Ks 8h Qd 2c]
Seat 1: LifeisagameX (big blind) showed [9s Jh] and lost with high card King
Seat 2: jl45259071 (button) (small blind) showed [Qs 7s] and won ($41.50) with a pair of Queens


PokerStars Hand #146605499287:  Hold'em Limit ($3/$6 USD) - 2016/01/06 23:45:06 ET
Table 'Galilea II' 2-max Seat #1 is the button
Seat 1: LifeisagameX ($81.50 in chips)
Seat 2: jl45259071 ($84.90 in chips)
LifeisagameX: posts small blind $1
jl45259071: posts big blind $3
*** HOLE CARDS ***
LifeisagameX: folds
Uncalled bet ($2) returned to jl45259071
jl45259071 collected $2 from pot
jl45259071: doesn't show hand
*** SUMMARY ***
Total pot $2 | Rake $0
Seat 1: LifeisagameX (button) (small blind) folded before Flop
Seat 2: jl45259071 (big blind) collected ($2)


PokerStars Hand #146605517558:  Hold'em Limit ($3/$6 USD) - 2016/01/06 23:46:06 ET
Table 'Galilea II' 2-max Seat #2 is the button
Seat 1: LifeisagameX ($44.50 in chips)
Seat 2: jl45259071 ($120.90 in chips)
jl45259071: posts small blind $1
LifeisagameX: posts big blind $3
*** HOLE CARDS ***
jl45259071: calls $2
LifeisagameX: checks
*** FLOP *** [Th Qc 6h]
LifeisagameX: checks
jl45259071: bets $3
LifeisagameX: folds
Uncalled bet ($3) returned to jl45259071
jl45259071 collected $5.88 from pot
*** SUMMARY ***
Total pot $6 | Rake $0.12
Board [Th Qc 6h]
Seat 1: LifeisagameX (big blind) folded on the Flop
Seat 2: jl45259071 (button) (small blind) collected ($5.88)


PokerStars Hand #146605521768:  Hold'em Limit ($3/$6 USD) - 2016/01/06 23:46:19 ET
Table 'Galilea II' 2-max Seat #1 is the button
Seat 1: LifeisagameX ($41.50 in chips)
Seat 2: jl45259071 ($123.78 in chips)
LifeisagameX: posts small blind $1
jl45259071: posts big blind $3
*** HOLE CARDS ***
LifeisagameX: raises $3 to $6
jl45259071: calls $3
*** FLOP *** [7c 5d Ah]
jl45259071: checks
LifeisagameX: bets $3
jl45259071: folds
Uncalled bet ($3) returned to LifeisagameX
LifeisagameX collected $11.76 from pot
LifeisagameX: doesn't show hand
*** SUMMARY ***
Total pot $12 | Rake $0.24
Board [7c 5d Ah]
Seat 1: LifeisagameX (button) (small blind) collected ($11.76)
Seat 2: jl45259071 (big blind) folded on the Flop


PokerStars Hand #146605543532:  Hold'em Limit ($3/$6 USD) - 2016/01/06 23:47:17 ET
Table 'Galilea II' 2-max Seat #1 is the button
Seat 1: LifeisagameX ($41.26 in chips)
Seat 2: jl45259071 ($123.54 in chips)
LifeisagameX: posts small blind $1
jl45259071: posts big blind $3
*** HOLE CARDS ***
LifeisagameX: raises $3 to $6
jl45259071: calls $3
*** FLOP *** [5s Kd 2h]
jl45259071: checks
LifeisagameX: bets $3
jl45259071: calls $3
*** TURN *** [5s Kd 2h] [2c]
jl45259071: checks
LifeisagameX: bets $6
jl45259071: folds
Uncalled bet ($6) returned to LifeisagameX
LifeisagameX collected $17.64 from pot
LifeisagameX: doesn't show hand
*** SUMMARY ***
Total pot $18 | Rake $0.36
Board [5s Kd 2h 2c]
Seat 1: LifeisagameX (button) (small blind) collected ($17.64)
Seat 2: jl45259071 (big blind) folded on the Turn


PokerStars Hand #146605529400:  Hold'em Limit ($3/$6 USD) - 2016/01/06 23:46:44 ET
Table 'Galilea II' 2-max Seat #2 is the button
Seat 1: LifeisagameX ($47.26 in chips)
Seat 2: jl45259071 ($117.78 in chips)
jl45259071: posts small blind $1
LifeisagameX: posts big blind $3
*** HOLE CARDS ***
jl45259071: raises $3 to $6
LifeisagameX: calls $3
*** FLOP *** [9c Ah Td]
LifeisagameX: checks
jl45259071: bets $3
LifeisagameX: folds
Uncalled bet ($3) returned to jl45259071
jl45259071 collected $11.76 from pot
jl45259071: doesn't show hand
*** SUMMARY ***
Total pot $12 | Rake $0.24
Board [9c Ah Td]
Seat 1: LifeisagameX (big blind) folded on the Flop
Seat 2: jl45259071 (button) (small blind) collected ($11.76)


PokerStars Hand #146605555099:  Hold'em Limit ($3/$6 USD) - 2016/01/06 23:47:51 ET
Table 'Galilea II' 2-max Seat #2 is the button
Seat 1: LifeisagameX ($49.90 in chips)
Seat 2: jl45259071 ($114.54 in chips)
jl45259071: posts small blind $1
LifeisagameX: posts big blind $3
*** HOLE CARDS ***
jl45259071: calls $2
LifeisagameX: raises $3 to $6
jl45259071: calls $3
*** FLOP *** [4d Js 9d]
LifeisagameX: checks
jl45259071: bets $3
LifeisagameX: raises $3 to $6
jl45259071: calls $3
*** TURN *** [4d Js 9d] [3s]
LifeisagameX: bets $6
jl45259071: raises $6 to $12
LifeisagameX: calls $6
*** RIVER *** [4d Js 9d 3s] [7h]
LifeisagameX: checks
jl45259071: bets $6
LifeisagameX: calls $6
*** SHOW DOWN ***
jl45259071: shows [Jd 3c] (two pair, Jacks and Threes)
LifeisagameX: mucks hand
jl45259071 collected $59.50 from pot
*** SUMMARY ***
Total pot $60 | Rake $0.50
Board [4d Js 9d 3s 7h]
Seat 1: LifeisagameX (big blind) mucked
Seat 2: jl45259071 (button) (small blind) showed [Jd 3c] and won ($59.50) with two pair, Jacks and Threes


PokerStars Hand #146605586828:  Hold'em Limit ($3/$6 USD) - 2016/01/06 23:49:36 ET
Table 'Galilea II' 2-max Seat #1 is the button
Seat 1: LifeisagameX ($19.90 in chips)
Seat 2: jl45259071 ($144.04 in chips)
LifeisagameX: posts small blind $1
jl45259071: posts big blind $3
*** HOLE CARDS ***
LifeisagameX: raises $3 to $6
jl45259071: calls $3
*** FLOP *** [2h 3d 6s]
jl45259071: checks
LifeisagameX: bets $3
jl45259071: calls $3
*** TURN *** [2h 3d 6s] [7c]
jl45259071: checks
LifeisagameX: checks
*** RIVER *** [2h 3d 6s 7c] [As]
jl45259071: checks
LifeisagameX: bets $6
jl45259071: calls $6
*** SHOW DOWN ***
LifeisagameX: shows [8c Ac] (a pair of Aces)
jl45259071: mucks hand
LifeisagameX collected $29.50 from pot
*** SUMMARY ***
Total pot $30 | Rake $0.50
Board [2h 3d 6s 7c As]
Seat 1: LifeisagameX (button) (small blind) showed [8c Ac] and won ($29.50) with a pair of Aces
Seat 2: jl45259071 (big blind) mucked


PokerStars Hand #146605600305:  Hold'em Limit ($3/$6 USD) - 2016/01/06 23:50:21 ET
Table 'Galilea II' 2-max Seat #2 is the button
Seat 1: LifeisagameX ($34.40 in chips)
Seat 2: jl45259071 ($129.04 in chips)
jl45259071: posts small blind $1
LifeisagameX: posts big blind $3
*** HOLE CARDS ***
jl45259071: calls $2
LifeisagameX: raises $3 to $6
jl45259071: calls $3
*** FLOP *** [4d 4s 9h]
LifeisagameX: bets $3
jl45259071: calls $3
*** TURN *** [4d 4s 9h] [7d]
LifeisagameX: bets $6
jl45259071: calls $6
*** RIVER *** [4d 4s 9h 7d] [Qs]
LifeisagameX: bets $6
jl45259071: raises $6 to $12
LifeisagameX: folds
Uncalled bet ($6) returned to jl45259071
jl45259071 collected $41.50 from pot
jl45259071: doesn't show hand
*** SUMMARY ***
Total pot $42 | Rake $0.50
Board [4d 4s 9h 7d Qs]
Seat 1: LifeisagameX (big blind) folded on the River
Seat 2: jl45259071 (button) (small blind) collected ($41.50)


PokerStars Hand #146605617612:  Hold'em Limit ($3/$6 USD) - 2016/01/06 23:51:19 ET
Table 'Galilea II' 2-max Seat #1 is the button
Seat 1: LifeisagameX ($13.40 in chips)
Seat 2: jl45259071 ($149.54 in chips)
LifeisagameX: posts small blind $1
jl45259071: posts big blind $3
*** HOLE CARDS ***
LifeisagameX: raises $3 to $6
jl45259071: calls $3
*** FLOP *** [Ts 4c Th]
jl45259071: checks
LifeisagameX: checks
*** TURN *** [Ts 4c Th] [Tc]
jl45259071: bets $6
LifeisagameX: calls $6
*** RIVER *** [Ts 4c Th Tc] [3c]
jl45259071: bets $6
LifeisagameX: calls $1.40 and is all-in
Uncalled bet ($4.60) returned to jl45259071
*** SHOW DOWN ***
jl45259071: shows [4d Js] (a full house, Tens full of Fours)
LifeisagameX: shows [Qh 9c] (three of a kind, Tens)
jl45259071 collected $26.30 from pot
*** SUMMARY ***
Total pot $26.80 | Rake $0.50
Board [Ts 4c Th Tc 3c]
Seat 1: LifeisagameX (button) (small blind) showed [Qh 9c] and lost with three of a kind, Tens
Seat 2: jl45259071 (big blind) showed [4d Js] and won ($26.30) with a full house, Tens full of Fours


PokerStars Hand #146605636452:  Hold'em Limit ($3/$6 USD) - 2016/01/06 23:52:23 ET
Table 'Galilea II' 2-max Seat #2 is the button
Seat 1: LifeisagameX ($66.40 in chips)
Seat 2: jl45259071 ($162.44 in chips)
jl45259071: posts small blind $1
LifeisagameX: posts big blind $3
*** HOLE CARDS ***
jl45259071: calls $2
LifeisagameX: raises $3 to $6
jl45259071: calls $3
*** FLOP *** [Ah 8d As]
LifeisagameX: bets $3
jl45259071: folds
Uncalled bet ($3) returned to LifeisagameX
LifeisagameX collected $11.76 from pot
LifeisagameX: doesn't show hand
jl45259071 leaves the table
*** SUMMARY ***
Total pot $12 | Rake $0.24
Board [Ah 8d As]
Seat 1: LifeisagameX (big blind) collected ($11.76)
Seat 2: jl45259071 (button) (small blind) folded on the Flop


PokerStars Hand #146606765698:  Hold'em Limit ($3/$6 USD) - 2016/01/07 0:58:06 ET
Table 'Galilea II' 2-max Seat #2 is the button
Seat 1: LifeisagameX ($63.16 in chips)
Seat 2: jl45259071 ($106.43 in chips)
jl45259071: posts small blind $1
LifeisagameX: posts big blind $3
*** HOLE CARDS ***
jl45259071: raises $3 to $6
LifeisagameX: calls $3
*** FLOP *** [9s 6c Ah]
LifeisagameX: checks
jl45259071: bets $3
LifeisagameX: calls $3
*** TURN *** [9s 6c Ah] [3h]
LifeisagameX: checks
jl45259071: bets $6
LifeisagameX: raises $6 to $12
jl45259071: calls $6
*** RIVER *** [9s 6c Ah 3h] [4h]
LifeisagameX: bets $6
jl45259071: calls $6
*** SHOW DOWN ***
LifeisagameX: shows [6s 3s] (two pair, Sixes and Threes)
jl45259071: mucks hand
LifeisagameX collected $53.50 from pot
*** SUMMARY ***
Total pot $54 | Rake $0.50
Board [9s 6c Ah 3h 4h]
Seat 1: LifeisagameX (big blind) showed [6s 3s] and won ($53.50) with two pair, Sixes and Threes
Seat 2: jl45259071 (button) (small blind) mucked


PokerStars Hand #146606758042:  Hold'em Limit ($3/$6 USD) - 2016/01/07 0:57:35 ET
Table 'Galilea II' 2-max Seat #1 is the button
Seat 1: LifeisagameX ($72.16 in chips)
Seat 2: jl45259071 ($97.79 in chips)
LifeisagameX: posts small blind $1
jl45259071: posts big blind $3
*** HOLE CARDS ***
LifeisagameX: raises $3 to $6
jl45259071: calls $3
*** FLOP *** [As 8d 3h]
jl45259071: checks
LifeisagameX: bets $3
jl45259071: calls $3
*** TURN *** [As 8d 3h] [3c]
jl45259071: checks
LifeisagameX: checks
*** RIVER *** [As 8d 3h 3c] [5s]
jl45259071: bets $6
LifeisagameX: folds
Uncalled bet ($6) returned to jl45259071
jl45259071 collected $17.64 from pot
jl45259071: doesn't show hand
*** SUMMARY ***
Total pot $18 | Rake $0.36
Board [As 8d 3h 3c 5s]
Seat 1: LifeisagameX (button) (small blind) folded on the River
Seat 2: jl45259071 (big blind) collected ($17.64)


PokerStars Hand #146606770852:  Hold'em Limit ($3/$6 USD) - 2016/01/07 0:58:26 ET
Table 'Galilea II' 2-max Seat #1 is the button
Seat 1: LifeisagameX ($89.66 in chips)
Seat 2: jl45259071 ($79.43 in chips)
LifeisagameX: posts small blind $1
jl45259071: posts big blind $3
*** HOLE CARDS ***
LifeisagameX: raises $3 to $6
jl45259071: calls $3
*** FLOP *** [9s Ac 3c]
jl45259071: checks
LifeisagameX: bets $3
jl45259071: calls $3
*** TURN *** [9s Ac 3c] [9c]
jl45259071: checks
LifeisagameX: bets $6
jl45259071: folds
Uncalled bet ($6) returned to LifeisagameX
LifeisagameX collected $17.64 from pot
LifeisagameX: doesn't show hand
*** SUMMARY ***
Total pot $18 | Rake $0.36
Board [9s Ac 3c 9c]
Seat 1: LifeisagameX (button) (small blind) collected ($17.64)
Seat 2: jl45259071 (big blind) folded on the Turn


PokerStars Hand #146606777633:  Hold'em Limit ($3/$6 USD) - 2016/01/07 0:58:53 ET
Table 'Galilea II' 2-max Seat #2 is the button
Seat 1: LifeisagameX ($98.30 in chips)
Seat 2: jl45259071 ($70.43 in chips)
jl45259071: posts small blind $1
LifeisagameX: posts big blind $3
*** HOLE CARDS ***
jl45259071: calls $2
LifeisagameX: raises $3 to $6
jl45259071: calls $3
*** FLOP *** [2c 9c 4s]
LifeisagameX: checks
jl45259071: checks
*** TURN *** [2c 9c 4s] [Th]
LifeisagameX: checks
jl45259071: checks
*** RIVER *** [2c 9c 4s Th] [As]
LifeisagameX: bets $6
jl45259071: folds
Uncalled bet ($6) returned to LifeisagameX
LifeisagameX collected $11.76 from pot
LifeisagameX: doesn't show hand
*** SUMMARY ***
Total pot $12 | Rake $0.24
Board [2c 9c 4s Th As]
Seat 1: LifeisagameX (big blind) collected ($11.76)
Seat 2: jl45259071 (button) (small blind) folded on the River


PokerStars Hand #146606786488:  Hold'em Limit ($3/$6 USD) - 2016/01/07 0:59:30 ET
Table 'Galilea II' 2-max Seat #1 is the button
Seat 1: LifeisagameX ($104.06 in chips)
Seat 2: jl45259071 ($64.43 in chips)
LifeisagameX: posts small blind $1
jl45259071: posts big blind $3
*** HOLE CARDS ***
LifeisagameX: raises $3 to $6
jl45259071: calls $3
*** FLOP *** [8c Qh 5d]
jl45259071: checks
LifeisagameX: bets $3
jl45259071: calls $3
*** TURN *** [8c Qh 5d] [6s]
jl45259071: checks
LifeisagameX: bets $6
jl45259071: folds
Uncalled bet ($6) returned to LifeisagameX
LifeisagameX collected $17.64 from pot
LifeisagameX: doesn't show hand
*** SUMMARY ***
Total pot $18 | Rake $0.36
Board [8c Qh 5d 6s]
Seat 1: LifeisagameX (button) (small blind) collected ($17.64)
Seat 2: jl45259071 (big blind) folded on the Turn


PokerStars Hand #146606791469:  Hold'em Limit ($3/$6 USD) - 2016/01/07 0:59:50 ET
Table 'Galilea II' 2-max Seat #2 is the button
Seat 1: LifeisagameX ($112.70 in chips)
Seat 2: jl45259071 ($55.43 in chips)
jl45259071: posts small blind $1
LifeisagameX: posts big blind $3
*** HOLE CARDS ***
jl45259071: calls $2
LifeisagameX: raises $3 to $6
jl45259071: calls $3
*** FLOP *** [Qd Qh 3d]
LifeisagameX: bets $3
jl45259071: calls $3
*** TURN *** [Qd Qh 3d] [4d]
LifeisagameX: bets $6
jl45259071: calls $6
*** RIVER *** [Qd Qh 3d 4d] [8c]
LifeisagameX: bets $6
jl45259071: calls $6
*** SHOW DOWN ***
LifeisagameX: shows [6d 9d] (a flush, Queen high)
jl45259071: mucks hand
LifeisagameX collected $41.50 from pot
*** SUMMARY ***
Total pot $42 | Rake $0.50
Board [Qd Qh 3d 4d 8c]
Seat 1: LifeisagameX (big blind) showed [6d 9d] and won ($41.50) with a flush, Queen high
Seat 2: jl45259071 (button) (small blind) mucked


PokerStars Hand #146606798933:  Hold'em Limit ($3/$6 USD) - 2016/01/07 1:00:20 ET
Table 'Galilea II' 2-max Seat #1 is the button
Seat 1: LifeisagameX ($133.20 in chips)
Seat 2: jl45259071 ($34.43 in chips)
LifeisagameX: posts small blind $1
jl45259071: posts big blind $3
*** HOLE CARDS ***
LifeisagameX: raises $3 to $6
jl45259071: calls $3
*** FLOP *** [Jc 8s Td]
jl45259071: checks
LifeisagameX: bets $3
jl45259071: calls $3
*** TURN *** [Jc 8s Td] [4s]
jl45259071: checks
LifeisagameX: bets $6
jl45259071: calls $6
*** RIVER *** [Jc 8s Td 4s] [3s]
jl45259071: checks
LifeisagameX: bets $6
jl45259071: folds
Uncalled bet ($6) returned to LifeisagameX
LifeisagameX collected $29.50 from pot
LifeisagameX: doesn't show hand
*** SUMMARY ***
Total pot $30 | Rake $0.50
Board [Jc 8s Td 4s 3s]
Seat 1: LifeisagameX (button) (small blind) collected ($29.50)
Seat 2: jl45259071 (big blind) folded on the River


PokerStars Hand #146606804897:  Hold'em Limit ($3/$6 USD) - 2016/01/07 1:00:43 ET
Table 'Galilea II' 2-max Seat #2 is the button
Seat 1: LifeisagameX ($147.70 in chips)
Seat 2: jl45259071 ($19.43 in chips)
jl45259071: posts small blind $1
LifeisagameX: posts big blind $3
*** HOLE CARDS ***
jl45259071: raises $3 to $6
LifeisagameX: calls $3
*** FLOP *** [9d Kc Ah]
LifeisagameX: checks
jl45259071: bets $3
LifeisagameX: calls $3
*** TURN *** [9d Kc Ah] [7c]
LifeisagameX: checks
jl45259071: bets $6
LifeisagameX: calls $6
*** RIVER *** [9d Kc Ah 7c] [8s]
LifeisagameX: checks
jl45259071: bets $4.43 and is all-in
LifeisagameX: calls $4.43
*** SHOW DOWN ***
jl45259071: shows [Ks 7s] (two pair, Kings and Sevens)
LifeisagameX: shows [Tc 9c] (a pair of Nines)
jl45259071 collected $38.36 from pot
*** SUMMARY ***
Total pot $38.86 | Rake $0.50
Board [9d Kc Ah 7c 8s]
Seat 1: LifeisagameX (big blind) showed [Tc 9c] and lost with a pair of Nines
Seat 2: jl45259071 (button) (small blind) showed [Ks 7s] and won ($38.36) with two pair, Kings and Sevens


PokerStars Hand #146606812803:  Hold'em Limit ($3/$6 USD) - 2016/01/07 1:01:14 ET
Table 'Galilea II' 2-max Seat #1 is the button
Seat 1: LifeisagameX ($128.27 in chips)
Seat 2: jl45259071 ($38.36 in chips)
LifeisagameX: posts small blind $1
jl45259071: posts big blind $3
*** HOLE CARDS ***
LifeisagameX: folds
Uncalled bet ($2) returned to jl45259071
jl45259071 collected $2 from pot
jl45259071: doesn't show hand
*** SUMMARY ***
Total pot $2 | Rake $0
Seat 1: LifeisagameX (button) (small blind) folded before Flop
Seat 2: jl45259071 (big blind) collected ($2)


PokerStars Hand #146606817236:  Hold'em Limit ($3/$6 USD) - 2016/01/07 1:01:30 ET
Table 'Galilea II' 2-max Seat #1 is the button
Seat 1: LifeisagameX ($128.27 in chips)
Seat 2: jl45259071 ($38.36 in chips)
LifeisagameX: posts small blind $1
jl45259071: posts big blind $3
*** HOLE CARDS ***
LifeisagameX: folds
Uncalled bet ($2) returned to jl45259071
jl45259071 collected $2 from pot
jl45259071: doesn't show hand
*** SUMMARY ***
Total pot $2 | Rake $0
Seat 1: LifeisagameX (button) (small blind) folded before Flop
Seat 2: jl45259071 (big blind) collected ($2)


PokerStars Hand #146606815777:  Hold'em Limit ($3/$6 USD) - 2016/01/07 1:01:25 ET
Table 'Galilea II' 2-max Seat #2 is the button
Seat 1: LifeisagameX ($127.27 in chips)
Seat 2: jl45259071 ($39.36 in chips)
jl45259071: posts small blind $1
LifeisagameX: posts big blind $3
*** HOLE CARDS ***
jl45259071: folds
Uncalled bet ($2) returned to LifeisagameX
LifeisagameX collected $2 from pot
LifeisagameX: doesn't show hand
*** SUMMARY ***
Total pot $2 | Rake $0
Seat 1: LifeisagameX (big blind) collected ($2)
Seat 2: jl45259071 (button) (small blind) folded before Flop


PokerStars Hand #146606819058:  Hold'em Limit ($3/$6 USD) - 2016/01/07 1:01:37 ET
Table 'Galilea II' 2-max Seat #2 is the button
Seat 1: LifeisagameX ($127.27 in chips)
Seat 2: jl45259071 ($39.36 in chips)
jl45259071: posts small blind $1
LifeisagameX: posts big blind $3
*** HOLE CARDS ***
jl45259071: calls $2
LifeisagameX: checks
*** FLOP *** [Qh 4d Ts]
LifeisagameX: checks
jl45259071: checks
*** TURN *** [Qh 4d Ts] [3d]
LifeisagameX: bets $6
jl45259071: raises $6 to $12
LifeisagameX: calls $6
*** RIVER *** [Qh 4d Ts 3d] [2h]
LifeisagameX: checks
jl45259071: bets $6
LifeisagameX: raises $6 to $12
jl45259071: calls $6
*** SHOW DOWN ***
LifeisagameX: shows [2s Th] (two pair, Tens and Deuces)
jl45259071: mucks hand
LifeisagameX collected $53.50 from pot
*** SUMMARY ***
Total pot $54 | Rake $0.50
Board [Qh 4d Ts 3d 2h]
Seat 1: LifeisagameX (big blind) showed [2s Th] and won ($53.50) with two pair, Tens and Deuces
Seat 2: jl45259071 (button) (small blind) mucked


PokerStars Hand #146606833490:  Hold'em Limit ($3/$6 USD) - 2016/01/07 1:02:31 ET
Table 'Galilea II' 2-max Seat #1 is the button
Seat 1: LifeisagameX ($153.77 in chips)
Seat 2: jl45259071 ($12.36 in chips)
LifeisagameX: posts small blind $1
jl45259071: posts big blind $3
*** HOLE CARDS ***
LifeisagameX: raises $3 to $6
jl45259071: raises $3 to $9
LifeisagameX: calls $3
*** FLOP *** [Qd 3s Js]
jl45259071: bets $3
LifeisagameX: calls $3
*** TURN *** [Qd 3s Js] [6s]
jl45259071: bets $0.36 and is all-in
LifeisagameX: calls $0.36
*** RIVER *** [Qd 3s Js 6s] [Ad]
*** SHOW DOWN ***
jl45259071: shows [Th Td] (a pair of Tens)
LifeisagameX: shows [4h As] (a pair of Aces)
LifeisagameX collected $24.23 from pot
*** SUMMARY ***
Total pot $24.72 | Rake $0.49
Board [Qd 3s Js 6s Ad]
Seat 1: LifeisagameX (button) (small blind) showed [4h As] and won ($24.23) with a pair of Aces
Seat 2: jl45259071 (big blind) showed [Th Td] and lost with a pair of Tens


