PokerStars Hand #170290021915:  Hold'em Limit ($3/$6 USD) - 2017/05/11 18:55:54 ET
Table 'Galilea III' 6-max Seat #2 is the button
Seat 1: krytalex ($175.46 in chips)
Seat 2: B_loJkl ($146.46 in chips)
B_loJkl: posts small blind $1
krytalex: posts big blind $3
*** HOLE CARDS ***
reed 2000 leaves the table
B_loJkl: raises $3 to $6
krytalex: calls $3
*** FLOP *** [Ac Qs 7s]
krytalex: checks
B_loJkl: bets $3
boogi leaves the table
krytalex: calls $3
*** TURN *** [Ac Qs 7s] [2h]
krytalex: checks
B_loJkl: checks
*** RIVER *** [Ac Qs 7s 2h] [3c]
krytalex: checks
B_loJkl: checks
*** SHOW DOWN ***
krytalex: shows [Ks 5h] (high card Ace)
B_loJkl: mucks hand
krytalex collected $17.64 from pot
*** SUMMARY ***
Total pot $18 | Rake $0.36
Board [Ac Qs 7s 2h 3c]
Seat 1: krytalex (big blind) showed [Ks 5h] and won ($17.64) with high card Ace
Seat 2: B_loJkl (button) (small blind) mucked


PokerStars Hand #170290054371:  Hold'em Limit ($3/$6 USD) - 2017/05/11 18:56:54 ET
Table 'Galilea III' 6-max Seat #1 is the button
Seat 1: krytalex ($184.10 in chips)
Seat 4: crazy669 ($120 in chips)
krytalex: posts small blind $1
crazy669: posts big blind $3
*** HOLE CARDS ***
krytalex: raises $3 to $6
crazy669: folds
Uncalled bet ($3) returned to krytalex
krytalex collected $6 from pot
*** SUMMARY ***
Total pot $6 | Rake $0
Seat 1: krytalex (button) (small blind) collected ($6)
Seat 4: crazy669 (big blind) folded before Flop


PokerStars Hand #170290083416:  Hold'em Limit ($3/$6 USD) - 2017/05/11 18:57:48 ET
Table 'Galilea III' 6-max Seat #4 is the button
Seat 1: krytalex ($210.60 in chips)
Seat 4: crazy669 ($92.64 in chips)
crazy669: posts small blind $1
krytalex: posts big blind $3
*** HOLE CARDS ***
crazy669: raises $3 to $6
krytalex: calls $3
*** FLOP *** [Kh Jc 9h]
krytalex: checks
crazy669: bets $3
krytalex: folds
Uncalled bet ($3) returned to crazy669
crazy669 collected $11.76 from pot
crazy669: doesn't show hand
*** SUMMARY ***
Total pot $12 | Rake $0.24
Board [Kh Jc 9h]
Seat 1: krytalex (big blind) folded on the Flop
Seat 4: crazy669 (button) (small blind) collected ($11.76)


PokerStars Hand #170290073231:  Hold'em Limit ($3/$6 USD) - 2017/05/11 18:57:29 ET
Table 'Galilea III' 6-max Seat #1 is the button
Seat 1: krytalex ($219.60 in chips)
Seat 4: crazy669 ($84 in chips)
krytalex: posts small blind $1
crazy669: posts big blind $3
*** HOLE CARDS ***
krytalex: raises $3 to $6
crazy669: calls $3
*** FLOP *** [Jh 2s 7h]
crazy669: checks
krytalex: bets $3
crazy669: calls $3
*** TURN *** [Jh 2s 7h] [Kd]
crazy669: checks
krytalex: checks
*** RIVER *** [Jh 2s 7h Kd] [Ks]
crazy669: bets $6
krytalex: folds
Uncalled bet ($6) returned to crazy669
crazy669 collected $17.64 from pot
crazy669: doesn't show hand
*** SUMMARY ***
Total pot $18 | Rake $0.36
Board [Jh 2s 7h Kd Ks]
Seat 1: krytalex (button) (small blind) folded on the River
Seat 4: crazy669 (big blind) collected ($17.64)


PokerStars Hand #170290058164:  Hold'em Limit ($3/$6 USD) - 2017/05/11 18:57:01 ET
Table 'Galilea III' 6-max Seat #4 is the button
Seat 1: krytalex ($187.10 in chips)
Seat 4: crazy669 ($117 in chips)
crazy669: posts small blind $1
krytalex: posts big blind $3
*** HOLE CARDS ***
crazy669: raises $3 to $6
krytalex: raises $3 to $9
crazy669: calls $3
*** FLOP *** [2c 5s 4h]
krytalex: bets $3
crazy669: raises $3 to $6
krytalex: raises $3 to $9
crazy669: raises $3 to $12
Betting is capped
krytalex: calls $3
*** TURN *** [2c 5s 4h] [6s]
krytalex: checks
crazy669: bets $6
krytalex: calls $6
*** RIVER *** [2c 5s 4h 6s] [6d]
krytalex: checks
crazy669: bets $6
krytalex: calls $6
*** SHOW DOWN ***
crazy669: shows [Ac 5h] (two pair, Sixes and Fives)
krytalex: shows [7h 7d] (two pair, Sevens and Sixes)
krytalex collected $65.50 from pot
*** SUMMARY ***
Total pot $66 | Rake $0.50
Board [2c 5s 4h 6s 6d]
Seat 1: krytalex (big blind) showed [7h 7d] and won ($65.50) with two pair, Sevens and Sixes
Seat 4: crazy669 (button) (small blind) showed [Ac 5h] and lost with two pair, Sixes and Fives


PokerStars Hand #170290105669:  Hold'em Limit ($3/$6 USD) - 2017/05/11 18:58:29 ET
Table 'Galilea III' 6-max Seat #4 is the button
Seat 1: krytalex ($203.60 in chips)
Seat 4: crazy669 ($99.40 in chips)
crazy669: posts small blind $1
krytalex: posts big blind $3
*** HOLE CARDS ***
crazy669: folds
Uncalled bet ($2) returned to krytalex
krytalex collected $2 from pot
*** SUMMARY ***
Total pot $2 | Rake $0
Seat 1: krytalex (big blind) collected ($2)
Seat 4: crazy669 (button) (small blind) folded before Flop


PokerStars Hand #170290102638:  Hold'em Limit ($3/$6 USD) - 2017/05/11 18:58:23 ET
Table 'Galilea III' 6-max Seat #1 is the button
Seat 1: krytalex ($204.60 in chips)
Seat 4: crazy669 ($98.40 in chips)
krytalex: posts small blind $1
crazy669: posts big blind $3
*** HOLE CARDS ***
krytalex: folds
Uncalled bet ($2) returned to crazy669
crazy669 collected $2 from pot
crazy669: doesn't show hand
*** SUMMARY ***
Total pot $2 | Rake $0
Seat 1: krytalex (button) (small blind) folded before Flop
Seat 4: crazy669 (big blind) collected ($2)


PokerStars Hand #170290122711:  Hold'em Limit ($3/$6 USD) - 2017/05/11 18:59:00 ET
Table 'Galilea III' 6-max Seat #4 is the button
Seat 1: krytalex ($222.10 in chips)
Seat 4: crazy669 ($80.40 in chips)
crazy669: posts small blind $1
krytalex: posts big blind $3
*** HOLE CARDS ***
crazy669: raises $3 to $6
krytalex: raises $3 to $9
crazy669: calls $3
*** FLOP *** [Td 5h 7s]
krytalex: bets $3
crazy669: raises $3 to $6
krytalex: raises $3 to $9
crazy669: calls $3
*** TURN *** [Td 5h 7s] [9c]
krytalex: bets $6
crazy669: calls $6
*** RIVER *** [Td 5h 7s 9c] [5s]
krytalex: bets $6
crazy669: calls $6
*** SHOW DOWN ***
krytalex: shows [Tc Th] (a full house, Tens full of Fives)
crazy669: mucks hand
krytalex collected $59.50 from pot
*** SUMMARY ***
Total pot $60 | Rake $0.50
Board [Td 5h 7s 9c 5s]
Seat 1: krytalex (big blind) showed [Tc Th] and won ($59.50) with a full house, Tens full of Fives
Seat 4: crazy669 (button) (small blind) mucked


PokerStars Hand #170290148885:  Hold'em Limit ($3/$6 USD) - 2017/05/11 18:59:49 ET
Table 'Galilea III' 6-max Seat #4 is the button
Seat 1: krytalex ($272.10 in chips)
Seat 4: crazy669 ($29.40 in chips)
crazy669: posts small blind $1
krytalex: posts big blind $3
*** HOLE CARDS ***
crazy669: folds
Uncalled bet ($2) returned to krytalex
krytalex collected $2 from pot
*** SUMMARY ***
Total pot $2 | Rake $0
Seat 1: krytalex (big blind) collected ($2)
Seat 4: crazy669 (button) (small blind) folded before Flop


PokerStars Hand #170290136855:  Hold'em Limit ($3/$6 USD) - 2017/05/11 18:59:26 ET
Table 'Galilea III' 6-max Seat #1 is the button
Seat 1: krytalex ($251.60 in chips)
Seat 4: crazy669 ($50.40 in chips)
krytalex: posts small blind $1
crazy669: posts big blind $3
*** HOLE CARDS ***
krytalex: raises $3 to $6
crazy669: calls $3
*** FLOP *** [Td Ad 4c]
crazy669: checks
krytalex: bets $3
crazy669: calls $3
*** TURN *** [Td Ad 4c] [3d]
crazy669: checks
krytalex: bets $6
crazy669: calls $6
*** RIVER *** [Td Ad 4c 3d] [Ac]
crazy669: checks
krytalex: bets $6
crazy669: calls $6
*** SHOW DOWN ***
krytalex: shows [As 9h] (three of a kind, Aces)
crazy669: mucks hand
krytalex collected $41.50 from pot
*** SUMMARY ***
Total pot $42 | Rake $0.50
Board [Td Ad 4c 3d Ac]
Seat 1: krytalex (button) (small blind) showed [As 9h] and won ($41.50) with three of a kind, Aces
Seat 4: crazy669 (big blind) mucked


PokerStars Hand #170290151322:  Hold'em Limit ($3/$6 USD) - 2017/05/11 18:59:53 ET
Table 'Galilea III' 6-max Seat #1 is the button
Seat 1: krytalex ($273.10 in chips)
Seat 4: crazy669 ($28.40 in chips)
krytalex: posts small blind $1
crazy669: posts big blind $3
*** HOLE CARDS ***
krytalex: folds
Uncalled bet ($2) returned to crazy669
crazy669 collected $2 from pot
crazy669: doesn't show hand
*** SUMMARY ***
Total pot $2 | Rake $0
Seat 1: krytalex (button) (small blind) folded before Flop
Seat 4: crazy669 (big blind) collected ($2)


PokerStars Hand #170290171295:  Hold'em Limit ($3/$6 USD) - 2017/05/11 19:00:29 ET
Table 'Galilea III' 6-max Seat #1 is the button
Seat 1: krytalex ($266.10 in chips)
Seat 4: crazy669 ($65.16 in chips)
krytalex: posts small blind $1
crazy669: posts big blind $3
*** HOLE CARDS ***
krytalex: raises $3 to $6
crazy669: raises $3 to $9
krytalex: calls $3
*** FLOP *** [Th 2d 7c]
crazy669: bets $3
krytalex: folds
Uncalled bet ($3) returned to crazy669
crazy669 collected $17.64 from pot
crazy669: doesn't show hand
*** SUMMARY ***
Total pot $18 | Rake $0.36
Board [Th 2d 7c]
Seat 1: krytalex (button) (small blind) folded on the Flop
Seat 4: crazy669 (big blind) collected ($17.64)


PokerStars Hand #170290159167:  Hold'em Limit ($3/$6 USD) - 2017/05/11 19:00:08 ET
Table 'Galilea III' 6-max Seat #4 is the button
Seat 1: krytalex ($272.10 in chips)
Seat 4: crazy669 ($59.40 in chips)
crazy669: posts small blind $1
krytalex: posts big blind $3
*** HOLE CARDS ***
crazy669: raises $3 to $6
krytalex: calls $3
*** FLOP *** [4d Qh 6s]
B_loJkl leaves the table
krytalex: checks
B_loJkl joins the table at seat #5
crazy669: bets $3
krytalex: folds
Uncalled bet ($3) returned to crazy669
crazy669 collected $11.76 from pot
crazy669: doesn't show hand
*** SUMMARY ***
Total pot $12 | Rake $0.24
Board [4d Qh 6s]
Seat 1: krytalex (big blind) folded on the Flop
Seat 4: crazy669 (button) (small blind) collected ($11.76)


