PokerStars Hand #154652472640:  Hold'em Limit ($3/$6 USD) - 2016/06/12 16:34:58 ET
Table 'Gallia' 6-max Seat #1 is the button
Seat 1: hubschi ($77.50 in chips)
Seat 2: Velbor107 ($333.80 in chips)
hubschi: posts small blind $1
Velbor107: posts big blind $3
*** HOLE CARDS ***
hubschi: folds
Uncalled bet ($2) returned to Velbor107
Velbor107 collected $2 from pot
*** SUMMARY ***
Total pot $2 | Rake $0
Seat 1: hubschi (button) (small blind) folded before Flop
Seat 2: Velbor107 (big blind) collected ($2)


PokerStars Hand #154652456208:  Hold'em Limit ($3/$6 USD) - 2016/06/12 16:34:39 ET
Table 'Gallia' 6-max Seat #2 is the button
Seat 1: hubschi ($83.50 in chips)
Seat 2: Velbor107 ($328.04 in chips)
Velbor107: posts small blind $1
hubschi: posts big blind $3
*** HOLE CARDS ***
Velbor107: raises $3 to $6
hubschi: calls $3
*** FLOP *** [Jh Ac 8h]
hubschi: checks
Velbor107: bets $3
hubschi: folds
Uncalled bet ($3) returned to Velbor107
Velbor107 collected $11.76 from pot
*** SUMMARY ***
Total pot $12 | Rake $0.24
Board [Jh Ac 8h]
Seat 1: hubschi (big blind) folded on the Flop
Seat 2: Velbor107 (button) (small blind) collected ($11.76)


PokerStars Hand #154652452311:  Hold'em Limit ($3/$6 USD) - 2016/06/12 16:34:34 ET
Table 'Gallia' 6-max Seat #1 is the button
Seat 1: hubschi ($84.50 in chips)
Seat 2: Velbor107 ($327.04 in chips)
hubschi: posts small blind $1
Velbor107: posts big blind $3
*** HOLE CARDS ***
hubschi: folds
Uncalled bet ($2) returned to Velbor107
Velbor107 collected $2 from pot
*** SUMMARY ***
Total pot $2 | Rake $0
Seat 1: hubschi (button) (small blind) folded before Flop
Seat 2: Velbor107 (big blind) collected ($2)


PokerStars Hand #154652443270:  Hold'em Limit ($3/$6 USD) - 2016/06/12 16:34:23 ET
Table 'Gallia' 6-max Seat #2 is the button
Seat 1: hubschi ($90.50 in chips)
Seat 2: Velbor107 ($321.28 in chips)
Velbor107: posts small blind $1
hubschi: posts big blind $3
*** HOLE CARDS ***
Velbor107: raises $3 to $6
hubschi: calls $3
*** FLOP *** [Tc Th Qh]
hubschi: folds
Velbor107 collected $11.76 from pot
*** SUMMARY ***
Total pot $12 | Rake $0.24
Board [Tc Th Qh]
Seat 1: hubschi (big blind) folded on the Flop
Seat 2: Velbor107 (button) (small blind) collected ($11.76)


PokerStars Hand #154652438527:  Hold'em Limit ($3/$6 USD) - 2016/06/12 16:34:17 ET
Table 'Gallia' 6-max Seat #1 is the button
Seat 1: hubschi ($91.50 in chips)
Seat 2: Velbor107 ($320.28 in chips)
hubschi: posts small blind $1
Velbor107: posts big blind $3
*** HOLE CARDS ***
hubschi: folds
Uncalled bet ($2) returned to Velbor107
Velbor107 collected $2 from pot
*** SUMMARY ***
Total pot $2 | Rake $0
Seat 1: hubschi (button) (small blind) folded before Flop
Seat 2: Velbor107 (big blind) collected ($2)


PokerStars Hand #154652429220:  Hold'em Limit ($3/$6 USD) - 2016/06/12 16:34:06 ET
Table 'Gallia' 6-max Seat #2 is the button
Seat 1: hubschi ($97.50 in chips)
Seat 2: Velbor107 ($314.52 in chips)
Velbor107: posts small blind $1
hubschi: posts big blind $3
*** HOLE CARDS ***
Velbor107: raises $3 to $6
hubschi: calls $3
*** FLOP *** [3c Js 7d]
hubschi: checks
Velbor107: bets $3
hubschi: folds
Uncalled bet ($3) returned to Velbor107
Velbor107 collected $11.76 from pot
*** SUMMARY ***
Total pot $12 | Rake $0.24
Board [3c Js 7d]
Seat 1: hubschi (big blind) folded on the Flop
Seat 2: Velbor107 (button) (small blind) collected ($11.76)


PokerStars Hand #154652490340:  Hold'em Limit ($3/$6 USD) - 2016/06/12 16:35:19 ET
Table 'Gallia' 6-max Seat #1 is the button
Seat 1: hubschi ($85.14 in chips)
Seat 2: Velbor107 ($325.80 in chips)
hubschi: posts small blind $1
Velbor107: posts big blind $3
*** HOLE CARDS ***
hubschi: calls $2
Velbor107: raises $3 to $6
hubschi: raises $3 to $9
Velbor107: calls $3
*** FLOP *** [7d 6c 4h]
Velbor107: checks
hubschi: bets $3
Velbor107: calls $3
*** TURN *** [7d 6c 4h] [6d]
Velbor107: checks
hubschi: bets $6
Velbor107: folds
Uncalled bet ($6) returned to hubschi
hubschi collected $23.52 from pot
hubschi: doesn't show hand
*** SUMMARY ***
Total pot $24 | Rake $0.48
Board [7d 6c 4h 6d]
Seat 1: hubschi (button) (small blind) collected ($23.52)
Seat 2: Velbor107 (big blind) folded on the Turn


PokerStars Hand #154652476758:  Hold'em Limit ($3/$6 USD) - 2016/06/12 16:35:03 ET
Table 'Gallia' 6-max Seat #2 is the button
Seat 1: hubschi ($76.50 in chips)
Seat 2: Velbor107 ($334.80 in chips)
Velbor107: posts small blind $1
hubschi: posts big blind $3
*** HOLE CARDS ***
Velbor107: raises $3 to $6
hubschi: raises $3 to $9
Velbor107: calls $3
*** FLOP *** [6s 7s 7c]
hubschi: bets $3
Velbor107: folds
Uncalled bet ($3) returned to hubschi
hubschi collected $17.64 from pot
hubschi: doesn't show hand
BIZE Terence joins the table at seat #3
*** SUMMARY ***
Total pot $18 | Rake $0.36
Board [6s 7s 7c]
Seat 1: hubschi (big blind) collected ($17.64)
Seat 2: Velbor107 (button) (small blind) folded on the Flop


PokerStars Hand #154652627418:  Hold'em Limit ($3/$6 USD) - 2016/06/12 16:37:57 ET
Table 'Gallia' 6-max Seat #3 is the button
Seat 2: Velbor107 ($333.33 in chips)
Seat 3: BIZE Terence ($111.65 in chips)
BIZE Terence: posts small blind $1
hubschi is disconnected
hubschi has timed out while disconnected
hubschi: is sitting out
Velbor107: posts big blind $3
*** HOLE CARDS ***
BIZE Terence: folds
Uncalled bet ($2) returned to Velbor107
BIZE Terence leaves the table
Velbor107 collected $2 from pot
*** SUMMARY ***
Total pot $2 | Rake $0
Seat 2: Velbor107 (big blind) collected ($2)
Seat 3: BIZE Terence (button) (small blind) folded before Flop


PokerStars Hand #154652721540:  Hold'em Limit ($3/$6 USD) - 2016/06/12 16:39:53 ET
Table 'Gallia' 6-max Seat #1 is the button
Seat 1: hubschi ($26.66 in chips)
Seat 2: Velbor107 ($369.83 in chips)
hubschi: posts small blind $1
Velbor107: posts big blind $3
*** HOLE CARDS ***
hubschi: raises $3 to $6
Velbor107: calls $3
*** FLOP *** [Qs 6c Jd]
Velbor107: checks
hubschi: bets $3
Velbor107: folds
Uncalled bet ($3) returned to hubschi
hubschi collected $11.76 from pot
hubschi: doesn't show hand
*** SUMMARY ***
Total pot $12 | Rake $0.24
Board [Qs 6c Jd]
Seat 1: hubschi (button) (small blind) collected ($11.76)
Seat 2: Velbor107 (big blind) folded on the Flop


PokerStars Hand #154652698460:  Hold'em Limit ($3/$6 USD) - 2016/06/12 16:39:25 ET
Table 'Gallia' 6-max Seat #2 is the button
Seat 1: hubschi ($62.66 in chips)
Seat 2: Velbor107 ($334.33 in chips)
Velbor107: posts small blind $1
hubschi: posts big blind $3
*** HOLE CARDS ***
Velbor107: raises $3 to $6
hubschi: raises $3 to $9
Velbor107: calls $3
*** FLOP *** [5c 6c 4h]
hubschi: bets $3
Velbor107: raises $3 to $6
hubschi: raises $3 to $9
Velbor107: calls $3
*** TURN *** [5c 6c 4h] [Qh]
hubschi: bets $6
Velbor107: raises $6 to $12
hubschi: calls $6
*** RIVER *** [5c 6c 4h Qh] [4c]
hubschi: checks
Velbor107: bets $6
hubschi: calls $6
*** SHOW DOWN ***
Velbor107: shows [Ks Kc] (two pair, Kings and Fours)
hubschi: mucks hand
Velbor107 collected $71.50 from pot
*** SUMMARY ***
Total pot $72 | Rake $0.50
Board [5c 6c 4h Qh 4c]
Seat 1: hubschi (big blind) mucked
Seat 2: Velbor107 (button) (small blind) showed [Ks Kc] and won ($71.50) with two pair, Kings and Fours


PokerStars Hand #154652772380:  Hold'em Limit ($3/$6 USD) - 2016/06/12 16:40:55 ET
Table 'Gallia' 6-max Seat #1 is the button
Seat 1: hubschi ($46.92 in chips)
Seat 2: Velbor107 ($348.83 in chips)
hubschi: posts small blind $1
Velbor107: posts big blind $3
*** HOLE CARDS ***
hubschi: folds
Uncalled bet ($2) returned to Velbor107
Velbor107 collected $2 from pot
*** SUMMARY ***
Total pot $2 | Rake $0
Seat 1: hubschi (button) (small blind) folded before Flop
Seat 2: Velbor107 (big blind) collected ($2)


PokerStars Hand #154652734015:  Hold'em Limit ($3/$6 USD) - 2016/06/12 16:40:08 ET
Table 'Gallia' 6-max Seat #2 is the button
Seat 1: hubschi ($32.42 in chips)
Seat 2: Velbor107 ($363.83 in chips)
Velbor107: posts small blind $1
hubschi: posts big blind $3
*** HOLE CARDS ***
Velbor107: raises $3 to $6
hubschi: calls $3
*** FLOP *** [Qh Jh Td]
hubschi: checks
Velbor107: bets $3
hubschi: calls $3
*** TURN *** [Qh Jh Td] [5s]
hubschi: checks
Velbor107: bets $6
hubschi: calls $6
*** RIVER *** [Qh Jh Td 5s] [Kd]
hubschi: bets $6
Velbor107: folds
Uncalled bet ($6) returned to hubschi
hubschi collected $29.50 from pot
hubschi: doesn't show hand
*** SUMMARY ***
Total pot $30 | Rake $0.50
Board [Qh Jh Td 5s Kd]
Seat 1: hubschi (big blind) collected ($29.50)
Seat 2: Velbor107 (button) (small blind) folded on the River


PokerStars Hand #154652835674:  Hold'em Limit ($3/$6 USD) - 2016/06/12 16:42:13 ET
Table 'Gallia' 6-max Seat #2 is the button
Seat 1: hubschi ($27.68 in chips)
Seat 2: Velbor107 ($367.33 in chips)
Velbor107: posts small blind $1
hubschi: posts big blind $3
*** HOLE CARDS ***
Velbor107: folds
Uncalled bet ($2) returned to hubschi
hubschi collected $2 from pot
hubschi: doesn't show hand
*** SUMMARY ***
Total pot $2 | Rake $0
Seat 1: hubschi (big blind) collected ($2)
Seat 2: Velbor107 (button) (small blind) folded before Flop


PokerStars Hand #154652803312:  Hold'em Limit ($3/$6 USD) - 2016/06/12 16:41:33 ET
Table 'Gallia' 6-max Seat #1 is the button
Seat 1: hubschi ($21.92 in chips)
Seat 2: Velbor107 ($373.33 in chips)
hubschi: posts small blind $1
Velbor107: posts big blind $3
*** HOLE CARDS ***
hubschi: calls $2
Velbor107: checks
*** FLOP *** [Ts Qs 4c]
Velbor107: bets $3
hubschi: calls $3
*** TURN *** [Ts Qs 4c] [Ah]
Velbor107: checks
hubschi: bets $6
Velbor107: folds
Uncalled bet ($6) returned to hubschi
hubschi collected $11.76 from pot
hubschi: doesn't show hand
*** SUMMARY ***
Total pot $12 | Rake $0.24
Board [Ts Qs 4c Ah]
Seat 1: hubschi (button) (small blind) collected ($11.76)
Seat 2: Velbor107 (big blind) folded on the Turn


PokerStars Hand #154652775890:  Hold'em Limit ($3/$6 USD) - 2016/06/12 16:40:59 ET
Table 'Gallia' 6-max Seat #2 is the button
Seat 1: hubschi ($45.92 in chips)
Seat 2: Velbor107 ($349.83 in chips)
Velbor107: posts small blind $1
hubschi: posts big blind $3
*** HOLE CARDS ***
Velbor107: raises $3 to $6
hubschi: raises $3 to $9
Velbor107: calls $3
*** FLOP *** [3d 9d Qc]
hubschi: bets $3
Velbor107: calls $3
*** TURN *** [3d 9d Qc] [9c]
hubschi: bets $6
Velbor107: calls $6
*** RIVER *** [3d 9d Qc 9c] [4s]
hubschi: bets $6
Velbor107: calls $6
*** SHOW DOWN ***
hubschi: shows [Ac 3h] (two pair, Nines and Threes)
Velbor107: shows [Tc Td] (two pair, Tens and Nines)
Velbor107 collected $47.50 from pot
*** SUMMARY ***
Total pot $48 | Rake $0.50
Board [3d 9d Qc 9c 4s]
Seat 1: hubschi (big blind) showed [Ac 3h] and lost with two pair, Nines and Threes
Seat 2: Velbor107 (button) (small blind) showed [Tc Td] and won ($47.50) with two pair, Tens and Nines


PokerStars Hand #154652890900:  Hold'em Limit ($3/$6 USD) - 2016/06/12 16:43:20 ET
Table 'Gallia' 6-max Seat #2 is the button
Seat 1: hubschi ($34.32 in chips)
Seat 2: Velbor107 ($360.09 in chips)
Velbor107: posts small blind $1
hubschi: posts big blind $3
*** HOLE CARDS ***
Velbor107: raises $3 to $6
hubschi: folds
Uncalled bet ($3) returned to Velbor107
Velbor107 collected $6 from pot
*** SUMMARY ***
Total pot $6 | Rake $0
Seat 1: hubschi (big blind) folded before Flop
Seat 2: Velbor107 (button) (small blind) collected ($6)


PokerStars Hand #154652857429:  Hold'em Limit ($3/$6 USD) - 2016/06/12 16:42:39 ET
Table 'Gallia' 6-max Seat #1 is the button
Seat 1: hubschi ($25.68 in chips)
Seat 2: Velbor107 ($369.09 in chips)
hubschi: posts small blind $1
Velbor107: posts big blind $3
*** HOLE CARDS ***
hubschi: raises $3 to $6
Velbor107: calls $3
*** FLOP *** [4s 9d 2c]
Velbor107: checks
hubschi: bets $3
Velbor107: calls $3
*** TURN *** [4s 9d 2c] [7h]
Velbor107: checks
hubschi: bets $6
Velbor107: folds
Uncalled bet ($6) returned to hubschi
hubschi collected $17.64 from pot
hubschi: doesn't show hand
*** SUMMARY ***
Total pot $18 | Rake $0.36
Board [4s 9d 2c 7h]
Seat 1: hubschi (button) (small blind) collected ($17.64)
Seat 2: Velbor107 (big blind) folded on the Turn


PokerStars Hand #154652849630:  Hold'em Limit ($3/$6 USD) - 2016/06/12 16:42:30 ET
Table 'Gallia' 6-max Seat #2 is the button
Seat 1: hubschi ($31.68 in chips)
Seat 2: Velbor107 ($363.33 in chips)
Velbor107: posts small blind $1
hubschi: posts big blind $3
*** HOLE CARDS ***
Velbor107: raises $3 to $6
hubschi: calls $3
*** FLOP *** [6d 2c Td]
hubschi: folds
Velbor107 collected $11.76 from pot
*** SUMMARY ***
Total pot $12 | Rake $0.24
Board [6d 2c Td]
Seat 1: hubschi (big blind) folded on the Flop
Seat 2: Velbor107 (button) (small blind) collected ($11.76)


PokerStars Hand #154652841902:  Hold'em Limit ($3/$6 USD) - 2016/06/12 16:42:20 ET
Table 'Gallia' 6-max Seat #1 is the button
Seat 1: hubschi ($28.68 in chips)
Seat 2: Velbor107 ($366.33 in chips)
hubschi: posts small blind $1
Velbor107: posts big blind $3
*** HOLE CARDS ***
hubschi: raises $3 to $6
Velbor107: folds
Uncalled bet ($3) returned to hubschi
hubschi collected $6 from pot
hubschi: doesn't show hand
*** SUMMARY ***
Total pot $6 | Rake $0
Seat 1: hubschi (button) (small blind) collected ($6)
Seat 2: Velbor107 (big blind) folded before Flop


PokerStars Hand #154652938097:  Hold'em Limit ($3/$6 USD) - 2016/06/12 16:44:20 ET
Table 'Gallia' 6-max Seat #2 is the button
Seat 1: hubschi ($45.82 in chips)
Seat 2: Velbor107 ($348.09 in chips)
Velbor107: posts small blind $1
hubschi: posts big blind $3
*** HOLE CARDS ***
Velbor107: raises $3 to $6
hubschi: folds
Uncalled bet ($3) returned to Velbor107
Velbor107 collected $6 from pot
*** SUMMARY ***
Total pot $6 | Rake $0
Seat 1: hubschi (big blind) folded before Flop
Seat 2: Velbor107 (button) (small blind) collected ($6)


PokerStars Hand #154652895373:  Hold'em Limit ($3/$6 USD) - 2016/06/12 16:43:26 ET
Table 'Gallia' 6-max Seat #1 is the button
Seat 1: hubschi ($31.32 in chips)
Seat 2: Velbor107 ($363.09 in chips)
hubschi: posts small blind $1
Velbor107: posts big blind $3
*** HOLE CARDS ***
hubschi: raises $3 to $6
Velbor107: calls $3
*** FLOP *** [5s 3d 8s]
Velbor107: checks
hubschi: bets $3
Velbor107: calls $3
*** TURN *** [5s 3d 8s] [5d]
Velbor107: checks
hubschi: bets $6
Velbor107: calls $6
*** RIVER *** [5s 3d 8s 5d] [8c]
Velbor107: checks
hubschi: bets $6
Velbor107: folds
Uncalled bet ($6) returned to hubschi
hubschi collected $29.50 from pot
hubschi: doesn't show hand
*** SUMMARY ***
Total pot $30 | Rake $0.50
Board [5s 3d 8s 5d 8c]
Seat 1: hubschi (button) (small blind) collected ($29.50)
Seat 2: Velbor107 (big blind) folded on the River


PokerStars Hand #154652942827:  Hold'em Limit ($3/$6 USD) - 2016/06/12 16:44:26 ET
Table 'Gallia' 6-max Seat #1 is the button
Seat 1: hubschi ($42.82 in chips)
Seat 2: Velbor107 ($351.09 in chips)
hubschi: posts small blind $1
Velbor107: posts big blind $3
*** HOLE CARDS ***
hubschi: calls $2
Velbor107: checks
*** FLOP *** [7s 4h 9h]
Velbor107: checks
hubschi: bets $3
Velbor107: folds
Uncalled bet ($3) returned to hubschi
hubschi collected $5.88 from pot
hubschi: doesn't show hand
*** SUMMARY ***
Total pot $6 | Rake $0.12
Board [7s 4h 9h]
Seat 1: hubschi (button) (small blind) collected ($5.88)
Seat 2: Velbor107 (big blind) folded on the Flop


PokerStars Hand #154652969534:  Hold'em Limit ($3/$6 USD) - 2016/06/12 16:45:00 ET
Table 'Gallia' 6-max Seat #1 is the button
Seat 1: hubschi ($15.70 in chips)
Seat 2: Velbor107 ($377.59 in chips)
hubschi: posts small blind $1
Velbor107: posts big blind $3
*** HOLE CARDS ***
hubschi: raises $3 to $6
Velbor107: folds
Uncalled bet ($3) returned to hubschi
hubschi collected $6 from pot
hubschi: doesn't show hand
*** SUMMARY ***
Total pot $6 | Rake $0
Seat 1: hubschi (button) (small blind) collected ($6)
Seat 2: Velbor107 (big blind) folded before Flop


PokerStars Hand #154652952180:  Hold'em Limit ($3/$6 USD) - 2016/06/12 16:44:38 ET
Table 'Gallia' 6-max Seat #2 is the button
Seat 1: hubschi ($45.70 in chips)
Seat 2: Velbor107 ($348.09 in chips)
Velbor107: posts small blind $1
hubschi: posts big blind $3
*** HOLE CARDS ***
Velbor107: raises $3 to $6
hubschi: raises $3 to $9
Velbor107: calls $3
*** FLOP *** [6h 9h 4h]
hubschi: bets $3
Velbor107: calls $3
*** TURN *** [6h 9h 4h] [Tc]
hubschi: bets $6
Velbor107: raises $6 to $12
hubschi: calls $6
*** RIVER *** [6h 9h 4h Tc] [Js]
hubschi: checks
Velbor107: bets $6
hubschi: calls $6
*** SHOW DOWN ***
Velbor107: shows [4s 9d] (two pair, Nines and Fours)
hubschi: mucks hand
Velbor107 collected $59.50 from pot
*** SUMMARY ***
Total pot $60 | Rake $0.50
Board [6h 9h 4h Tc Js]
Seat 1: hubschi (big blind) mucked
Seat 2: Velbor107 (button) (small blind) showed [4s 9d] and won ($59.50) with two pair, Nines and Fours


PokerStars Hand #154652974988:  Hold'em Limit ($3/$6 USD) - 2016/06/12 16:45:06 ET
Table 'Gallia' 6-max Seat #2 is the button
Seat 1: hubschi ($18.70 in chips)
Seat 2: Velbor107 ($374.59 in chips)
Velbor107: posts small blind $1
hubschi: posts big blind $3
*** HOLE CARDS ***
Velbor107: folds
Uncalled bet ($2) returned to hubschi
hubschi collected $2 from pot
hubschi: doesn't show hand
*** SUMMARY ***
Total pot $2 | Rake $0
Seat 1: hubschi (big blind) collected ($2)
Seat 2: Velbor107 (button) (small blind) folded before Flop


PokerStars Hand #154652994773:  Hold'em Limit ($3/$6 USD) - 2016/06/12 16:45:31 ET
Table 'Gallia' 6-max Seat #2 is the button
Seat 1: hubschi ($38.90 in chips)
Seat 2: Velbor107 ($353.89 in chips)
Velbor107: posts small blind $1
hubschi: posts big blind $3
*** HOLE CARDS ***
Velbor107: raises $3 to $6
hubschi: raises $3 to $9
Velbor107: calls $3
*** FLOP *** [5c Th 7c]
hubschi: checks
Velbor107: checks
*** TURN *** [5c Th 7c] [Td]
hubschi: bets $6
Velbor107: folds
Uncalled bet ($6) returned to hubschi
BIZE Terence joins the table at seat #4
hubschi collected $17.64 from pot
hubschi: doesn't show hand
*** SUMMARY ***
Total pot $18 | Rake $0.36
Board [5c Th 7c Td]
Seat 1: hubschi (big blind) collected ($17.64)
Seat 2: Velbor107 (button) (small blind) folded on the Turn


PokerStars Hand #154653005502:  Hold'em Limit ($3/$6 USD) - 2016/06/12 16:45:44 ET
Table 'Gallia' 6-max Seat #1 is the button
Seat 1: hubschi ($47.54 in chips)
Seat 2: Velbor107 ($344.89 in chips)
hubschi: posts small blind $1
Velbor107: posts big blind $3
*** HOLE CARDS ***
hubschi: folds
Uncalled bet ($2) returned to Velbor107
Velbor107 collected $2 from pot
*** SUMMARY ***
Total pot $2 | Rake $0
Seat 1: hubschi (button) (small blind) folded before Flop
Seat 2: Velbor107 (big blind) collected ($2)


PokerStars Hand #154652978995:  Hold'em Limit ($3/$6 USD) - 2016/06/12 16:45:11 ET
Table 'Gallia' 6-max Seat #1 is the button
Seat 1: hubschi ($19.70 in chips)
Seat 2: Velbor107 ($373.59 in chips)
hubschi: posts small blind $1
Velbor107: posts big blind $3
*** HOLE CARDS ***
hubschi: raises $3 to $6
Velbor107: raises $3 to $9
hubschi: raises $3 to $12
Betting is capped
Velbor107: calls $3
*** FLOP *** [2c 4s Qs]
Velbor107: bets $3
hubschi: raises $3 to $6
Velbor107: raises $3 to $9
hubschi: calls $1.70 and is all-in
Uncalled bet ($1.30) returned to Velbor107
*** TURN *** [2c 4s Qs] [Qd]
*** RIVER *** [2c 4s Qs Qd] [6s]
*** SHOW DOWN ***
Velbor107: shows [Ad Jd] (a pair of Queens)
hubschi: shows [6h Kc] (two pair, Queens and Sixes)
hubschi collected $38.90 from pot
*** SUMMARY ***
Total pot $39.40 | Rake $0.50
Board [2c 4s Qs Qd 6s]
Seat 1: hubschi (button) (small blind) showed [6h Kc] and won ($38.90) with two pair, Queens and Sixes
Seat 2: Velbor107 (big blind) showed [Ad Jd] and lost with a pair of Queens


PokerStars Hand #154653084770:  Hold'em Limit ($3/$6 USD) - 2016/06/12 16:47:22 ET
Table 'Gallia' 6-max Seat #4 is the button
Seat 2: Velbor107 ($371.79 in chips)
Seat 4: BIZE Terence ($105.40 in chips)
BIZE Terence: posts small blind $1
Velbor107: posts big blind $3
*** HOLE CARDS ***
BIZE Terence: folds
Uncalled bet ($2) returned to Velbor107
Velbor107 collected $2 from pot
*** SUMMARY ***
Total pot $2 | Rake $0
Seat 2: Velbor107 (big blind) collected ($2)
Seat 4: BIZE Terence (button) (small blind) folded before Flop


PokerStars Hand #154653071272:  Hold'em Limit ($3/$6 USD) - 2016/06/12 16:47:05 ET
Table 'Gallia' 6-max Seat #2 is the button
Seat 2: Velbor107 ($377.79 in chips)
Seat 4: BIZE Terence ($99.64 in chips)
Velbor107: posts small blind $1
BIZE Terence: posts big blind $3
*** HOLE CARDS ***
Velbor107: raises $3 to $6
hubschi leaves the table
BIZE Terence: calls $3
*** FLOP *** [7c 9h Qs]
BIZE Terence: checks
Velbor107: checks
*** TURN *** [7c 9h Qs] [5d]
BIZE Terence: bets $6
Velbor107: folds
Uncalled bet ($6) returned to BIZE Terence
BIZE Terence collected $11.76 from pot
BIZE Terence: doesn't show hand
*** SUMMARY ***
Total pot $12 | Rake $0.24
Board [7c 9h Qs 5d]
Seat 2: Velbor107 (button) (small blind) folded on the Turn
Seat 4: BIZE Terence (big blind) collected ($11.76)


