PokerStars Hand #168749439326:  Hold'em Limit ($3/$6 USD) - 2017/04/08 10:34:38 ET
Table 'Gallia III' 6-max Seat #4 is the button
Seat 3: ARARAT ANAPA ($53.55 in chips)
Seat 4: Rus29APX ($121 in chips)
Rus29APX: posts small blind $1
ARARAT ANAPA: posts big blind $3
*** HOLE CARDS ***
LordBorzi II joins the table at seat #6
Rus29APX: raises $3 to $6
ARARAT ANAPA: calls $3
*** FLOP *** [8s Qd 2s]
ARARAT ANAPA: checks
Rus29APX: bets $3
Widegermany joins the table at seat #5
ARARAT ANAPA: calls $3
*** TURN *** [8s Qd 2s] [Ac]
ARARAT ANAPA: checks
Rus29APX: checks
*** RIVER *** [8s Qd 2s Ac] [As]
ARARAT ANAPA: bets $6
Rus29APX: folds
Uncalled bet ($6) returned to ARARAT ANAPA
ARARAT ANAPA collected $17.64 from pot
ARARAT ANAPA: doesn't show hand
*** SUMMARY ***
Total pot $18 | Rake $0.36
Board [8s Qd 2s Ac As]
Seat 3: ARARAT ANAPA (big blind) collected ($17.64)
Seat 4: Rus29APX (button) (small blind) folded on the River


PokerStars Hand #168749435135:  Hold'em Limit ($3/$6 USD) - 2017/04/08 10:34:31 ET
Table 'Gallia III' 6-max Seat #3 is the button
Seat 3: ARARAT ANAPA ($54.55 in chips)
Seat 4: Rus29APX ($120 in chips)
ARARAT ANAPA: posts small blind $1
Rus29APX: posts big blind $3
*** HOLE CARDS ***
ARARAT ANAPA: folds
Uncalled bet ($2) returned to Rus29APX
Rus29APX collected $2 from pot
Rus29APX: doesn't show hand
*** SUMMARY ***
Total pot $2 | Rake $0
Seat 3: ARARAT ANAPA (button) (small blind) folded before Flop
Seat 4: Rus29APX (big blind) collected ($2)


PokerStars Hand #168749986679:  Hold'em Limit ($3/$6 USD) - 2017/04/08 10:49:14 ET
Table 'Gallia III' 6-max Seat #2 is the button
Seat 1: GlamDragon ($363.60 in chips)
Seat 2: tttzzz ($70.61 in chips)
tttzzz: posts small blind $1
Ale4o: is sitting out
LordBorzi II: is sitting out
GlamDragon: posts big blind $3
*** HOLE CARDS ***
Ale4o leaves the table
tttzzz: raises $3 to $6
GlamDragon: calls $3
*** FLOP *** [6s Ac 5c]
GlamDragon: checks
tttzzz: bets $3
GlamDragon: calls $3
*** TURN *** [6s Ac 5c] [3h]
LordBorzi II leaves the table
GlamDragon: checks
tttzzz: bets $6
GlamDragon: calls $6
*** RIVER *** [6s Ac 5c 3h] [6h]
GlamDragon: checks
tttzzz: checks
*** SHOW DOWN ***
GlamDragon: shows [6c Tc] (three of a kind, Sixes)
tttzzz: mucks hand
GlamDragon collected $29.50 from pot
*** SUMMARY ***
Total pot $30 | Rake $0.50
Board [6s Ac 5c 3h 6h]
Seat 1: GlamDragon (big blind) showed [6c Tc] and won ($29.50) with three of a kind, Sixes
Seat 2: tttzzz (button) (small blind) mucked


