PokerStars Hand #162385234101:  Hold'em Limit ($3/$6 USD) - 2016/12/04 4:50:33 ET
Table 'Gallia II' 6-max Seat #4 is the button
Seat 1: kub1k27401 ($35.02 in chips)
Seat 4: Agrotait ($71.88 in chips)
Agrotait: posts small blind $1
kub1k27401: posts big blind $3
*** HOLE CARDS ***
Agrotait: folds
Uncalled bet ($2) returned to kub1k27401
kub1k27401 collected $2 from pot
*** SUMMARY ***
Total pot $2 | Rake $0
Seat 1: kub1k27401 (big blind) collected ($2)
Seat 4: Agrotait (button) (small blind) folded before Flop


PokerStars Hand #162385220948:  Hold'em Limit ($3/$6 USD) - 2016/12/04 4:50:03 ET
Table 'Gallia II' 6-max Seat #1 is the button
Seat 1: kub1k27401 ($29.26 in chips)
Seat 4: Agrotait ($77.88 in chips)
kub1k27401: posts small blind $1
Agrotait: posts big blind $3
*** HOLE CARDS ***
kub1k27401: raises $3 to $6
Agrotait: calls $3
*** FLOP *** [2c 3c Kh]
Agrotait: checks
kub1k27401: bets $3
Agrotait: folds
Uncalled bet ($3) returned to kub1k27401
kub1k27401 collected $11.76 from pot
*** SUMMARY ***
Total pot $12 | Rake $0.24
Board [2c 3c Kh]
Seat 1: kub1k27401 (button) (small blind) collected ($11.76)
Seat 4: Agrotait (big blind) folded on the Flop


PokerStars Hand #162385238038:  Hold'em Limit ($3/$6 USD) - 2016/12/04 4:50:42 ET
Table 'Gallia II' 6-max Seat #1 is the button
Seat 1: kub1k27401 ($36.02 in chips)
Seat 4: Agrotait ($70.88 in chips)
kub1k27401: posts small blind $1
Agrotait: posts big blind $3
*** HOLE CARDS ***
kub1k27401: raises $3 to $6
Agrotait: calls $3
*** FLOP *** [6d 5h 6s]
Agrotait: checks
kub1k27401: bets $3
Agrotait: calls $3
*** TURN *** [6d 5h 6s] [Jc]
Agrotait: checks
kub1k27401: bets $6
Agrotait: folds
Uncalled bet ($6) returned to kub1k27401
kub1k27401 collected $17.64 from pot
*** SUMMARY ***
Total pot $18 | Rake $0.36
Board [6d 5h 6s Jc]
Seat 1: kub1k27401 (button) (small blind) collected ($17.64)
Seat 4: Agrotait (big blind) folded on the Turn


PokerStars Hand #162385269035:  Hold'em Limit ($3/$6 USD) - 2016/12/04 4:51:51 ET
Table 'Gallia II' 6-max Seat #1 is the button
Seat 1: kub1k27401 ($38.66 in chips)
Seat 4: Agrotait ($67.64 in chips)
kub1k27401: posts small blind $1
Agrotait: posts big blind $3
*** HOLE CARDS ***
kub1k27401: folds
Uncalled bet ($2) returned to Agrotait
Agrotait collected $2 from pot
Agrotait: doesn't show hand
*** SUMMARY ***
Total pot $2 | Rake $0
Seat 1: kub1k27401 (button) (small blind) folded before Flop
Seat 4: Agrotait (big blind) collected ($2)


PokerStars Hand #162385259302:  Hold'em Limit ($3/$6 USD) - 2016/12/04 4:51:29 ET
Table 'Gallia II' 6-max Seat #4 is the button
Seat 1: kub1k27401 ($44.66 in chips)
Seat 4: Agrotait ($61.88 in chips)
Agrotait: posts small blind $1
kub1k27401: posts big blind $3
*** HOLE CARDS ***
Agrotait: raises $3 to $6
kub1k27401: calls $3
*** FLOP *** [Js Qs 3c]
kub1k27401: checks
Agrotait: bets $3
kub1k27401: folds
Uncalled bet ($3) returned to Agrotait
Agrotait collected $11.76 from pot
Agrotait: doesn't show hand
*** SUMMARY ***
Total pot $12 | Rake $0.24
Board [Js Qs 3c]
Seat 1: kub1k27401 (big blind) folded on the Flop
Seat 4: Agrotait (button) (small blind) collected ($11.76)


PokerStars Hand #162385279949:  Hold'em Limit ($3/$6 USD) - 2016/12/04 4:52:15 ET
Table 'Gallia II' 6-max Seat #1 is the button
Seat 1: kub1k27401 ($28.66 in chips)
Seat 4: Agrotait ($77.28 in chips)
kub1k27401: posts small blind $1
Agrotait: posts big blind $3
*** HOLE CARDS ***
kub1k27401: folds
Uncalled bet ($2) returned to Agrotait
Agrotait collected $2 from pot
Agrotait: doesn't show hand
Hannibal2211 joins the table at seat #2
*** SUMMARY ***
Total pot $2 | Rake $0
Seat 1: kub1k27401 (button) (small blind) folded before Flop
Seat 4: Agrotait (big blind) collected ($2)


PokerStars Hand #162385271365:  Hold'em Limit ($3/$6 USD) - 2016/12/04 4:51:56 ET
Table 'Gallia II' 6-max Seat #4 is the button
Seat 1: kub1k27401 ($37.66 in chips)
Seat 4: Agrotait ($68.64 in chips)
Agrotait: posts small blind $1
kub1k27401: posts big blind $3
*** HOLE CARDS ***
Agrotait: raises $3 to $6
kub1k27401: calls $3
*** FLOP *** [4d 6d Ks]
kub1k27401: checks
Agrotait: bets $3
kub1k27401: calls $3
*** TURN *** [4d 6d Ks] [7s]
kub1k27401: checks
Agrotait: bets $6
kub1k27401: folds
Uncalled bet ($6) returned to Agrotait
Agrotait collected $17.64 from pot
Agrotait: doesn't show hand
*** SUMMARY ***
Total pot $18 | Rake $0.36
Board [4d 6d Ks 7s]
Seat 1: kub1k27401 (big blind) folded on the Turn
Seat 4: Agrotait (button) (small blind) collected ($17.64)


