PokerStars Hand #173876835149:  Hold'em Limit ($3/$6 USD) - 2017/08/03 14:09:39 ET
Table 'Gallia' 6-max Seat #3 is the button
Seat 2: uglyghost101 ($120 in chips)
Seat 3: belik555 ($90 in chips)
belik555: posts small blind $1
GoliafUa: is sitting out
uglyghost101: posts big blind $3
*** HOLE CARDS ***
belik555: raises $3 to $6
uglyghost101: calls $3
*** FLOP *** [8c 7d 6c]
GoliafUa leaves the table
uglyghost101: checks
belik555: checks
*** TURN *** [8c 7d 6c] [6s]
uglyghost101: checks
belik555: checks
*** RIVER *** [8c 7d 6c 6s] [3d]
uglyghost101: bets $6
belik555: folds
Uncalled bet ($6) returned to uglyghost101
uglyghost101 collected $11.76 from pot
uglyghost101: doesn't show hand
*** SUMMARY ***
Total pot $12 | Rake $0.24
Board [8c 7d 6c 6s 3d]
Seat 2: uglyghost101 (big blind) collected ($11.76)
Seat 3: belik555 (button) (small blind) folded on the River


PokerStars Hand #173876888215:  Hold'em Limit ($3/$6 USD) - 2017/08/03 14:10:59 ET
Table 'Gallia' 6-max Seat #3 is the button
Seat 2: uglyghost101 ($146.26 in chips)
Seat 3: belik555 ($90 in chips)
belik555: posts small blind $1
uglyghost101: posts big blind $3
*** HOLE CARDS ***
belik555: folds
Uncalled bet ($2) returned to uglyghost101
uglyghost101 collected $2 from pot
uglyghost101: doesn't show hand
*** SUMMARY ***
Total pot $2 | Rake $0
Seat 2: uglyghost101 (big blind) collected ($2)
Seat 3: belik555 (button) (small blind) folded before Flop


PokerStars Hand #173876860750:  Hold'em Limit ($3/$6 USD) - 2017/08/03 14:10:18 ET
Table 'Gallia' 6-max Seat #2 is the button
Seat 2: uglyghost101 ($125.76 in chips)
Seat 3: belik555 ($90 in chips)
uglyghost101: posts small blind $1
belik555: posts big blind $3
*** HOLE CARDS ***
uglyghost101: calls $2
belik555: raises $3 to $6
uglyghost101: calls $3
*** FLOP *** [2s Td 4h]
belik555: bets $3
uglyghost101: calls $3
*** TURN *** [2s Td 4h] [2h]
belik555: checks
uglyghost101: bets $6
belik555: calls $6
*** RIVER *** [2s Td 4h 2h] [Jh]
belik555: checks
uglyghost101: bets $6
belik555: calls $6
*** SHOW DOWN ***
uglyghost101: shows [Jd 4d] (two pair, Jacks and Fours)
belik555: mucks hand
uglyghost101 collected $41.50 from pot
*** SUMMARY ***
Total pot $42 | Rake $0.50
Board [2s Td 4h 2h Jh]
Seat 2: uglyghost101 (button) (small blind) showed [Jd 4d] and won ($41.50) with two pair, Jacks and Fours
Seat 3: belik555 (big blind) mucked


PokerStars Hand #173876892470:  Hold'em Limit ($3/$6 USD) - 2017/08/03 14:11:05 ET
Table 'Gallia' 6-max Seat #2 is the button
Seat 2: uglyghost101 ($147.26 in chips)
Seat 3: belik555 ($90 in chips)
uglyghost101: posts small blind $1
belik555: posts big blind $3
*** HOLE CARDS ***
uglyghost101: calls $2
belik555: checks
*** FLOP *** [9h As 3h]
belik555: bets $3
uglyghost101: folds
Uncalled bet ($3) returned to belik555
belik555 collected $5.88 from pot
belik555: doesn't show hand
*** SUMMARY ***
Total pot $6 | Rake $0.12
Board [9h As 3h]
Seat 2: uglyghost101 (button) (small blind) folded on the Flop
Seat 3: belik555 (big blind) collected ($5.88)


PokerStars Hand #173876906291:  Hold'em Limit ($3/$6 USD) - 2017/08/03 14:11:26 ET
Table 'Gallia' 6-max Seat #3 is the button
Seat 2: uglyghost101 ($144.26 in chips)
Seat 3: belik555 ($92.88 in chips)
belik555: posts small blind $1
uglyghost101: posts big blind $3
*** HOLE CARDS ***
belik555: raises $3 to $6
uglyghost101: folds
Uncalled bet ($3) returned to belik555
belik555 collected $6 from pot
belik555: doesn't show hand
*** SUMMARY ***
Total pot $6 | Rake $0
Seat 2: uglyghost101 (big blind) folded before Flop
Seat 3: belik555 (button) (small blind) collected ($6)


PokerStars Hand #173876914565:  Hold'em Limit ($3/$6 USD) - 2017/08/03 14:11:38 ET
Table 'Gallia' 6-max Seat #2 is the button
Seat 2: uglyghost101 ($141.26 in chips)
Seat 3: belik555 ($95.88 in chips)
uglyghost101: posts small blind $1
belik555: posts big blind $3
*** HOLE CARDS ***
uglyghost101: folds
Uncalled bet ($2) returned to belik555
belik555 collected $2 from pot
belik555: doesn't show hand
*** SUMMARY ***
Total pot $2 | Rake $0
Seat 2: uglyghost101 (button) (small blind) folded before Flop
Seat 3: belik555 (big blind) collected ($2)


