PokerStars Hand #145707155871:  Hold'em Limit ($3/$6 USD) - 2015/12/21 16:29:39 ET
Table 'Galle' 6-max Seat #3 is the button
Seat 3: marsl4.20 ($57.88 in chips)
Seat 4: AzureCaper ($72 in chips)
marsl4.20: posts small blind $1
AzureCaper: posts big blind $3
*** HOLE CARDS ***
marsl4.20: calls $2
AzureCaper: raises $3 to $6
marsl4.20: calls $3
*** FLOP *** [9c 3d Kh]
AzureCaper: bets $3
BuzovaPro joins the table at seat #6
marsl4.20: folds
Uncalled bet ($3) returned to AzureCaper
Velbor107 joins the table at seat #2
AzureCaper collected $11.76 from pot
AzureCaper: doesn't show hand
*** SUMMARY ***
Total pot $12 | Rake $0.24
Board [9c 3d Kh]
Seat 3: marsl4.20 (button) (small blind) folded on the Flop
Seat 4: AzureCaper (big blind) collected ($11.76)


PokerStars Hand #145710796464:  Hold'em Limit ($3/$6 USD) - 2015/12/21 17:36:05 ET
Table 'Galle' 6-max Seat #1 is the button
Seat 1: Dok2920 ($180.62 in chips)
Seat 4: AzureCaper ($151.76 in chips)
Dok2920: posts small blind $1
alexslep: is sitting out
AzureCaper: posts big blind $3
*** HOLE CARDS ***
alexslep leaves the table
Dok2920: raises $3 to $6
AzureCaper: calls $3
*** FLOP *** [3s 7d 6s]
AzureCaper: checks
Dok2920: bets $3
AzureCaper: raises $3 to $6
Dok2920: raises $3 to $9
AzureCaper: calls $3
*** TURN *** [3s 7d 6s] [8s]
AzureCaper: bets $6
Dok2920: calls $6
*** RIVER *** [3s 7d 6s 8s] [5h]
AzureCaper: bets $6
Dok2920: calls $6
*** SHOW DOWN ***
AzureCaper: shows [8d 9d] (a straight, Five to Nine)
Dok2920: mucks hand
AzureCaper collected $53.50 from pot
Dok2920 said, "donk"
*** SUMMARY ***
Total pot $54 | Rake $0.50
Board [3s 7d 6s 8s 5h]
Seat 1: Dok2920 (button) (small blind) mucked
Seat 4: AzureCaper (big blind) showed [8d 9d] and won ($53.50) with a straight, Five to Nine


PokerStars Hand #145710814366:  Hold'em Limit ($3/$6 USD) - 2015/12/21 17:36:24 ET
Table 'Galle' 6-max Seat #4 is the button
Seat 1: Dok2920 ($153.62 in chips)
Seat 4: AzureCaper ($178.26 in chips)
AzureCaper: posts small blind $1
Dok2920: posts big blind $3
*** HOLE CARDS ***
AzureCaper: raises $3 to $6
Dok2920: raises $3 to $9
AzureCaper: raises $3 to $12
Betting is capped
Dok2920: calls $3
*** FLOP *** [6s Ts 4s]
Dok2920: bets $3
AzureCaper: calls $3
*** TURN *** [6s Ts 4s] [Jc]
Dok2920: bets $6
AzureCaper: calls $6
*** RIVER *** [6s Ts 4s Jc] [7s]
Dok2920: bets $6
AzureCaper: raises $6 to $12
Dok2920: calls $6
*** SHOW DOWN ***
AzureCaper: shows [Ks Qh] (a flush, King high)
Dok2920: mucks hand
AzureCaper collected $65.50 from pot
*** SUMMARY ***
Total pot $66 | Rake $0.50
Board [6s Ts 4s Jc 7s]
Seat 1: Dok2920 (big blind) mucked
Seat 4: AzureCaper (button) (small blind) showed [Ks Qh] and won ($65.50) with a flush, King high


PokerStars Hand #145710839740:  Hold'em Limit ($3/$6 USD) - 2015/12/21 17:36:53 ET
Table 'Galle' 6-max Seat #4 is the button
Seat 1: Dok2920 ($119.62 in chips)
Seat 4: AzureCaper ($211.76 in chips)
AzureCaper: posts small blind $1
Dok2920: posts big blind $3
*** HOLE CARDS ***
AzureCaper: folds
Uncalled bet ($2) returned to Dok2920
Dok2920 collected $2 from pot
*** SUMMARY ***
Total pot $2 | Rake $0
Seat 1: Dok2920 (big blind) collected ($2)
Seat 4: AzureCaper (button) (small blind) folded before Flop


PokerStars Hand #145710851076:  Hold'em Limit ($3/$6 USD) - 2015/12/21 17:37:05 ET
Table 'Galle' 6-max Seat #4 is the button
Seat 1: Dok2920 ($126.38 in chips)
Seat 4: AzureCaper ($204.76 in chips)
AzureCaper: posts small blind $1
Dok2920: posts big blind $3
*** HOLE CARDS ***
AzureCaper: folds
Uncalled bet ($2) returned to Dok2920
Dok2920 collected $2 from pot
*** SUMMARY ***
Total pot $2 | Rake $0
Seat 1: Dok2920 (big blind) collected ($2)
Seat 4: AzureCaper (button) (small blind) folded before Flop


PokerStars Hand #145710855631:  Hold'em Limit ($3/$6 USD) - 2015/12/21 17:37:11 ET
Table 'Galle' 6-max Seat #1 is the button
Seat 1: Dok2920 ($127.38 in chips)
Seat 4: AzureCaper ($203.76 in chips)
Dok2920: posts small blind $1
AzureCaper: posts big blind $3
*** HOLE CARDS ***
Dok2920: folds
Uncalled bet ($2) returned to AzureCaper
AzureCaper collected $2 from pot
AzureCaper: doesn't show hand
Dok2920 leaves the table
*** SUMMARY ***
Total pot $2 | Rake $0
Seat 1: Dok2920 (button) (small blind) folded before Flop
Seat 4: AzureCaper (big blind) collected ($2)


PokerStars Hand #145710831357:  Hold'em Limit ($3/$6 USD) - 2015/12/21 17:36:44 ET
Table 'Galle' 6-max Seat #1 is the button
Seat 1: Dok2920 ($120.62 in chips)
Seat 4: AzureCaper ($210.76 in chips)
Dok2920: posts small blind $1
AzureCaper: posts big blind $3
*** HOLE CARDS ***
Dok2920: folds
Uncalled bet ($2) returned to AzureCaper
AzureCaper collected $2 from pot
AzureCaper: doesn't show hand
Dok2920 said, "wow"
*** SUMMARY ***
Total pot $2 | Rake $0
Seat 1: Dok2920 (button) (small blind) folded before Flop
Seat 4: AzureCaper (big blind) collected ($2)


PokerStars Hand #145710843495:  Hold'em Limit ($3/$6 USD) - 2015/12/21 17:36:57 ET
Table 'Galle' 6-max Seat #1 is the button
Seat 1: Dok2920 ($120.62 in chips)
Seat 4: AzureCaper ($210.76 in chips)
Dok2920: posts small blind $1
AzureCaper: posts big blind $3
*** HOLE CARDS ***
Dok2920: raises $3 to $6
AzureCaper: calls $3
*** FLOP *** [6d Qd 8d]
AzureCaper: checks
Dok2920: bets $3
AzureCaper: folds
Uncalled bet ($3) returned to Dok2920
Dok2920 collected $11.76 from pot
*** SUMMARY ***
Total pot $12 | Rake $0.24
Board [6d Qd 8d]
Seat 1: Dok2920 (button) (small blind) collected ($11.76)
Seat 4: AzureCaper (big blind) folded on the Flop


