PokerStars Hand #170626442160:  Hold'em Limit ($3/$6 USD) - 2017/05/19 10:29:47 ET
Table 'Gallia' 6-max Seat #3 is the button
Seat 3: Rus29APX ($120 in chips)
Seat 4: Marmmm1 ($120 in chips)
Rus29APX: posts small blind $1
Marmmm1: posts big blind $3
*** HOLE CARDS ***
Rus29APX: raises $3 to $6
Marmmm1: folds
Uncalled bet ($3) returned to Rus29APX
Rus29APX collected $6 from pot
Rus29APX: doesn't show hand
*** SUMMARY ***
Total pot $6 | Rake $0
Seat 3: Rus29APX (button) (small blind) collected ($6)
Seat 4: Marmmm1 (big blind) folded before Flop


PokerStars Hand #170626453139:  Hold'em Limit ($3/$6 USD) - 2017/05/19 10:30:06 ET
Table 'Gallia' 6-max Seat #4 is the button
Seat 3: Rus29APX ($123 in chips)
Seat 4: Marmmm1 ($117 in chips)
Marmmm1: posts small blind $1
Rus29APX: posts big blind $3
*** HOLE CARDS ***
Marmmm1: raises $3 to $6
Rus29APX: calls $3
*** FLOP *** [9h 7c Ts]
Rus29APX: checks
Marmmm1: bets $3
Rus29APX: calls $3
*** TURN *** [9h 7c Ts] [Js]
Rus29APX: checks
Marmmm1: bets $6
Rus29APX: raises $6 to $12
Marmmm1: raises $6 to $18
Rus29APX: calls $6
*** RIVER *** [9h 7c Ts Js] [9s]
Rus29APX: checks
Marmmm1: bets $6
Rus29APX: calls $6
*** SHOW DOWN ***
Marmmm1: shows [Qh Ks] (a straight, Nine to King)
Rus29APX: mucks hand
Marmmm1 collected $65.50 from pot
*** SUMMARY ***
Total pot $66 | Rake $0.50
Board [9h 7c Ts Js 9s]
Seat 3: Rus29APX (big blind) mucked
Seat 4: Marmmm1 (button) (small blind) showed [Qh Ks] and won ($65.50) with a straight, Nine to King


PokerStars Hand #170626484999:  Hold'em Limit ($3/$6 USD) - 2017/05/19 10:31:01 ET
Table 'Gallia' 6-max Seat #3 is the button
Seat 3: Rus29APX ($120 in chips)
Seat 4: Marmmm1 ($149.50 in chips)
Rus29APX: posts small blind $1
Marmmm1: posts big blind $3
*** HOLE CARDS ***
Rus29APX: raises $3 to $6
Marmmm1: folds
Uncalled bet ($3) returned to Rus29APX
Rus29APX collected $6 from pot
Rus29APX: doesn't show hand
*** SUMMARY ***
Total pot $6 | Rake $0
Seat 3: Rus29APX (button) (small blind) collected ($6)
Seat 4: Marmmm1 (big blind) folded before Flop


PokerStars Hand #170626493056:  Hold'em Limit ($3/$6 USD) - 2017/05/19 10:31:15 ET
Table 'Gallia' 6-max Seat #3 is the button
Seat 3: Rus29APX ($124 in chips)
Seat 4: Marmmm1 ($145.50 in chips)
Rus29APX: posts small blind $1
Marmmm1: posts big blind $3
*** HOLE CARDS ***
Rus29APX: raises $3 to $6
Marmmm1: folds
Uncalled bet ($3) returned to Rus29APX
Rus29APX collected $6 from pot
Rus29APX: doesn't show hand
*** SUMMARY ***
Total pot $6 | Rake $0
Seat 3: Rus29APX (button) (small blind) collected ($6)
Seat 4: Marmmm1 (big blind) folded before Flop


PokerStars Hand #170626503348:  Hold'em Limit ($3/$6 USD) - 2017/05/19 10:31:33 ET
Table 'Gallia' 6-max Seat #3 is the button
Seat 3: Rus29APX ($128 in chips)
Seat 4: Marmmm1 ($141.50 in chips)
Rus29APX: posts small blind $1
Marmmm1: posts big blind $3
*** HOLE CARDS ***
Rus29APX: raises $3 to $6
Marmmm1: raises $3 to $9
Rus29APX: calls $3
*** FLOP *** [Qc 8c 7h]
Marmmm1: bets $3
Rus29APX: folds
Uncalled bet ($3) returned to Marmmm1
Marmmm1 collected $17.64 from pot
Marmmm1: doesn't show hand
*** SUMMARY ***
Total pot $18 | Rake $0.36
Board [Qc 8c 7h]
Seat 3: Rus29APX (button) (small blind) folded on the Flop
Seat 4: Marmmm1 (big blind) collected ($17.64)


PokerStars Hand #170626545695:  Hold'em Limit ($3/$6 USD) - 2017/05/19 10:32:45 ET
Table 'Gallia' 6-max Seat #4 is the button
Seat 3: Rus29APX ($147.50 in chips)
Seat 4: Marmmm1 ($121.14 in chips)
Marmmm1: posts small blind $1
Rus29APX: posts big blind $3
*** HOLE CARDS ***
Marmmm1: folds
Uncalled bet ($2) returned to Rus29APX
Rus29APX collected $2 from pot
Rus29APX: doesn't show hand
*** SUMMARY ***
Total pot $2 | Rake $0
Seat 3: Rus29APX (big blind) collected ($2)
Seat 4: Marmmm1 (button) (small blind) folded before Flop


PokerStars Hand #170626542525:  Hold'em Limit ($3/$6 USD) - 2017/05/19 10:32:40 ET
Table 'Gallia' 6-max Seat #3 is the button
Seat 3: Rus29APX ($144.50 in chips)
Seat 4: Marmmm1 ($124.14 in chips)
Rus29APX: posts small blind $1
Marmmm1: posts big blind $3
*** HOLE CARDS ***
Rus29APX: raises $3 to $6
Marmmm1: folds
Uncalled bet ($3) returned to Rus29APX
Rus29APX collected $6 from pot
Rus29APX: doesn't show hand
*** SUMMARY ***
Total pot $6 | Rake $0
Seat 3: Rus29APX (button) (small blind) collected ($6)
Seat 4: Marmmm1 (big blind) folded before Flop


PokerStars Hand #170626539766:  Hold'em Limit ($3/$6 USD) - 2017/05/19 10:32:35 ET
Table 'Gallia' 6-max Seat #4 is the button
Seat 3: Rus29APX ($143.50 in chips)
Seat 4: Marmmm1 ($125.14 in chips)
Marmmm1: posts small blind $1
Rus29APX: posts big blind $3
*** HOLE CARDS ***
Marmmm1: folds
Uncalled bet ($2) returned to Rus29APX
Rus29APX collected $2 from pot
Rus29APX: doesn't show hand
*** SUMMARY ***
Total pot $2 | Rake $0
Seat 3: Rus29APX (big blind) collected ($2)
Seat 4: Marmmm1 (button) (small blind) folded before Flop


PokerStars Hand #170626514158:  Hold'em Limit ($3/$6 USD) - 2017/05/19 10:31:51 ET
Table 'Gallia' 6-max Seat #3 is the button
Seat 3: Rus29APX ($120 in chips)
Seat 4: Marmmm1 ($149.14 in chips)
Rus29APX: posts small blind $1
Marmmm1: posts big blind $3
*** HOLE CARDS ***
Rus29APX: raises $3 to $6
Marmmm1: raises $3 to $9
Rus29APX: calls $3
*** FLOP *** [Ts 5d Ks]
Marmmm1: checks
Rus29APX: bets $3
Marmmm1: calls $3
*** TURN *** [Ts 5d Ks] [Qd]
Marmmm1: checks
Rus29APX: bets $6
Marmmm1: calls $6
*** RIVER *** [Ts 5d Ks Qd] [Th]
Marmmm1: checks
Rus29APX: bets $6
Marmmm1: calls $6
*** SHOW DOWN ***
Rus29APX: shows [8c Kh] (two pair, Kings and Tens)
Marmmm1: mucks hand
Rus29APX collected $47.50 from pot
*** SUMMARY ***
Total pot $48 | Rake $0.50
Board [Ts 5d Ks Qd Th]
Seat 3: Rus29APX (button) (small blind) showed [8c Kh] and won ($47.50) with two pair, Kings and Tens
Seat 4: Marmmm1 (big blind) mucked


PokerStars Hand #170626549844:  Hold'em Limit ($3/$6 USD) - 2017/05/19 10:32:52 ET
Table 'Gallia' 6-max Seat #3 is the button
Seat 3: Rus29APX ($148.50 in chips)
Seat 4: Marmmm1 ($120.14 in chips)
Rus29APX: posts small blind $1
Marmmm1: posts big blind $3
*** HOLE CARDS ***
Rus29APX: raises $3 to $6
Marmmm1: raises $3 to $9
Rus29APX: calls $3
*** FLOP *** [Qd 2c 3d]
Marmmm1: bets $3
Rus29APX: calls $3
*** TURN *** [Qd 2c 3d] [9s]
Marmmm1: bets $6
Rus29APX: calls $6
*** RIVER *** [Qd 2c 3d 9s] [Ks]
Marmmm1: bets $6
Rus29APX: calls $6
*** SHOW DOWN ***
Marmmm1: shows [5s Qh] (a pair of Queens)
Rus29APX: mucks hand
Marmmm1 collected $47.50 from pot
*** SUMMARY ***
Total pot $48 | Rake $0.50
Board [Qd 2c 3d 9s Ks]
Seat 3: Rus29APX (button) (small blind) mucked
Seat 4: Marmmm1 (big blind) showed [5s Qh] and won ($47.50) with a pair of Queens


PokerStars Hand #170626566638:  Hold'em Limit ($3/$6 USD) - 2017/05/19 10:33:21 ET
Table 'Gallia' 6-max Seat #4 is the button
Seat 3: Rus29APX ($124.50 in chips)
Seat 4: Marmmm1 ($143.64 in chips)
Marmmm1: posts small blind $1
Rus29APX: posts big blind $3
*** HOLE CARDS ***
Marmmm1: raises $3 to $6
Rus29APX: raises $3 to $9
Marmmm1: raises $3 to $12
Betting is capped
DimaZips joins the table at seat #5
Rus29APX: calls $3
*** FLOP *** [Kc 6c Qs]
Rus29APX: checks
Marmmm1: checks
*** TURN *** [Kc 6c Qs] [8s]
belik555 joins the table at seat #6
Rus29APX: checks
Marmmm1: bets $6
Rus29APX: calls $6
*** RIVER *** [Kc 6c Qs 8s] [2s]
Rus29APX: checks
Marmmm1: bets $6
Rus29APX: folds
Uncalled bet ($6) returned to Marmmm1
Marmmm1 collected $35.50 from pot
Marmmm1: doesn't show hand
*** SUMMARY ***
Total pot $36 | Rake $0.50
Board [Kc 6c Qs 8s 2s]
Seat 3: Rus29APX (big blind) folded on the River
Seat 4: Marmmm1 (button) (small blind) collected ($35.50)


PokerStars Hand #170626602358:  Hold'em Limit ($3/$6 USD) - 2017/05/19 10:34:21 ET
Table 'Gallia' 6-max Seat #3 is the button
Seat 3: Rus29APX ($106.50 in chips)
Seat 4: Marmmm1 ($161.14 in chips)
Rus29APX: posts small blind $1
Marmmm1: posts big blind $3
*** HOLE CARDS ***
Rus29APX: raises $3 to $6
Marmmm1: raises $3 to $9
Rus29APX: calls $3
*** FLOP *** [3d Jh 4d]
Marmmm1: bets $3
Rus29APX: calls $3
*** TURN *** [3d Jh 4d] [7s]
Marmmm1: bets $6
Rus29APX: raises $6 to $12
Marmmm1: calls $6
*** RIVER *** [3d Jh 4d 7s] [6d]
Marmmm1: checks
Rus29APX: checks
*** SHOW DOWN ***
Marmmm1: shows [As 4s] (a pair of Fours)
Rus29APX: shows [Js 9d] (a pair of Jacks)
Rus29APX collected $47.50 from pot
*** SUMMARY ***
Total pot $48 | Rake $0.50
Board [3d Jh 4d 7s 6d]
Seat 3: Rus29APX (button) (small blind) showed [Js 9d] and won ($47.50) with a pair of Jacks
Seat 4: Marmmm1 (big blind) showed [As 4s] and lost with a pair of Fours


PokerStars Hand #170627278675:  Hold'em Limit ($3/$6 USD) - 2017/05/19 10:53:09 ET
Table 'Gallia' 6-max Seat #3 is the button
Seat 3: Actionni13 ($150 in chips)
Seat 5: DimaZips ($235.06 in chips)
Actionni13: posts small blind $1
DimaZips: posts big blind $3
*** HOLE CARDS ***
Actionni13: folds
Uncalled bet ($2) returned to DimaZips
DimaZips collected $2 from pot
DimaZips: doesn't show hand
*** SUMMARY ***
Total pot $2 | Rake $0
Seat 3: Actionni13 (button) (small blind) folded before Flop
Seat 5: DimaZips (big blind) collected ($2)


PokerStars Hand #170627274056:  Hold'em Limit ($3/$6 USD) - 2017/05/19 10:53:01 ET
Table 'Gallia' 6-max Seat #5 is the button
Seat 3: Actionni13 ($153 in chips)
Seat 5: DimaZips ($232.06 in chips)
DimaZips: posts small blind $1
Actionni13: posts big blind $3
*** HOLE CARDS ***
DimaZips: raises $3 to $6
Actionni13: folds
Uncalled bet ($3) returned to DimaZips
DimaZips collected $6 from pot
DimaZips: doesn't show hand
*** SUMMARY ***
Total pot $6 | Rake $0
Seat 3: Actionni13 (big blind) folded before Flop
Seat 5: DimaZips (button) (small blind) collected ($6)


PokerStars Hand #170627285682:  Hold'em Limit ($3/$6 USD) - 2017/05/19 10:53:21 ET
Table 'Gallia' 6-max Seat #3 is the button
Seat 3: Actionni13 ($151 in chips)
Seat 5: DimaZips ($235.06 in chips)
Actionni13: posts small blind $1
DimaZips: posts big blind $3
*** HOLE CARDS ***
Actionni13: raises $3 to $6
DimaZips: folds
Uncalled bet ($3) returned to Actionni13
Actionni13 collected $6 from pot
Actionni13: doesn't show hand
*** SUMMARY ***
Total pot $6 | Rake $0
Seat 3: Actionni13 (button) (small blind) collected ($6)
Seat 5: DimaZips (big blind) folded before Flop


PokerStars Hand #170627283030:  Hold'em Limit ($3/$6 USD) - 2017/05/19 10:53:16 ET
Table 'Gallia' 6-max Seat #5 is the button
Seat 3: Actionni13 ($150 in chips)
Seat 5: DimaZips ($236.06 in chips)
DimaZips: posts small blind $1
Actionni13: posts big blind $3
*** HOLE CARDS ***
DimaZips: folds
Uncalled bet ($2) returned to Actionni13
Actionni13 collected $2 from pot
Actionni13: doesn't show hand
*** SUMMARY ***
Total pot $2 | Rake $0
Seat 3: Actionni13 (big blind) collected ($2)
Seat 5: DimaZips (button) (small blind) folded before Flop


PokerStars Hand #170627291869:  Hold'em Limit ($3/$6 USD) - 2017/05/19 10:53:31 ET
Table 'Gallia' 6-max Seat #3 is the button
Seat 3: Actionni13 ($155 in chips)
Seat 5: DimaZips ($231.06 in chips)
Actionni13: posts small blind $1
DimaZips: posts big blind $3
*** HOLE CARDS ***
Actionni13: raises $3 to $6
DimaZips: calls $3
*** FLOP *** [7s 9c 2c]
DimaZips: checks
Actionni13: checks
*** TURN *** [7s 9c 2c] [8d]
DimaZips: checks
Actionni13: checks
*** RIVER *** [7s 9c 2c 8d] [Jc]
DimaZips: checks
Actionni13: checks
*** SHOW DOWN ***
DimaZips: shows [6d 4d] (high card Jack)
Actionni13: shows [Kd 6h] (high card King)
Actionni13 collected $11.76 from pot
*** SUMMARY ***
Total pot $12 | Rake $0.24
Board [7s 9c 2c 8d Jc]
Seat 3: Actionni13 (button) (small blind) showed [Kd 6h] and won ($11.76) with high card King
Seat 5: DimaZips (big blind) showed [6d 4d] and lost with high card Jack


PokerStars Hand #170627303703:  Hold'em Limit ($3/$6 USD) - 2017/05/19 10:53:51 ET
Table 'Gallia' 6-max Seat #5 is the button
Seat 3: Actionni13 ($160.76 in chips)
Seat 5: DimaZips ($225.06 in chips)
DimaZips: posts small blind $1
Actionni13: posts big blind $3
*** HOLE CARDS ***
DimaZips: raises $3 to $6
Actionni13: calls $3
*** FLOP *** [2h 9h 5h]
Actionni13: checks
DimaZips: bets $3
Actionni13: folds
Uncalled bet ($3) returned to DimaZips
DimaZips collected $11.76 from pot
DimaZips: doesn't show hand
*** SUMMARY ***
Total pot $12 | Rake $0.24
Board [2h 9h 5h]
Seat 3: Actionni13 (big blind) folded on the Flop
Seat 5: DimaZips (button) (small blind) collected ($11.76)


PokerStars Hand #170627320127:  Hold'em Limit ($3/$6 USD) - 2017/05/19 10:54:19 ET
Table 'Gallia' 6-max Seat #5 is the button
Seat 3: Actionni13 ($160.52 in chips)
Seat 5: DimaZips ($224.82 in chips)
DimaZips: posts small blind $1
Actionni13: posts big blind $3
*** HOLE CARDS ***
DimaZips: folds
Uncalled bet ($2) returned to Actionni13
Actionni13 collected $2 from pot
Actionni13: doesn't show hand
*** SUMMARY ***
Total pot $2 | Rake $0
Seat 3: Actionni13 (big blind) collected ($2)
Seat 5: DimaZips (button) (small blind) folded before Flop


PokerStars Hand #170627289348:  Hold'em Limit ($3/$6 USD) - 2017/05/19 10:53:27 ET
Table 'Gallia' 6-max Seat #5 is the button
Seat 3: Actionni13 ($154 in chips)
Seat 5: DimaZips ($232.06 in chips)
DimaZips: posts small blind $1
Actionni13: posts big blind $3
*** HOLE CARDS ***
DimaZips: folds
Uncalled bet ($2) returned to Actionni13
Actionni13 collected $2 from pot
Actionni13: doesn't show hand
*** SUMMARY ***
Total pot $2 | Rake $0
Seat 3: Actionni13 (big blind) collected ($2)
Seat 5: DimaZips (button) (small blind) folded before Flop


PokerStars Hand #170627310909:  Hold'em Limit ($3/$6 USD) - 2017/05/19 10:54:03 ET
Table 'Gallia' 6-max Seat #3 is the button
Seat 3: Actionni13 ($154.76 in chips)
Seat 5: DimaZips ($230.82 in chips)
Actionni13: posts small blind $1
DimaZips: posts big blind $3
*** HOLE CARDS ***
Actionni13: raises $3 to $6
DimaZips: calls $3
*** FLOP *** [5d 2d Js]
DimaZips: checks
Actionni13: bets $3
DimaZips: folds
Uncalled bet ($3) returned to Actionni13
Actionni13 collected $11.76 from pot
Actionni13: doesn't show hand
*** SUMMARY ***
Total pot $12 | Rake $0.24
Board [5d 2d Js]
Seat 3: Actionni13 (button) (small blind) collected ($11.76)
Seat 5: DimaZips (big blind) folded on the Flop


PokerStars Hand #170627351933:  Hold'em Limit ($3/$6 USD) - 2017/05/19 10:55:12 ET
Table 'Gallia' 6-max Seat #5 is the button
Seat 3: Actionni13 ($180.52 in chips)
Seat 5: DimaZips ($204.82 in chips)
DimaZips: posts small blind $1
Actionni13: posts big blind $3
*** HOLE CARDS ***
DimaZips: folds
Uncalled bet ($2) returned to Actionni13
Actionni13 collected $2 from pot
Actionni13: doesn't show hand
*** SUMMARY ***
Total pot $2 | Rake $0
Seat 3: Actionni13 (big blind) collected ($2)
Seat 5: DimaZips (button) (small blind) folded before Flop


PokerStars Hand #170627349130:  Hold'em Limit ($3/$6 USD) - 2017/05/19 10:55:07 ET
Table 'Gallia' 6-max Seat #3 is the button
Seat 3: Actionni13 ($177.52 in chips)
Seat 5: DimaZips ($207.82 in chips)
Actionni13: posts small blind $1
DimaZips: posts big blind $3
*** HOLE CARDS ***
Actionni13: raises $3 to $6
DimaZips: folds
Uncalled bet ($3) returned to Actionni13
Actionni13 collected $6 from pot
Actionni13: doesn't show hand
*** SUMMARY ***
Total pot $6 | Rake $0
Seat 3: Actionni13 (button) (small blind) collected ($6)
Seat 5: DimaZips (big blind) folded before Flop


PokerStars Hand #170627326669:  Hold'em Limit ($3/$6 USD) - 2017/05/19 10:54:29 ET
Table 'Gallia' 6-max Seat #5 is the button
Seat 3: Actionni13 ($164.52 in chips)
Seat 5: DimaZips ($220.82 in chips)
DimaZips: posts small blind $1
Actionni13: posts big blind $3
*** HOLE CARDS ***
DimaZips: folds
Uncalled bet ($2) returned to Actionni13
Actionni13 collected $2 from pot
Actionni13: doesn't show hand
*** SUMMARY ***
Total pot $2 | Rake $0
Seat 3: Actionni13 (big blind) collected ($2)
Seat 5: DimaZips (button) (small blind) folded before Flop


PokerStars Hand #170627322917:  Hold'em Limit ($3/$6 USD) - 2017/05/19 10:54:23 ET
Table 'Gallia' 6-max Seat #3 is the button
Seat 3: Actionni13 ($161.52 in chips)
Seat 5: DimaZips ($223.82 in chips)
Actionni13: posts small blind $1
DimaZips: posts big blind $3
*** HOLE CARDS ***
Actionni13: raises $3 to $6
DimaZips: folds
Uncalled bet ($3) returned to Actionni13
Actionni13 collected $6 from pot
Actionni13: doesn't show hand
*** SUMMARY ***
Total pot $6 | Rake $0
Seat 3: Actionni13 (button) (small blind) collected ($6)
Seat 5: DimaZips (big blind) folded before Flop


PokerStars Hand #170627333297:  Hold'em Limit ($3/$6 USD) - 2017/05/19 10:54:41 ET
Table 'Gallia' 6-max Seat #5 is the button
Seat 3: Actionni13 ($168.52 in chips)
Seat 5: DimaZips ($216.82 in chips)
DimaZips: posts small blind $1
Actionni13: posts big blind $3
*** HOLE CARDS ***
DimaZips: folds
Uncalled bet ($2) returned to Actionni13
Actionni13 collected $2 from pot
Actionni13: doesn't show hand
*** SUMMARY ***
Total pot $2 | Rake $0
Seat 3: Actionni13 (big blind) collected ($2)
Seat 5: DimaZips (button) (small blind) folded before Flop


PokerStars Hand #170627329834:  Hold'em Limit ($3/$6 USD) - 2017/05/19 10:54:35 ET
Table 'Gallia' 6-max Seat #3 is the button
Seat 3: Actionni13 ($165.52 in chips)
Seat 5: DimaZips ($219.82 in chips)
Actionni13: posts small blind $1
DimaZips: posts big blind $3
*** HOLE CARDS ***
Actionni13: raises $3 to $6
DimaZips: folds
Uncalled bet ($3) returned to Actionni13
Actionni13 collected $6 from pot
Actionni13: doesn't show hand
*** SUMMARY ***
Total pot $6 | Rake $0
Seat 3: Actionni13 (button) (small blind) collected ($6)
Seat 5: DimaZips (big blind) folded before Flop


PokerStars Hand #170627339470:  Hold'em Limit ($3/$6 USD) - 2017/05/19 10:54:51 ET
Table 'Gallia' 6-max Seat #5 is the button
Seat 3: Actionni13 ($172.52 in chips)
Seat 5: DimaZips ($212.82 in chips)
DimaZips: posts small blind $1
Actionni13: posts big blind $3
*** HOLE CARDS ***
DimaZips: folds
Uncalled bet ($2) returned to Actionni13
Actionni13 collected $2 from pot
Actionni13: doesn't show hand
*** SUMMARY ***
Total pot $2 | Rake $0
Seat 3: Actionni13 (big blind) collected ($2)
Seat 5: DimaZips (button) (small blind) folded before Flop


PokerStars Hand #170627336255:  Hold'em Limit ($3/$6 USD) - 2017/05/19 10:54:45 ET
Table 'Gallia' 6-max Seat #3 is the button
Seat 3: Actionni13 ($169.52 in chips)
Seat 5: DimaZips ($215.82 in chips)
Actionni13: posts small blind $1
DimaZips: posts big blind $3
*** HOLE CARDS ***
Actionni13: raises $3 to $6
DimaZips: folds
Uncalled bet ($3) returned to Actionni13
Actionni13 collected $6 from pot
Actionni13: doesn't show hand
*** SUMMARY ***
Total pot $6 | Rake $0
Seat 3: Actionni13 (button) (small blind) collected ($6)
Seat 5: DimaZips (big blind) folded before Flop


PokerStars Hand #170627346244:  Hold'em Limit ($3/$6 USD) - 2017/05/19 10:55:02 ET
Table 'Gallia' 6-max Seat #5 is the button
Seat 3: Actionni13 ($176.52 in chips)
Seat 5: DimaZips ($208.82 in chips)
DimaZips: posts small blind $1
Actionni13: posts big blind $3
*** HOLE CARDS ***
DimaZips: folds
Uncalled bet ($2) returned to Actionni13
Actionni13 collected $2 from pot
Actionni13: doesn't show hand
*** SUMMARY ***
Total pot $2 | Rake $0
Seat 3: Actionni13 (big blind) collected ($2)
Seat 5: DimaZips (button) (small blind) folded before Flop


PokerStars Hand #170627343229:  Hold'em Limit ($3/$6 USD) - 2017/05/19 10:54:57 ET
Table 'Gallia' 6-max Seat #3 is the button
Seat 3: Actionni13 ($173.52 in chips)
Seat 5: DimaZips ($211.82 in chips)
Actionni13: posts small blind $1
DimaZips: posts big blind $3
*** HOLE CARDS ***
Actionni13: raises $3 to $6
DimaZips: folds
Uncalled bet ($3) returned to Actionni13
Actionni13 collected $6 from pot
Actionni13: doesn't show hand
*** SUMMARY ***
Total pot $6 | Rake $0
Seat 3: Actionni13 (button) (small blind) collected ($6)
Seat 5: DimaZips (big blind) folded before Flop


PokerStars Hand #170627363607:  Hold'em Limit ($3/$6 USD) - 2017/05/19 10:55:34 ET
Table 'Gallia' 6-max Seat #5 is the button
Seat 3: Actionni13 ($175.52 in chips)
Seat 5: DimaZips ($209.58 in chips)
DimaZips: posts small blind $1
Actionni13: posts big blind $3
*** HOLE CARDS ***
DimaZips: raises $3 to $6
Actionni13: folds
Uncalled bet ($3) returned to DimaZips
DimaZips collected $6 from pot
DimaZips: doesn't show hand
*** SUMMARY ***
Total pot $6 | Rake $0
Seat 3: Actionni13 (big blind) folded before Flop
Seat 5: DimaZips (button) (small blind) collected ($6)


PokerStars Hand #170627368330:  Hold'em Limit ($3/$6 USD) - 2017/05/19 10:55:44 ET
Table 'Gallia' 6-max Seat #3 is the button
Seat 3: Actionni13 ($172.52 in chips)
Seat 5: DimaZips ($212.58 in chips)
Actionni13: posts small blind $1
DimaZips: posts big blind $3
*** HOLE CARDS ***
Actionni13: raises $3 to $6
DimaZips: folds
Uncalled bet ($3) returned to Actionni13
Actionni13 collected $6 from pot
Actionni13: doesn't show hand
*** SUMMARY ***
Total pot $6 | Rake $0
Seat 3: Actionni13 (button) (small blind) collected ($6)
Seat 5: DimaZips (big blind) folded before Flop


PokerStars Hand #170627371215:  Hold'em Limit ($3/$6 USD) - 2017/05/19 10:55:49 ET
Table 'Gallia' 6-max Seat #5 is the button
Seat 3: Actionni13 ($175.52 in chips)
Seat 5: DimaZips ($209.58 in chips)
DimaZips: posts small blind $1
Actionni13: posts big blind $3
*** HOLE CARDS ***
DimaZips: calls $2
Actionni13: checks
*** FLOP *** [Ad Ac 3h]
Actionni13: checks
DimaZips: checks
*** TURN *** [Ad Ac 3h] [9s]
Actionni13: checks
DimaZips: bets $6
Actionni13: folds
Uncalled bet ($6) returned to DimaZips
DimaZips collected $5.88 from pot
DimaZips: doesn't show hand
*** SUMMARY ***
Total pot $6 | Rake $0.12
Board [Ad Ac 3h 9s]
Seat 3: Actionni13 (big blind) folded on the Turn
Seat 5: DimaZips (button) (small blind) collected ($5.88)


PokerStars Hand #170627383845:  Hold'em Limit ($3/$6 USD) - 2017/05/19 10:56:14 ET
Table 'Gallia' 6-max Seat #5 is the button
Seat 3: Actionni13 ($175.52 in chips)
Seat 5: DimaZips ($209.46 in chips)
DimaZips: posts small blind $1
Actionni13: posts big blind $3
*** HOLE CARDS ***
DimaZips: folds
Uncalled bet ($2) returned to Actionni13
Actionni13 collected $2 from pot
Actionni13: doesn't show hand
*** SUMMARY ***
Total pot $2 | Rake $0
Seat 3: Actionni13 (big blind) collected ($2)
Seat 5: DimaZips (button) (small blind) folded before Flop


PokerStars Hand #170627380257:  Hold'em Limit ($3/$6 USD) - 2017/05/19 10:56:07 ET
Table 'Gallia' 6-max Seat #3 is the button
Seat 3: Actionni13 ($172.52 in chips)
Seat 5: DimaZips ($212.46 in chips)
Actionni13: posts small blind $1
DimaZips: posts big blind $3
*** HOLE CARDS ***
Actionni13: raises $3 to $6
DimaZips: folds
Uncalled bet ($3) returned to Actionni13
Actionni13 collected $6 from pot
Actionni13: doesn't show hand
*** SUMMARY ***
Total pot $6 | Rake $0
Seat 3: Actionni13 (button) (small blind) collected ($6)
Seat 5: DimaZips (big blind) folded before Flop


PokerStars Hand #170627386843:  Hold'em Limit ($3/$6 USD) - 2017/05/19 10:56:19 ET
Table 'Gallia' 6-max Seat #3 is the button
Seat 3: Actionni13 ($176.52 in chips)
Seat 5: DimaZips ($208.46 in chips)
Actionni13: posts small blind $1
DimaZips: posts big blind $3
*** HOLE CARDS ***
Actionni13: folds
Uncalled bet ($2) returned to DimaZips
DimaZips collected $2 from pot
DimaZips: doesn't show hand
*** SUMMARY ***
Total pot $2 | Rake $0
Seat 3: Actionni13 (button) (small blind) folded before Flop
Seat 5: DimaZips (big blind) collected ($2)


PokerStars Hand #170627354752:  Hold'em Limit ($3/$6 USD) - 2017/05/19 10:55:17 ET
Table 'Gallia' 6-max Seat #3 is the button
Seat 3: Actionni13 ($181.52 in chips)
Seat 5: DimaZips ($203.82 in chips)
Actionni13: posts small blind $1
DimaZips: posts big blind $3
*** HOLE CARDS ***
Actionni13: raises $3 to $6
DimaZips: calls $3
*** FLOP *** [4d 6s 2s]
DimaZips: checks
Actionni13: checks
*** TURN *** [4d 6s 2s] [8s]
DimaZips: bets $6
Actionni13: folds
Uncalled bet ($6) returned to DimaZips
DimaZips collected $11.76 from pot
DimaZips: doesn't show hand
*** SUMMARY ***
Total pot $12 | Rake $0.24
Board [4d 6s 2s 8s]
Seat 3: Actionni13 (button) (small blind) folded on the Turn
Seat 5: DimaZips (big blind) collected ($11.76)


PokerStars Hand #170627392141:  Hold'em Limit ($3/$6 USD) - 2017/05/19 10:56:30 ET
Table 'Gallia' 6-max Seat #3 is the button
Seat 3: Actionni13 ($176.52 in chips)
Seat 5: DimaZips ($208.46 in chips)
Actionni13: posts small blind $1
DimaZips: posts big blind $3
*** HOLE CARDS ***
Actionni13: raises $3 to $6
DimaZips: raises $3 to $9
Actionni13: calls $3
*** FLOP *** [8s 9s Tc]
DimaZips: bets $3
Zensor666 joins the table at seat #6
Actionni13: calls $3
*** TURN *** [8s 9s Tc] [Td]
DimaZips: bets $6
Actionni13: folds
Uncalled bet ($6) returned to DimaZips
DimaZips collected $23.52 from pot
DimaZips: doesn't show hand
*** SUMMARY ***
Total pot $24 | Rake $0.48
Board [8s 9s Tc Td]
Seat 3: Actionni13 (button) (small blind) folded on the Turn
Seat 5: DimaZips (big blind) collected ($23.52)


PokerStars Hand #170627389191:  Hold'em Limit ($3/$6 USD) - 2017/05/19 10:56:24 ET
Table 'Gallia' 6-max Seat #5 is the button
Seat 3: Actionni13 ($175.52 in chips)
Seat 5: DimaZips ($209.46 in chips)
DimaZips: posts small blind $1
Actionni13: posts big blind $3
*** HOLE CARDS ***
DimaZips: folds
Uncalled bet ($2) returned to Actionni13
Actionni13 collected $2 from pot
Actionni13: doesn't show hand
*** SUMMARY ***
Total pot $2 | Rake $0
Seat 3: Actionni13 (big blind) collected ($2)
Seat 5: DimaZips (button) (small blind) folded before Flop


PokerStars Hand #170628295461:  Hold'em Limit ($3/$6 USD) - 2017/05/19 11:22:02 ET
Table 'Gallia' 6-max Seat #1 is the button
Seat 1: vestimokrec ($128.73 in chips)
Seat 6: Zensor666 ($134.75 in chips)
vestimokrec: posts small blind $1
Actionni13: is sitting out
Zensor666: posts big blind $3
*** HOLE CARDS ***
vestimokrec: raises $3 to $6
Zensor666: raises $3 to $9
vestimokrec: calls $3
*** FLOP *** [9c 2h 6h]
Zensor666: bets $3
vestimokrec: calls $3
*** TURN *** [9c 2h 6h] [Ks]
Zensor666: bets $6
vestimokrec: calls $6
*** RIVER *** [9c 2h 6h Ks] [8s]
Zensor666: checks
vestimokrec: bets $6
Zensor666: calls $6
*** SHOW DOWN ***
vestimokrec: shows [5s 8c] (a pair of Eights)
Zensor666: mucks hand
vestimokrec collected $47.50 from pot
*** SUMMARY ***
Total pot $48 | Rake $0.50
Board [9c 2h 6h Ks 8s]
Seat 1: vestimokrec (button) (small blind) showed [5s 8c] and won ($47.50) with a pair of Eights
Seat 6: Zensor666 (big blind) mucked


PokerStars Hand #170630408516:  Hold'em Limit ($3/$6 USD) - 2017/05/19 12:18:16 ET
Table 'Gallia' 6-max Seat #2 is the button
Seat 1: Velbor107 ($303 in chips)
Seat 2: cola26licht ($106.10 in chips)
cola26licht: posts small blind $1
Velbor107: posts big blind $3
*** HOLE CARDS ***
cola26licht: raises $3 to $6
Velbor107: folds
Uncalled bet ($3) returned to cola26licht
cola26licht collected $6 from pot
cola26licht: doesn't show hand
*** SUMMARY ***
Total pot $6 | Rake $0
Seat 1: Velbor107 (big blind) folded before Flop
Seat 2: cola26licht (button) (small blind) collected ($6)


PokerStars Hand #170630401536:  Hold'em Limit ($3/$6 USD) - 2017/05/19 12:18:06 ET
Table 'Gallia' 6-max Seat #1 is the button
Seat 1: Velbor107 ($300 in chips)
Seat 2: cola26licht ($109.10 in chips)
Velbor107: posts small blind $1
cola26licht: posts big blind $3
*** HOLE CARDS ***
Velbor107: raises $3 to $6
cola26licht: folds
Uncalled bet ($3) returned to Velbor107
Velbor107 collected $6 from pot
*** SUMMARY ***
Total pot $6 | Rake $0
Seat 1: Velbor107 (button) (small blind) collected ($6)
Seat 2: cola26licht (big blind) folded before Flop


PokerStars Hand #170630443371:  Hold'em Limit ($3/$6 USD) - 2017/05/19 12:19:09 ET
Table 'Gallia' 6-max Seat #2 is the button
Seat 1: Velbor107 ($305.76 in chips)
Seat 2: cola26licht ($103.10 in chips)
cola26licht: posts small blind $1
Velbor107: posts big blind $3
*** HOLE CARDS ***
cola26licht: raises $3 to $6
Krazy90 joins the table at seat #3
Velbor107: folds
Uncalled bet ($3) returned to cola26licht
cola26licht collected $6 from pot
cola26licht: doesn't show hand
*** SUMMARY ***
Total pot $6 | Rake $0
Seat 1: Velbor107 (big blind) folded before Flop
Seat 2: cola26licht (button) (small blind) collected ($6)


PokerStars Hand #170630439282:  Hold'em Limit ($3/$6 USD) - 2017/05/19 12:19:03 ET
Table 'Gallia' 6-max Seat #1 is the button
Seat 1: Velbor107 ($306.76 in chips)
Seat 2: cola26licht ($102.10 in chips)
Velbor107: posts small blind $1
cola26licht: posts big blind $3
*** HOLE CARDS ***
Velbor107: folds
Uncalled bet ($2) returned to cola26licht
cola26licht collected $2 from pot
cola26licht: doesn't show hand
*** SUMMARY ***
Total pot $2 | Rake $0
Seat 1: Velbor107 (button) (small blind) folded before Flop
Seat 2: cola26licht (big blind) collected ($2)


PokerStars Hand #170630436202:  Hold'em Limit ($3/$6 USD) - 2017/05/19 12:18:58 ET
Table 'Gallia' 6-max Seat #2 is the button
Seat 1: Velbor107 ($305.76 in chips)
Seat 2: cola26licht ($103.10 in chips)
cola26licht: posts small blind $1
Velbor107: posts big blind $3
*** HOLE CARDS ***
cola26licht: folds
Uncalled bet ($2) returned to Velbor107
Velbor107 collected $2 from pot
*** SUMMARY ***
Total pot $2 | Rake $0
Seat 1: Velbor107 (big blind) collected ($2)
Seat 2: cola26licht (button) (small blind) folded before Flop


PokerStars Hand #170630431995:  Hold'em Limit ($3/$6 USD) - 2017/05/19 12:18:52 ET
Table 'Gallia' 6-max Seat #1 is the button
Seat 1: Velbor107 ($306.76 in chips)
Seat 2: cola26licht ($102.10 in chips)
Velbor107: posts small blind $1
cola26licht: posts big blind $3
*** HOLE CARDS ***
Velbor107: folds
Uncalled bet ($2) returned to cola26licht
cola26licht collected $2 from pot
cola26licht: doesn't show hand
*** SUMMARY ***
Total pot $2 | Rake $0
Seat 1: Velbor107 (button) (small blind) folded before Flop
Seat 2: cola26licht (big blind) collected ($2)


PokerStars Hand #170630428692:  Hold'em Limit ($3/$6 USD) - 2017/05/19 12:18:47 ET
Table 'Gallia' 6-max Seat #2 is the button
Seat 1: Velbor107 ($305.76 in chips)
Seat 2: cola26licht ($103.10 in chips)
cola26licht: posts small blind $1
Velbor107: posts big blind $3
*** HOLE CARDS ***
cola26licht: folds
Uncalled bet ($2) returned to Velbor107
Velbor107 collected $2 from pot
*** SUMMARY ***
Total pot $2 | Rake $0
Seat 1: Velbor107 (big blind) collected ($2)
Seat 2: cola26licht (button) (small blind) folded before Flop


PokerStars Hand #170630415730:  Hold'em Limit ($3/$6 USD) - 2017/05/19 12:18:27 ET
Table 'Gallia' 6-max Seat #1 is the button
Seat 1: Velbor107 ($300 in chips)
Seat 2: cola26licht ($109.10 in chips)
Velbor107: posts small blind $1
cola26licht: posts big blind $3
*** HOLE CARDS ***
Velbor107: raises $3 to $6
cola26licht: calls $3
*** FLOP *** [Kc 3h Td]
cola26licht: checks
Velbor107: bets $3
cola26licht: folds
Uncalled bet ($3) returned to Velbor107
Velbor107 collected $11.76 from pot
*** SUMMARY ***
Total pot $12 | Rake $0.24
Board [Kc 3h Td]
Seat 1: Velbor107 (button) (small blind) collected ($11.76)
Seat 2: cola26licht (big blind) folded on the Flop


PokerStars Hand #170630487948:  Hold'em Limit ($3/$6 USD) - 2017/05/19 12:20:16 ET
Table 'Gallia' 6-max Seat #3 is the button
Seat 2: cola26licht ($106.10 in chips)
Seat 3: Krazy90 ($120 in chips)
Krazy90: posts small blind $1
cola26licht is connected
cola26licht: posts big blind $3
*** HOLE CARDS ***
Krazy90: calls $2
cola26licht: raises $3 to $6
Krazy90: calls $3
*** FLOP *** [3h Qs 3c]
cola26licht: bets $3
Krazy90: folds
Uncalled bet ($3) returned to cola26licht
cola26licht collected $11.76 from pot
cola26licht: doesn't show hand
*** SUMMARY ***
Total pot $12 | Rake $0.24
Board [3h Qs 3c]
Seat 2: cola26licht (big blind) collected ($11.76)
Seat 3: Krazy90 (button) (small blind) folded on the Flop


PokerStars Hand #170630456087:  Hold'em Limit ($3/$6 USD) - 2017/05/19 12:19:28 ET
Table 'Gallia' 6-max Seat #1 is the button
Seat 1: Velbor107 ($302.76 in chips)
Seat 3: Krazy90 ($120 in chips)
Velbor107: posts small blind $1
Krazy90: posts big blind $3
*** HOLE CARDS ***
Velbor107: raises $3 to $6
Krazy90: folds
Uncalled bet ($3) returned to Velbor107
Velbor107 collected $6 from pot
*** SUMMARY ***
Total pot $6 | Rake $0
Seat 1: Velbor107 (button) (small blind) collected ($6)
Seat 3: Krazy90 (big blind) folded before Flop


PokerStars Hand #170630521082:  Hold'em Limit ($3/$6 USD) - 2017/05/19 12:21:07 ET
Table 'Gallia' 6-max Seat #2 is the button
Seat 2: cola26licht ($96.86 in chips)
Seat 3: Krazy90 ($134.40 in chips)
cola26licht: posts small blind $1
Krazy90: posts big blind $3
*** HOLE CARDS ***
cola26licht: folds
Uncalled bet ($2) returned to Krazy90
Krazy90 collected $2 from pot
Krazy90: doesn't show hand
*** SUMMARY ***
Total pot $2 | Rake $0
Seat 2: cola26licht (button) (small blind) folded before Flop
Seat 3: Krazy90 (big blind) collected ($2)


PokerStars Hand #170630511900:  Hold'em Limit ($3/$6 USD) - 2017/05/19 12:20:53 ET
Table 'Gallia' 6-max Seat #3 is the button
Seat 2: cola26licht ($102.86 in chips)
Seat 3: Krazy90 ($128.64 in chips)
Krazy90: posts small blind $1
cola26licht: posts big blind $3
*** HOLE CARDS ***
Krazy90: raises $3 to $6
cola26licht: calls $3
*** FLOP *** [2s Jc Tc]
cola26licht: checks
Krazy90: bets $3
cola26licht: folds
Uncalled bet ($3) returned to Krazy90
Krazy90 collected $11.76 from pot
Krazy90: doesn't show hand
*** SUMMARY ***
Total pot $12 | Rake $0.24
Board [2s Jc Tc]
Seat 2: cola26licht (big blind) folded on the Flop
Seat 3: Krazy90 (button) (small blind) collected ($11.76)


PokerStars Hand #170630498932:  Hold'em Limit ($3/$6 USD) - 2017/05/19 12:20:33 ET
Table 'Gallia' 6-max Seat #2 is the button
Seat 2: cola26licht ($111.86 in chips)
Seat 3: Krazy90 ($120 in chips)
cola26licht: posts small blind $1
Krazy90: posts big blind $3
*** HOLE CARDS ***
cola26licht: raises $3 to $6
Krazy90: calls $3
*** FLOP *** [9h Kh 5c]
Krazy90: checks
cola26licht: bets $3
Krazy90: raises $3 to $6
cola26licht: folds
Uncalled bet ($3) returned to Krazy90
Krazy90 collected $17.64 from pot
Krazy90: doesn't show hand
*** SUMMARY ***
Total pot $18 | Rake $0.36
Board [9h Kh 5c]
Seat 2: cola26licht (button) (small blind) folded on the Flop
Seat 3: Krazy90 (big blind) collected ($17.64)


PokerStars Hand #170630576024:  Hold'em Limit ($3/$6 USD) - 2017/05/19 12:22:30 ET
Table 'Gallia' 6-max Seat #3 is the button
Seat 2: cola26licht ($71.50 in chips)
Seat 3: Krazy90 ($158.90 in chips)
Krazy90: posts small blind $1
cola26licht: posts big blind $3
*** HOLE CARDS ***
Krazy90: folds
Uncalled bet ($2) returned to cola26licht
cola26licht collected $2 from pot
cola26licht: doesn't show hand
*** SUMMARY ***
Total pot $2 | Rake $0
Seat 2: cola26licht (big blind) collected ($2)
Seat 3: Krazy90 (button) (small blind) folded before Flop


PokerStars Hand #170630572005:  Hold'em Limit ($3/$6 USD) - 2017/05/19 12:22:24 ET
Table 'Gallia' 6-max Seat #2 is the button
Seat 2: cola26licht ($72.50 in chips)
Seat 3: Krazy90 ($157.90 in chips)
cola26licht: posts small blind $1
Krazy90: posts big blind $3
*** HOLE CARDS ***
cola26licht: folds
Uncalled bet ($2) returned to Krazy90
Krazy90 collected $2 from pot
Krazy90: doesn't show hand
*** SUMMARY ***
Total pot $2 | Rake $0
Seat 2: cola26licht (button) (small blind) folded before Flop
Seat 3: Krazy90 (big blind) collected ($2)


PokerStars Hand #170630569096:  Hold'em Limit ($3/$6 USD) - 2017/05/19 12:22:19 ET
Table 'Gallia' 6-max Seat #3 is the button
Seat 2: cola26licht ($71.50 in chips)
Seat 3: Krazy90 ($158.90 in chips)
Krazy90: posts small blind $1
cola26licht: posts big blind $3
*** HOLE CARDS ***
Krazy90: folds
Uncalled bet ($2) returned to cola26licht
cola26licht collected $2 from pot
cola26licht: doesn't show hand
*** SUMMARY ***
Total pot $2 | Rake $0
Seat 2: cola26licht (big blind) collected ($2)
Seat 3: Krazy90 (button) (small blind) folded before Flop


PokerStars Hand #170630557977:  Hold'em Limit ($3/$6 USD) - 2017/05/19 12:22:03 ET
Table 'Gallia' 6-max Seat #2 is the button
Seat 2: cola26licht ($68.62 in chips)
Seat 3: Krazy90 ($161.90 in chips)
cola26licht: posts small blind $1
Krazy90: posts big blind $3
*** HOLE CARDS ***
cola26licht: calls $2
Krazy90: checks
*** FLOP *** [8d Ad 2d]
Krazy90: checks
cola26licht: checks
*** TURN *** [8d Ad 2d] [6d]
Krazy90: checks
cola26licht: checks
*** RIVER *** [8d Ad 2d 6d] [4h]
Krazy90: checks
cola26licht: bets $6
Krazy90: folds
Uncalled bet ($6) returned to cola26licht
cola26licht collected $5.88 from pot
cola26licht: doesn't show hand
*** SUMMARY ***
Total pot $6 | Rake $0.12
Board [8d Ad 2d 6d 4h]
Seat 2: cola26licht (button) (small blind) collected ($5.88)
Seat 3: Krazy90 (big blind) folded on the River


PokerStars Hand #170630554503:  Hold'em Limit ($3/$6 USD) - 2017/05/19 12:21:57 ET
Table 'Gallia' 6-max Seat #3 is the button
Seat 2: cola26licht ($71.62 in chips)
Seat 3: Krazy90 ($158.90 in chips)
Krazy90: posts small blind $1
cola26licht: posts big blind $3
*** HOLE CARDS ***
Krazy90: raises $3 to $6
cola26licht: folds
Uncalled bet ($3) returned to Krazy90
Krazy90 collected $6 from pot
Krazy90: doesn't show hand
*** SUMMARY ***
Total pot $6 | Rake $0
Seat 2: cola26licht (big blind) folded before Flop
Seat 3: Krazy90 (button) (small blind) collected ($6)


PokerStars Hand #170630547532:  Hold'em Limit ($3/$6 USD) - 2017/05/19 12:21:47 ET
Table 'Gallia' 6-max Seat #2 is the button
Seat 2: cola26licht ($65.86 in chips)
Seat 3: Krazy90 ($164.90 in chips)
cola26licht: posts small blind $1
Krazy90: posts big blind $3
*** HOLE CARDS ***
cola26licht: raises $3 to $6
Krazy90: calls $3
*** FLOP *** [4h Kh As]
Krazy90: checks
cola26licht: bets $3
Krazy90: folds
Uncalled bet ($3) returned to cola26licht
cola26licht collected $11.76 from pot
cola26licht: doesn't show hand
*** SUMMARY ***
Total pot $12 | Rake $0.24
Board [4h Kh As]
Seat 2: cola26licht (button) (small blind) collected ($11.76)
Seat 3: Krazy90 (big blind) folded on the Flop


PokerStars Hand #170630524586:  Hold'em Limit ($3/$6 USD) - 2017/05/19 12:21:12 ET
Table 'Gallia' 6-max Seat #3 is the button
Seat 2: cola26licht ($95.86 in chips)
Seat 3: Krazy90 ($135.40 in chips)
Krazy90: posts small blind $1
cola26licht: posts big blind $3
*** HOLE CARDS ***
Krazy90: raises $3 to $6
cola26licht: raises $3 to $9
Krazy90: calls $3
*** FLOP *** [Kh 5c As]
cola26licht: bets $3
Krazy90: calls $3
*** TURN *** [Kh 5c As] [7h]
cola26licht: bets $6
Krazy90: calls $6
*** RIVER *** [Kh 5c As 7h] [9h]
cola26licht: bets $6
Krazy90: raises $6 to $12
cola26licht: calls $6
*** SHOW DOWN ***
Krazy90: shows [Qh Ac] (a pair of Aces)
cola26licht: mucks hand
Krazy90 collected $59.50 from pot
*** SUMMARY ***
Total pot $60 | Rake $0.50
Board [Kh 5c As 7h 9h]
Seat 2: cola26licht (big blind) mucked
Seat 3: Krazy90 (button) (small blind) showed [Qh Ac] and won ($59.50) with a pair of Aces


PokerStars Hand #170630595374:  Hold'em Limit ($3/$6 USD) - 2017/05/19 12:22:59 ET
Table 'Gallia' 6-max Seat #3 is the button
Seat 2: cola26licht ($69.50 in chips)
Seat 3: Krazy90 ($160.78 in chips)
Krazy90: posts small blind $1
cola26licht: posts big blind $3
*** HOLE CARDS ***
Krazy90: raises $3 to $6
cola26licht: folds
Uncalled bet ($3) returned to Krazy90
Krazy90 collected $6 from pot
Krazy90: doesn't show hand
*** SUMMARY ***
Total pot $6 | Rake $0
Seat 2: cola26licht (big blind) folded before Flop
Seat 3: Krazy90 (button) (small blind) collected ($6)


PokerStars Hand #170630578978:  Hold'em Limit ($3/$6 USD) - 2017/05/19 12:22:34 ET
Table 'Gallia' 6-max Seat #2 is the button
Seat 2: cola26licht ($72.50 in chips)
Seat 3: Krazy90 ($157.90 in chips)
cola26licht: posts small blind $1
Krazy90: posts big blind $3
*** HOLE CARDS ***
cola26licht: calls $2
Krazy90: checks
*** FLOP *** [Tc 4d 2d]
Krazy90: checks
cola26licht: checks
*** TURN *** [Tc 4d 2d] [6s]
Krazy90: checks
cola26licht: checks
*** RIVER *** [Tc 4d 2d 6s] [Kh]
Krazy90: checks
cola26licht: checks
*** SHOW DOWN ***
Krazy90: shows [4s 9d] (a pair of Fours)
cola26licht: mucks hand
Krazy90 collected $5.88 from pot
*** SUMMARY ***
Total pot $6 | Rake $0.12
Board [Tc 4d 2d 6s Kh]
Seat 2: cola26licht (button) (small blind) mucked
Seat 3: Krazy90 (big blind) showed [4s 9d] and won ($5.88) with a pair of Fours


PokerStars Hand #170630640584:  Hold'em Limit ($3/$6 USD) - 2017/05/19 12:24:07 ET
Table 'Gallia' 6-max Seat #2 is the button
Seat 2: cola26licht ($87.78 in chips)
Seat 3: Krazy90 ($141.78 in chips)
cola26licht: posts small blind $1
Krazy90: posts big blind $3
*** HOLE CARDS ***
cola26licht: raises $3 to $6
Krazy90: folds
Uncalled bet ($3) returned to cola26licht
cola26licht collected $6 from pot
cola26licht: doesn't show hand
*** SUMMARY ***
Total pot $6 | Rake $0
Seat 2: cola26licht (button) (small blind) collected ($6)
Seat 3: Krazy90 (big blind) folded before Flop


PokerStars Hand #170630636441:  Hold'em Limit ($3/$6 USD) - 2017/05/19 12:24:01 ET
Table 'Gallia' 6-max Seat #3 is the button
Seat 2: cola26licht ($86.78 in chips)
Seat 3: Krazy90 ($142.78 in chips)
Krazy90: posts small blind $1
cola26licht: posts big blind $3
*** HOLE CARDS ***
Krazy90: folds
Uncalled bet ($2) returned to cola26licht
cola26licht collected $2 from pot
cola26licht: doesn't show hand
*** SUMMARY ***
Total pot $2 | Rake $0
Seat 2: cola26licht (big blind) collected ($2)
Seat 3: Krazy90 (button) (small blind) folded before Flop


PokerStars Hand #170630633263:  Hold'em Limit ($3/$6 USD) - 2017/05/19 12:23:56 ET
Table 'Gallia' 6-max Seat #2 is the button
Seat 2: cola26licht ($87.78 in chips)
Seat 3: Krazy90 ($141.78 in chips)
cola26licht: posts small blind $1
Krazy90: posts big blind $3
*** HOLE CARDS ***
cola26licht: folds
Uncalled bet ($2) returned to Krazy90
Krazy90 collected $2 from pot
Krazy90: doesn't show hand
*** SUMMARY ***
Total pot $2 | Rake $0
Seat 2: cola26licht (button) (small blind) folded before Flop
Seat 3: Krazy90 (big blind) collected ($2)


PokerStars Hand #170630630350:  Hold'em Limit ($3/$6 USD) - 2017/05/19 12:23:51 ET
Table 'Gallia' 6-max Seat #3 is the button
Seat 2: cola26licht ($86.78 in chips)
Seat 3: Krazy90 ($142.78 in chips)
Krazy90: posts small blind $1
cola26licht: posts big blind $3
*** HOLE CARDS ***
Krazy90: folds
Uncalled bet ($2) returned to cola26licht
cola26licht collected $2 from pot
cola26licht: doesn't show hand
*** SUMMARY ***
Total pot $2 | Rake $0
Seat 2: cola26licht (big blind) collected ($2)
Seat 3: Krazy90 (button) (small blind) folded before Flop


PokerStars Hand #170630620498:  Hold'em Limit ($3/$6 USD) - 2017/05/19 12:23:37 ET
Table 'Gallia' 6-max Seat #2 is the button
Seat 2: cola26licht ($81.02 in chips)
Seat 3: Krazy90 ($148.78 in chips)
cola26licht: posts small blind $1
Krazy90: posts big blind $3
*** HOLE CARDS ***
cola26licht: raises $3 to $6
Krazy90: calls $3
*** FLOP *** [3c Qs Jd]
Krazy90: checks
cola26licht: checks
*** TURN *** [3c Qs Jd] [4h]
Krazy90: checks
cola26licht: checks
*** RIVER *** [3c Qs Jd 4h] [9c]
Krazy90: checks
cola26licht: checks
*** SHOW DOWN ***
Krazy90: shows [8h 6h] (high card Queen)
cola26licht: shows [Th Tc] (a pair of Tens)
cola26licht collected $11.76 from pot
*** SUMMARY ***
Total pot $12 | Rake $0.24
Board [3c Qs Jd 4h 9c]
Seat 2: cola26licht (button) (small blind) showed [Th Tc] and won ($11.76) with a pair of Tens
Seat 3: Krazy90 (big blind) showed [8h 6h] and lost with high card Queen


PokerStars Hand #170630606392:  Hold'em Limit ($3/$6 USD) - 2017/05/19 12:23:15 ET
Table 'Gallia' 6-max Seat #3 is the button
Seat 2: cola26licht ($69.50 in chips)
Seat 3: Krazy90 ($160.78 in chips)
Krazy90: posts small blind $1
cola26licht: posts big blind $3
*** HOLE CARDS ***
Krazy90: raises $3 to $6
cola26licht: raises $3 to $9
Krazy90: calls $3
*** FLOP *** [9s Qd Qh]
cola26licht: bets $3
Krazy90: calls $3
*** TURN *** [9s Qd Qh] [4d]
cola26licht: bets $6
Krazy90: folds
Uncalled bet ($6) returned to cola26licht
cola26licht collected $23.52 from pot
cola26licht: doesn't show hand
*** SUMMARY ***
Total pot $24 | Rake $0.48
Board [9s Qd Qh 4d]
Seat 2: cola26licht (big blind) collected ($23.52)
Seat 3: Krazy90 (button) (small blind) folded on the Turn


PokerStars Hand #170630688950:  Hold'em Limit ($3/$6 USD) - 2017/05/19 12:25:19 ET
Table 'Gallia' 6-max Seat #2 is the button
Seat 2: cola26licht ($90.66 in chips)
Seat 3: Krazy90 ($138.54 in chips)
cola26licht: posts small blind $1
Krazy90: posts big blind $3
*** HOLE CARDS ***
cola26licht: raises $3 to $6
Krazy90: folds
Uncalled bet ($3) returned to cola26licht
cola26licht collected $6 from pot
cola26licht: doesn't show hand
*** SUMMARY ***
Total pot $6 | Rake $0
Seat 2: cola26licht (button) (small blind) collected ($6)
Seat 3: Krazy90 (big blind) folded before Flop


PokerStars Hand #170630673087:  Hold'em Limit ($3/$6 USD) - 2017/05/19 12:24:56 ET
Table 'Gallia' 6-max Seat #3 is the button
Seat 2: cola26licht ($87.78 in chips)
Seat 3: Krazy90 ($141.54 in chips)
Krazy90: posts small blind $1
cola26licht: posts big blind $3
*** HOLE CARDS ***
Krazy90: calls $2
cola26licht: checks
*** FLOP *** [9c 6s 2d]
cola26licht: checks
Krazy90: checks
*** TURN *** [9c 6s 2d] [6d]
cola26licht: bets $6
Krazy90: folds
Uncalled bet ($6) returned to cola26licht
cola26licht collected $5.88 from pot
cola26licht: doesn't show hand
*** SUMMARY ***
Total pot $6 | Rake $0.12
Board [9c 6s 2d 6d]
Seat 2: cola26licht (big blind) collected ($5.88)
Seat 3: Krazy90 (button) (small blind) folded on the Turn


PokerStars Hand #170630667968:  Hold'em Limit ($3/$6 USD) - 2017/05/19 12:24:48 ET
Table 'Gallia' 6-max Seat #2 is the button
Seat 2: cola26licht ($84.78 in chips)
Seat 3: Krazy90 ($144.54 in chips)
cola26licht: posts small blind $1
Krazy90: posts big blind $3
*** HOLE CARDS ***
cola26licht: raises $3 to $6
Krazy90: folds
Uncalled bet ($3) returned to cola26licht
cola26licht collected $6 from pot
cola26licht: doesn't show hand
*** SUMMARY ***
Total pot $6 | Rake $0
Seat 2: cola26licht (button) (small blind) collected ($6)
Seat 3: Krazy90 (big blind) folded before Flop


PokerStars Hand #170630645602:  Hold'em Limit ($3/$6 USD) - 2017/05/19 12:24:15 ET
Table 'Gallia' 6-max Seat #3 is the button
Seat 2: cola26licht ($90.78 in chips)
Seat 3: Krazy90 ($138.78 in chips)
Krazy90: posts small blind $1
cola26licht: posts big blind $3
*** HOLE CARDS ***
Krazy90: raises $3 to $6
cola26licht: calls $3
*** FLOP *** [Qc Kh As]
cola26licht: checks
Krazy90: checks
*** TURN *** [Qc Kh As] [Qs]
cola26licht: checks
Krazy90: checks
*** RIVER *** [Qc Kh As Qs] [Kd]
cola26licht: checks
Krazy90: bets $6
cola26licht: folds
Uncalled bet ($6) returned to Krazy90
Krazy90 collected $11.76 from pot
Krazy90: doesn't show hand
*** SUMMARY ***
Total pot $12 | Rake $0.24
Board [Qc Kh As Qs Kd]
Seat 2: cola26licht (big blind) folded on the River
Seat 3: Krazy90 (button) (small blind) collected ($11.76)


PokerStars Hand #170630717249:  Hold'em Limit ($3/$6 USD) - 2017/05/19 12:26:01 ET
Table 'Gallia' 6-max Seat #3 is the button
Seat 2: cola26licht ($105.30 in chips)
Seat 3: Krazy90 ($123.54 in chips)
Krazy90: posts small blind $1
cola26licht: posts big blind $3
*** HOLE CARDS ***
Krazy90: raises $3 to $6
cola26licht: calls $3
*** FLOP *** [6c 9h 4c]
cola26licht: checks
Krazy90: bets $3
cola26licht: raises $3 to $6
Krazy90: calls $3
*** TURN *** [6c 9h 4c] [Ts]
cola26licht: bets $6
Krazy90: folds
Uncalled bet ($6) returned to cola26licht
cola26licht collected $23.52 from pot
cola26licht: doesn't show hand
*** SUMMARY ***
Total pot $24 | Rake $0.48
Board [6c 9h 4c Ts]
Seat 2: cola26licht (big blind) collected ($23.52)
Seat 3: Krazy90 (button) (small blind) folded on the Turn


PokerStars Hand #170630713964:  Hold'em Limit ($3/$6 USD) - 2017/05/19 12:25:57 ET
Table 'Gallia' 6-max Seat #2 is the button
Seat 2: cola26licht ($106.30 in chips)
Seat 3: Krazy90 ($122.54 in chips)
cola26licht: posts small blind $1
Krazy90: posts big blind $3
*** HOLE CARDS ***
cola26licht: folds
Uncalled bet ($2) returned to Krazy90
Krazy90 collected $2 from pot
Krazy90: doesn't show hand
*** SUMMARY ***
Total pot $2 | Rake $0
Seat 2: cola26licht (button) (small blind) folded before Flop
Seat 3: Krazy90 (big blind) collected ($2)


PokerStars Hand #170630710206:  Hold'em Limit ($3/$6 USD) - 2017/05/19 12:25:51 ET
Table 'Gallia' 6-max Seat #3 is the button
Seat 2: cola26licht ($105.30 in chips)
Seat 3: Krazy90 ($123.54 in chips)
Krazy90: posts small blind $1
cola26licht: posts big blind $3
*** HOLE CARDS ***
Krazy90: folds
Uncalled bet ($2) returned to cola26licht
cola26licht collected $2 from pot
cola26licht: doesn't show hand
*** SUMMARY ***
Total pot $2 | Rake $0
Seat 2: cola26licht (big blind) collected ($2)
Seat 3: Krazy90 (button) (small blind) folded before Flop


PokerStars Hand #170630704500:  Hold'em Limit ($3/$6 USD) - 2017/05/19 12:25:43 ET
Table 'Gallia' 6-max Seat #2 is the button
Seat 2: cola26licht ($102.30 in chips)
Seat 3: Krazy90 ($126.54 in chips)
cola26licht: posts small blind $1
Krazy90: posts big blind $3
*** HOLE CARDS ***
cola26licht: raises $3 to $6
Krazy90: folds
Uncalled bet ($3) returned to cola26licht
cola26licht collected $6 from pot
cola26licht: doesn't show hand
*** SUMMARY ***
Total pot $6 | Rake $0
Seat 2: cola26licht (button) (small blind) collected ($6)
Seat 3: Krazy90 (big blind) folded before Flop


PokerStars Hand #170630694844:  Hold'em Limit ($3/$6 USD) - 2017/05/19 12:25:28 ET
Table 'Gallia' 6-max Seat #3 is the button
Seat 2: cola26licht ($93.66 in chips)
Seat 3: Krazy90 ($135.54 in chips)
Krazy90: posts small blind $1
cola26licht: posts big blind $3
*** HOLE CARDS ***
Krazy90: calls $2
cola26licht: checks
*** FLOP *** [Th 3d 9s]
cola26licht: checks
Krazy90: bets $3
cola26licht: raises $3 to $6
Krazy90: calls $3
*** TURN *** [Th 3d 9s] [7h]
cola26licht: bets $6
Krazy90: folds
Uncalled bet ($6) returned to cola26licht
cola26licht collected $17.64 from pot
cola26licht: doesn't show hand
*** SUMMARY ***
Total pot $18 | Rake $0.36
Board [Th 3d 9s 7h]
Seat 2: cola26licht (big blind) collected ($17.64)
Seat 3: Krazy90 (button) (small blind) folded on the Turn


PokerStars Hand #170630764609:  Hold'em Limit ($3/$6 USD) - 2017/05/19 12:27:12 ET
Table 'Gallia' 6-max Seat #3 is the button
Seat 2: cola26licht ($140.08 in chips)
Seat 3: Krazy90 ($120 in chips)
Krazy90: posts small blind $1
cola26licht: posts big blind $3
*** HOLE CARDS ***
Krazy90: raises $3 to $6
cola26licht: calls $3
*** FLOP *** [Th Jc 3c]
cola26licht: checks
Krazy90: checks
*** TURN *** [Th Jc 3c] [3s]
cola26licht: bets $6
Krazy90: folds
Uncalled bet ($6) returned to cola26licht
cola26licht collected $11.76 from pot
cola26licht: doesn't show hand
*** SUMMARY ***
Total pot $12 | Rake $0.24
Board [Th Jc 3c 3s]
Seat 2: cola26licht (big blind) collected ($11.76)
Seat 3: Krazy90 (button) (small blind) folded on the Turn


PokerStars Hand #170630753298:  Hold'em Limit ($3/$6 USD) - 2017/05/19 12:26:55 ET
Table 'Gallia' 6-max Seat #2 is the button
Seat 2: cola26licht ($119.58 in chips)
Seat 3: Krazy90 ($123 in chips)
cola26licht: posts small blind $1
Krazy90: posts big blind $3
*** HOLE CARDS ***
cola26licht: raises $3 to $6
Krazy90: calls $3
*** FLOP *** [Qs 6s Ts]
Krazy90: checks
cola26licht: bets $3
Krazy90: calls $3
*** TURN *** [Qs 6s Ts] [Qd]
Krazy90: checks
cola26licht: bets $6
Krazy90: calls $6
*** RIVER *** [Qs 6s Ts Qd] [2d]
Krazy90: checks
cola26licht: bets $6
Krazy90: calls $6
*** SHOW DOWN ***
cola26licht: shows [5d Qh] (three of a kind, Queens)
Krazy90: mucks hand
cola26licht collected $41.50 from pot
*** SUMMARY ***
Total pot $42 | Rake $0.50
Board [Qs 6s Ts Qd 2d]
Seat 2: cola26licht (button) (small blind) showed [5d Qh] and won ($41.50) with three of a kind, Queens
Seat 3: Krazy90 (big blind) mucked


PokerStars Hand #170630749286:  Hold'em Limit ($3/$6 USD) - 2017/05/19 12:26:49 ET
Table 'Gallia' 6-max Seat #3 is the button
Seat 2: cola26licht ($122.58 in chips)
Seat 3: Krazy90 ($120 in chips)
Krazy90: posts small blind $1
cola26licht: posts big blind $3
*** HOLE CARDS ***
Krazy90: raises $3 to $6
cola26licht: folds
Uncalled bet ($3) returned to Krazy90
Krazy90 collected $6 from pot
Krazy90: doesn't show hand
*** SUMMARY ***
Total pot $6 | Rake $0
Seat 2: cola26licht (big blind) folded before Flop
Seat 3: Krazy90 (button) (small blind) collected ($6)


PokerStars Hand #170630732861:  Hold'em Limit ($3/$6 USD) - 2017/05/19 12:26:25 ET
Table 'Gallia' 6-max Seat #2 is the button
Seat 2: cola26licht ($116.82 in chips)
Seat 3: Krazy90 ($120 in chips)
cola26licht: posts small blind $1
Krazy90: posts big blind $3
*** HOLE CARDS ***
cola26licht: raises $3 to $6
Krazy90: calls $3
*** FLOP *** [4c 7s 8s]
Krazy90: checks
cola26licht: checks
*** TURN *** [4c 7s 8s] [Td]
Krazy90: checks
cola26licht: bets $6
Krazy90: folds
Uncalled bet ($6) returned to cola26licht
cola26licht collected $11.76 from pot
cola26licht: doesn't show hand
*** SUMMARY ***
Total pot $12 | Rake $0.24
Board [4c 7s 8s Td]
Seat 2: cola26licht (button) (small blind) collected ($11.76)
Seat 3: Krazy90 (big blind) folded on the Turn


PokerStars Hand #170630798440:  Hold'em Limit ($3/$6 USD) - 2017/05/19 12:28:02 ET
Table 'Gallia' 6-max Seat #2 is the button
Seat 2: cola26licht ($134.72 in chips)
Seat 3: Krazy90 ($130.64 in chips)
cola26licht: posts small blind $1
Krazy90: posts big blind $3
*** HOLE CARDS ***
cola26licht: raises $3 to $6
Krazy90: folds
Uncalled bet ($3) returned to cola26licht
cola26licht collected $6 from pot
cola26licht: doesn't show hand
*** SUMMARY ***
Total pot $6 | Rake $0
Seat 2: cola26licht (button) (small blind) collected ($6)
Seat 3: Krazy90 (big blind) folded before Flop


PokerStars Hand #170630795473:  Hold'em Limit ($3/$6 USD) - 2017/05/19 12:27:58 ET
Table 'Gallia' 6-max Seat #3 is the button
Seat 2: cola26licht ($133.72 in chips)
Seat 3: Krazy90 ($131.64 in chips)
Krazy90: posts small blind $1
cola26licht: posts big blind $3
*** HOLE CARDS ***
Krazy90: folds
Uncalled bet ($2) returned to cola26licht
cola26licht collected $2 from pot
cola26licht: doesn't show hand
*** SUMMARY ***
Total pot $2 | Rake $0
Seat 2: cola26licht (big blind) collected ($2)
Seat 3: Krazy90 (button) (small blind) folded before Flop


PokerStars Hand #170630785035:  Hold'em Limit ($3/$6 USD) - 2017/05/19 12:27:42 ET
Table 'Gallia' 6-max Seat #2 is the button
Seat 2: cola26licht ($142.72 in chips)
Seat 3: Krazy90 ($123 in chips)
cola26licht: posts small blind $1
Krazy90: posts big blind $3
*** HOLE CARDS ***
cola26licht: raises $3 to $6
Krazy90: calls $3
*** FLOP *** [9c Qh 5d]
Krazy90: checks
cola26licht: bets $3
Krazy90: calls $3
*** TURN *** [9c Qh 5d] [5s]
Krazy90: checks
cola26licht: checks
*** RIVER *** [9c Qh 5d 5s] [Ks]
Krazy90: checks
cola26licht: checks
*** SHOW DOWN ***
Krazy90: shows [8d 5c] (three of a kind, Fives)
cola26licht: mucks hand
Krazy90 collected $17.64 from pot
*** SUMMARY ***
Total pot $18 | Rake $0.36
Board [9c Qh 5d 5s Ks]
Seat 2: cola26licht (button) (small blind) mucked
Seat 3: Krazy90 (big blind) showed [8d 5c] and won ($17.64) with three of a kind, Fives


PokerStars Hand #170630780999:  Hold'em Limit ($3/$6 USD) - 2017/05/19 12:27:36 ET
Table 'Gallia' 6-max Seat #3 is the button
Seat 2: cola26licht ($145.72 in chips)
Seat 3: Krazy90 ($120 in chips)
Krazy90: posts small blind $1
cola26licht: posts big blind $3
*** HOLE CARDS ***
Krazy90: raises $3 to $6
cola26licht: folds
Uncalled bet ($3) returned to Krazy90
Krazy90 collected $6 from pot
Krazy90: doesn't show hand
*** SUMMARY ***
Total pot $6 | Rake $0
Seat 2: cola26licht (big blind) folded before Flop
Seat 3: Krazy90 (button) (small blind) collected ($6)


PokerStars Hand #170630772564:  Hold'em Limit ($3/$6 USD) - 2017/05/19 12:27:24 ET
Table 'Gallia' 6-max Seat #2 is the button
Seat 2: cola26licht ($145.84 in chips)
Seat 3: Krazy90 ($120 in chips)
cola26licht: posts small blind $1
Krazy90: posts big blind $3
*** HOLE CARDS ***
cola26licht: calls $2
Krazy90: checks
*** FLOP *** [Kd Qh 6h]
Krazy90: checks
cola26licht: bets $3
Krazy90: calls $3
*** TURN *** [Kd Qh 6h] [6d]
Krazy90: checks
cola26licht: checks
*** RIVER *** [Kd Qh 6h 6d] [Th]
Krazy90: checks
cola26licht: checks
*** SHOW DOWN ***
Krazy90: shows [2c Qs] (two pair, Queens and Sixes)
cola26licht: shows [Qc 4h] (two pair, Queens and Sixes)
Krazy90 collected $5.88 from pot
cola26licht collected $5.88 from pot
*** SUMMARY ***
Total pot $12 | Rake $0.24
Board [Kd Qh 6h 6d Th]
Seat 2: cola26licht (button) (small blind) showed [Qc 4h] and won ($5.88) with two pair, Queens and Sixes
Seat 3: Krazy90 (big blind) showed [2c Qs] and won ($5.88) with two pair, Queens and Sixes


PokerStars Hand #170630849693:  Hold'em Limit ($3/$6 USD) - 2017/05/19 12:29:19 ET
Table 'Gallia' 6-max Seat #2 is the button
Seat 2: cola26licht ($148.98 in chips)
Seat 3: Krazy90 ($120 in chips)
cola26licht: posts small blind $1
Krazy90: posts big blind $3
*** HOLE CARDS ***
cola26licht: raises $3 to $6
Krazy90: calls $3
*** FLOP *** [8c Js 2s]
Krazy90: checks
cola26licht: bets $3
Krazy90: calls $3
*** TURN *** [8c Js 2s] [Jc]
Krazy90: checks
cola26licht: checks
*** RIVER *** [8c Js 2s Jc] [Th]
Krazy90: checks
cola26licht: checks
*** SHOW DOWN ***
Krazy90: shows [Ah Qs] (a pair of Jacks)
cola26licht: mucks hand
Krazy90 collected $17.64 from pot
*** SUMMARY ***
Total pot $18 | Rake $0.36
Board [8c Js 2s Jc Th]
Seat 2: cola26licht (button) (small blind) mucked
Seat 3: Krazy90 (big blind) showed [Ah Qs] and won ($17.64) with a pair of Jacks


PokerStars Hand #170630835880:  Hold'em Limit ($3/$6 USD) - 2017/05/19 12:28:58 ET
Table 'Gallia' 6-max Seat #3 is the button
Seat 2: cola26licht ($134.48 in chips)
Seat 3: Krazy90 ($130.28 in chips)
Krazy90: posts small blind $1
cola26licht: posts big blind $3
*** HOLE CARDS ***
Krazy90: raises $3 to $6
cola26licht: calls $3
*** FLOP *** [7d Td Jh]
cola26licht: checks
Krazy90: bets $3
cola26licht: calls $3
*** TURN *** [7d Td Jh] [Ad]
cola26licht: checks
Krazy90: bets $6
cola26licht: raises $6 to $12
Krazy90: folds
Uncalled bet ($6) returned to cola26licht
cola26licht collected $29.50 from pot
cola26licht: doesn't show hand
*** SUMMARY ***
Total pot $30 | Rake $0.50
Board [7d Td Jh Ad]
Seat 2: cola26licht (big blind) collected ($29.50)
Seat 3: Krazy90 (button) (small blind) folded on the Turn


PokerStars Hand #170630823282:  Hold'em Limit ($3/$6 USD) - 2017/05/19 12:28:39 ET
Table 'Gallia' 6-max Seat #2 is the button
Seat 2: cola26licht ($128.72 in chips)
Seat 3: Krazy90 ($136.28 in chips)
cola26licht: posts small blind $1
Krazy90: posts big blind $3
*** HOLE CARDS ***
cola26licht: raises $3 to $6
Krazy90: calls $3
*** FLOP *** [5d Ts Js]
Krazy90: checks
cola26licht: bets $3
Krazy90: folds
Uncalled bet ($3) returned to cola26licht
cola26licht collected $11.76 from pot
cola26licht: doesn't show hand
*** SUMMARY ***
Total pot $12 | Rake $0.24
Board [5d Ts Js]
Seat 2: cola26licht (button) (small blind) collected ($11.76)
Seat 3: Krazy90 (big blind) folded on the Flop


PokerStars Hand #170630802638:  Hold'em Limit ($3/$6 USD) - 2017/05/19 12:28:08 ET
Table 'Gallia' 6-max Seat #3 is the button
Seat 2: cola26licht ($137.72 in chips)
Seat 3: Krazy90 ($127.64 in chips)
Krazy90: posts small blind $1
cola26licht: posts big blind $3
*** HOLE CARDS ***
Krazy90: raises $3 to $6
cola26licht: calls $3
*** FLOP *** [4s Td Jc]
cola26licht: checks
Krazy90: bets $3
cola26licht: calls $3
*** TURN *** [4s Td Jc] [Th]
cola26licht: checks
Krazy90: bets $6
cola26licht: folds
Uncalled bet ($6) returned to Krazy90
Krazy90 collected $17.64 from pot
Krazy90: doesn't show hand
*** SUMMARY ***
Total pot $18 | Rake $0.36
Board [4s Td Jc Th]
Seat 2: cola26licht (big blind) folded on the Turn
Seat 3: Krazy90 (button) (small blind) collected ($17.64)


PokerStars Hand #170630889893:  Hold'em Limit ($3/$6 USD) - 2017/05/19 12:30:18 ET
Table 'Gallia' 6-max Seat #2 is the button
Seat 2: cola26licht ($133.26 in chips)
Seat 3: Krazy90 ($143.50 in chips)
cola26licht: posts small blind $1
Krazy90: posts big blind $3
*** HOLE CARDS ***
cola26licht: raises $3 to $6
Krazy90: calls $3
*** FLOP *** [4d Jd Qh]
Krazy90: checks
cola26licht: bets $3
Krazy90: folds
Uncalled bet ($3) returned to cola26licht
cola26licht collected $11.76 from pot
cola26licht: doesn't show hand
*** SUMMARY ***
Total pot $12 | Rake $0.24
Board [4d Jd Qh]
Seat 2: cola26licht (button) (small blind) collected ($11.76)
Seat 3: Krazy90 (big blind) folded on the Flop


PokerStars Hand #170630879714:  Hold'em Limit ($3/$6 USD) - 2017/05/19 12:30:04 ET
Table 'Gallia' 6-max Seat #3 is the button
Seat 2: cola26licht ($157.26 in chips)
Seat 3: Krazy90 ($120 in chips)
Krazy90: posts small blind $1
cola26licht: posts big blind $3
*** HOLE CARDS ***
Krazy90: raises $3 to $6
cola26licht: raises $3 to $9
Krazy90: calls $3
*** FLOP *** [3d 2c Ad]
cola26licht: bets $3
Krazy90: calls $3
*** TURN *** [3d 2c Ad] [8h]
cola26licht: bets $6
Krazy90: calls $6
*** RIVER *** [3d 2c Ad 8h] [Tc]
cola26licht: bets $6
Krazy90: calls $6
*** SHOW DOWN ***
cola26licht: shows [Jd Jc] (a pair of Jacks)
Krazy90: shows [9d As] (a pair of Aces)
Krazy90 collected $47.50 from pot
*** SUMMARY ***
Total pot $48 | Rake $0.50
Board [3d 2c Ad 8h Tc]
Seat 2: cola26licht (big blind) showed [Jd Jc] and lost with a pair of Jacks
Seat 3: Krazy90 (button) (small blind) showed [9d As] and won ($47.50) with a pair of Aces


PokerStars Hand #170630869852:  Hold'em Limit ($3/$6 USD) - 2017/05/19 12:29:49 ET
Table 'Gallia' 6-max Seat #2 is the button
Seat 2: cola26licht ($148.62 in chips)
Seat 3: Krazy90 ($120 in chips)
cola26licht: posts small blind $1
Krazy90: posts big blind $3
*** HOLE CARDS ***
cola26licht: raises $3 to $6
Krazy90: calls $3
*** FLOP *** [2c Td 6s]
Krazy90: checks
cola26licht: bets $3
Krazy90: calls $3
*** TURN *** [2c Td 6s] [5h]
Krazy90: checks
cola26licht: bets $6
Krazy90: folds
Uncalled bet ($6) returned to cola26licht
cola26licht collected $17.64 from pot
cola26licht: doesn't show hand
*** SUMMARY ***
Total pot $18 | Rake $0.36
Board [2c Td 6s 5h]
Seat 2: cola26licht (button) (small blind) collected ($17.64)
Seat 3: Krazy90 (big blind) folded on the Turn


PokerStars Hand #170630860444:  Hold'em Limit ($3/$6 USD) - 2017/05/19 12:29:35 ET
Table 'Gallia' 6-max Seat #3 is the button
Seat 2: cola26licht ($139.98 in chips)
Seat 3: Krazy90 ($128.64 in chips)
Krazy90: posts small blind $1
cola26licht: posts big blind $3
*** HOLE CARDS ***
Krazy90: raises $3 to $6
cola26licht: calls $3
*** FLOP *** [Jc 8c Js]
cola26licht: checks
Krazy90: bets $3
cola26licht: raises $3 to $6
Krazy90: folds
Uncalled bet ($3) returned to cola26licht
cola26licht collected $17.64 from pot
cola26licht: doesn't show hand
*** SUMMARY ***
Total pot $18 | Rake $0.36
Board [Jc 8c Js]
Seat 2: cola26licht (big blind) collected ($17.64)
Seat 3: Krazy90 (button) (small blind) folded on the Flop


PokerStars Hand #170630901569:  Hold'em Limit ($3/$6 USD) - 2017/05/19 12:30:36 ET
Table 'Gallia' 6-max Seat #2 is the button
Seat 2: cola26licht ($147.66 in chips)
Seat 3: Krazy90 ($128.50 in chips)
cola26licht: posts small blind $1
Krazy90: posts big blind $3
*** HOLE CARDS ***
cola26licht: raises $3 to $6
Krazy90: calls $3
*** FLOP *** [8h 7h 2h]
Krazy90: checks
cola26licht: bets $3
Snuffymo joins the table at seat #4
Krazy90: raises $3 to $6
cola26licht: calls $3
*** TURN *** [8h 7h 2h] [2s]
Krazy90: bets $6
cola26licht: calls $6
*** RIVER *** [8h 7h 2h 2s] [As]
Krazy90: checks
cola26licht: bets $6
Krazy90: calls $6
*** SHOW DOWN ***
cola26licht: shows [7d 5d] (two pair, Sevens and Deuces)
Krazy90: mucks hand
cola26licht collected $47.50 from pot
*** SUMMARY ***
Total pot $48 | Rake $0.50
Board [8h 7h 2h 2s As]
Seat 2: cola26licht (button) (small blind) showed [7d 5d] and won ($47.50) with two pair, Sevens and Deuces
Seat 3: Krazy90 (big blind) mucked


PokerStars Hand #170630895081:  Hold'em Limit ($3/$6 USD) - 2017/05/19 12:30:26 ET
Table 'Gallia' 6-max Seat #3 is the button
Seat 2: cola26licht ($139.02 in chips)
Seat 3: Krazy90 ($137.50 in chips)
Krazy90: posts small blind $1
cola26licht: posts big blind $3
*** HOLE CARDS ***
Krazy90: raises $3 to $6
cola26licht: raises $3 to $9
Krazy90: calls $3
*** FLOP *** [7c Qc Ah]
cola26licht: bets $3
Krazy90: folds
Uncalled bet ($3) returned to cola26licht
cola26licht collected $17.64 from pot
cola26licht: doesn't show hand
*** SUMMARY ***
Total pot $18 | Rake $0.36
Board [7c Qc Ah]
Seat 2: cola26licht (big blind) collected ($17.64)
Seat 3: Krazy90 (button) (small blind) folded on the Flop


PokerStars Hand #170630918105:  Hold'em Limit ($3/$6 USD) - 2017/05/19 12:31:00 ET
Table 'Gallia' 6-max Seat #3 is the button
Seat 3: Krazy90 ($120 in chips)
Seat 4: Snuffymo ($120 in chips)
Krazy90: posts small blind $1
Snuffymo: posts big blind $3
*** HOLE CARDS ***
Krazy90: raises $3 to $6
Snuffymo: calls $3
*** FLOP *** [Js 8h 4c]
Snuffymo: checks
Krazy90: bets $3
cola26licht is disconnected
Z435A791B joins the table at seat #6
Snuffymo: folds
Uncalled bet ($3) returned to Krazy90
Krazy90 collected $11.76 from pot
Krazy90: doesn't show hand
*** SUMMARY ***
Total pot $12 | Rake $0.24
Board [Js 8h 4c]
Seat 3: Krazy90 (button) (small blind) collected ($11.76)
Seat 4: Snuffymo (big blind) folded on the Flop


PokerStars Hand #170632927785:  Hold'em Limit ($3/$6 USD) - 2017/05/19 13:19:42 ET
Table 'Gallia' 6-max Seat #6 is the button
Seat 5: Titanic001 ($113.23 in chips)
Seat 6: Velbor107 ($287.10 in chips)
Velbor107: posts small blind $1
rascal_319: is sitting out
Titanic001: posts big blind $3
*** HOLE CARDS ***
Velbor107: raises $3 to $6
Titanic001: calls $3
*** FLOP *** [Th Td 3d]
Titanic001: checks
Velbor107: bets $3
Titanic001: raises $3 to $6
Velbor107: calls $3
*** TURN *** [Th Td 3d] [Kd]
Titanic001: bets $6
rascal_319 leaves the table
Velbor107: folds
Uncalled bet ($6) returned to Titanic001
Titanic001 collected $23.52 from pot
*** SUMMARY ***
Total pot $24 | Rake $0.48
Board [Th Td 3d Kd]
Seat 5: Titanic001 (big blind) collected ($23.52)
Seat 6: Velbor107 (button) (small blind) folded on the Turn


PokerStars Hand #170632973358:  Hold'em Limit ($3/$6 USD) - 2017/05/19 13:20:44 ET
Table 'Gallia' 6-max Seat #5 is the button
Seat 2: patricia7676 ($203.68 in chips)
Seat 5: Titanic001 ($124.75 in chips)
Titanic001: posts small blind $1
patricia7676: posts big blind $3
*** HOLE CARDS ***
Titanic001: raises $3 to $6
patricia7676: calls $3
*** FLOP *** [2d 3s 2s]
patricia7676: checks
Titanic001: checks
*** TURN *** [2d 3s 2s] [6d]
patricia7676: bets $6
Titanic001: calls $6
*** RIVER *** [2d 3s 2s 6d] [Kh]
patricia7676 is disconnected
patricia7676 is connected
patricia7676 has timed out while being disconnected
patricia7676: checks
Titanic001: bets $6
patricia7676 is disconnected
patricia7676 is connected
patricia7676: folds
Uncalled bet ($6) returned to Titanic001
Titanic001 collected $23.52 from pot
*** SUMMARY ***
Total pot $24 | Rake $0.48
Board [2d 3s 2s 6d Kh]
Seat 2: patricia7676 (big blind) folded on the River
Seat 5: Titanic001 (button) (small blind) collected ($23.52)


PokerStars Hand #170633080331:  Hold'em Limit ($3/$6 USD) - 2017/05/19 13:23:10 ET
Table 'Gallia' 6-max Seat #2 is the button
Seat 2: patricia7676 ($195.20 in chips)
Seat 5: Titanic001 ($132.03 in chips)
patricia7676: posts small blind $1
Titanic001: posts big blind $3
*** HOLE CARDS ***
patricia7676: raises $3 to $6
Titanic001: calls $3
*** FLOP *** [Jh 2s 6c]
Titanic001: checks
patricia7676: checks
*** TURN *** [Jh 2s 6c] [Th]
Titanic001: checks
patricia7676: bets $6
Titanic001: folds
Uncalled bet ($6) returned to patricia7676
patricia7676 collected $11.76 from pot
patricia7676: doesn't show hand
*** SUMMARY ***
Total pot $12 | Rake $0.24
Board [Jh 2s 6c Th]
Seat 2: patricia7676 (button) (small blind) collected ($11.76)
Seat 5: Titanic001 (big blind) folded on the Turn


PokerStars Hand #170633067646:  Hold'em Limit ($3/$6 USD) - 2017/05/19 13:22:53 ET
Table 'Gallia' 6-max Seat #5 is the button
Seat 2: patricia7676 ($183.68 in chips)
Seat 5: Titanic001 ($144.03 in chips)
Titanic001: posts small blind $1
patricia7676: posts big blind $3
*** HOLE CARDS ***
Titanic001: raises $3 to $6
patricia7676: raises $3 to $9
Titanic001: calls $3
*** FLOP *** [3c Ad Jd]
patricia7676: bets $3
Titanic001: calls $3
*** TURN *** [3c Ad Jd] [3d]
patricia7676: bets $6
Titanic001: folds
Uncalled bet ($6) returned to patricia7676
patricia7676 collected $23.52 from pot
patricia7676: doesn't show hand
*** SUMMARY ***
Total pot $24 | Rake $0.48
Board [3c Ad Jd 3d]
Seat 2: patricia7676 (big blind) collected ($23.52)
Seat 5: Titanic001 (button) (small blind) folded on the Turn


PokerStars Hand #170633064274:  Hold'em Limit ($3/$6 USD) - 2017/05/19 13:22:48 ET
Table 'Gallia' 6-max Seat #2 is the button
Seat 2: patricia7676 ($184.68 in chips)
Seat 5: Titanic001 ($143.03 in chips)
patricia7676: posts small blind $1
Titanic001: posts big blind $3
*** HOLE CARDS ***
patricia7676: folds
Uncalled bet ($2) returned to Titanic001
Titanic001 collected $2 from pot
*** SUMMARY ***
Total pot $2 | Rake $0
Seat 2: patricia7676 (button) (small blind) folded before Flop
Seat 5: Titanic001 (big blind) collected ($2)


PokerStars Hand #170633056413:  Hold'em Limit ($3/$6 USD) - 2017/05/19 13:22:38 ET
Table 'Gallia' 6-max Seat #5 is the button
Seat 2: patricia7676 ($190.68 in chips)
Seat 5: Titanic001 ($137.27 in chips)
Titanic001: posts small blind $1
patricia7676: posts big blind $3
*** HOLE CARDS ***
Titanic001: raises $3 to $6
patricia7676: calls $3
*** FLOP *** [Ah 2c 8h]
patricia7676: checks
Titanic001: bets $3
patricia7676: folds
Uncalled bet ($3) returned to Titanic001
Titanic001 collected $11.76 from pot
*** SUMMARY ***
Total pot $12 | Rake $0.24
Board [Ah 2c 8h]
Seat 2: patricia7676 (big blind) folded on the Flop
Seat 5: Titanic001 (button) (small blind) collected ($11.76)


PokerStars Hand #170633052688:  Hold'em Limit ($3/$6 USD) - 2017/05/19 13:22:33 ET
Table 'Gallia' 6-max Seat #2 is the button
Seat 2: patricia7676 ($191.68 in chips)
Seat 5: Titanic001 ($136.27 in chips)
patricia7676: posts small blind $1
Titanic001: posts big blind $3
*** HOLE CARDS ***
patricia7676: folds
Uncalled bet ($2) returned to Titanic001
Titanic001 collected $2 from pot
*** SUMMARY ***
Total pot $2 | Rake $0
Seat 2: patricia7676 (button) (small blind) folded before Flop
Seat 5: Titanic001 (big blind) collected ($2)


PokerStars Hand #170633094388:  Hold'em Limit ($3/$6 USD) - 2017/05/19 13:23:30 ET
Table 'Gallia' 6-max Seat #2 is the button
Seat 2: patricia7676 ($201.96 in chips)
Seat 5: Titanic001 ($125.03 in chips)
patricia7676: posts small blind $1
Titanic001: posts big blind $3
*** HOLE CARDS ***
patricia7676: folds
Uncalled bet ($2) returned to Titanic001
Titanic001 collected $2 from pot
*** SUMMARY ***
Total pot $2 | Rake $0
Seat 2: patricia7676 (button) (small blind) folded before Flop
Seat 5: Titanic001 (big blind) collected ($2)


PokerStars Hand #170633090281:  Hold'em Limit ($3/$6 USD) - 2017/05/19 13:23:24 ET
Table 'Gallia' 6-max Seat #5 is the button
Seat 2: patricia7676 ($200.96 in chips)
Seat 5: Titanic001 ($126.03 in chips)
Titanic001: posts small blind $1
patricia7676: posts big blind $3
*** HOLE CARDS ***
Titanic001: folds
Uncalled bet ($2) returned to patricia7676
patricia7676 collected $2 from pot
patricia7676: doesn't show hand
*** SUMMARY ***
Total pot $2 | Rake $0
Seat 2: patricia7676 (big blind) collected ($2)
Seat 5: Titanic001 (button) (small blind) folded before Flop


PokerStars Hand #170633117623:  Hold'em Limit ($3/$6 USD) - 2017/05/19 13:24:01 ET
Table 'Gallia' 6-max Seat #2 is the button
Seat 2: patricia7676 ($209.60 in chips)
Seat 5: Titanic001 ($117.03 in chips)
patricia7676: posts small blind $1
Titanic001: posts big blind $3
*** HOLE CARDS ***
patricia7676: calls $2
Titanic001: raises $3 to $6
patricia7676: calls $3
*** FLOP *** [Td 7h 3c]
Titanic001: bets $3
patricia7676: calls $3
*** TURN *** [Td 7h 3c] [6c]
Titanic001: bets $6
patricia7676: calls $6
*** RIVER *** [Td 7h 3c 6c] [As]
Titanic001: bets $6
patricia7676: calls $6
*** SHOW DOWN ***
Titanic001: shows [7s 8s] (a pair of Sevens)
patricia7676: shows [7d Qs] (a pair of Sevens - Ace+Queen kicker)
patricia7676 collected $41.50 from pot
*** SUMMARY ***
Total pot $42 | Rake $0.50
Board [Td 7h 3c 6c As]
Seat 2: patricia7676 (button) (small blind) showed [7d Qs] and won ($41.50) with a pair of Sevens
Seat 5: Titanic001 (big blind) showed [7s 8s] and lost with a pair of Sevens


PokerStars Hand #170633105542:  Hold'em Limit ($3/$6 USD) - 2017/05/19 13:23:45 ET
Table 'Gallia' 6-max Seat #5 is the button
Seat 2: patricia7676 ($200.96 in chips)
Seat 5: Titanic001 ($126.03 in chips)
Titanic001: posts small blind $1
patricia7676: posts big blind $3
*** HOLE CARDS ***
Titanic001: raises $3 to $6
patricia7676: calls $3
*** FLOP *** [Jd 6s 5h]
patricia7676: checks
Titanic001: bets $3
patricia7676: calls $3
*** TURN *** [Jd 6s 5h] [4d]
patricia7676: checks
Titanic001: checks
*** RIVER *** [Jd 6s 5h 4d] [6d]
patricia7676: bets $6
Titanic001: folds
Uncalled bet ($6) returned to patricia7676
patricia7676 collected $17.64 from pot
patricia7676: doesn't show hand
*** SUMMARY ***
Total pot $18 | Rake $0.36
Board [Jd 6s 5h 4d 6d]
Seat 2: patricia7676 (big blind) collected ($17.64)
Seat 5: Titanic001 (button) (small blind) folded on the River


PokerStars Hand #170633101940:  Hold'em Limit ($3/$6 USD) - 2017/05/19 13:23:40 ET
Table 'Gallia' 6-max Seat #2 is the button
Seat 2: patricia7676 ($201.96 in chips)
Seat 5: Titanic001 ($125.03 in chips)
patricia7676: posts small blind $1
Titanic001: posts big blind $3
*** HOLE CARDS ***
patricia7676: folds
Uncalled bet ($2) returned to Titanic001
Titanic001 collected $2 from pot
*** SUMMARY ***
Total pot $2 | Rake $0
Seat 2: patricia7676 (button) (small blind) folded before Flop
Seat 5: Titanic001 (big blind) collected ($2)


PokerStars Hand #170633097767:  Hold'em Limit ($3/$6 USD) - 2017/05/19 13:23:34 ET
Table 'Gallia' 6-max Seat #5 is the button
Seat 2: patricia7676 ($200.96 in chips)
Seat 5: Titanic001 ($126.03 in chips)
Titanic001: posts small blind $1
patricia7676: posts big blind $3
*** HOLE CARDS ***
Titanic001: folds
Uncalled bet ($2) returned to patricia7676
patricia7676 collected $2 from pot
patricia7676: doesn't show hand
*** SUMMARY ***
Total pot $2 | Rake $0
Seat 2: patricia7676 (big blind) collected ($2)
Seat 5: Titanic001 (button) (small blind) folded before Flop


PokerStars Hand #170633160386:  Hold'em Limit ($3/$6 USD) - 2017/05/19 13:25:00 ET
Table 'Gallia' 6-max Seat #5 is the button
Seat 2: patricia7676 ($238.62 in chips)
Seat 5: Titanic001 ($86.91 in chips)
Titanic001: posts small blind $1
patricia7676: posts big blind $3
*** HOLE CARDS ***
Titanic001: raises $3 to $6
patricia7676: calls $3
*** FLOP *** [3h Ks 4c]
patricia7676: checks
Titanic001: bets $3
patricia7676 is disconnected
patricia7676 has timed out while disconnected
patricia7676: folds
Uncalled bet ($3) returned to Titanic001
Titanic001 collected $11.76 from pot
*** SUMMARY ***
Total pot $12 | Rake $0.24
Board [3h Ks 4c]
Seat 2: patricia7676 (big blind) folded on the Flop
Seat 5: Titanic001 (button) (small blind) collected ($11.76)


PokerStars Hand #170633152894:  Hold'em Limit ($3/$6 USD) - 2017/05/19 13:24:49 ET
Table 'Gallia' 6-max Seat #2 is the button
Seat 2: patricia7676 ($241.62 in chips)
Seat 5: Titanic001 ($84.03 in chips)
patricia7676: posts small blind $1
Titanic001: posts big blind $3
*** HOLE CARDS ***
patricia7676: calls $2
Titanic001: checks
*** FLOP *** [9d Ac Tc]
Titanic001: bets $3
patricia7676: folds
Uncalled bet ($3) returned to Titanic001
Titanic001 collected $5.88 from pot
*** SUMMARY ***
Total pot $6 | Rake $0.12
Board [9d Ac Tc]
Seat 2: patricia7676 (button) (small blind) folded on the Flop
Seat 5: Titanic001 (big blind) collected ($5.88)


PokerStars Hand #170633130576:  Hold'em Limit ($3/$6 USD) - 2017/05/19 13:24:19 ET
Table 'Gallia' 6-max Seat #5 is the button
Seat 2: patricia7676 ($230.10 in chips)
Seat 5: Titanic001 ($96.03 in chips)
Titanic001: posts small blind $1
patricia7676: posts big blind $3
*** HOLE CARDS ***
Titanic001: raises $3 to $6
patricia7676: calls $3
*** FLOP *** [Qd 3c 4d]
patricia7676: checks
Titanic001: bets $3
patricia7676: raises $3 to $6
Titanic001: calls $3
*** TURN *** [Qd 3c 4d] [8d]
patricia7676 is connected
patricia7676: checks
Titanic001: checks
*** RIVER *** [Qd 3c 4d 8d] [4h]
patricia7676: bets $6
Titanic001: folds
Uncalled bet ($6) returned to patricia7676
patricia7676 collected $23.52 from pot
patricia7676: doesn't show hand
*** SUMMARY ***
Total pot $24 | Rake $0.48
Board [Qd 3c 4d 8d 4h]
Seat 2: patricia7676 (big blind) collected ($23.52)
Seat 5: Titanic001 (button) (small blind) folded on the River


PokerStars Hand #170633208473:  Hold'em Limit ($3/$6 USD) - 2017/05/19 13:26:06 ET
Table 'Gallia' 6-max Seat #5 is the button
Seat 2: patricia7676 ($231.62 in chips)
Seat 5: Titanic001 ($93.67 in chips)
Titanic001: posts small blind $1
patricia7676: posts big blind $3
*** HOLE CARDS ***
Titanic001: folds
Uncalled bet ($2) returned to patricia7676
patricia7676 collected $2 from pot
*** SUMMARY ***
Total pot $2 | Rake $0
Seat 2: patricia7676 (big blind) collected ($2)
Seat 5: Titanic001 (button) (small blind) folded before Flop


PokerStars Hand #170633203901:  Hold'em Limit ($3/$6 USD) - 2017/05/19 13:25:59 ET
Table 'Gallia' 6-max Seat #2 is the button
Seat 2: patricia7676 ($228.62 in chips)
Seat 5: Titanic001 ($96.67 in chips)
patricia7676: posts small blind $1
Titanic001: posts big blind $3
*** HOLE CARDS ***
patricia7676: raises $3 to $6
Titanic001: folds
Uncalled bet ($3) returned to patricia7676
patricia7676 collected $6 from pot
*** SUMMARY ***
Total pot $6 | Rake $0
Seat 2: patricia7676 (button) (small blind) collected ($6)
Seat 5: Titanic001 (big blind) folded before Flop


PokerStars Hand #170633199242:  Hold'em Limit ($3/$6 USD) - 2017/05/19 13:25:53 ET
Table 'Gallia' 6-max Seat #5 is the button
Seat 2: patricia7676 ($231.62 in chips)
Seat 5: Titanic001 ($93.67 in chips)
Titanic001: posts small blind $1
patricia7676: posts big blind $3
*** HOLE CARDS ***
Titanic001: raises $3 to $6
patricia7676: folds
Uncalled bet ($3) returned to Titanic001
Titanic001 collected $6 from pot
*** SUMMARY ***
Total pot $6 | Rake $0
Seat 2: patricia7676 (big blind) folded before Flop
Seat 5: Titanic001 (button) (small blind) collected ($6)


PokerStars Hand #170633195138:  Hold'em Limit ($3/$6 USD) - 2017/05/19 13:25:47 ET
Table 'Gallia' 6-max Seat #2 is the button
Seat 2: patricia7676 ($232.62 in chips)
Seat 5: Titanic001 ($92.67 in chips)
patricia7676: posts small blind $1
Titanic001: posts big blind $3
*** HOLE CARDS ***
patricia7676: folds
Uncalled bet ($2) returned to Titanic001
Titanic001 collected $2 from pot
*** SUMMARY ***
Total pot $2 | Rake $0
Seat 2: patricia7676 (button) (small blind) folded before Flop
Seat 5: Titanic001 (big blind) collected ($2)


PokerStars Hand #170633212458:  Hold'em Limit ($3/$6 USD) - 2017/05/19 13:26:11 ET
Table 'Gallia' 6-max Seat #2 is the button
Seat 2: patricia7676 ($232.62 in chips)
Seat 5: Titanic001 ($92.67 in chips)
patricia7676: posts small blind $1
Titanic001: posts big blind $3
*** HOLE CARDS ***
patricia7676: calls $2
Titanic001: checks
*** FLOP *** [Jd 2s 2c]
Titanic001: checks
patricia7676: checks
*** TURN *** [Jd 2s 2c] [Ts]
Titanic001: checks
patricia7676: bets $6
Titanic001: folds
Uncalled bet ($6) returned to patricia7676
patricia7676 collected $5.88 from pot
*** SUMMARY ***
Total pot $6 | Rake $0.12
Board [Jd 2s 2c Ts]
Seat 2: patricia7676 (button) (small blind) collected ($5.88)
Seat 5: Titanic001 (big blind) folded on the Turn


PokerStars Hand #170633269285:  Hold'em Limit ($3/$6 USD) - 2017/05/19 13:27:29 ET
Table 'Gallia' 6-max Seat #5 is the button
Seat 3: artecris ($328.76 in chips)
Seat 5: Titanic001 ($89.67 in chips)
Titanic001: posts small blind $1
artecris: posts big blind $3
*** HOLE CARDS ***
patricia7676 is disconnected
Titanic001: folds
Uncalled bet ($2) returned to artecris
artecris collected $2 from pot
artecris: doesn't show hand
*** SUMMARY ***
Total pot $2 | Rake $0
Seat 3: artecris (big blind) collected ($2)
Seat 5: Titanic001 (button) (small blind) folded before Flop


PokerStars Hand #170633273475:  Hold'em Limit ($3/$6 USD) - 2017/05/19 13:27:35 ET
Table 'Gallia' 6-max Seat #3 is the button
Seat 3: artecris ($329.76 in chips)
Seat 5: Titanic001 ($88.67 in chips)
artecris: posts small blind $1
Titanic001: posts big blind $3
*** HOLE CARDS ***
artecris: raises $3 to $6
Titanic001: raises $3 to $9
artecris: calls $3
*** FLOP *** [5h Th 4d]
DismasX joins the table at seat #4
Titanic001: bets $3
artecris: calls $3
*** TURN *** [5h Th 4d] [Jh]
Titanic001: bets $6
artecris: raises $6 to $12
Titanic001: raises $6 to $18
artecris: calls $6
*** RIVER *** [5h Th 4d Jh] [8s]
Titanic001: bets $6
artecris: calls $6
*** SHOW DOWN ***
Titanic001: shows [As Ad] (a pair of Aces)
artecris: shows [9h 2h] (a flush, Jack high)
artecris collected $71.50 from pot
*** SUMMARY ***
Total pot $72 | Rake $0.50
Board [5h Th 4d Jh 8s]
Seat 3: artecris (button) (small blind) showed [9h 2h] and won ($71.50) with a flush, Jack high
Seat 5: Titanic001 (big blind) showed [As Ad] and lost with a pair of Aces


PokerStars Hand #170633288743:  Hold'em Limit ($3/$6 USD) - 2017/05/19 13:27:55 ET
Table 'Gallia' 6-max Seat #5 is the button
Seat 3: artecris ($365.26 in chips)
Seat 5: Titanic001 ($52.67 in chips)
Titanic001: posts small blind $1
artecris: posts big blind $3
*** HOLE CARDS ***
Titanic001: folds
Uncalled bet ($2) returned to artecris
artecris collected $2 from pot
artecris: doesn't show hand
*** SUMMARY ***
Total pot $2 | Rake $0
Seat 3: artecris (big blind) collected ($2)
Seat 5: Titanic001 (button) (small blind) folded before Flop


PokerStars Hand #170634634739:  Hold'em Limit ($3/$6 USD) - 2017/05/19 13:59:29 ET
Table 'Gallia' 6-max Seat #3 is the button
Seat 1: Velbor107 ($300.88 in chips)
Seat 3: **Geka**555 ($35 in chips)
**Geka**555: posts small blind $1
Velbor107: posts big blind $3
*** HOLE CARDS ***
**Geka**555: calls $2
Velbor107: raises $3 to $6
**Geka**555: calls $3
*** FLOP *** [Ah 8s 2d]
Velbor107: bets $3
**Geka**555: folds
Uncalled bet ($3) returned to Velbor107
Velbor107 collected $11.76 from pot
*** SUMMARY ***
Total pot $12 | Rake $0.24
Board [Ah 8s 2d]
Seat 1: Velbor107 (big blind) collected ($11.76)
Seat 3: **Geka**555 (button) (small blind) folded on the Flop


PokerStars Hand #170634652573:  Hold'em Limit ($3/$6 USD) - 2017/05/19 13:59:48 ET
Table 'Gallia' 6-max Seat #1 is the button
Seat 1: Velbor107 ($306.64 in chips)
Seat 3: **Geka**555 ($29 in chips)
Velbor107: posts small blind $1
**Geka**555: posts big blind $3
*** HOLE CARDS ***
Velbor107: raises $3 to $6
**Geka**555: raises $3 to $9
Velbor107: calls $3
*** FLOP *** [5h 4s Js]
**Geka**555: bets $3
Velbor107: calls $3
*** TURN *** [5h 4s Js] [Qs]
**Geka**555: bets $6
Velbor107: raises $6 to $12
**Geka**555: raises $5 to $17 and is all-in
Velbor107: calls $5
*** RIVER *** [5h 4s Js Qs] [9s]
*** SHOW DOWN ***
**Geka**555: shows [Kh Qd] (a pair of Queens)
Velbor107: shows [Kd Qh] (a pair of Queens)
**Geka**555 collected $28.75 from pot
Velbor107 collected $28.75 from pot
*** SUMMARY ***
Total pot $58 | Rake $0.50
Board [5h 4s Js Qs 9s]
Seat 1: Velbor107 (button) (small blind) showed [Kd Qh] and won ($28.75) with a pair of Queens
Seat 3: **Geka**555 (big blind) showed [Kh Qd] and won ($28.75) with a pair of Queens


PokerStars Hand #170634708062:  Hold'em Limit ($3/$6 USD) - 2017/05/19 14:01:16 ET
Table 'Gallia' 6-max Seat #1 is the button
Seat 1: Velbor107 ($320.14 in chips)
Seat 3: **Geka**555 ($14.19 in chips)
Velbor107: posts small blind $1
**Geka**555: posts big blind $3
*** HOLE CARDS ***
Velbor107: raises $3 to $6
**Geka**555: raises $3 to $9
Velbor107: calls $3
*** FLOP *** [3h Kd 7s]
**Geka**555: bets $3
Velbor107: calls $3
*** TURN *** [3h Kd 7s] [2s]
**Geka**555: bets $2.19 and is all-in
Velbor107: calls $2.19
*** RIVER *** [3h Kd 7s 2s] [2d]
*** SHOW DOWN ***
**Geka**555: shows [Ah 5d] (a pair of Deuces)
Velbor107: shows [Kc 5s] (two pair, Kings and Deuces)
Velbor107 collected $27.88 from pot
*** SUMMARY ***
Total pot $28.38 | Rake $0.50
Board [3h Kd 7s 2s 2d]
Seat 1: Velbor107 (button) (small blind) showed [Kc 5s] and won ($27.88) with two pair, Kings and Deuces
Seat 3: **Geka**555 (big blind) showed [Ah 5d] and lost with a pair of Deuces


PokerStars Hand #170634704847:  Hold'em Limit ($3/$6 USD) - 2017/05/19 14:01:11 ET
Table 'Gallia' 6-max Seat #3 is the button
Seat 1: Velbor107 ($319.14 in chips)
Seat 3: **Geka**555 ($15.19 in chips)
**Geka**555: posts small blind $1
Velbor107: posts big blind $3
*** HOLE CARDS ***
**Geka**555: folds
Uncalled bet ($2) returned to Velbor107
Velbor107 collected $2 from pot
*** SUMMARY ***
Total pot $2 | Rake $0
Seat 1: Velbor107 (big blind) collected ($2)
Seat 3: **Geka**555 (button) (small blind) folded before Flop


PokerStars Hand #170634695923:  Hold'em Limit ($3/$6 USD) - 2017/05/19 14:00:58 ET
Table 'Gallia' 6-max Seat #1 is the button
Seat 1: Velbor107 ($326.89 in chips)
Seat 3: **Geka**555 ($7.75 in chips)
Velbor107: posts small blind $1
**Geka**555: posts big blind $3
*** HOLE CARDS ***
Velbor107: raises $3 to $6
**Geka**555: raises $1.75 to $7.75 and is all-in
Velbor107: calls $1.75
*** FLOP *** [Jh As 7c]
*** TURN *** [Jh As 7c] [2c]
*** RIVER *** [Jh As 7c 2c] [Ah]
*** SHOW DOWN ***
**Geka**555: shows [7s 3h] (two pair, Aces and Sevens)
Velbor107: shows [Kd 8c] (a pair of Aces)
**Geka**555 collected $15.19 from pot
*** SUMMARY ***
Total pot $15.50 | Rake $0.31
Board [Jh As 7c 2c Ah]
Seat 1: Velbor107 (button) (small blind) showed [Kd 8c] and lost with a pair of Aces
Seat 3: **Geka**555 (big blind) showed [7s 3h] and won ($15.19) with two pair, Aces and Sevens


PokerStars Hand #170634679978:  Hold'em Limit ($3/$6 USD) - 2017/05/19 14:00:33 ET
Table 'Gallia' 6-max Seat #3 is the button
Seat 1: Velbor107 ($306.39 in chips)
Seat 3: **Geka**555 ($28.75 in chips)
**Geka**555: posts small blind $1
Velbor107: posts big blind $3
*** HOLE CARDS ***
**Geka**555: raises $3 to $6
Velbor107: calls $3
*** FLOP *** [Td 9c Jc]
Velbor107: checks
**Geka**555: bets $3
Velbor107: calls $3
*** TURN *** [Td 9c Jc] [Kc]
Velbor107: bets $6
**Geka**555: calls $6
*** RIVER *** [Td 9c Jc Kc] [4s]
Velbor107: bets $6
**Geka**555: calls $6
*** SHOW DOWN ***
Velbor107: shows [5h Qs] (a straight, Nine to King)
**Geka**555: mucks hand
Velbor107 collected $41.50 from pot
*** SUMMARY ***
Total pot $42 | Rake $0.50
Board [Td 9c Jc Kc 4s]
Seat 1: Velbor107 (big blind) showed [5h Qs] and won ($41.50) with a straight, Nine to King
Seat 3: **Geka**555 (button) (small blind) mucked


