PokerStars Hand #155267731919:  Hold'em Limit ($3/$6 USD) - 2016/06/27 13:30:25 ET
Table 'Galt II' 6-max Seat #4 is the button
Seat 4: AzureCaper ($73 in chips)
Seat 6: barranqueiro ($121 in chips)
AzureCaper: posts small blind $1
barranqueiro: posts big blind $3
*** HOLE CARDS ***
AzureCaper: folds
Uncalled bet ($2) returned to barranqueiro
barranqueiro collected $2 from pot
*** SUMMARY ***
Total pot $2 | Rake $0
Seat 4: AzureCaper (button) (small blind) folded before Flop
Seat 6: barranqueiro (big blind) collected ($2)


PokerStars Hand #155267767763:  Hold'em Limit ($3/$6 USD) - 2016/06/27 13:31:25 ET
Table 'Galt II' 6-max Seat #6 is the button
Seat 4: AzureCaper ($85.40 in chips)
Seat 6: barranqueiro ($111 in chips)
barranqueiro: posts small blind $1
AzureCaper: posts big blind $3
*** HOLE CARDS ***
barranqueiro: folds
Uncalled bet ($2) returned to AzureCaper
AzureCaper collected $2 from pot
AzureCaper: doesn't show hand
*** SUMMARY ***
Total pot $2 | Rake $0
Seat 4: AzureCaper (big blind) collected ($2)
Seat 6: barranqueiro (button) (small blind) folded before Flop


PokerStars Hand #155267765178:  Hold'em Limit ($3/$6 USD) - 2016/06/27 13:31:20 ET
Table 'Galt II' 6-max Seat #4 is the button
Seat 4: AzureCaper ($86.40 in chips)
Seat 6: barranqueiro ($110 in chips)
AzureCaper: posts small blind $1
barranqueiro: posts big blind $3
*** HOLE CARDS ***
AzureCaper: folds
Uncalled bet ($2) returned to barranqueiro
barranqueiro collected $2 from pot
barranqueiro: doesn't show hand
*** SUMMARY ***
Total pot $2 | Rake $0
Seat 4: AzureCaper (button) (small blind) folded before Flop
Seat 6: barranqueiro (big blind) collected ($2)


PokerStars Hand #155267748118:  Hold'em Limit ($3/$6 USD) - 2016/06/27 13:30:52 ET
Table 'Galt II' 6-max Seat #6 is the button
Seat 4: AzureCaper ($77.76 in chips)
Seat 6: barranqueiro ($119 in chips)
barranqueiro: posts small blind $1
AzureCaper: posts big blind $3
*** HOLE CARDS ***
barranqueiro: raises $3 to $6
AzureCaper: calls $3
*** FLOP *** [4s 5c 9h]
AzureCaper: checks
barranqueiro: bets $3
AzureCaper: calls $3
*** TURN *** [4s 5c 9h] [6s]
AzureCaper: checks
barranqueiro: checks
*** RIVER *** [4s 5c 9h 6s] [Th]
AzureCaper: checks
barranqueiro: checks
*** SHOW DOWN ***
AzureCaper: shows [Ks Jd] (high card King)
barranqueiro: mucks hand
AzureCaper collected $17.64 from pot
*** SUMMARY ***
Total pot $18 | Rake $0.36
Board [4s 5c 9h 6s Th]
Seat 4: AzureCaper (big blind) showed [Ks Jd] and won ($17.64) with high card King
Seat 6: barranqueiro (button) (small blind) mucked


PokerStars Hand #155267739160:  Hold'em Limit ($3/$6 USD) - 2016/06/27 13:30:37 ET
Table 'Galt II' 6-max Seat #4 is the button
Seat 4: AzureCaper ($72 in chips)
Seat 6: barranqueiro ($125 in chips)
AzureCaper: posts small blind $1
barranqueiro: posts big blind $3
*** HOLE CARDS ***
AzureCaper: raises $3 to $6
barranqueiro: calls $3
*** FLOP *** [7h 4h 2h]
barranqueiro: checks
AzureCaper: bets $3
barranqueiro: folds
Uncalled bet ($3) returned to AzureCaper
AzureCaper collected $11.76 from pot
AzureCaper: doesn't show hand
*** SUMMARY ***
Total pot $12 | Rake $0.24
Board [7h 4h 2h]
Seat 4: AzureCaper (button) (small blind) collected ($11.76)
Seat 6: barranqueiro (big blind) folded on the Flop


PokerStars Hand #155267734544:  Hold'em Limit ($3/$6 USD) - 2016/06/27 13:30:29 ET
Table 'Galt II' 6-max Seat #6 is the button
Seat 4: AzureCaper ($72 in chips)
Seat 6: barranqueiro ($122 in chips)
barranqueiro: posts small blind $1
AzureCaper: posts big blind $3
*** HOLE CARDS ***
barranqueiro: raises $3 to $6
AzureCaper: folds
Uncalled bet ($3) returned to barranqueiro
barranqueiro collected $6 from pot
*** SUMMARY ***
Total pot $6 | Rake $0
Seat 4: AzureCaper (big blind) folded before Flop
Seat 6: barranqueiro (button) (small blind) collected ($6)


PokerStars Hand #155267803123:  Hold'em Limit ($3/$6 USD) - 2016/06/27 13:32:24 ET
Table 'Galt II' 6-max Seat #6 is the button
Seat 4: AzureCaper ($72 in chips)
Seat 6: barranqueiro ($133.15 in chips)
barranqueiro: posts small blind $1
AzureCaper: posts big blind $3
*** HOLE CARDS ***
barranqueiro: folds
Uncalled bet ($2) returned to AzureCaper
AzureCaper collected $2 from pot
AzureCaper: doesn't show hand
*** SUMMARY ***
Total pot $2 | Rake $0
Seat 4: AzureCaper (big blind) collected ($2)
Seat 6: barranqueiro (button) (small blind) folded before Flop


PokerStars Hand #155267799902:  Hold'em Limit ($3/$6 USD) - 2016/06/27 13:32:19 ET
Table 'Galt II' 6-max Seat #4 is the button
Seat 4: AzureCaper ($72 in chips)
Seat 6: barranqueiro ($132.15 in chips)
AzureCaper: posts small blind $1
barranqueiro: posts big blind $3
*** HOLE CARDS ***
AzureCaper: folds
Uncalled bet ($2) returned to barranqueiro
barranqueiro collected $2 from pot
barranqueiro: doesn't show hand
*** SUMMARY ***
Total pot $2 | Rake $0
Seat 4: AzureCaper (button) (small blind) folded before Flop
Seat 6: barranqueiro (big blind) collected ($2)


PokerStars Hand #155267790824:  Hold'em Limit ($3/$6 USD) - 2016/06/27 13:32:04 ET
Table 'Galt II' 6-max Seat #6 is the button
Seat 4: AzureCaper ($72 in chips)
Seat 6: barranqueiro ($126.39 in chips)
barranqueiro: posts small blind $1
AzureCaper: posts big blind $3
*** HOLE CARDS ***
barranqueiro: raises $3 to $6
AzureCaper: calls $3
*** FLOP *** [3h Ac 9h]
AzureCaper: checks
barranqueiro: bets $3
AzureCaper: folds
Uncalled bet ($3) returned to barranqueiro
barranqueiro collected $11.76 from pot
*** SUMMARY ***
Total pot $12 | Rake $0.24
Board [3h Ac 9h]
Seat 4: AzureCaper (big blind) folded on the Flop
Seat 6: barranqueiro (button) (small blind) collected ($11.76)


PokerStars Hand #155267780247:  Hold'em Limit ($3/$6 USD) - 2016/06/27 13:31:46 ET
Table 'Galt II' 6-max Seat #4 is the button
Seat 4: AzureCaper ($79.40 in chips)
Seat 6: barranqueiro ($116.76 in chips)
AzureCaper: posts small blind $1
barranqueiro: posts big blind $3
*** HOLE CARDS ***
AzureCaper: raises $3 to $6
barranqueiro: calls $3
*** FLOP *** [3s 7s As]
barranqueiro: checks
AzureCaper: bets $3
barranqueiro: calls $3
*** TURN *** [3s 7s As] [Ts]
barranqueiro: bets $6
AzureCaper: folds
Uncalled bet ($6) returned to barranqueiro
barranqueiro collected $17.64 from pot
barranqueiro: doesn't show hand
*** SUMMARY ***
Total pot $18 | Rake $0.36
Board [3s 7s As Ts]
Seat 4: AzureCaper (button) (small blind) folded on the Turn
Seat 6: barranqueiro (big blind) collected ($17.64)


PokerStars Hand #155267773722:  Hold'em Limit ($3/$6 USD) - 2016/06/27 13:31:35 ET
Table 'Galt II' 6-max Seat #6 is the button
Seat 4: AzureCaper ($85.40 in chips)
Seat 6: barranqueiro ($111 in chips)
barranqueiro: posts small blind $1
AzureCaper: posts big blind $3
*** HOLE CARDS ***
barranqueiro: raises $3 to $6
AzureCaper: calls $3
*** FLOP *** [8d 3s 6d]
AzureCaper: checks
barranqueiro: bets $3
AzureCaper: folds
Uncalled bet ($3) returned to barranqueiro
barranqueiro collected $11.76 from pot
*** SUMMARY ***
Total pot $12 | Rake $0.24
Board [8d 3s 6d]
Seat 4: AzureCaper (big blind) folded on the Flop
Seat 6: barranqueiro (button) (small blind) collected ($11.76)


PokerStars Hand #155267770798:  Hold'em Limit ($3/$6 USD) - 2016/06/27 13:31:30 ET
Table 'Galt II' 6-max Seat #4 is the button
Seat 4: AzureCaper ($86.40 in chips)
Seat 6: barranqueiro ($110 in chips)
AzureCaper: posts small blind $1
barranqueiro: posts big blind $3
*** HOLE CARDS ***
AzureCaper: folds
Uncalled bet ($2) returned to barranqueiro
barranqueiro collected $2 from pot
*** SUMMARY ***
Total pot $2 | Rake $0
Seat 4: AzureCaper (button) (small blind) folded before Flop
Seat 6: barranqueiro (big blind) collected ($2)


PokerStars Hand #155267806114:  Hold'em Limit ($3/$6 USD) - 2016/06/27 13:32:29 ET
Table 'Galt II' 6-max Seat #4 is the button
Seat 4: AzureCaper ($73 in chips)
Seat 6: barranqueiro ($132.15 in chips)
AzureCaper: posts small blind $1
barranqueiro: posts big blind $3
*** HOLE CARDS ***
AzureCaper: raises $3 to $6
barranqueiro: folds
Uncalled bet ($3) returned to AzureCaper
BrownieSpy joins the table at seat #1
AzureCaper collected $6 from pot
AzureCaper: doesn't show hand
*** SUMMARY ***
Total pot $6 | Rake $0
Seat 4: AzureCaper (button) (small blind) collected ($6)
Seat 6: barranqueiro (big blind) folded before Flop


PokerStars Hand #155267938805:  Hold'em Limit ($3/$6 USD) - 2016/06/27 13:36:16 ET
Table 'Galt II' 6-max Seat #4 is the button
Seat 1: BrownieSpy ($88.64 in chips)
Seat 4: AzureCaper ($100.44 in chips)
AzureCaper: posts small blind $1
BrownieSpy: posts big blind $3
*** HOLE CARDS ***
AzureCaper: raises $3 to $6
BrownieSpy: calls $3
*** FLOP *** [Qh 9c 6s]
BrownieSpy: checks
AzureCaper: checks
*** TURN *** [Qh 9c 6s] [Qc]
BrownieSpy: bets $6
AzureCaper: calls $6
*** RIVER *** [Qh 9c 6s Qc] [2h]
BrownieSpy: bets $6
AzureCaper: calls $6
*** SHOW DOWN ***
BrownieSpy: shows [3s 3c] (two pair, Queens and Threes)
AzureCaper: shows [7s 9h] (two pair, Queens and Nines)
AzureCaper collected $35.50 from pot
*** SUMMARY ***
Total pot $36 | Rake $0.50
Board [Qh 9c 6s Qc 2h]
Seat 1: BrownieSpy (big blind) showed [3s 3c] and lost with two pair, Queens and Threes
Seat 4: AzureCaper (button) (small blind) showed [7s 9h] and won ($35.50) with two pair, Queens and Nines


PokerStars Hand #155269016381:  Hold'em Limit ($3/$6 USD) - 2016/06/27 14:07:37 ET
Table 'Galt II' 6-max Seat #1 is the button
Seat 1: BrownieSpy ($156.69 in chips)
Seat 2: niknazar ($50.24 in chips)
BrownieSpy: posts small blind $1
niknazar: posts big blind $3
*** HOLE CARDS ***
longtall271 joins the table at seat #3
BrownieSpy: folds
Uncalled bet ($2) returned to niknazar
niknazar collected $2 from pot
niknazar: doesn't show hand
*** SUMMARY ***
Total pot $2 | Rake $0
Seat 1: BrownieSpy (button) (small blind) folded before Flop
Seat 2: niknazar (big blind) collected ($2)


PokerStars Hand #155269000033:  Hold'em Limit ($3/$6 USD) - 2016/06/27 14:07:12 ET
Table 'Galt II' 6-max Seat #2 is the button
Seat 1: BrownieSpy ($145.17 in chips)
Seat 2: niknazar ($62.24 in chips)
niknazar: posts small blind $1
Nyalya: is sitting out
AzureCaper: is sitting out
DismasX: is sitting out
BrownieSpy: posts big blind $3
*** HOLE CARDS ***
Nyalya leaves the table
AzureCaper leaves the table
niknazar: calls $2
DismasX leaves the table
BrownieSpy: checks
*** FLOP *** [7d 8h 6h]
BrownieSpy: bets $3
niknazar: calls $3
*** TURN *** [7d 8h 6h] [7s]
BrownieSpy: bets $6
niknazar: calls $6
*** RIVER *** [7d 8h 6h 7s] [3d]
BrownieSpy: bets $6
niknazar: folds
Uncalled bet ($6) returned to BrownieSpy
BrownieSpy collected $23.52 from pot
BrownieSpy: doesn't show hand
*** SUMMARY ***
Total pot $24 | Rake $0.48
Board [7d 8h 6h 7s 3d]
Seat 1: BrownieSpy (big blind) collected ($23.52)
Seat 2: niknazar (button) (small blind) folded on the River


