PokerStars Hand #176740862378:  Hold'em Limit ($3/$6 USD) - 2017/10/10 12:50:12 ET
Table 'Galt II' 10-max Seat #2 is the button
Seat 1: Ag3r0n ($72 in chips)
Seat 2: Muhamed999 ($31 in chips)
Muhamed999: posts small blind $1
Ag3r0n: posts big blind $3
*** HOLE CARDS ***
Muhamed999: raises $3 to $6
Ag3r0n: folds
Uncalled bet ($3) returned to Muhamed999
MacherR joins the table at seat #3
Muhamed999 collected $6 from pot
Muhamed999: doesn't show hand
*** SUMMARY ***
Total pot $6 | Rake $0
Seat 1: Ag3r0n (big blind) folded before Flop
Seat 2: Muhamed999 (button) (small blind) collected ($6)


PokerStars Hand #176740859177:  Hold'em Limit ($3/$6 USD) - 2017/10/10 12:50:07 ET
Table 'Galt II' 10-max Seat #1 is the button
Seat 1: Ag3r0n ($73 in chips)
Seat 2: Muhamed999 ($30 in chips)
Ag3r0n: posts small blind $1
Muhamed999: posts big blind $3
*** HOLE CARDS ***
Ag3r0n: folds
Uncalled bet ($2) returned to Muhamed999
Muhamed999 collected $2 from pot
Muhamed999: doesn't show hand
*** SUMMARY ***
Total pot $2 | Rake $0
Seat 1: Ag3r0n (button) (small blind) folded before Flop
Seat 2: Muhamed999 (big blind) collected ($2)


PokerStars Hand #176740855980:  Hold'em Limit ($3/$6 USD) - 2017/10/10 12:50:03 ET
Table 'Galt II' 10-max Seat #2 is the button
Seat 1: Ag3r0n ($72 in chips)
Seat 2: Muhamed999 ($31 in chips)
Muhamed999: posts small blind $1
Ag3r0n: posts big blind $3
*** HOLE CARDS ***
Muhamed999: folds
Uncalled bet ($2) returned to Ag3r0n
Ag3r0n collected $2 from pot
Ag3r0n: doesn't show hand
*** SUMMARY ***
Total pot $2 | Rake $0
Seat 1: Ag3r0n (big blind) collected ($2)
Seat 2: Muhamed999 (button) (small blind) folded before Flop


PokerStars Hand #176740852700:  Hold'em Limit ($3/$6 USD) - 2017/10/10 12:49:58 ET
Table 'Galt II' 10-max Seat #1 is the button
Seat 1: Ag3r0n ($73 in chips)
Seat 2: Muhamed999 ($30 in chips)
Ag3r0n: posts small blind $1
Muhamed999: posts big blind $3
*** HOLE CARDS ***
Ag3r0n: folds
Uncalled bet ($2) returned to Muhamed999
Muhamed999 collected $2 from pot
Muhamed999: doesn't show hand
*** SUMMARY ***
Total pot $2 | Rake $0
Seat 1: Ag3r0n (button) (small blind) folded before Flop
Seat 2: Muhamed999 (big blind) collected ($2)


PokerStars Hand #176740849288:  Hold'em Limit ($3/$6 USD) - 2017/10/10 12:49:53 ET
Table 'Galt II' 10-max Seat #2 is the button
Seat 1: Ag3r0n ($72 in chips)
Seat 2: Muhamed999 ($31 in chips)
Muhamed999: posts small blind $1
Ag3r0n: posts big blind $3
*** HOLE CARDS ***
Muhamed999: folds
Uncalled bet ($2) returned to Ag3r0n
Ag3r0n collected $2 from pot
Ag3r0n: doesn't show hand
*** SUMMARY ***
Total pot $2 | Rake $0
Seat 1: Ag3r0n (big blind) collected ($2)
Seat 2: Muhamed999 (button) (small blind) folded before Flop


PokerStars Hand #176740843231:  Hold'em Limit ($3/$6 USD) - 2017/10/10 12:49:44 ET
Table 'Galt II' 10-max Seat #1 is the button
Seat 1: Ag3r0n ($72 in chips)
Seat 2: Muhamed999 ($30 in chips)
Ag3r0n: posts small blind $1
Muhamed999: posts big blind $3
*** HOLE CARDS ***
Ag3r0n: folds
Uncalled bet ($2) returned to Muhamed999
Muhamed999 collected $2 from pot
Muhamed999: doesn't show hand
*** SUMMARY ***
Total pot $2 | Rake $0
Seat 1: Ag3r0n (button) (small blind) folded before Flop
Seat 2: Muhamed999 (big blind) collected ($2)


PokerStars Hand #176740866551:  Hold'em Limit ($3/$6 USD) - 2017/10/10 12:50:18 ET
Table 'Galt II' 10-max Seat #1 is the button
Seat 1: Ag3r0n ($72 in chips)
Seat 2: Muhamed999 ($34 in chips)
Ag3r0n: posts small blind $1
Muhamed999: posts big blind $3
*** HOLE CARDS ***
Ag3r0n: raises $3 to $6
Muhamed999: calls $3
*** FLOP *** [3c As Qd]
Muhamed999: checks
Ag3r0n: bets $3
Muhamed999: calls $3
*** TURN *** [3c As Qd] [Qs]
Muhamed999: checks
Ag3r0n: bets $6
Muhamed999: calls $6
*** RIVER *** [3c As Qd Qs] [9c]
Muhamed999: checks
Ag3r0n: checks
*** SHOW DOWN ***
Muhamed999: shows [8s 7s] (a pair of Queens)
Ag3r0n: shows [Kd Ah] (two pair, Aces and Queens)
Ag3r0n collected $29.50 from pot
*** SUMMARY ***
Total pot $30 | Rake $0.50
Board [3c As Qd Qs 9c]
Seat 1: Ag3r0n (button) (small blind) showed [Kd Ah] and won ($29.50) with two pair, Aces and Queens
Seat 2: Muhamed999 (big blind) showed [8s 7s] and lost with a pair of Queens


PokerStars Hand #176742443667:  Hold'em Limit ($3/$6 USD) - 2017/10/10 13:27:59 ET
Table 'Galt II' 10-max Seat #1 is the button
Seat 1: Ag3r0n ($72 in chips)
Seat 4: hitzkopf ($197.58 in chips)
Ag3r0n: posts small blind $1
hitzkopf: posts big blind $3
*** HOLE CARDS ***
Ag3r0n: raises $3 to $6
hitzkopf: calls $3
*** FLOP *** [8d 7d 7s]
hitzkopf: checks
Ag3r0n: checks
*** TURN *** [8d 7d 7s] [4s]
hitzkopf: checks
Ag3r0n: bets $6
hitzkopf: folds
Uncalled bet ($6) returned to Ag3r0n
Ag3r0n collected $11.76 from pot
Ag3r0n: doesn't show hand
*** SUMMARY ***
Total pot $12 | Rake $0.24
Board [8d 7d 7s 4s]
Seat 1: Ag3r0n (button) (small blind) collected ($11.76)
Seat 4: hitzkopf (big blind) folded on the Turn


PokerStars Hand #176742411094:  Hold'em Limit ($3/$6 USD) - 2017/10/10 13:27:14 ET
Table 'Galt II' 10-max Seat #4 is the button
Seat 1: Ag3r0n ($72 in chips)
Seat 4: hitzkopf ($176.42 in chips)
hitzkopf: posts small blind $1
Ale4o: is sitting out
Ag3r0n: posts big blind $3
*** HOLE CARDS ***
hitzkopf: calls $2
Ag3r0n: raises $3 to $6
hitzkopf: calls $3
*** FLOP *** [7s 8h 5h]
Ag3r0n: checks
hitzkopf: bets $3
Ag3r0n: calls $3
*** TURN *** [7s 8h 5h] [Qh]
Ag3r0n: checks
hitzkopf: bets $6
Ag3r0n: folds
Uncalled bet ($6) returned to hitzkopf
hitzkopf collected $17.64 from pot
*** SUMMARY ***
Total pot $18 | Rake $0.36
Board [7s 8h 5h Qh]
Seat 1: Ag3r0n (big blind) folded on the Turn
Seat 4: hitzkopf (button) (small blind) collected ($17.64)


PokerStars Hand #176742427446:  Hold'em Limit ($3/$6 USD) - 2017/10/10 13:27:37 ET
Table 'Galt II' 10-max Seat #1 is the button
Seat 1: Ag3r0n ($72 in chips)
Seat 4: hitzkopf ($185.06 in chips)
Ag3r0n: posts small blind $1
hitzkopf: posts big blind $3
*** HOLE CARDS ***
Ag3r0n: folds
Uncalled bet ($2) returned to hitzkopf
hitzkopf collected $2 from pot
*** SUMMARY ***
Total pot $2 | Rake $0
Seat 1: Ag3r0n (button) (small blind) folded before Flop
Seat 4: hitzkopf (big blind) collected ($2)


PokerStars Hand #176742431142:  Hold'em Limit ($3/$6 USD) - 2017/10/10 13:27:42 ET
Table 'Galt II' 10-max Seat #4 is the button
Seat 1: Ag3r0n ($72 in chips)
Seat 4: hitzkopf ($186.06 in chips)
hitzkopf: posts small blind $1
Ag3r0n: posts big blind $3
*** HOLE CARDS ***
hitzkopf: raises $3 to $6
Ag3r0n: calls $3
*** FLOP *** [Th 4h Ah]
Ag3r0n: checks
hitzkopf: checks
*** TURN *** [Th 4h Ah] [7d]
Ag3r0n: checks
hitzkopf: checks
*** RIVER *** [Th 4h Ah 7d] [2h]
Ag3r0n: bets $6
hitzkopf: calls $6
*** SHOW DOWN ***
Ag3r0n: shows [3c 6c] (high card Ace)
hitzkopf: shows [Qd 9h] (a flush, Ace high)
hitzkopf collected $23.52 from pot
*** SUMMARY ***
Total pot $24 | Rake $0.48
Board [Th 4h Ah 7d 2h]
Seat 1: Ag3r0n (big blind) showed [3c 6c] and lost with high card Ace
Seat 4: hitzkopf (button) (small blind) showed [Qd 9h] and won ($23.52) with a flush, Ace high


PokerStars Hand #176748953153:  Hold'em Limit ($3/$6 USD) - 2017/10/10 15:47:55 ET
Table 'Galt II' 10-max Seat #5 is the button
Seat 4: hitzkopf ($263 in chips)
Seat 5: Ag3r0n ($136.19 in chips)
Ag3r0n: posts small blind $1
Ale4o: is sitting out
hitzkopf: posts big blind $3
*** HOLE CARDS ***
Ag3r0n: raises $3 to $6
hitzkopf: calls $3
*** FLOP *** [7s 7d 2h]
hitzkopf: checks
Ag3r0n: bets $3
hitzkopf: raises $3 to $6
Ag3r0n: calls $3
*** TURN *** [7s 7d 2h] [4d]
hitzkopf: bets $6
Ag3r0n: folds
Uncalled bet ($6) returned to hitzkopf
hitzkopf collected $23.52 from pot
*** SUMMARY ***
Total pot $24 | Rake $0.48
Board [7s 7d 2h 4d]
Seat 4: hitzkopf (big blind) collected ($23.52)
Seat 5: Ag3r0n (button) (small blind) folded on the Turn


PokerStars Hand #176748997482:  Hold'em Limit ($3/$6 USD) - 2017/10/10 15:48:48 ET
Table 'Galt II' 10-max Seat #4 is the button
Seat 4: hitzkopf ($285.04 in chips)
Seat 5: Ag3r0n ($113.19 in chips)
hitzkopf: posts small blind $1
Ag3r0n: posts big blind $3
*** HOLE CARDS ***
hitzkopf: raises $3 to $6
Ag3r0n: raises $3 to $9
hitzkopf: raises $3 to $12
Betting is capped
Ag3r0n: calls $3
*** FLOP *** [6s 5s Kh]
Ag3r0n: checks
hitzkopf: bets $3
Ag3r0n: raises $3 to $6
hitzkopf: raises $3 to $9
Ag3r0n: calls $3
*** TURN *** [6s 5s Kh] [Ad]
Ag3r0n: checks
hitzkopf: bets $6
Ag3r0n: folds
Uncalled bet ($6) returned to hitzkopf
hitzkopf collected $41.50 from pot
*** SUMMARY ***
Total pot $42 | Rake $0.50
Board [6s 5s Kh Ad]
Seat 4: hitzkopf (button) (small blind) collected ($41.50)
Seat 5: Ag3r0n (big blind) folded on the Turn


PokerStars Hand #176748984495:  Hold'em Limit ($3/$6 USD) - 2017/10/10 15:48:33 ET
Table 'Galt II' 10-max Seat #5 is the button
Seat 4: hitzkopf ($273.52 in chips)
Seat 5: Ag3r0n ($125.19 in chips)
Ag3r0n: posts small blind $1
hitzkopf: posts big blind $3
*** HOLE CARDS ***
Ag3r0n: raises $3 to $6
hitzkopf: raises $3 to $9
Ag3r0n: calls $3
*** FLOP *** [5s Kd 3c]
hitzkopf: bets $3
Ag3r0n: calls $3
*** TURN *** [5s Kd 3c] [Qs]
hitzkopf: bets $6
Ag3r0n: folds
Uncalled bet ($6) returned to hitzkopf
hitzkopf collected $23.52 from pot
*** SUMMARY ***
Total pot $24 | Rake $0.48
Board [5s Kd 3c Qs]
Seat 4: hitzkopf (big blind) collected ($23.52)
Seat 5: Ag3r0n (button) (small blind) folded on the Turn


PokerStars Hand #176748972829:  Hold'em Limit ($3/$6 USD) - 2017/10/10 15:48:19 ET
Table 'Galt II' 10-max Seat #4 is the button
Seat 4: hitzkopf ($274.52 in chips)
Seat 5: Ag3r0n ($124.19 in chips)
hitzkopf: posts small blind $1
Ag3r0n: posts big blind $3
*** HOLE CARDS ***
hitzkopf: folds
Uncalled bet ($2) returned to Ag3r0n
Ag3r0n collected $2 from pot
Ag3r0n: doesn't show hand
*** SUMMARY ***
Total pot $2 | Rake $0
Seat 4: hitzkopf (button) (small blind) folded before Flop
Seat 5: Ag3r0n (big blind) collected ($2)


PokerStars Hand #176749761230:  Hold'em Limit ($3/$6 USD) - 2017/10/10 16:05:14 ET
Table 'Galt II' 10-max Seat #7 is the button
Seat 5: Ag3r0n ($95.40 in chips)
Seat 7: Ale4o ($131.21 in chips)
Ale4o: posts small blind $1
Ag3r0n: posts big blind $3
*** HOLE CARDS ***
Ale4o: raises $3 to $6
Ag3r0n: calls $3
*** FLOP *** [9c 4h Jh]
Ag3r0n: checks
Ale4o: bets $3
Ag3r0n: folds
Uncalled bet ($3) returned to Ale4o
Ale4o collected $11.76 from pot
*** SUMMARY ***
Total pot $12 | Rake $0.24
Board [9c 4h Jh]
Seat 5: Ag3r0n (big blind) folded on the Flop
Seat 7: Ale4o (button) (small blind) collected ($11.76)


