PokerStars Hand #152851857233:  Hold'em Limit ($3/$6 USD) - 2016/05/04 14:54:04 ET
Table 'Galt II' 10-max Seat #10 is the button
Seat 1: SmellyToes4u ($56 in chips)
Seat 10: shushlo ($78.76 in chips)
shushlo: posts small blind $1
SmellyToes4u: posts big blind $3
*** HOLE CARDS ***
shushlo: raises $3 to $6
SmellyToes4u: calls $3
*** FLOP *** [3d 7s 3c]
SmellyToes4u: checks
shushlo: bets $3
SmellyToes4u: calls $3
*** TURN *** [3d 7s 3c] [Jh]
SmellyToes4u: checks
shushlo: bets $6
SmellyToes4u: calls $6
*** RIVER *** [3d 7s 3c Jh] [Ad]
SmellyToes4u: checks
shushlo: checks
*** SHOW DOWN ***
SmellyToes4u: shows [Ac 2h] (two pair, Aces and Threes)
shushlo: mucks hand
SmellyToes4u collected $29.50 from pot
*** SUMMARY ***
Total pot $30 | Rake $0.50
Board [3d 7s 3c Jh Ad]
Seat 1: SmellyToes4u (big blind) showed [Ac 2h] and won ($29.50) with two pair, Aces and Threes
Seat 10: shushlo (button) (small blind) mucked


PokerStars Hand #152851897762:  Hold'em Limit ($3/$6 USD) - 2016/05/04 14:54:56 ET
Table 'Galt II' 10-max Seat #1 is the button
Seat 1: SmellyToes4u ($66.50 in chips)
Seat 10: shushlo ($76 in chips)
SmellyToes4u: posts small blind $1
shushlo: posts big blind $3
*** HOLE CARDS ***
SmellyToes4u: raises $3 to $6
shushlo: folds
Uncalled bet ($3) returned to SmellyToes4u
SmellyToes4u collected $6 from pot
SmellyToes4u: doesn't show hand
*** SUMMARY ***
Total pot $6 | Rake $0
Seat 1: SmellyToes4u (button) (small blind) collected ($6)
Seat 10: shushlo (big blind) folded before Flop


PokerStars Hand #152851891057:  Hold'em Limit ($3/$6 USD) - 2016/05/04 14:54:47 ET
Table 'Galt II' 10-max Seat #10 is the button
Seat 1: SmellyToes4u ($69.50 in chips)
Seat 10: shushlo ($73 in chips)
shushlo: posts small blind $1
SmellyToes4u: posts big blind $3
*** HOLE CARDS ***
shushlo: raises $3 to $6
SmellyToes4u: folds
Uncalled bet ($3) returned to shushlo
shushlo collected $6 from pot
shushlo: doesn't show hand
*** SUMMARY ***
Total pot $6 | Rake $0
Seat 1: SmellyToes4u (big blind) folded before Flop
Seat 10: shushlo (button) (small blind) collected ($6)


PokerStars Hand #152851884895:  Hold'em Limit ($3/$6 USD) - 2016/05/04 14:54:39 ET
Table 'Galt II' 10-max Seat #1 is the button
Seat 1: SmellyToes4u ($70.50 in chips)
Seat 10: shushlo ($72 in chips)
SmellyToes4u: posts small blind $1
shushlo: posts big blind $3
*** HOLE CARDS ***
SmellyToes4u: folds
Uncalled bet ($2) returned to shushlo
shushlo collected $2 from pot
shushlo: doesn't show hand
*** SUMMARY ***
Total pot $2 | Rake $0
Seat 1: SmellyToes4u (button) (small blind) folded before Flop
Seat 10: shushlo (big blind) collected ($2)


PokerStars Hand #152851939439:  Hold'em Limit ($3/$6 USD) - 2016/05/04 14:56:00 ET
Table 'Galt II' 10-max Seat #1 is the button
Seat 1: SmellyToes4u ($102 in chips)
Seat 10: shushlo ($72 in chips)
SmellyToes4u: posts small blind $1
shushlo: posts big blind $3
*** HOLE CARDS ***
SmellyToes4u: folds
Uncalled bet ($2) returned to shushlo
shushlo collected $2 from pot
shushlo: doesn't show hand
*** SUMMARY ***
Total pot $2 | Rake $0
Seat 1: SmellyToes4u (button) (small blind) folded before Flop
Seat 10: shushlo (big blind) collected ($2)


PokerStars Hand #152851908305:  Hold'em Limit ($3/$6 USD) - 2016/05/04 14:55:10 ET
Table 'Galt II' 10-max Seat #10 is the button
Seat 1: SmellyToes4u ($69.50 in chips)
Seat 10: shushlo ($73 in chips)
shushlo: posts small blind $1
SmellyToes4u: posts big blind $3
*** HOLE CARDS ***
shushlo: raises $3 to $6
SmellyToes4u: calls $3
*** FLOP *** [9h 9s 2c]
SmellyToes4u: checks
shushlo: bets $3
SmellyToes4u: calls $3
*** TURN *** [9h 9s 2c] [3d]
SmellyToes4u: checks
shushlo: bets $6
SmellyToes4u: raises $6 to $12
shushlo: raises $6 to $18
SmellyToes4u: calls $6
*** RIVER *** [9h 9s 2c 3d] [Jc]
SmellyToes4u: checks
shushlo: bets $6
SmellyToes4u: calls $6
*** SHOW DOWN ***
shushlo: shows [6d 4d] (a pair of Nines)
SmellyToes4u: shows [3h Ad] (two pair, Nines and Threes)
SmellyToes4u collected $65.50 from pot
*** SUMMARY ***
Total pot $66 | Rake $0.50
Board [9h 9s 2c 3d Jc]
Seat 1: SmellyToes4u (big blind) showed [3h Ad] and won ($65.50) with two pair, Nines and Threes
Seat 10: shushlo (button) (small blind) showed [6d 4d] and lost with a pair of Nines


PokerStars Hand #152851943950:  Hold'em Limit ($3/$6 USD) - 2016/05/04 14:56:08 ET
Table 'Galt II' 10-max Seat #10 is the button
Seat 1: SmellyToes4u ($101 in chips)
Seat 10: shushlo ($73 in chips)
shushlo: posts small blind $1
SmellyToes4u: posts big blind $3
*** HOLE CARDS ***
shushlo: raises $3 to $6
SmellyToes4u: calls $3
*** FLOP *** [Ac Ah 5s]
SmellyToes4u: checks
shushlo: bets $3
SmellyToes4u: calls $3
*** TURN *** [Ac Ah 5s] [Kc]
SmellyToes4u: checks
shushlo: bets $6
SmellyToes4u: calls $6
*** RIVER *** [Ac Ah 5s Kc] [Qs]
SmellyToes4u: checks
shushlo: bets $6
SmellyToes4u: calls $6
*** SHOW DOWN ***
shushlo: shows [Qd 2c] (two pair, Aces and Queens)
SmellyToes4u: mucks hand
shushlo collected $41.50 from pot
*** SUMMARY ***
Total pot $42 | Rake $0.50
Board [Ac Ah 5s Kc Qs]
Seat 1: SmellyToes4u (big blind) mucked
Seat 10: shushlo (button) (small blind) showed [Qd 2c] and won ($41.50) with two pair, Aces and Queens


PokerStars Hand #152851975468:  Hold'em Limit ($3/$6 USD) - 2016/05/04 14:57:02 ET
Table 'Galt II' 10-max Seat #1 is the button
Seat 1: SmellyToes4u ($80 in chips)
Seat 10: shushlo ($93.50 in chips)
SmellyToes4u: posts small blind $1
shushlo: posts big blind $3
*** HOLE CARDS ***
SmellyToes4u: raises $3 to $6
shushlo: calls $3
*** FLOP *** [Qd 8s 4c]
shushlo: checks
SmellyToes4u: bets $3
shushlo: calls $3
*** TURN *** [Qd 8s 4c] [3s]
shushlo: checks
SmellyToes4u: bets $6
shushlo: calls $6
*** RIVER *** [Qd 8s 4c 3s] [9d]
shushlo: checks
SmellyToes4u: bets $6
shushlo: calls $6
*** SHOW DOWN ***
SmellyToes4u: shows [Th 9c] (a pair of Nines)
shushlo: mucks hand
SmellyToes4u collected $41.50 from pot
*** SUMMARY ***
Total pot $42 | Rake $0.50
Board [Qd 8s 4c 3s 9d]
Seat 1: SmellyToes4u (button) (small blind) showed [Th 9c] and won ($41.50) with a pair of Nines
Seat 10: shushlo (big blind) mucked


