PokerStars Hand #145189406206:  Hold'em Limit ($3/$6 USD) - 2015/12/11 15:17:16 ET
Table 'Galt II' 6-max Seat #6 is the button
Seat 3: bugsbubble ($145.11 in chips)
Seat 6: AzureCaper ($72 in chips)
AzureCaper: posts small blind $1
PelonCabelao: is sitting out
SashaYuvelir: is sitting out
bugsbubble: posts big blind $3
*** HOLE CARDS ***
SashaYuvelir leaves the table
AzureCaper: folds
Uncalled bet ($2) returned to bugsbubble
PelonCabelao leaves the table
bugsbubble collected $2 from pot
bugsbubble: doesn't show hand
*** SUMMARY ***
Total pot $2 | Rake $0
Seat 3: bugsbubble (big blind) collected ($2)
Seat 6: AzureCaper (button) (small blind) folded before Flop


PokerStars Hand #145190333167:  Hold'em Limit ($3/$6 USD) - 2015/12/11 15:33:53 ET
Table 'Galt II' 6-max Seat #1 is the button
Seat 1: PelonCabelao ($72 in chips)
Seat 4: Karpik09 ($83 in chips)
PelonCabelao: posts small blind $1
Karpik09: posts big blind $3
*** HOLE CARDS ***
andrey0709 joins the table at seat #6
PelonCabelao: raises $3 to $6
Truder1304 joins the table at seat #2
Karpik09: calls $3
*** FLOP *** [9s 2h 6s]
runeselnes10 leaves the table
SashaYuvelir joins the table at seat #3
Karpik09: checks
PelonCabelao: bets $3
Karpik09: calls $3
*** TURN *** [9s 2h 6s] [Ks]
Karpik09: checks
PelonCabelao: bets $6
Karpik09: folds
Uncalled bet ($6) returned to PelonCabelao
PelonCabelao collected $17.64 from pot
PelonCabelao: doesn't show hand
*** SUMMARY ***
Total pot $18 | Rake $0.36
Board [9s 2h 6s Ks]
Seat 1: PelonCabelao (button) (small blind) collected ($17.64)
Seat 4: Karpik09 (big blind) folded on the Turn


PokerStars Hand #145190625620:  Hold'em Limit ($3/$6 USD) - 2015/12/11 15:39:07 ET
Table 'Galt II' 6-max Seat #6 is the button
Seat 1: PelonCabelao ($87.50 in chips)
Seat 6: andrey0709 ($132.38 in chips)
andrey0709: posts small blind $1
PelonCabelao: posts big blind $3
*** HOLE CARDS ***
andrey0709: folds
Uncalled bet ($2) returned to PelonCabelao
PelonCabelao collected $2 from pot
PelonCabelao: doesn't show hand
*** SUMMARY ***
Total pot $2 | Rake $0
Seat 1: PelonCabelao (big blind) collected ($2)
Seat 6: andrey0709 (button) (small blind) folded before Flop


PokerStars Hand #145190597883:  Hold'em Limit ($3/$6 USD) - 2015/12/11 15:38:37 ET
Table 'Galt II' 6-max Seat #1 is the button
Seat 1: PelonCabelao ($73 in chips)
Seat 6: andrey0709 ($147.38 in chips)
PelonCabelao: posts small blind $1
SashaYuvelir: is sitting out
andrey0709: posts big blind $3
*** HOLE CARDS ***
PelonCabelao: raises $3 to $6
andrey0709: calls $3
*** FLOP *** [Qd 2s 6d]
andrey0709: checks
PelonCabelao: bets $3
andrey0709: calls $3
*** TURN *** [Qd 2s 6d] [4c]
andrey0709: checks
PelonCabelao: bets $6
andrey0709: calls $6
*** RIVER *** [Qd 2s 6d 4c] [6s]
andrey0709: checks
PelonCabelao: checks
*** SHOW DOWN ***
andrey0709: shows [3h Ad] (a pair of Sixes)
PelonCabelao: shows [9h Ah] (a pair of Sixes - Ace+Queen+Nine kicker)
PelonCabelao collected $29.50 from pot
*** SUMMARY ***
Total pot $30 | Rake $0.50
Board [Qd 2s 6d 4c 6s]
Seat 1: PelonCabelao (button) (small blind) showed [9h Ah] and won ($29.50) with a pair of Sixes
Seat 6: andrey0709 (big blind) showed [3h Ad] and lost with a pair of Sixes


PokerStars Hand #145190696890:  Hold'em Limit ($3/$6 USD) - 2015/12/11 15:40:24 ET
Table 'Galt II' 6-max Seat #6 is the button
Seat 1: PelonCabelao ($121 in chips)
Seat 6: andrey0709 ($98.38 in chips)
andrey0709: posts small blind $1
PelonCabelao: posts big blind $3
*** HOLE CARDS ***
andrey0709: folds
Uncalled bet ($2) returned to PelonCabelao
PelonCabelao collected $2 from pot
PelonCabelao: doesn't show hand
*** SUMMARY ***
Total pot $2 | Rake $0
Seat 1: PelonCabelao (big blind) collected ($2)
Seat 6: andrey0709 (button) (small blind) folded before Flop


PokerStars Hand #145190683048:  Hold'em Limit ($3/$6 USD) - 2015/12/11 15:40:09 ET
Table 'Galt II' 6-max Seat #1 is the button
Seat 1: PelonCabelao ($118 in chips)
Seat 6: andrey0709 ($101.38 in chips)
PelonCabelao: posts small blind $1
andrey0709: posts big blind $3
*** HOLE CARDS ***
PelonCabelao: raises $3 to $6
andrey0709: folds
Uncalled bet ($3) returned to PelonCabelao
PelonCabelao collected $6 from pot
PelonCabelao: doesn't show hand
*** SUMMARY ***
Total pot $6 | Rake $0
Seat 1: PelonCabelao (button) (small blind) collected ($6)
Seat 6: andrey0709 (big blind) folded before Flop


PokerStars Hand #145190678497:  Hold'em Limit ($3/$6 USD) - 2015/12/11 15:40:04 ET
Table 'Galt II' 6-max Seat #6 is the button
Seat 1: PelonCabelao ($117 in chips)
Seat 6: andrey0709 ($102.38 in chips)
andrey0709: posts small blind $1
PelonCabelao: posts big blind $3
*** HOLE CARDS ***
andrey0709: folds
Uncalled bet ($2) returned to PelonCabelao
PelonCabelao collected $2 from pot
*** SUMMARY ***
Total pot $2 | Rake $0
Seat 1: PelonCabelao (big blind) collected ($2)
Seat 6: andrey0709 (button) (small blind) folded before Flop


PokerStars Hand #145190630064:  Hold'em Limit ($3/$6 USD) - 2015/12/11 15:39:12 ET
Table 'Galt II' 6-max Seat #1 is the button
Seat 1: PelonCabelao ($88.50 in chips)
Seat 6: andrey0709 ($131.38 in chips)
PelonCabelao: posts small blind $1
andrey0709: posts big blind $3
*** HOLE CARDS ***
PelonCabelao: raises $3 to $6
andrey0709: raises $3 to $9
PelonCabelao: raises $3 to $12
Betting is capped
andrey0709: calls $3
*** FLOP *** [Ah 2s Ts]
andrey0709: bets $3
PelonCabelao: calls $3
*** TURN *** [Ah 2s Ts] [As]
andrey0709: bets $6
PelonCabelao: raises $6 to $12
andrey0709: calls $6
*** RIVER *** [Ah 2s Ts As] [2c]
andrey0709: checks
PelonCabelao: bets $6
andrey0709: calls $6
*** SHOW DOWN ***
PelonCabelao: shows [Jh Ac] (a full house, Aces full of Deuces)
andrey0709: mucks hand
PelonCabelao collected $65.50 from pot
*** SUMMARY ***
Total pot $66 | Rake $0.50
Board [Ah 2s Ts As 2c]
Seat 1: PelonCabelao (button) (small blind) showed [Jh Ac] and won ($65.50) with a full house, Aces full of Deuces
Seat 6: andrey0709 (big blind) mucked


PokerStars Hand #145190673660:  Hold'em Limit ($3/$6 USD) - 2015/12/11 15:39:59 ET
Table 'Galt II' 6-max Seat #1 is the button
Seat 1: PelonCabelao ($118 in chips)
Seat 6: andrey0709 ($101.38 in chips)
PelonCabelao: posts small blind $1
andrey0709: posts big blind $3
*** HOLE CARDS ***
PelonCabelao: folds
Uncalled bet ($2) returned to andrey0709
andrey0709 collected $2 from pot
andrey0709: doesn't show hand
*** SUMMARY ***
Total pot $2 | Rake $0
Seat 1: PelonCabelao (button) (small blind) folded before Flop
Seat 6: andrey0709 (big blind) collected ($2)


PokerStars Hand #145190667645:  Hold'em Limit ($3/$6 USD) - 2015/12/11 15:39:52 ET
Table 'Galt II' 6-max Seat #6 is the button
Seat 1: PelonCabelao ($117 in chips)
Seat 6: andrey0709 ($102.38 in chips)
andrey0709: posts small blind $1
PelonCabelao: posts big blind $3
*** HOLE CARDS ***
andrey0709: folds
Uncalled bet ($2) returned to PelonCabelao
PelonCabelao collected $2 from pot
PelonCabelao: doesn't show hand
*** SUMMARY ***
Total pot $2 | Rake $0
Seat 1: PelonCabelao (big blind) collected ($2)
Seat 6: andrey0709 (button) (small blind) folded before Flop


PokerStars Hand #145190663013:  Hold'em Limit ($3/$6 USD) - 2015/12/11 15:39:47 ET
Table 'Galt II' 6-max Seat #1 is the button
Seat 1: PelonCabelao ($118 in chips)
Seat 6: andrey0709 ($101.38 in chips)
PelonCabelao: posts small blind $1
andrey0709: posts big blind $3
*** HOLE CARDS ***
PelonCabelao: folds
Uncalled bet ($2) returned to andrey0709
andrey0709 collected $2 from pot
andrey0709: doesn't show hand
*** SUMMARY ***
Total pot $2 | Rake $0
Seat 1: PelonCabelao (button) (small blind) folded before Flop
Seat 6: andrey0709 (big blind) collected ($2)


PokerStars Hand #145190652548:  Hold'em Limit ($3/$6 USD) - 2015/12/11 15:39:36 ET
Table 'Galt II' 6-max Seat #6 is the button
Seat 1: PelonCabelao ($121 in chips)
Seat 6: andrey0709 ($98.38 in chips)
andrey0709: posts small blind $1
PelonCabelao: posts big blind $3
*** HOLE CARDS ***
andrey0709: raises $3 to $6
PelonCabelao: folds
Uncalled bet ($3) returned to andrey0709
andrey0709 collected $6 from pot
andrey0709: doesn't show hand
*** SUMMARY ***
Total pot $6 | Rake $0
Seat 1: PelonCabelao (big blind) folded before Flop
Seat 6: andrey0709 (button) (small blind) collected ($6)


PokerStars Hand #145190752221:  Hold'em Limit ($3/$6 USD) - 2015/12/11 15:41:23 ET
Table 'Galt II' 6-max Seat #6 is the button
Seat 1: PelonCabelao ($90 in chips)
Seat 6: andrey0709 ($128.52 in chips)
andrey0709: posts small blind $1
PelonCabelao: posts big blind $3
*** HOLE CARDS ***
andrey0709: calls $2
PelonCabelao: raises $3 to $6
andrey0709: calls $3
*** FLOP *** [Th 2s Ac]
PelonCabelao: bets $3
andrey0709: folds
Uncalled bet ($3) returned to PelonCabelao
PelonCabelao collected $11.76 from pot
PelonCabelao: doesn't show hand
*** SUMMARY ***
Total pot $12 | Rake $0.24
Board [Th 2s Ac]
Seat 1: PelonCabelao (big blind) collected ($11.76)
Seat 6: andrey0709 (button) (small blind) folded on the Flop


PokerStars Hand #145190738470:  Hold'em Limit ($3/$6 USD) - 2015/12/11 15:41:08 ET
Table 'Galt II' 6-max Seat #1 is the button
Seat 1: PelonCabelao ($99 in chips)
Seat 6: andrey0709 ($119.88 in chips)
PelonCabelao: posts small blind $1
andrey0709: posts big blind $3
*** HOLE CARDS ***
PelonCabelao: raises $3 to $6
andrey0709: calls $3
*** FLOP *** [9s Ah 2d]
andrey0709: checks
PelonCabelao: bets $3
andrey0709: raises $3 to $6
PelonCabelao: folds
Uncalled bet ($3) returned to andrey0709
andrey0709 collected $17.64 from pot
andrey0709: doesn't show hand
*** SUMMARY ***
Total pot $18 | Rake $0.36
Board [9s Ah 2d]
Seat 1: PelonCabelao (button) (small blind) folded on the Flop
Seat 6: andrey0709 (big blind) collected ($17.64)


PokerStars Hand #145190733808:  Hold'em Limit ($3/$6 USD) - 2015/12/11 15:41:03 ET
Table 'Galt II' 6-max Seat #6 is the button
Seat 1: PelonCabelao ($98 in chips)
Seat 6: andrey0709 ($120.88 in chips)
andrey0709: posts small blind $1
PelonCabelao: posts big blind $3
*** HOLE CARDS ***
andrey0709: folds
Uncalled bet ($2) returned to PelonCabelao
PelonCabelao collected $2 from pot
PelonCabelao: doesn't show hand
*** SUMMARY ***
Total pot $2 | Rake $0
Seat 1: PelonCabelao (big blind) collected ($2)
Seat 6: andrey0709 (button) (small blind) folded before Flop


PokerStars Hand #145190702662:  Hold'em Limit ($3/$6 USD) - 2015/12/11 15:40:30 ET
Table 'Galt II' 6-max Seat #1 is the button
Seat 1: PelonCabelao ($122 in chips)
Seat 6: andrey0709 ($97.38 in chips)
PelonCabelao: posts small blind $1
andrey0709: posts big blind $3
*** HOLE CARDS ***
PelonCabelao: raises $3 to $6
andrey0709: calls $3
*** FLOP *** [Kc 7h Jc]
andrey0709: checks
PelonCabelao: bets $3
andrey0709: raises $3 to $6
PelonCabelao: calls $3
*** TURN *** [Kc 7h Jc] [6s]
andrey0709: bets $6
PelonCabelao: calls $6
*** RIVER *** [Kc 7h Jc 6s] [Jd]
andrey0709: bets $6
PelonCabelao: calls $6
*** SHOW DOWN ***
andrey0709: shows [5s 7c] (two pair, Jacks and Sevens)
PelonCabelao: mucks hand
andrey0709 collected $47.50 from pot
*** SUMMARY ***
Total pot $48 | Rake $0.50
Board [Kc 7h Jc 6s Jd]
Seat 1: PelonCabelao (button) (small blind) mucked
Seat 6: andrey0709 (big blind) showed [5s 7c] and won ($47.50) with two pair, Jacks and Sevens


PokerStars Hand #145190791479:  Hold'em Limit ($3/$6 USD) - 2015/12/11 15:42:06 ET
Table 'Galt II' 6-max Seat #6 is the button
Seat 1: PelonCabelao ($110.26 in chips)
Seat 6: andrey0709 ($107.52 in chips)
andrey0709: posts small blind $1
PelonCabelao: posts big blind $3
*** HOLE CARDS ***
andrey0709: folds
Uncalled bet ($2) returned to PelonCabelao
PelonCabelao collected $2 from pot
PelonCabelao: doesn't show hand
*** SUMMARY ***
Total pot $2 | Rake $0
Seat 1: PelonCabelao (big blind) collected ($2)
Seat 6: andrey0709 (button) (small blind) folded before Flop


PokerStars Hand #145190762183:  Hold'em Limit ($3/$6 USD) - 2015/12/11 15:41:34 ET
Table 'Galt II' 6-max Seat #1 is the button
Seat 1: PelonCabelao ($95.76 in chips)
Seat 6: andrey0709 ($122.52 in chips)
PelonCabelao: posts small blind $1
andrey0709: posts big blind $3
*** HOLE CARDS ***
PelonCabelao: raises $3 to $6
andrey0709: calls $3
*** FLOP *** [6h 5s 7d]
andrey0709: checks
PelonCabelao: bets $3
andrey0709: calls $3
*** TURN *** [6h 5s 7d] [Qc]
andrey0709: checks
PelonCabelao: bets $6
andrey0709: calls $6
*** RIVER *** [6h 5s 7d Qc] [Jc]
andrey0709: checks
PelonCabelao: bets $6
andrey0709: folds
Uncalled bet ($6) returned to PelonCabelao
PelonCabelao collected $29.50 from pot
*** SUMMARY ***
Total pot $30 | Rake $0.50
Board [6h 5s 7d Qc Jc]
Seat 1: PelonCabelao (button) (small blind) collected ($29.50)
Seat 6: andrey0709 (big blind) folded on the River


PokerStars Hand #145190796427:  Hold'em Limit ($3/$6 USD) - 2015/12/11 15:42:11 ET
Table 'Galt II' 6-max Seat #1 is the button
Seat 1: PelonCabelao ($111.26 in chips)
Seat 6: andrey0709 ($106.52 in chips)
PelonCabelao: posts small blind $1
andrey0709: posts big blind $3
*** HOLE CARDS ***
PelonCabelao: raises $3 to $6
andrey0709: calls $3
*** FLOP *** [Qd 9c 7c]
andrey0709: checks
Truder1304 leaves the table
PelonCabelao: bets $3
andrey0709: calls $3
*** TURN *** [Qd 9c 7c] [7s]
andrey0709: checks
PelonCabelao: bets $6
SashaYuvelir leaves the table
andrey0709: calls $6
*** RIVER *** [Qd 9c 7c 7s] [7d]
andrey0709: checks
PelonCabelao: bets $6
andrey0709: calls $6
*** SHOW DOWN ***
PelonCabelao: shows [Ac 3c] (three of a kind, Sevens)
andrey0709: mucks hand
pogi74 joins the table at seat #3
PelonCabelao collected $41.50 from pot
*** SUMMARY ***
Total pot $42 | Rake $0.50
Board [Qd 9c 7c 7s 7d]
Seat 1: PelonCabelao (button) (small blind) showed [Ac 3c] and won ($41.50) with three of a kind, Sevens
Seat 6: andrey0709 (big blind) mucked


PokerStars Hand #145190829945:  Hold'em Limit ($3/$6 USD) - 2015/12/11 15:42:47 ET
Table 'Galt II' 6-max Seat #6 is the button
Seat 1: PelonCabelao ($131.76 in chips)
Seat 6: andrey0709 ($85.52 in chips)
andrey0709: posts small blind $1
PelonCabelao: posts big blind $3
*** HOLE CARDS ***
andrey0709: folds
Uncalled bet ($2) returned to PelonCabelao
PelonCabelao collected $2 from pot
PelonCabelao: doesn't show hand
*** SUMMARY ***
Total pot $2 | Rake $0
Seat 1: PelonCabelao (big blind) collected ($2)
Seat 6: andrey0709 (button) (small blind) folded before Flop


PokerStars Hand #145192462811:  Hold'em Limit ($3/$6 USD) - 2015/12/11 16:12:51 ET
Table 'Galt II' 6-max Seat #6 is the button
Seat 3: pogi74 ($164.63 in chips)
Seat 6: andrey0709 ($107.49 in chips)
andrey0709: posts small blind $1
Karpik09: is sitting out
pogi74: posts big blind $3
*** HOLE CARDS ***
andrey0709: raises $3 to $6
pogi74: calls $3
*** FLOP *** [Kc 8d 6d]
Karpik09 leaves the table
pogi74: checks
andrey0709: bets $3
pogi74: folds
Uncalled bet ($3) returned to andrey0709
andrey0709 collected $11.76 from pot
andrey0709: doesn't show hand
*** SUMMARY ***
Total pot $12 | Rake $0.24
Board [Kc 8d 6d]
Seat 3: pogi74 (big blind) folded on the Flop
Seat 6: andrey0709 (button) (small blind) collected ($11.76)


