PokerStars Hand #150631492039:  Hold'em Limit ($3/$6 USD) - 2016/03/20 2:26:20 ET
Table 'Galt' 10-max Seat #3 is the button
Seat 1: VolkovDmitri ($172.07 in chips)
Seat 3: Chessnok ($247.70 in chips)
Chessnok: posts small blind $1
chief1abet: is sitting out
VolkovDmitri: posts big blind $3
*** HOLE CARDS ***
Chessnok: folds
Uncalled bet ($2) returned to VolkovDmitri
VolkovDmitri collected $2 from pot
VolkovDmitri: doesn't show hand
*** SUMMARY ***
Total pot $2 | Rake $0
Seat 1: VolkovDmitri (big blind) collected ($2)
Seat 3: Chessnok (button) (small blind) folded before Flop


PokerStars Hand #150631493452:  Hold'em Limit ($3/$6 USD) - 2016/03/20 2:26:25 ET
Table 'Galt' 10-max Seat #1 is the button
Seat 1: VolkovDmitri ($173.07 in chips)
Seat 3: Chessnok ($246.70 in chips)
VolkovDmitri: posts small blind $1
Chessnok: posts big blind $3
*** HOLE CARDS ***
chief1abet leaves the table
VolkovDmitri: raises $3 to $6
Chessnok: calls $3
*** FLOP *** [4h Ac Ts]
Chessnok: checks
VolkovDmitri: bets $3
Chessnok: raises $3 to $6
VolkovDmitri: calls $3
*** TURN *** [4h Ac Ts] [8s]
Chessnok: bets $6
VolkovDmitri: calls $6
*** RIVER *** [4h Ac Ts 8s] [7h]
Chessnok: bets $6
VolkovDmitri: calls $6
*** SHOW DOWN ***
Chessnok: shows [As 5s] (a pair of Aces)
VolkovDmitri: shows [Ah 2d] (a pair of Aces)
Chessnok collected $23.75 from pot
VolkovDmitri collected $23.75 from pot
*** SUMMARY ***
Total pot $48 | Rake $0.50
Board [4h Ac Ts 8s 7h]
Seat 1: VolkovDmitri (button) (small blind) showed [Ah 2d] and won ($23.75) with a pair of Aces
Seat 3: Chessnok (big blind) showed [As 5s] and won ($23.75) with a pair of Aces


PokerStars Hand #150631504786:  Hold'em Limit ($3/$6 USD) - 2016/03/20 2:27:05 ET
Table 'Galt' 10-max Seat #3 is the button
Seat 1: VolkovDmitri ($172.82 in chips)
Seat 3: Chessnok ($246.45 in chips)
Chessnok: posts small blind $1
VolkovDmitri: posts big blind $3
*** HOLE CARDS ***
Chessnok: folds
Uncalled bet ($2) returned to VolkovDmitri
VolkovDmitri collected $2 from pot
VolkovDmitri: doesn't show hand
*** SUMMARY ***
Total pot $2 | Rake $0
Seat 1: VolkovDmitri (big blind) collected ($2)
Seat 3: Chessnok (button) (small blind) folded before Flop


