PokerStars Hand #150499541024:  Hold'em Limit ($3/$6 USD) - 2016/03/17 14:12:34 ET
Table 'Galvarino' 6-max Seat #3 is the button
Seat 3: _fayzulllo_ ($41 in chips)
Seat 4: Actionni13 ($180.50 in chips)
_fayzulllo_: posts small blind $1
Actionni13: posts big blind $3
*** HOLE CARDS ***
_fayzulllo_: raises $3 to $6
Actionni13: calls $3
*** FLOP *** [4c 8d Td]
Actionni13: checks
_fayzulllo_: checks
*** TURN *** [4c 8d Td] [7h]
Actionni13: checks
_fayzulllo_: bets $6
Actionni13: folds
Uncalled bet ($6) returned to _fayzulllo_
_fayzulllo_ collected $11.76 from pot
_fayzulllo_: doesn't show hand
*** SUMMARY ***
Total pot $12 | Rake $0.24
Board [4c 8d Td 7h]
Seat 3: _fayzulllo_ (button) (small blind) collected ($11.76)
Seat 4: Actionni13 (big blind) folded on the Turn


PokerStars Hand #150499504964:  Hold'em Limit ($3/$6 USD) - 2016/03/17 14:11:53 ET
Table 'Galvarino' 6-max Seat #4 is the button
Seat 3: _fayzulllo_ ($71 in chips)
Seat 4: Actionni13 ($151 in chips)
Actionni13: posts small blind $1
_fayzulllo_: posts big blind $3
*** HOLE CARDS ***
Actionni13: raises $3 to $6
_fayzulllo_: raises $3 to $9
Actionni13: calls $3
*** FLOP *** [4s 9s 8s]
_fayzulllo_: bets $3
Actionni13: calls $3
*** TURN *** [4s 9s 8s] [5s]
_fayzulllo_: bets $6
Actionni13: raises $6 to $12
_fayzulllo_: calls $6
*** RIVER *** [4s 9s 8s 5s] [Kh]
_fayzulllo_: checks
Actionni13: bets $6
_fayzulllo_: calls $6
*** SHOW DOWN ***
Actionni13: shows [7h Ks] (a flush, King high)
_fayzulllo_: mucks hand
Actionni13 collected $59.50 from pot
*** SUMMARY ***
Total pot $60 | Rake $0.50
Board [4s 9s 8s 5s Kh]
Seat 3: _fayzulllo_ (big blind) mucked
Seat 4: Actionni13 (button) (small blind) showed [7h Ks] and won ($59.50) with a flush, King high


PokerStars Hand #150499556645:  Hold'em Limit ($3/$6 USD) - 2016/03/17 14:12:52 ET
Table 'Galvarino' 6-max Seat #4 is the button
Seat 3: _fayzulllo_ ($46.76 in chips)
Seat 4: Actionni13 ($174.50 in chips)
Actionni13: posts small blind $1
_fayzulllo_: posts big blind $3
*** HOLE CARDS ***
Actionni13: raises $3 to $6
_fayzulllo_: raises $3 to $9
Actionni13: calls $3
*** FLOP *** [6s Ad 3d]
_fayzulllo_: bets $3
Actionni13: calls $3
*** TURN *** [6s Ad 3d] [9c]
_fayzulllo_: checks
Actionni13: bets $6
_fayzulllo_: calls $6
*** RIVER *** [6s Ad 3d 9c] [Qd]
_fayzulllo_: bets $6
Actionni13: raises $6 to $12
_fayzulllo_: calls $6
*** SHOW DOWN ***
Actionni13: shows [Ac 6d] (two pair, Aces and Sixes)
_fayzulllo_: mucks hand
Actionni13 collected $59.50 from pot
*** SUMMARY ***
Total pot $60 | Rake $0.50
Board [6s Ad 3d 9c Qd]
Seat 3: _fayzulllo_ (big blind) mucked
Seat 4: Actionni13 (button) (small blind) showed [Ac 6d] and won ($59.50) with two pair, Aces and Sixes


PokerStars Hand #150499586009:  Hold'em Limit ($3/$6 USD) - 2016/03/17 14:13:25 ET
Table 'Galvarino' 6-max Seat #3 is the button
Seat 3: _fayzulllo_ ($16.76 in chips)
Seat 4: Actionni13 ($204 in chips)
_fayzulllo_: posts small blind $1
Actionni13: posts big blind $3
*** HOLE CARDS ***
_fayzulllo_: calls $2
Actionni13: raises $3 to $6
_fayzulllo_: calls $3
*** FLOP *** [6c Kh 5d]
Actionni13: bets $3
_fayzulllo_: raises $3 to $6
Actionni13: raises $3 to $9
_fayzulllo_: raises $1.76 to $10.76 and is all-in
Betting is capped
Actionni13: calls $1.76
*** TURN *** [6c Kh 5d] [2c]
*** RIVER *** [6c Kh 5d 2c] [Kc]
*** SHOW DOWN ***
Actionni13: shows [Ks Qh] (three of a kind, Kings)
_fayzulllo_: shows [9d 5s] (two pair, Kings and Fives)
Actionni13 collected $33.02 from pot
*** SUMMARY ***
Total pot $33.52 | Rake $0.50
Board [6c Kh 5d 2c Kc]
Seat 3: _fayzulllo_ (button) (small blind) showed [9d 5s] and lost with two pair, Kings and Fives
Seat 4: Actionni13 (big blind) showed [Ks Qh] and won ($33.02) with three of a kind, Kings


PokerStars Hand #150502449853:  Hold'em Limit ($3/$6 USD) - 2016/03/17 15:07:32 ET
Table 'Galvarino' 6-max Seat #4 is the button
Seat 3: SmellyToes4u ($85.76 in chips)
Seat 4: flohamo ($161.38 in chips)
flohamo: posts small blind $1
SmellyToes4u: posts big blind $3
*** HOLE CARDS ***
flohamo: calls $2
SmellyToes4u: raises $3 to $6
flohamo: calls $3
*** FLOP *** [4c Ks Kc]
SmellyToes4u: bets $3
flohamo: folds
Uncalled bet ($3) returned to SmellyToes4u
SmellyToes4u collected $11.76 from pot
SmellyToes4u: doesn't show hand
*** SUMMARY ***
Total pot $12 | Rake $0.24
Board [4c Ks Kc]
Seat 3: SmellyToes4u (big blind) collected ($11.76)
Seat 4: flohamo (button) (small blind) folded on the Flop


PokerStars Hand #150502444532:  Hold'em Limit ($3/$6 USD) - 2016/03/17 15:07:26 ET
Table 'Galvarino' 6-max Seat #3 is the button
Seat 3: SmellyToes4u ($86.76 in chips)
Seat 4: flohamo ($160.38 in chips)
SmellyToes4u: posts small blind $1
flohamo: posts big blind $3
*** HOLE CARDS ***
SmellyToes4u: folds
Uncalled bet ($2) returned to flohamo
flohamo collected $2 from pot
*** SUMMARY ***
Total pot $2 | Rake $0
Seat 3: SmellyToes4u (button) (small blind) folded before Flop
Seat 4: flohamo (big blind) collected ($2)


PokerStars Hand #150502439604:  Hold'em Limit ($3/$6 USD) - 2016/03/17 15:07:21 ET
Table 'Galvarino' 6-max Seat #4 is the button
Seat 3: SmellyToes4u ($85.76 in chips)
Seat 4: flohamo ($161.38 in chips)
flohamo: posts small blind $1
vestimokrec: is sitting out
SmellyToes4u: posts big blind $3
*** HOLE CARDS ***
flohamo: folds
Uncalled bet ($2) returned to SmellyToes4u
vestimokrec leaves the table
SmellyToes4u collected $2 from pot
SmellyToes4u: doesn't show hand
*** SUMMARY ***
Total pot $2 | Rake $0
Seat 3: SmellyToes4u (big blind) collected ($2)
Seat 4: flohamo (button) (small blind) folded before Flop


