PokerStars Hand #168198992905:  Hold'em Limit ($3/$6 USD) - 2017/03/27 15:43:26 ET
Table 'Galvarino II' 6-max Seat #2 is the button
Seat 1: Zubasa07 ($303 in chips)
Seat 2: Auge72 ($117 in chips)
Auge72: posts small blind $1
Zubasa07: posts big blind $3
*** HOLE CARDS ***
Auge72: raises $3 to $6
Zubasa07: raises $3 to $9
Auge72: calls $3
*** FLOP *** [Qs 7s Qh]
Zubasa07: bets $3
Auge72: calls $3
*** TURN *** [Qs 7s Qh] [7h]
Zubasa07: bets $6
Auge72: calls $6
*** RIVER *** [Qs 7s Qh 7h] [8s]
Zubasa07: checks
Auge72: checks
*** SHOW DOWN ***
Zubasa07: shows [4d 5d] (two pair, Queens and Sevens)
Auge72: shows [3c Ad] (two pair, Queens and Sevens - Ace kicker)
Auge72 collected $35.50 from pot
*** SUMMARY ***
Total pot $36 | Rake $0.50
Board [Qs 7s Qh 7h 8s]
Seat 1: Zubasa07 (big blind) showed [4d 5d] and lost with two pair, Queens and Sevens
Seat 2: Auge72 (button) (small blind) showed [3c Ad] and won ($35.50) with two pair, Queens and Sevens


PokerStars Hand #168199020445:  Hold'em Limit ($3/$6 USD) - 2017/03/27 15:43:54 ET
Table 'Galvarino II' 6-max Seat #1 is the button
Seat 1: Zubasa07 ($285 in chips)
Seat 2: Auge72 ($134.50 in chips)
Zubasa07: posts small blind $1
Auge72: posts big blind $3
*** HOLE CARDS ***
Zubasa07: raises $3 to $6
Auge72: folds
Uncalled bet ($3) returned to Zubasa07
Zubasa07 collected $6 from pot
Zubasa07: doesn't show hand
*** SUMMARY ***
Total pot $6 | Rake $0
Seat 1: Zubasa07 (button) (small blind) collected ($6)
Seat 2: Auge72 (big blind) folded before Flop


PokerStars Hand #168199345975:  Hold'em Limit ($3/$6 USD) - 2017/03/27 15:49:24 ET
Table 'Galvarino II' 6-max Seat #1 is the button
Seat 1: Zubasa07 ($226.64 in chips)
Seat 3: vestimokrec ($138.72 in chips)
horsedelfueg will be allowed to play after the button
Zubasa07: posts small blind $1
Auge72: is sitting out
vestimokrec: posts big blind $3
*** HOLE CARDS ***
Auge72 leaves the table
Zubasa07: folds
Uncalled bet ($2) returned to vestimokrec
vestimokrec collected $2 from pot
vestimokrec: doesn't show hand
*** SUMMARY ***
Total pot $2 | Rake $0
Seat 1: Zubasa07 (button) (small blind) folded before Flop
Seat 3: vestimokrec (big blind) collected ($2)


PokerStars Hand #168199365233:  Hold'em Limit ($3/$6 USD) - 2017/03/27 15:49:43 ET
Table 'Galvarino II' 6-max Seat #6 is the button
Seat 3: vestimokrec ($138.72 in chips)
Seat 6: horsedelfueg ($31 in chips)
horsedelfueg: posts small blind $1
Zubasa07: is sitting out
vestimokrec: posts big blind $3
*** HOLE CARDS ***
horsedelfueg: raises $3 to $6
vestimokrec: calls $3
*** FLOP *** [Jd 8h 4h]
vestimokrec: bets $3
horsedelfueg: calls $3
*** TURN *** [Jd 8h 4h] [Ks]
Zubasa07 leaves the table
vestimokrec: bets $6
horsedelfueg: raises $6 to $12
vestimokrec: calls $6
*** RIVER *** [Jd 8h 4h Ks] [Ad]
vestimokrec: checks
horsedelfueg: bets $6
vestimokrec: folds
Uncalled bet ($6) returned to horsedelfueg
horsedelfueg collected $41.50 from pot
horsedelfueg: doesn't show hand
*** SUMMARY ***
Total pot $42 | Rake $0.50
Board [Jd 8h 4h Ks Ad]
Seat 3: vestimokrec (big blind) folded on the River
Seat 6: horsedelfueg (button) (small blind) collected ($41.50)


PokerStars Hand #168199415325:  Hold'em Limit ($3/$6 USD) - 2017/03/27 15:50:34 ET
Table 'Galvarino II' 6-max Seat #3 is the button
Seat 3: vestimokrec ($117.72 in chips)
Seat 6: horsedelfueg ($51.50 in chips)
vestimokrec: posts small blind $1
horsedelfueg: posts big blind $3
*** HOLE CARDS ***
vestimokrec: raises $3 to $6
horsedelfueg: calls $3
*** FLOP *** [9d 3d 4d]
horsedelfueg: checks
vestimokrec: bets $3
horsedelfueg: calls $3
*** TURN *** [9d 3d 4d] [3s]
horsedelfueg: bets $6
vestimokrec: folds
Uncalled bet ($6) returned to horsedelfueg
horsedelfueg collected $17.64 from pot
horsedelfueg: doesn't show hand
*** SUMMARY ***
Total pot $18 | Rake $0.36
Board [9d 3d 4d 3s]
Seat 3: vestimokrec (button) (small blind) folded on the Turn
Seat 6: horsedelfueg (big blind) collected ($17.64)


