PokerStars Hand #166674135915:  Hold'em Limit ($3/$6 USD) - 2017/02/23 18:14:31 ET
Table 'Ganesa' 6-max Seat #5 is the button
Seat 1: Menotti ($48 in chips)
Seat 5: RaisemyNut$ ($355.65 in chips)
RaisemyNut$: posts small blind $1
Menotti: posts big blind $3
*** HOLE CARDS ***
RaisemyNut$: raises $3 to $6
Menotti: folds
Uncalled bet ($3) returned to RaisemyNut$
RaisemyNut$ collected $6 from pot
RaisemyNut$: doesn't show hand
*** SUMMARY ***
Total pot $6 | Rake $0
Seat 1: Menotti (big blind) folded before Flop
Seat 5: RaisemyNut$ (button) (small blind) collected ($6)


PokerStars Hand #166674121824:  Hold'em Limit ($3/$6 USD) - 2017/02/23 18:14:12 ET
Table 'Ganesa' 6-max Seat #1 is the button
Seat 1: Menotti ($60 in chips)
Seat 5: RaisemyNut$ ($344.13 in chips)
Menotti: posts small blind $1
RaisemyNut$: posts big blind $3
*** HOLE CARDS ***
Menotti: raises $3 to $6
RaisemyNut$: calls $3
*** FLOP *** [5s Tc Jc]
RaisemyNut$: checks
Menotti: bets $3
RaisemyNut$: raises $3 to $6
Menotti: calls $3
*** TURN *** [5s Tc Jc] [Th]
RaisemyNut$: bets $6
Menotti: folds
Uncalled bet ($6) returned to RaisemyNut$
RaisemyNut$ collected $23.52 from pot
RaisemyNut$: doesn't show hand
*** SUMMARY ***
Total pot $24 | Rake $0.48
Board [5s Tc Jc Th]
Seat 1: Menotti (button) (small blind) folded on the Turn
Seat 5: RaisemyNut$ (big blind) collected ($23.52)


PokerStars Hand #166674184834:  Hold'em Limit ($3/$6 USD) - 2017/02/23 18:15:37 ET
Table 'Ganesa' 6-max Seat #2 is the button
Seat 2: lammer3 ($83.70 in chips)
Seat 5: RaisemyNut$ ($382.54 in chips)
lammer3: posts small blind $1
RaisemyNut$: posts big blind $3
*** HOLE CARDS ***
lammer3: folds
Uncalled bet ($2) returned to RaisemyNut$
RaisemyNut$ collected $2 from pot
RaisemyNut$: doesn't show hand
Zubasa07 leaves the table
*** SUMMARY ***
Total pot $2 | Rake $0
Seat 2: lammer3 (button) (small blind) folded before Flop
Seat 5: RaisemyNut$ (big blind) collected ($2)


PokerStars Hand #166674178902:  Hold'em Limit ($3/$6 USD) - 2017/02/23 18:15:29 ET
Table 'Ganesa' 6-max Seat #5 is the button
Seat 2: lammer3 ($86.70 in chips)
Seat 5: RaisemyNut$ ($379.54 in chips)
RaisemyNut$: posts small blind $1
lammer3: posts big blind $3
*** HOLE CARDS ***
RaisemyNut$: raises $3 to $6
lammer3: folds
Uncalled bet ($3) returned to RaisemyNut$
RaisemyNut$ collected $6 from pot
RaisemyNut$: doesn't show hand
*** SUMMARY ***
Total pot $6 | Rake $0
Seat 2: lammer3 (big blind) folded before Flop
Seat 5: RaisemyNut$ (button) (small blind) collected ($6)


