PokerStars Hand #156995342714:  Hold'em Limit ($3/$6 USD) - 2016/08/07 17:20:06 ET
Table 'Gansu' 6-max Seat #4 is the button
Seat 3: printzfcm ($196.70 in chips)
Seat 4: AzureCaper ($78.76 in chips)
AzureCaper: posts small blind $1
printzfcm: posts big blind $3
*** HOLE CARDS ***
AzureCaper: raises $3 to $6
printzfcm: calls $3
*** FLOP *** [7c Qc 7d]
printzfcm: checks
AzureCaper: bets $3
printzfcm: calls $3
*** TURN *** [7c Qc 7d] [4h]
printzfcm: checks
AzureCaper: checks
*** RIVER *** [7c Qc 7d 4h] [Jh]
printzfcm: bets $6
AzureCaper: folds
Uncalled bet ($6) returned to printzfcm
printzfcm collected $17.64 from pot
printzfcm: doesn't show hand
*** SUMMARY ***
Total pot $18 | Rake $0.36
Board [7c Qc 7d 4h Jh]
Seat 3: printzfcm (big blind) collected ($17.64)
Seat 4: AzureCaper (button) (small blind) folded on the River


PokerStars Hand #156995339268:  Hold'em Limit ($3/$6 USD) - 2016/08/07 17:20:02 ET
Table 'Gansu' 6-max Seat #3 is the button
Seat 3: printzfcm ($197.70 in chips)
Seat 4: AzureCaper ($77.76 in chips)
printzfcm: posts small blind $1
AzureCaper: posts big blind $3
*** HOLE CARDS ***
printzfcm: folds
Uncalled bet ($2) returned to AzureCaper
AzureCaper collected $2 from pot
AzureCaper: doesn't show hand
*** SUMMARY ***
Total pot $2 | Rake $0
Seat 3: printzfcm (button) (small blind) folded before Flop
Seat 4: AzureCaper (big blind) collected ($2)


PokerStars Hand #156995331785:  Hold'em Limit ($3/$6 USD) - 2016/08/07 17:19:53 ET
Table 'Gansu' 6-max Seat #4 is the button
Seat 3: printzfcm ($203.70 in chips)
Seat 4: AzureCaper ($72 in chips)
AzureCaper: posts small blind $1
printzfcm: posts big blind $3
*** HOLE CARDS ***
AzureCaper: raises $3 to $6
printzfcm: calls $3
*** FLOP *** [3c 8c Tc]
printzfcm: checks
AzureCaper: bets $3
printzfcm: folds
Uncalled bet ($3) returned to AzureCaper
AzureCaper collected $11.76 from pot
AzureCaper: doesn't show hand
*** SUMMARY ***
Total pot $12 | Rake $0.24
Board [3c 8c Tc]
Seat 3: printzfcm (big blind) folded on the Flop
Seat 4: AzureCaper (button) (small blind) collected ($11.76)


PokerStars Hand #156995318585:  Hold'em Limit ($3/$6 USD) - 2016/08/07 17:19:36 ET
Table 'Gansu' 6-max Seat #3 is the button
Seat 3: printzfcm ($195.06 in chips)
Seat 4: AzureCaper ($75 in chips)
printzfcm: posts small blind $1
AzureCaper: posts big blind $3
*** HOLE CARDS ***
printzfcm: raises $3 to $6
AzureCaper: calls $3
*** FLOP *** [As 7d 2d]
AzureCaper: checks
printzfcm: bets $3
AzureCaper: calls $3
*** TURN *** [As 7d 2d] [Th]
AzureCaper: checks
printzfcm: bets $6
AzureCaper: folds
Uncalled bet ($6) returned to printzfcm
printzfcm collected $17.64 from pot
printzfcm: doesn't show hand
*** SUMMARY ***
Total pot $18 | Rake $0.36
Board [As 7d 2d Th]
Seat 3: printzfcm (button) (small blind) collected ($17.64)
Seat 4: AzureCaper (big blind) folded on the Turn


PokerStars Hand #156995311799:  Hold'em Limit ($3/$6 USD) - 2016/08/07 17:19:27 ET
Table 'Gansu' 6-max Seat #4 is the button
Seat 3: printzfcm ($198.06 in chips)
Seat 4: AzureCaper ($72 in chips)
AzureCaper: posts small blind $1
printzfcm: posts big blind $3
*** HOLE CARDS ***
AzureCaper: raises $3 to $6
printzfcm: folds
Uncalled bet ($3) returned to AzureCaper
AzureCaper collected $6 from pot
AzureCaper: doesn't show hand
*** SUMMARY ***
Total pot $6 | Rake $0
Seat 3: printzfcm (big blind) folded before Flop
Seat 4: AzureCaper (button) (small blind) collected ($6)


PokerStars Hand #156995271769:  Hold'em Limit ($3/$6 USD) - 2016/08/07 17:18:45 ET
Table 'Gansu' 6-max Seat #3 is the button
Seat 3: printzfcm ($189.42 in chips)
Seat 4: AzureCaper ($72 in chips)
printzfcm said, "hi"
printzfcm: posts small blind $1
AzureCaper: posts big blind $3
*** HOLE CARDS ***
printzfcm: raises $3 to $6
AzureCaper: calls $3
*** FLOP *** [6d 2d 8s]
AzureCaper: checks
printzfcm: bets $3
AzureCaper: calls $3
*** TURN *** [6d 2d 8s] [Js]
AzureCaper: checks
vestimokrec joins the table at seat #5
printzfcm: checks
*** RIVER *** [6d 2d 8s Js] [7h]
AzureCaper: checks
printzfcm: checks
*** SHOW DOWN ***
AzureCaper: shows [Ah 9c] (high card Ace)
printzfcm: shows [5c 5h] (a pair of Fives)
printzfcm collected $17.64 from pot
*** SUMMARY ***
Total pot $18 | Rake $0.36
Board [6d 2d 8s Js 7h]
Seat 3: printzfcm (button) (small blind) showed [5c 5h] and won ($17.64) with a pair of Fives
Seat 4: AzureCaper (big blind) showed [Ah 9c] and lost with high card Ace


PokerStars Hand #156995365170:  Hold'em Limit ($3/$6 USD) - 2016/08/07 17:20:35 ET
Table 'Gansu' 6-max Seat #3 is the button
Seat 3: printzfcm ($201.34 in chips)
Seat 4: AzureCaper ($76 in chips)
printzfcm: posts small blind $1
AzureCaper: posts big blind $3
*** HOLE CARDS ***
printzfcm: folds
Uncalled bet ($2) returned to AzureCaper
AzureCaper collected $2 from pot
AzureCaper: doesn't show hand
*** SUMMARY ***
Total pot $2 | Rake $0
Seat 3: printzfcm (button) (small blind) folded before Flop
Seat 4: AzureCaper (big blind) collected ($2)


PokerStars Hand #156995361155:  Hold'em Limit ($3/$6 USD) - 2016/08/07 17:20:30 ET
Table 'Gansu' 6-max Seat #4 is the button
Seat 3: printzfcm ($204.34 in chips)
Seat 4: AzureCaper ($73 in chips)
AzureCaper: posts small blind $1
printzfcm: posts big blind $3
*** HOLE CARDS ***
AzureCaper: raises $3 to $6
printzfcm: folds
Uncalled bet ($3) returned to AzureCaper
AzureCaper collected $6 from pot
AzureCaper: doesn't show hand
*** SUMMARY ***
Total pot $6 | Rake $0
Seat 3: printzfcm (big blind) folded before Flop
Seat 4: AzureCaper (button) (small blind) collected ($6)


PokerStars Hand #156995357668:  Hold'em Limit ($3/$6 USD) - 2016/08/07 17:20:25 ET
Table 'Gansu' 6-max Seat #3 is the button
Seat 3: printzfcm ($205.34 in chips)
Seat 4: AzureCaper ($72 in chips)
printzfcm: posts small blind $1
AzureCaper: posts big blind $3
*** HOLE CARDS ***
printzfcm: folds
Uncalled bet ($2) returned to AzureCaper
AzureCaper collected $2 from pot
AzureCaper: doesn't show hand
*** SUMMARY ***
Total pot $2 | Rake $0
Seat 3: printzfcm (button) (small blind) folded before Flop
Seat 4: AzureCaper (big blind) collected ($2)


