PokerStars Hand #146377964645:  Hold'em Limit ($3/$6 USD) - 2016/01/03 5:33:32 ET
Table 'Ganymede III' 6-max Seat #1 is the button
Seat 1: VolkovDmitri ($120 in chips)
Seat 3: Ace15121964 ($120 in chips)
VolkovDmitri: posts small blind $1
Ace15121964: posts big blind $3
*** HOLE CARDS ***
VolkovDmitri: raises $3 to $6
Ace15121964: calls $3
*** FLOP *** [Ad 3c 7s]
Ace15121964: checks
VolkovDmitri: bets $3
GoliafUa joins the table at seat #4
Ace15121964: calls $3
*** TURN *** [Ad 3c 7s] [8d]
Ace15121964: checks
VolkovDmitri: bets $6
Ace15121964: folds
Uncalled bet ($6) returned to VolkovDmitri
VolkovDmitri collected $17.64 from pot
VolkovDmitri: doesn't show hand
*** SUMMARY ***
Total pot $18 | Rake $0.36
Board [Ad 3c 7s 8d]
Seat 1: VolkovDmitri (button) (small blind) collected ($17.64)
Seat 3: Ace15121964 (big blind) folded on the Turn


PokerStars Hand #146377986844:  Hold'em Limit ($3/$6 USD) - 2016/01/03 5:34:11 ET
Table 'Ganymede III' 6-max Seat #3 is the button
Seat 1: VolkovDmitri ($128.64 in chips)
Seat 3: Ace15121964 ($111 in chips)
Ace15121964: posts small blind $1
VolkovDmitri: posts big blind $3
*** HOLE CARDS ***
Ace15121964: calls $2
VolkovDmitri: raises $3 to $6
Ace15121964: calls $3
*** FLOP *** [Ah 2c Ts]
VolkovDmitri: bets $3
Ace15121964: folds
Uncalled bet ($3) returned to VolkovDmitri
VolkovDmitri collected $11.76 from pot
VolkovDmitri: doesn't show hand
*** SUMMARY ***
Total pot $12 | Rake $0.24
Board [Ah 2c Ts]
Seat 1: VolkovDmitri (big blind) collected ($11.76)
Seat 3: Ace15121964 (button) (small blind) folded on the Flop


PokerStars Hand #146378008006:  Hold'em Limit ($3/$6 USD) - 2016/01/03 5:34:48 ET
Table 'Ganymede III' 6-max Seat #1 is the button
Seat 1: VolkovDmitri ($141.16 in chips)
Seat 3: Ace15121964 ($98 in chips)
VolkovDmitri: posts small blind $1
Ace15121964: posts big blind $3
*** HOLE CARDS ***
VolkovDmitri: raises $3 to $6
Ace15121964 is disconnected
Ace15121964 has timed out while disconnected
Ace15121964: folds
Uncalled bet ($3) returned to VolkovDmitri
VolkovDmitri collected $6 from pot
VolkovDmitri: doesn't show hand
*** SUMMARY ***
Total pot $6 | Rake $0
Seat 1: VolkovDmitri (button) (small blind) collected ($6)
Seat 3: Ace15121964 (big blind) folded before Flop


PokerStars Hand #146378004901:  Hold'em Limit ($3/$6 USD) - 2016/01/03 5:34:43 ET
Table 'Ganymede III' 6-max Seat #3 is the button
Seat 1: VolkovDmitri ($140.16 in chips)
Seat 3: Ace15121964 ($99 in chips)
Ace15121964: posts small blind $1
VolkovDmitri: posts big blind $3
*** HOLE CARDS ***
Ace15121964: folds
Uncalled bet ($2) returned to VolkovDmitri
VolkovDmitri collected $2 from pot
VolkovDmitri: doesn't show hand
*** SUMMARY ***
Total pot $2 | Rake $0
Seat 1: VolkovDmitri (big blind) collected ($2)
Seat 3: Ace15121964 (button) (small blind) folded before Flop


PokerStars Hand #146377993489:  Hold'em Limit ($3/$6 USD) - 2016/01/03 5:34:23 ET
Table 'Ganymede III' 6-max Seat #1 is the button
Seat 1: VolkovDmitri ($134.40 in chips)
Seat 3: Ace15121964 ($105 in chips)
VolkovDmitri: posts small blind $1
Ace15121964: posts big blind $3
*** HOLE CARDS ***
VolkovDmitri: raises $3 to $6
Ace15121964: calls $3
*** FLOP *** [7d Kd Jc]
Ace15121964: checks
VolkovDmitri: bets $3
Ace15121964: folds
Uncalled bet ($3) returned to VolkovDmitri
VolkovDmitri collected $11.76 from pot
VolkovDmitri: doesn't show hand
*** SUMMARY ***
Total pot $12 | Rake $0.24
Board [7d Kd Jc]
Seat 1: VolkovDmitri (button) (small blind) collected ($11.76)
Seat 3: Ace15121964 (big blind) folded on the Flop


PokerStars Hand #146378039568:  Hold'em Limit ($3/$6 USD) - 2016/01/03 5:35:43 ET
Table 'Ganymede III' 6-max Seat #1 is the button
Seat 1: VolkovDmitri ($145.16 in chips)
Seat 3: Ace15121964 ($94 in chips)
VolkovDmitri: posts small blind $1
Ace15121964: posts big blind $3
*** HOLE CARDS ***
VolkovDmitri: raises $3 to $6
Ace15121964: calls $3
*** FLOP *** [6c 5d Th]
Ace15121964: bets $3
VolkovDmitri: calls $3
*** TURN *** [6c 5d Th] [Ks]
Ace15121964: bets $6
VolkovDmitri: calls $6
*** RIVER *** [6c 5d Th Ks] [2c]
Ace15121964: bets $6
VolkovDmitri: raises $6 to $12
Ace15121964: folds
Uncalled bet ($6) returned to VolkovDmitri
VolkovDmitri collected $41.50 from pot
VolkovDmitri: doesn't show hand
*** SUMMARY ***
Total pot $42 | Rake $0.50
Board [6c 5d Th Ks 2c]
Seat 1: VolkovDmitri (button) (small blind) collected ($41.50)
Seat 3: Ace15121964 (big blind) folded on the River


PokerStars Hand #146378035184:  Hold'em Limit ($3/$6 USD) - 2016/01/03 5:35:36 ET
Table 'Ganymede III' 6-max Seat #3 is the button
Seat 1: VolkovDmitri ($144.16 in chips)
Seat 3: Ace15121964 ($95 in chips)
Ace15121964: posts small blind $1
VolkovDmitri: posts big blind $3
*** HOLE CARDS ***
Ace15121964: folds
Uncalled bet ($2) returned to VolkovDmitri
VolkovDmitri collected $2 from pot
VolkovDmitri: doesn't show hand
*** SUMMARY ***
Total pot $2 | Rake $0
Seat 1: VolkovDmitri (big blind) collected ($2)
Seat 3: Ace15121964 (button) (small blind) folded before Flop


PokerStars Hand #146378056317:  Hold'em Limit ($3/$6 USD) - 2016/01/03 5:36:12 ET
Table 'Ganymede III' 6-max Seat #3 is the button
Seat 1: VolkovDmitri ($165.66 in chips)
Seat 3: Ace15121964 ($73 in chips)
Ace15121964: posts small blind $1
VolkovDmitri: posts big blind $3
*** HOLE CARDS ***
Ace15121964: calls $2
VolkovDmitri: raises $3 to $6
Ace15121964: calls $3
*** FLOP *** [7d 2c 2h]
VolkovDmitri: bets $3
Ace15121964: calls $3
*** TURN *** [7d 2c 2h] [9h]
VolkovDmitri: checks
Ace15121964: checks
*** RIVER *** [7d 2c 2h 9h] [Jc]
VolkovDmitri: checks
Ace15121964: checks
*** SHOW DOWN ***
VolkovDmitri: shows [Qc 4c] (a pair of Deuces)
Ace15121964: shows [Qh 5d] (a pair of Deuces)
VolkovDmitri collected $8.82 from pot
Ace15121964 collected $8.82 from pot
*** SUMMARY ***
Total pot $18 | Rake $0.36
Board [7d 2c 2h 9h Jc]
Seat 1: VolkovDmitri (big blind) showed [Qc 4c] and won ($8.82) with a pair of Deuces
Seat 3: Ace15121964 (button) (small blind) showed [Qh 5d] and won ($8.82) with a pair of Deuces


PokerStars Hand #146378091939:  Hold'em Limit ($3/$6 USD) - 2016/01/03 5:37:14 ET
Table 'Ganymede III' 6-max Seat #3 is the button
Seat 1: VolkovDmitri ($153.48 in chips)
Seat 3: Ace15121964 ($84.34 in chips)
kolaz03 joins the table at seat #4
Ace15121964: posts small blind $1
VolkovDmitri: posts big blind $3
*** HOLE CARDS ***
Ace15121964: calls $2
VolkovDmitri: raises $3 to $6
Ace15121964: calls $3
*** FLOP *** [8d Jc Ks]
VolkovDmitri: bets $3
Ace15121964: calls $3
*** TURN *** [8d Jc Ks] [9h]
VolkovDmitri: checks
Ace15121964: checks
*** RIVER *** [8d Jc Ks 9h] [4d]
VolkovDmitri: checks
Ace15121964: checks
*** SHOW DOWN ***
VolkovDmitri: shows [2d Ad] (high card Ace)
Ace15121964: shows [8s 5s] (a pair of Eights)
Ace15121964 collected $17.64 from pot
*** SUMMARY ***
Total pot $18 | Rake $0.36
Board [8d Jc Ks 9h 4d]
Seat 1: VolkovDmitri (big blind) showed [2d Ad] and lost with high card Ace
Seat 3: Ace15121964 (button) (small blind) showed [8s 5s] and won ($17.64) with a pair of Eights


PokerStars Hand #146378108421:  Hold'em Limit ($3/$6 USD) - 2016/01/03 5:37:43 ET
Table 'Ganymede III' 6-max Seat #1 is the button
Seat 1: VolkovDmitri ($144.48 in chips)
Seat 3: Ace15121964 ($92.98 in chips)
VolkovDmitri: posts small blind $1
Ace15121964: posts big blind $3
*** HOLE CARDS ***
VolkovDmitri: raises $3 to $6
Ace15121964: calls $3
*** FLOP *** [Ts Qd 5c]
Ace15121964: checks
VolkovDmitri: bets $3
Ace15121964: calls $3
*** TURN *** [Ts Qd 5c] [2s]
Ace15121964: checks
VolkovDmitri: checks
*** RIVER *** [Ts Qd 5c 2s] [Jd]
Ace15121964: bets $6
VolkovDmitri: folds
Uncalled bet ($6) returned to Ace15121964
Ace15121964 collected $17.64 from pot
Ace15121964: doesn't show hand
*** SUMMARY ***
Total pot $18 | Rake $0.36
Board [Ts Qd 5c 2s Jd]
Seat 1: VolkovDmitri (button) (small blind) folded on the River
Seat 3: Ace15121964 (big blind) collected ($17.64)


PokerStars Hand #146382237598:  Hold'em Limit ($3/$6 USD) - 2016/01/03 7:24:31 ET
Table 'Ganymede III' 6-max Seat #6 is the button
Seat 5: kaz2y5 ($86.22 in chips)
Seat 6: Bouloux ($118.71 in chips)
Bouloux: posts small blind $1
Xerxesklonk: is sitting out
kaz2y5: posts big blind $3
*** HOLE CARDS ***
Xerxesklonk leaves the table
Bouloux: folds
Uncalled bet ($2) returned to kaz2y5
kaz2y5 collected $2 from pot
kaz2y5: doesn't show hand
*** SUMMARY ***
Total pot $2 | Rake $0
Seat 5: kaz2y5 (big blind) collected ($2)
Seat 6: Bouloux (button) (small blind) folded before Flop


PokerStars Hand #146382241804:  Hold'em Limit ($3/$6 USD) - 2016/01/03 7:24:37 ET
Table 'Ganymede III' 6-max Seat #5 is the button
Seat 5: kaz2y5 ($87.22 in chips)
Seat 6: Bouloux ($117.71 in chips)
kaz2y5: posts small blind $1
Bouloux: posts big blind $3
*** HOLE CARDS ***
kaz2y5: raises $3 to $6
Bouloux: folds
Uncalled bet ($3) returned to kaz2y5
kaz2y5 collected $6 from pot
kaz2y5: doesn't show hand
*** SUMMARY ***
Total pot $6 | Rake $0
Seat 5: kaz2y5 (button) (small blind) collected ($6)
Seat 6: Bouloux (big blind) folded before Flop


