PokerStars Hand #145516626737:  Hold'em Limit ($3/$6 USD) - 2015/12/18 0:37:07 ET
Table 'Ganymede' 6-max Seat #1 is the button
Seat 1: VolkovDmitri ($120 in chips)
Seat 2: ivy100 ($103.59 in chips)
VolkovDmitri: posts small blind $1
ivy100: posts big blind $3
*** HOLE CARDS ***
VolkovDmitri: raises $3 to $6
ivy100: folds
Uncalled bet ($3) returned to VolkovDmitri
VolkovDmitri collected $6 from pot
VolkovDmitri: doesn't show hand
*** SUMMARY ***
Total pot $6 | Rake $0
Seat 1: VolkovDmitri (button) (small blind) collected ($6)
Seat 2: ivy100 (big blind) folded before Flop


PokerStars Hand #145516630983:  Hold'em Limit ($3/$6 USD) - 2015/12/18 0:37:23 ET
Table 'Ganymede' 6-max Seat #2 is the button
Seat 1: VolkovDmitri ($123 in chips)
Seat 2: ivy100 ($100.59 in chips)
ivy100: posts small blind $1
VolkovDmitri: posts big blind $3
*** HOLE CARDS ***
ivy100: calls $2
VolkovDmitri: raises $3 to $6
ivy100: calls $3
*** FLOP *** [Qc Qs 3h]
VolkovDmitri: bets $3
ivy100: raises $3 to $6
VolkovDmitri: calls $3
*** TURN *** [Qc Qs 3h] [Th]
VolkovDmitri: checks
ivy100: bets $6
VolkovDmitri: calls $6
*** RIVER *** [Qc Qs 3h Th] [Jc]
VolkovDmitri: checks
ivy100: bets $6
VolkovDmitri: calls $6
*** SHOW DOWN ***
ivy100: shows [Qd 6h] (three of a kind, Queens)
VolkovDmitri: mucks hand
ivy100 collected $47.50 from pot
*** SUMMARY ***
Total pot $48 | Rake $0.50
Board [Qc Qs 3h Th Jc]
Seat 1: VolkovDmitri (big blind) mucked
Seat 2: ivy100 (button) (small blind) showed [Qd 6h] and won ($47.50) with three of a kind, Queens


PokerStars Hand #145516639378:  Hold'em Limit ($3/$6 USD) - 2015/12/18 0:37:54 ET
Table 'Ganymede' 6-max Seat #1 is the button
Seat 1: VolkovDmitri ($120 in chips)
Seat 2: ivy100 ($124.09 in chips)
VolkovDmitri: posts small blind $1
ivy100: posts big blind $3
*** HOLE CARDS ***
VolkovDmitri: raises $3 to $6
ivy100: calls $3
*** FLOP *** [Ah Kd Jc]
ivy100: bets $3
VolkovDmitri: folds
Uncalled bet ($3) returned to ivy100
ivy100 collected $11.76 from pot
ivy100: doesn't show hand
*** SUMMARY ***
Total pot $12 | Rake $0.24
Board [Ah Kd Jc]
Seat 1: VolkovDmitri (button) (small blind) folded on the Flop
Seat 2: ivy100 (big blind) collected ($11.76)


PokerStars Hand #145516644601:  Hold'em Limit ($3/$6 USD) - 2015/12/18 0:38:14 ET
Table 'Ganymede' 6-max Seat #2 is the button
Seat 1: VolkovDmitri ($120 in chips)
Seat 2: ivy100 ($129.85 in chips)
ivy100: posts small blind $1
VolkovDmitri: posts big blind $3
*** HOLE CARDS ***
ivy100: raises $3 to $6
VolkovDmitri: calls $3
*** FLOP *** [4h 2d 6h]
VolkovDmitri: checks
ivy100: bets $3
VolkovDmitri: calls $3
*** TURN *** [4h 2d 6h] [Kc]
VolkovDmitri: checks
ivy100: bets $6
VolkovDmitri: folds
Uncalled bet ($6) returned to ivy100
ivy100 collected $17.64 from pot
ivy100: doesn't show hand
*** SUMMARY ***
Total pot $18 | Rake $0.36
Board [4h 2d 6h Kc]
Seat 1: VolkovDmitri (big blind) folded on the Turn
Seat 2: ivy100 (button) (small blind) collected ($17.64)


PokerStars Hand #145516654369:  Hold'em Limit ($3/$6 USD) - 2015/12/18 0:38:52 ET
Table 'Ganymede' 6-max Seat #1 is the button
Seat 1: VolkovDmitri ($120 in chips)
Seat 2: ivy100 ($138.49 in chips)
VolkovDmitri: posts small blind $1
ivy100: posts big blind $3
*** HOLE CARDS ***
VolkovDmitri: raises $3 to $6
ivy100: calls $3
*** FLOP *** [7c 3d 6s]
ivy100: checks
VolkovDmitri: bets $3
ivy100: calls $3
*** TURN *** [7c 3d 6s] [6h]
ivy100: bets $6
VolkovDmitri: raises $6 to $12
ivy100: calls $6
*** RIVER *** [7c 3d 6s 6h] [4d]
ivy100: checks
VolkovDmitri: bets $6
ivy100: calls $6
*** SHOW DOWN ***
VolkovDmitri: shows [7d 7h] (a full house, Sevens full of Sixes)
ivy100: mucks hand
VolkovDmitri collected $53.50 from pot
*** SUMMARY ***
Total pot $54 | Rake $0.50
Board [7c 3d 6s 6h 4d]
Seat 1: VolkovDmitri (button) (small blind) showed [7d 7h] and won ($53.50) with a full house, Sevens full of Sixes
Seat 2: ivy100 (big blind) mucked


PokerStars Hand #145516664428:  Hold'em Limit ($3/$6 USD) - 2015/12/18 0:39:30 ET
Table 'Ganymede' 6-max Seat #2 is the button
Seat 1: VolkovDmitri ($146.50 in chips)
Seat 2: ivy100 ($111.49 in chips)
ivy100: posts small blind $1
VolkovDmitri: posts big blind $3
*** HOLE CARDS ***
ivy100: calls $2
VolkovDmitri: raises $3 to $6
ivy100: calls $3
*** FLOP *** [4h Tc 5h]
VolkovDmitri: bets $3
ivy100: raises $3 to $6
VolkovDmitri: calls $3
*** TURN *** [4h Tc 5h] [Kc]
VolkovDmitri: checks
ivy100: bets $6
VolkovDmitri: raises $6 to $12
ivy100: calls $6
*** RIVER *** [4h Tc 5h Kc] [6c]
VolkovDmitri: bets $6
ivy100: calls $6
*** SHOW DOWN ***
VolkovDmitri: shows [6h Kh] (two pair, Kings and Sixes)
ivy100: mucks hand
VolkovDmitri collected $59.50 from pot
*** SUMMARY ***
Total pot $60 | Rake $0.50
Board [4h Tc 5h Kc 6c]
Seat 1: VolkovDmitri (big blind) showed [6h Kh] and won ($59.50) with two pair, Kings and Sixes
Seat 2: ivy100 (button) (small blind) mucked


PokerStars Hand #145516675244:  Hold'em Limit ($3/$6 USD) - 2015/12/18 0:40:11 ET
Table 'Ganymede' 6-max Seat #1 is the button
Seat 1: VolkovDmitri ($176 in chips)
Seat 2: ivy100 ($81.49 in chips)
VolkovDmitri: posts small blind $1
ivy100: posts big blind $3
*** HOLE CARDS ***
VolkovDmitri: raises $3 to $6
ivy100: raises $3 to $9
VolkovDmitri: calls $3
*** FLOP *** [Th 7h 2c]
ivy100: bets $3
VolkovDmitri: calls $3
*** TURN *** [Th 7h 2c] [Td]
ivy100: bets $6
VolkovDmitri: calls $6
*** RIVER *** [Th 7h 2c Td] [2s]
ivy100: bets $6
VolkovDmitri: calls $6
*** SHOW DOWN ***
ivy100: shows [5h Ac] (two pair, Tens and Deuces)
VolkovDmitri: mucks hand
ivy100 collected $47.50 from pot
*** SUMMARY ***
Total pot $48 | Rake $0.50
Board [Th 7h 2c Td 2s]
Seat 1: VolkovDmitri (button) (small blind) mucked
Seat 2: ivy100 (big blind) showed [5h Ac] and won ($47.50) with two pair, Tens and Deuces


PokerStars Hand #145516683560:  Hold'em Limit ($3/$6 USD) - 2015/12/18 0:40:43 ET
Table 'Ganymede' 6-max Seat #2 is the button
Seat 1: VolkovDmitri ($152 in chips)
Seat 2: ivy100 ($104.99 in chips)
ivy100: posts small blind $1
VolkovDmitri: posts big blind $3
*** HOLE CARDS ***
ivy100: calls $2
VolkovDmitri: raises $3 to $6
ivy100: calls $3
*** FLOP *** [7h 3s Js]
VolkovDmitri: bets $3
ivy100: calls $3
*** TURN *** [7h 3s Js] [4h]
VolkovDmitri: bets $6
ivy100: calls $6
*** RIVER *** [7h 3s Js 4h] [4c]
VolkovDmitri: checks
ivy100: checks
*** SHOW DOWN ***
VolkovDmitri: shows [5s 5h] (two pair, Fives and Fours)
ivy100: shows [7s Qd] (two pair, Sevens and Fours)
ivy100 collected $29.50 from pot
*** SUMMARY ***
Total pot $30 | Rake $0.50
Board [7h 3s Js 4h 4c]
Seat 1: VolkovDmitri (big blind) showed [5s 5h] and lost with two pair, Fives and Fours
Seat 2: ivy100 (button) (small blind) showed [7s Qd] and won ($29.50) with two pair, Sevens and Fours


PokerStars Hand #145516704011:  Hold'em Limit ($3/$6 USD) - 2015/12/18 0:42:00 ET
Table 'Ganymede' 6-max Seat #2 is the button
Seat 1: VolkovDmitri ($120 in chips)
Seat 2: ivy100 ($136.99 in chips)
ivy100: posts small blind $1
VolkovDmitri: posts big blind $3
*** HOLE CARDS ***
ivy100: calls $2
VolkovDmitri: checks
*** FLOP *** [Tc Ac Kc]
VolkovDmitri: bets $3
ivy100: calls $3
*** TURN *** [Tc Ac Kc] [Jc]
VolkovDmitri: checks
ivy100: bets $6
VolkovDmitri: folds
Uncalled bet ($6) returned to ivy100
ivy100 collected $11.76 from pot
ivy100: doesn't show hand
*** SUMMARY ***
Total pot $12 | Rake $0.24
Board [Tc Ac Kc Jc]
Seat 1: VolkovDmitri (big blind) folded on the Turn
Seat 2: ivy100 (button) (small blind) collected ($11.76)


PokerStars Hand #145516712975:  Hold'em Limit ($3/$6 USD) - 2015/12/18 0:42:31 ET
Table 'Ganymede' 6-max Seat #1 is the button
Seat 1: VolkovDmitri ($120 in chips)
Seat 2: ivy100 ($142.75 in chips)
VolkovDmitri: posts small blind $1
ivy100: posts big blind $3
*** HOLE CARDS ***
VolkovDmitri: raises $3 to $6
ivy100: calls $3
*** FLOP *** [Jd Js Ts]
ivy100: bets $3
VolkovDmitri: calls $3
*** TURN *** [Jd Js Ts] [4c]
ivy100: checks
VolkovDmitri: bets $6
ivy100: folds
Uncalled bet ($6) returned to VolkovDmitri
VolkovDmitri collected $17.64 from pot
VolkovDmitri: doesn't show hand
*** SUMMARY ***
Total pot $18 | Rake $0.36
Board [Jd Js Ts 4c]
Seat 1: VolkovDmitri (button) (small blind) collected ($17.64)
Seat 2: ivy100 (big blind) folded on the Turn


PokerStars Hand #145516719853:  Hold'em Limit ($3/$6 USD) - 2015/12/18 0:42:56 ET
Table 'Ganymede' 6-max Seat #2 is the button
Seat 1: VolkovDmitri ($128.64 in chips)
Seat 2: ivy100 ($133.75 in chips)
ivy100: posts small blind $1
VolkovDmitri: posts big blind $3
*** HOLE CARDS ***
ivy100: raises $3 to $6
VolkovDmitri: calls $3
*** FLOP *** [Th 6s Ad]
VolkovDmitri: checks
ivy100: bets $3
VolkovDmitri: raises $3 to $6
ivy100: calls $3
*** TURN *** [Th 6s Ad] [Qs]
VolkovDmitri: bets $6
ivy100: calls $6
*** RIVER *** [Th 6s Ad Qs] [Kc]
VolkovDmitri: checks
ivy100: checks
*** SHOW DOWN ***
VolkovDmitri: shows [5d As] (a pair of Aces)
ivy100: mucks hand
VolkovDmitri collected $35.50 from pot
*** SUMMARY ***
Total pot $36 | Rake $0.50
Board [Th 6s Ad Qs Kc]
Seat 1: VolkovDmitri (big blind) showed [5d As] and won ($35.50) with a pair of Aces
Seat 2: ivy100 (button) (small blind) mucked


PokerStars Hand #145516747337:  Hold'em Limit ($3/$6 USD) - 2015/12/18 0:44:35 ET
Table 'Ganymede' 6-max Seat #2 is the button
Seat 1: VolkovDmitri ($139.14 in chips)
Seat 2: ivy100 ($122.39 in chips)
ivy100: posts small blind $1
VolkovDmitri: posts big blind $3
*** HOLE CARDS ***
ivy100: folds
Uncalled bet ($2) returned to VolkovDmitri
VolkovDmitri collected $2 from pot
VolkovDmitri: doesn't show hand
*** SUMMARY ***
Total pot $2 | Rake $0
Seat 1: VolkovDmitri (big blind) collected ($2)
Seat 2: ivy100 (button) (small blind) folded before Flop


PokerStars Hand #145516730385:  Hold'em Limit ($3/$6 USD) - 2015/12/18 0:43:34 ET
Table 'Ganymede' 6-max Seat #1 is the button
Seat 1: VolkovDmitri ($146.14 in chips)
Seat 2: ivy100 ($115.75 in chips)
VolkovDmitri: posts small blind $1
ivy100: posts big blind $3
*** HOLE CARDS ***
VolkovDmitri: raises $3 to $6
ivy100: folds
Uncalled bet ($3) returned to VolkovDmitri
VolkovDmitri collected $6 from pot
VolkovDmitri: doesn't show hand
*** SUMMARY ***
Total pot $6 | Rake $0
Seat 1: VolkovDmitri (button) (small blind) collected ($6)
Seat 2: ivy100 (big blind) folded before Flop


PokerStars Hand #145516744066:  Hold'em Limit ($3/$6 USD) - 2015/12/18 0:44:23 ET
Table 'Ganymede' 6-max Seat #1 is the button
Seat 1: VolkovDmitri ($140.14 in chips)
Seat 2: ivy100 ($121.39 in chips)
VolkovDmitri: posts small blind $1
ivy100: posts big blind $3
*** HOLE CARDS ***
VolkovDmitri: folds
Uncalled bet ($2) returned to ivy100
ivy100 collected $2 from pot
ivy100: doesn't show hand
*** SUMMARY ***
Total pot $2 | Rake $0
Seat 1: VolkovDmitri (button) (small blind) folded before Flop
Seat 2: ivy100 (big blind) collected ($2)


PokerStars Hand #145516735256:  Hold'em Limit ($3/$6 USD) - 2015/12/18 0:43:51 ET
Table 'Ganymede' 6-max Seat #2 is the button
Seat 1: VolkovDmitri ($149.14 in chips)
Seat 2: ivy100 ($112.75 in chips)
ivy100: posts small blind $1
VolkovDmitri: posts big blind $3
*** HOLE CARDS ***
ivy100: raises $3 to $6
VolkovDmitri: calls $3
*** FLOP *** [Jd 8h 9h]
VolkovDmitri: checks
ivy100: bets $3
VolkovDmitri: calls $3
*** TURN *** [Jd 8h 9h] [3s]
VolkovDmitri: checks
ivy100: bets $6
VolkovDmitri: folds
Uncalled bet ($6) returned to ivy100
ivy100 collected $17.64 from pot
ivy100: doesn't show hand
*** SUMMARY ***
Total pot $18 | Rake $0.36
Board [Jd 8h 9h 3s]
Seat 1: VolkovDmitri (big blind) folded on the Turn
Seat 2: ivy100 (button) (small blind) collected ($17.64)


PokerStars Hand #145516751862:  Hold'em Limit ($3/$6 USD) - 2015/12/18 0:44:51 ET
Table 'Ganymede' 6-max Seat #2 is the button
Seat 1: VolkovDmitri ($143.14 in chips)
Seat 2: ivy100 ($118.39 in chips)
ivy100: posts small blind $1
VolkovDmitri: posts big blind $3
*** HOLE CARDS ***
ivy100: raises $3 to $6
VolkovDmitri: calls $3
*** FLOP *** [Jd 7d Ad]
VolkovDmitri: checks
ivy100: bets $3
VolkovDmitri: calls $3
*** TURN *** [Jd 7d Ad] [Jc]
VolkovDmitri: checks
ivy100: bets $6
VolkovDmitri: calls $6
*** RIVER *** [Jd 7d Ad Jc] [2c]
VolkovDmitri: checks
ivy100: bets $6
VolkovDmitri: calls $6
*** SHOW DOWN ***
ivy100: shows [Qh Jh] (three of a kind, Jacks)
VolkovDmitri: mucks hand
ivy100 collected $41.50 from pot
*** SUMMARY ***
Total pot $42 | Rake $0.50
Board [Jd 7d Ad Jc 2c]
Seat 1: VolkovDmitri (big blind) mucked
Seat 2: ivy100 (button) (small blind) showed [Qh Jh] and won ($41.50) with three of a kind, Jacks


PokerStars Hand #145516748831:  Hold'em Limit ($3/$6 USD) - 2015/12/18 0:44:40 ET
Table 'Ganymede' 6-max Seat #1 is the button
Seat 1: VolkovDmitri ($140.14 in chips)
Seat 2: ivy100 ($121.39 in chips)
VolkovDmitri: posts small blind $1
ivy100: posts big blind $3
*** HOLE CARDS ***
VolkovDmitri: raises $3 to $6
ivy100: folds
Uncalled bet ($3) returned to VolkovDmitri
VolkovDmitri collected $6 from pot
VolkovDmitri: doesn't show hand
*** SUMMARY ***
Total pot $6 | Rake $0
Seat 1: VolkovDmitri (button) (small blind) collected ($6)
Seat 2: ivy100 (big blind) folded before Flop


PokerStars Hand #145516766450:  Hold'em Limit ($3/$6 USD) - 2015/12/18 0:45:44 ET
Table 'Ganymede' 6-max Seat #1 is the button
Seat 1: VolkovDmitri ($122.14 in chips)
Seat 2: ivy100 ($138.89 in chips)
VolkovDmitri: posts small blind $1
ivy100: posts big blind $3
*** HOLE CARDS ***
VolkovDmitri: raises $3 to $6
ivy100: raises $3 to $9
VolkovDmitri: calls $3
*** FLOP *** [6c As 3s]
ivy100: bets $3
VolkovDmitri: folds
Uncalled bet ($3) returned to ivy100
ivy100 collected $17.64 from pot
ivy100: doesn't show hand
*** SUMMARY ***
Total pot $18 | Rake $0.36
Board [6c As 3s]
Seat 1: VolkovDmitri (button) (small blind) folded on the Flop
Seat 2: ivy100 (big blind) collected ($17.64)


PokerStars Hand #145516773403:  Hold'em Limit ($3/$6 USD) - 2015/12/18 0:46:09 ET
Table 'Ganymede' 6-max Seat #2 is the button
Seat 1: VolkovDmitri ($120 in chips)
Seat 2: ivy100 ($147.53 in chips)
ivy100: posts small blind $1
VolkovDmitri: posts big blind $3
*** HOLE CARDS ***
ivy100: calls $2
VolkovDmitri: raises $3 to $6
ivy100: calls $3
*** FLOP *** [6d 6s 3s]
VolkovDmitri: bets $3
ivy100: raises $3 to $6
VolkovDmitri: calls $3
*** TURN *** [6d 6s 3s] [4d]
VolkovDmitri: checks
ivy100: bets $6
VolkovDmitri: folds
Uncalled bet ($6) returned to ivy100
ivy100 collected $23.52 from pot
ivy100: doesn't show hand
*** SUMMARY ***
Total pot $24 | Rake $0.48
Board [6d 6s 3s 4d]
Seat 1: VolkovDmitri (big blind) folded on the Turn
Seat 2: ivy100 (button) (small blind) collected ($23.52)


PokerStars Hand #145516788476:  Hold'em Limit ($3/$6 USD) - 2015/12/18 0:47:04 ET
Table 'Ganymede' 6-max Seat #2 is the button
Seat 1: VolkovDmitri ($131.52 in chips)
Seat 2: ivy100 ($147.05 in chips)
ivy100: posts small blind $1
VolkovDmitri: posts big blind $3
*** HOLE CARDS ***
ivy100: raises $3 to $6
VolkovDmitri: calls $3
*** FLOP *** [6s Ks 5s]
VolkovDmitri: checks
ivy100: bets $3
VolkovDmitri: raises $3 to $6
ivy100: calls $3
*** TURN *** [6s Ks 5s] [2s]
VolkovDmitri: checks
ivy100: checks
*** RIVER *** [6s Ks 5s 2s] [Js]
VolkovDmitri: checks
ivy100: bets $6
VolkovDmitri: calls $6
*** SHOW DOWN ***
ivy100: shows [Jd Kh] (a flush, King high)
VolkovDmitri: shows [6h 4c] (a flush, King high)
VolkovDmitri collected $17.75 from pot
ivy100 collected $17.75 from pot
*** SUMMARY ***
Total pot $36 | Rake $0.50
Board [6s Ks 5s 2s Js]
Seat 1: VolkovDmitri (big blind) showed [6h 4c] and won ($17.75) with a flush, King high
Seat 2: ivy100 (button) (small blind) showed [Jd Kh] and won ($17.75) with a flush, King high


PokerStars Hand #145516780971:  Hold'em Limit ($3/$6 USD) - 2015/12/18 0:46:37 ET
Table 'Ganymede' 6-max Seat #1 is the button
Seat 1: VolkovDmitri ($120 in chips)
Seat 2: ivy100 ($159.05 in chips)
VolkovDmitri: posts small blind $1
ivy100: posts big blind $3
*** HOLE CARDS ***
VolkovDmitri: raises $3 to $6
ivy100: calls $3
*** FLOP *** [Ac 5c 8h]
ivy100: bets $3
VolkovDmitri: raises $3 to $6
ivy100: calls $3
*** TURN *** [Ac 5c 8h] [Tc]
ivy100: checks
VolkovDmitri: bets $6
ivy100: folds
Uncalled bet ($6) returned to VolkovDmitri
VolkovDmitri collected $23.52 from pot
VolkovDmitri: doesn't show hand
*** SUMMARY ***
Total pot $24 | Rake $0.48
Board [Ac 5c 8h Tc]
Seat 1: VolkovDmitri (button) (small blind) collected ($23.52)
Seat 2: ivy100 (big blind) folded on the Turn


PokerStars Hand #145516802477:  Hold'em Limit ($3/$6 USD) - 2015/12/18 0:47:56 ET
Table 'Ganymede' 6-max Seat #2 is the button
Seat 1: VolkovDmitri ($120 in chips)
Seat 2: ivy100 ($173.30 in chips)
ivy100: posts small blind $1
VolkovDmitri: posts big blind $3
*** HOLE CARDS ***
ivy100: raises $3 to $6
VolkovDmitri: calls $3
*** FLOP *** [8d Qs 2h]
VolkovDmitri: checks
ivy100: bets $3
VolkovDmitri: calls $3
*** TURN *** [8d Qs 2h] [Ks]
VolkovDmitri: checks
ivy100: bets $6
VolkovDmitri: folds
Uncalled bet ($6) returned to ivy100
ivy100 collected $17.64 from pot
ivy100: doesn't show hand
*** SUMMARY ***
Total pot $18 | Rake $0.36
Board [8d Qs 2h Ks]
Seat 1: VolkovDmitri (big blind) folded on the Turn
Seat 2: ivy100 (button) (small blind) collected ($17.64)


PokerStars Hand #145516797480:  Hold'em Limit ($3/$6 USD) - 2015/12/18 0:47:37 ET
Table 'Ganymede' 6-max Seat #1 is the button
Seat 1: VolkovDmitri ($131.27 in chips)
Seat 2: ivy100 ($146.80 in chips)
VolkovDmitri: posts small blind $1
ivy100: posts big blind $3
*** HOLE CARDS ***
VolkovDmitri: raises $3 to $6
ivy100: calls $3
*** FLOP *** [Kh 2s Jh]
ivy100: bets $3
VolkovDmitri: calls $3
*** TURN *** [Kh 2s Jh] [6d]
ivy100: bets $6
VolkovDmitri: raises $6 to $12
ivy100: calls $6
*** RIVER *** [Kh 2s Jh 6d] [Jc]
ivy100: bets $6
VolkovDmitri: calls $6
*** SHOW DOWN ***
ivy100: shows [Td Js] (three of a kind, Jacks)
VolkovDmitri: mucks hand
ivy100 collected $53.50 from pot
*** SUMMARY ***
Total pot $54 | Rake $0.50
Board [Kh 2s Jh 6d Jc]
Seat 1: VolkovDmitri (button) (small blind) mucked
Seat 2: ivy100 (big blind) showed [Td Js] and won ($53.50) with three of a kind, Jacks


PokerStars Hand #145516818711:  Hold'em Limit ($3/$6 USD) - 2015/12/18 0:48:55 ET
Table 'Ganymede' 6-max Seat #2 is the button
Seat 1: VolkovDmitri ($123 in chips)
Seat 2: ivy100 ($178.94 in chips)
ivy100: posts small blind $1
VolkovDmitri: posts big blind $3
*** HOLE CARDS ***
ivy100: raises $3 to $6
VolkovDmitri: calls $3
*** FLOP *** [5c Ad Tc]
VolkovDmitri: checks
ivy100: bets $3
VolkovDmitri: folds
Uncalled bet ($3) returned to ivy100
ivy100 collected $11.76 from pot
ivy100: doesn't show hand
*** SUMMARY ***
Total pot $12 | Rake $0.24
Board [5c Ad Tc]
Seat 1: VolkovDmitri (big blind) folded on the Flop
Seat 2: ivy100 (button) (small blind) collected ($11.76)


PokerStars Hand #145516816745:  Hold'em Limit ($3/$6 USD) - 2015/12/18 0:48:47 ET
Table 'Ganymede' 6-max Seat #1 is the button
Seat 1: VolkovDmitri ($120 in chips)
Seat 2: ivy100 ($181.94 in chips)
VolkovDmitri: posts small blind $1
ivy100: posts big blind $3
*** HOLE CARDS ***
VolkovDmitri: raises $3 to $6
ivy100: folds
Uncalled bet ($3) returned to VolkovDmitri
VolkovDmitri collected $6 from pot
VolkovDmitri: doesn't show hand
*** SUMMARY ***
Total pot $6 | Rake $0
Seat 1: VolkovDmitri (button) (small blind) collected ($6)
Seat 2: ivy100 (big blind) folded before Flop


PokerStars Hand #145516830391:  Hold'em Limit ($3/$6 USD) - 2015/12/18 0:49:37 ET
Table 'Ganymede' 6-max Seat #1 is the button
Seat 1: VolkovDmitri ($120 in chips)
Seat 2: ivy100 ($184.70 in chips)
VolkovDmitri: posts small blind $1
ivy100: posts big blind $3
*** HOLE CARDS ***
VolkovDmitri: raises $3 to $6
ivy100: calls $3
*** FLOP *** [3h 7h Jd]
ivy100: bets $3
VolkovDmitri: calls $3
*** TURN *** [3h 7h Jd] [9h]
ivy100: bets $6
VolkovDmitri: calls $6
*** RIVER *** [3h 7h Jd 9h] [Qh]
ivy100: bets $6
VolkovDmitri: calls $6
*** SHOW DOWN ***
ivy100: shows [Th Jh] (a flush, Queen high)
VolkovDmitri: mucks hand
ivy100 collected $41.50 from pot
*** SUMMARY ***
Total pot $42 | Rake $0.50
Board [3h 7h Jd 9h Qh]
Seat 1: VolkovDmitri (button) (small blind) mucked
Seat 2: ivy100 (big blind) showed [Th Jh] and won ($41.50) with a flush, Queen high


PokerStars Hand #145516836757:  Hold'em Limit ($3/$6 USD) - 2015/12/18 0:49:59 ET
Table 'Ganymede' 6-max Seat #2 is the button
Seat 1: VolkovDmitri ($120 in chips)
Seat 2: ivy100 ($205.20 in chips)
ivy100: posts small blind $1
VolkovDmitri: posts big blind $3
*** HOLE CARDS ***
ivy100: raises $3 to $6
VolkovDmitri: calls $3
*** FLOP *** [Th 3d Qd]
VolkovDmitri: checks
ivy100: bets $3
VolkovDmitri: raises $3 to $6
ivy100: folds
Uncalled bet ($3) returned to VolkovDmitri
VolkovDmitri collected $17.64 from pot
VolkovDmitri: doesn't show hand
*** SUMMARY ***
Total pot $18 | Rake $0.36
Board [Th 3d Qd]
Seat 1: VolkovDmitri (big blind) collected ($17.64)
Seat 2: ivy100 (button) (small blind) folded on the Flop


PokerStars Hand #145516845142:  Hold'em Limit ($3/$6 USD) - 2015/12/18 0:50:30 ET
Table 'Ganymede' 6-max Seat #1 is the button
Seat 1: VolkovDmitri ($128.64 in chips)
Seat 2: ivy100 ($196.20 in chips)
VolkovDmitri: posts small blind $1
ivy100: posts big blind $3
*** HOLE CARDS ***
VolkovDmitri: raises $3 to $6
ivy100: raises $3 to $9
VolkovDmitri: calls $3
*** FLOP *** [8h 8d 2s]
ivy100: bets $3
VolkovDmitri: calls $3
*** TURN *** [8h 8d 2s] [5s]
ivy100: bets $6
VolkovDmitri: calls $6
*** RIVER *** [8h 8d 2s 5s] [Jc]
ivy100: bets $6
VolkovDmitri: folds
Uncalled bet ($6) returned to ivy100
ivy100 collected $35.50 from pot
ivy100: doesn't show hand
*** SUMMARY ***
Total pot $36 | Rake $0.50
Board [8h 8d 2s 5s Jc]
Seat 1: VolkovDmitri (button) (small blind) folded on the River
Seat 2: ivy100 (big blind) collected ($35.50)


PokerStars Hand #145516858740:  Hold'em Limit ($3/$6 USD) - 2015/12/18 0:51:20 ET
Table 'Ganymede' 6-max Seat #1 is the button
Seat 1: VolkovDmitri ($120 in chips)
Seat 2: ivy100 ($216.70 in chips)
VolkovDmitri: posts small blind $1
ivy100: posts big blind $3
*** HOLE CARDS ***
VolkovDmitri: raises $3 to $6
ivy100: calls $3
*** FLOP *** [8h Kc 8s]
ivy100: checks
VolkovDmitri: bets $3
ivy100: folds
Uncalled bet ($3) returned to VolkovDmitri
VolkovDmitri collected $11.76 from pot
VolkovDmitri: doesn't show hand
*** SUMMARY ***
Total pot $12 | Rake $0.24
Board [8h Kc 8s]
Seat 1: VolkovDmitri (button) (small blind) collected ($11.76)
Seat 2: ivy100 (big blind) folded on the Flop


PokerStars Hand #145516854091:  Hold'em Limit ($3/$6 USD) - 2015/12/18 0:51:03 ET
Table 'Ganymede' 6-max Seat #2 is the button
Seat 1: VolkovDmitri ($120 in chips)
Seat 2: ivy100 ($213.70 in chips)
ivy100: posts small blind $1
VolkovDmitri: posts big blind $3
*** HOLE CARDS ***
ivy100: raises $3 to $6
VolkovDmitri: folds
Uncalled bet ($3) returned to ivy100
ivy100 collected $6 from pot
ivy100: doesn't show hand
*** SUMMARY ***
Total pot $6 | Rake $0
Seat 1: VolkovDmitri (big blind) folded before Flop
Seat 2: ivy100 (button) (small blind) collected ($6)


PokerStars Hand #145516888507:  Hold'em Limit ($3/$6 USD) - 2015/12/18 0:53:10 ET
Table 'Ganymede' 6-max Seat #1 is the button
Seat 1: VolkovDmitri ($120 in chips)
Seat 2: ivy100 ($234.20 in chips)
VolkovDmitri: posts small blind $1
ivy100: posts big blind $3
*** HOLE CARDS ***
VolkovDmitri: folds
Uncalled bet ($2) returned to ivy100
ivy100 collected $2 from pot
ivy100: doesn't show hand
*** SUMMARY ***
Total pot $2 | Rake $0
Seat 1: VolkovDmitri (button) (small blind) folded before Flop
Seat 2: ivy100 (big blind) collected ($2)


PokerStars Hand #145516865993:  Hold'em Limit ($3/$6 USD) - 2015/12/18 0:51:47 ET
Table 'Ganymede' 6-max Seat #2 is the button
Seat 1: VolkovDmitri ($125.76 in chips)
Seat 2: ivy100 ($210.70 in chips)
ivy100: posts small blind $1
VolkovDmitri: posts big blind $3
*** HOLE CARDS ***
ivy100: raises $3 to $6
VolkovDmitri: calls $3
*** FLOP *** [2s 7c Qs]
VolkovDmitri: checks
ivy100: bets $3
VolkovDmitri: raises $3 to $6
ivy100: calls $3
*** TURN *** [2s 7c Qs] [8s]
VolkovDmitri: bets $6
ivy100: raises $6 to $12
VolkovDmitri: calls $6
*** RIVER *** [2s 7c Qs 8s] [Ts]
VolkovDmitri: checks
ivy100: checks
*** SHOW DOWN ***
VolkovDmitri: shows [7d Kh] (a pair of Sevens)
ivy100: shows [Qc Jc] (a pair of Queens)
ivy100 collected $47.50 from pot
*** SUMMARY ***
Total pot $48 | Rake $0.50
Board [2s 7c Qs 8s Ts]
Seat 1: VolkovDmitri (big blind) showed [7d Kh] and lost with a pair of Sevens
Seat 2: ivy100 (button) (small blind) showed [Qc Jc] and won ($47.50) with a pair of Queens


PokerStars Hand #145516890548:  Hold'em Limit ($3/$6 USD) - 2015/12/18 0:53:17 ET
Table 'Ganymede' 6-max Seat #2 is the button
Seat 1: VolkovDmitri ($120 in chips)
Seat 2: ivy100 ($235.20 in chips)
ivy100: posts small blind $1
VolkovDmitri: posts big blind $3
*** HOLE CARDS ***
ivy100: raises $3 to $6
VolkovDmitri: calls $3
*** FLOP *** [4c 8d Ks]
VolkovDmitri: bets $3
ivy100: raises $3 to $6
VolkovDmitri: calls $3
*** TURN *** [4c 8d Ks] [4s]
VolkovDmitri: checks
ivy100: bets $6
VolkovDmitri: calls $6
*** RIVER *** [4c 8d Ks 4s] [9c]
VolkovDmitri: checks
ivy100: bets $6
VolkovDmitri: calls $6
*** SHOW DOWN ***
ivy100: shows [Qd Th] (a pair of Fours)
VolkovDmitri: shows [5d 8s] (two pair, Eights and Fours)
VolkovDmitri collected $47.50 from pot
*** SUMMARY ***
Total pot $48 | Rake $0.50
Board [4c 8d Ks 4s 9c]
Seat 1: VolkovDmitri (big blind) showed [5d 8s] and won ($47.50) with two pair, Eights and Fours
Seat 2: ivy100 (button) (small blind) showed [Qd Th] and lost with a pair of Fours


PokerStars Hand #145516908254:  Hold'em Limit ($3/$6 USD) - 2015/12/18 0:54:23 ET
Table 'Ganymede' 6-max Seat #1 is the button
Seat 1: VolkovDmitri ($143.50 in chips)
Seat 2: ivy100 ($211.20 in chips)
VolkovDmitri: posts small blind $1
ivy100: posts big blind $3
*** HOLE CARDS ***
VolkovDmitri: raises $3 to $6
ivy100: calls $3
*** FLOP *** [Ts 5d 3c]
ivy100: bets $3
VolkovDmitri: calls $3
*** TURN *** [Ts 5d 3c] [6c]
ivy100: bets $6
VolkovDmitri: calls $6
*** RIVER *** [Ts 5d 3c 6c] [2c]
ivy100: bets $6
VolkovDmitri: calls $6
*** SHOW DOWN ***
ivy100: shows [2s 6s] (two pair, Sixes and Deuces)
VolkovDmitri: mucks hand
ivy100 collected $41.50 from pot
*** SUMMARY ***
Total pot $42 | Rake $0.50
Board [Ts 5d 3c 6c 2c]
Seat 1: VolkovDmitri (button) (small blind) mucked
Seat 2: ivy100 (big blind) showed [2s 6s] and won ($41.50) with two pair, Sixes and Deuces


PokerStars Hand #145516914853:  Hold'em Limit ($3/$6 USD) - 2015/12/18 0:54:48 ET
Table 'Ganymede' 6-max Seat #2 is the button
Seat 1: VolkovDmitri ($122.50 in chips)
Seat 2: ivy100 ($231.70 in chips)
ivy100: posts small blind $1
VolkovDmitri: posts big blind $3
*** HOLE CARDS ***
ivy100: calls $2
VolkovDmitri: raises $3 to $6
ivy100: calls $3
*** FLOP *** [6d 2d 8d]
VolkovDmitri: bets $3
ivy100: folds
Uncalled bet ($3) returned to VolkovDmitri
VolkovDmitri collected $11.76 from pot
VolkovDmitri: doesn't show hand
*** SUMMARY ***
Total pot $12 | Rake $0.24
Board [6d 2d 8d]
Seat 1: VolkovDmitri (big blind) collected ($11.76)
Seat 2: ivy100 (button) (small blind) folded on the Flop


PokerStars Hand #145516919039:  Hold'em Limit ($3/$6 USD) - 2015/12/18 0:55:03 ET
Table 'Ganymede' 6-max Seat #1 is the button
Seat 1: VolkovDmitri ($128.26 in chips)
Seat 2: ivy100 ($225.70 in chips)
VolkovDmitri: posts small blind $1
ivy100: posts big blind $3
*** HOLE CARDS ***
VolkovDmitri: raises $3 to $6
ivy100: calls $3
*** FLOP *** [8c 8s 7h]
ivy100: checks
VolkovDmitri: bets $3
ivy100: folds
Uncalled bet ($3) returned to VolkovDmitri
VolkovDmitri collected $11.76 from pot
VolkovDmitri: doesn't show hand
*** SUMMARY ***
Total pot $12 | Rake $0.24
Board [8c 8s 7h]
Seat 1: VolkovDmitri (button) (small blind) collected ($11.76)
Seat 2: ivy100 (big blind) folded on the Flop


PokerStars Hand #145516928200:  Hold'em Limit ($3/$6 USD) - 2015/12/18 0:55:42 ET
Table 'Ganymede' 6-max Seat #1 is the button
Seat 1: VolkovDmitri ($131.02 in chips)
Seat 2: ivy100 ($222.58 in chips)
VolkovDmitri: posts small blind $1
ivy100: posts big blind $3
*** HOLE CARDS ***
VolkovDmitri: folds
Uncalled bet ($2) returned to ivy100
ivy100 collected $2 from pot
ivy100: doesn't show hand
*** SUMMARY ***
Total pot $2 | Rake $0
Seat 1: VolkovDmitri (button) (small blind) folded before Flop
Seat 2: ivy100 (big blind) collected ($2)


PokerStars Hand #145516923548:  Hold'em Limit ($3/$6 USD) - 2015/12/18 0:55:21 ET
Table 'Ganymede' 6-max Seat #2 is the button
Seat 1: VolkovDmitri ($134.02 in chips)
Seat 2: ivy100 ($219.70 in chips)
ivy100: posts small blind $1
VolkovDmitri: posts big blind $3
*** HOLE CARDS ***
ivy100: calls $2
VolkovDmitri: checks
*** FLOP *** [9h 4d Jc]
VolkovDmitri: checks
ivy100: bets $3
VolkovDmitri: folds
Uncalled bet ($3) returned to ivy100
ivy100 collected $5.88 from pot
ivy100: doesn't show hand
*** SUMMARY ***
Total pot $6 | Rake $0.12
Board [9h 4d Jc]
Seat 1: VolkovDmitri (big blind) folded on the Flop
Seat 2: ivy100 (button) (small blind) collected ($5.88)


PokerStars Hand #145516949041:  Hold'em Limit ($3/$6 USD) - 2015/12/18 0:57:16 ET
Table 'Ganymede' 6-max Seat #2 is the button
Seat 1: VolkovDmitri ($120 in chips)
Seat 2: ivy100 ($270.60 in chips)
ivy100: posts small blind $1
VolkovDmitri: posts big blind $3
*** HOLE CARDS ***
ivy100: calls $2
VolkovDmitri: checks
*** FLOP *** [Js Td 9s]
VolkovDmitri: checks
ivy100: bets $3
VolkovDmitri: folds
Uncalled bet ($3) returned to ivy100
ivy100 collected $5.88 from pot
ivy100: doesn't show hand
*** SUMMARY ***
Total pot $6 | Rake $0.12
Board [Js Td 9s]
Seat 1: VolkovDmitri (big blind) folded on the Flop
Seat 2: ivy100 (button) (small blind) collected ($5.88)


PokerStars Hand #145516940492:  Hold'em Limit ($3/$6 USD) - 2015/12/18 0:56:38 ET
Table 'Ganymede' 6-max Seat #1 is the button
Seat 1: VolkovDmitri ($120 in chips)
Seat 2: ivy100 ($235.10 in chips)
VolkovDmitri: posts small blind $1
ivy100: posts big blind $3
*** HOLE CARDS ***
VolkovDmitri: raises $3 to $6
ivy100: raises $3 to $9
VolkovDmitri: calls $3
*** FLOP *** [Jd 3c 3h]
ivy100: bets $3
VolkovDmitri: calls $3
*** TURN *** [Jd 3c 3h] [9s]
ivy100: bets $6
VolkovDmitri: calls $6
*** RIVER *** [Jd 3c 3h 9s] [Ac]
ivy100: bets $6
VolkovDmitri: raises $6 to $12
ivy100: raises $6 to $18
VolkovDmitri: calls $6
*** SHOW DOWN ***
ivy100: shows [Ah Kh] (two pair, Aces and Threes)
VolkovDmitri: mucks hand
ivy100 collected $71.50 from pot
*** SUMMARY ***
Total pot $72 | Rake $0.50
Board [Jd 3c 3h 9s Ac]
Seat 1: VolkovDmitri (button) (small blind) mucked
Seat 2: ivy100 (big blind) showed [Ah Kh] and won ($71.50) with two pair, Aces and Threes


PokerStars Hand #145516952488:  Hold'em Limit ($3/$6 USD) - 2015/12/18 0:57:32 ET
Table 'Ganymede' 6-max Seat #1 is the button
Seat 1: VolkovDmitri ($120 in chips)
Seat 2: ivy100 ($273.48 in chips)
VolkovDmitri: posts small blind $1
ivy100: posts big blind $3
*** HOLE CARDS ***
VolkovDmitri: raises $3 to $6
ivy100: folds
Uncalled bet ($3) returned to VolkovDmitri
VolkovDmitri collected $6 from pot
VolkovDmitri: doesn't show hand
*** SUMMARY ***
Total pot $6 | Rake $0
Seat 1: VolkovDmitri (button) (small blind) collected ($6)
Seat 2: ivy100 (big blind) folded before Flop


PokerStars Hand #145516954247:  Hold'em Limit ($3/$6 USD) - 2015/12/18 0:57:40 ET
Table 'Ganymede' 6-max Seat #2 is the button
Seat 1: VolkovDmitri ($123 in chips)
Seat 2: ivy100 ($270.48 in chips)
ivy100: posts small blind $1
VolkovDmitri: posts big blind $3
*** HOLE CARDS ***
ivy100: raises $3 to $6
VolkovDmitri: calls $3
*** FLOP *** [7s Qh Jh]
VolkovDmitri: checks
ivy100: bets $3
VolkovDmitri: calls $3
*** TURN *** [7s Qh Jh] [As]
VolkovDmitri: checks
ivy100: bets $6
VolkovDmitri: folds
Uncalled bet ($6) returned to ivy100
ivy100 collected $17.64 from pot
ivy100: doesn't show hand
*** SUMMARY ***
Total pot $18 | Rake $0.36
Board [7s Qh Jh As]
Seat 1: VolkovDmitri (big blind) folded on the Turn
Seat 2: ivy100 (button) (small blind) collected ($17.64)


PokerStars Hand #145516974158:  Hold'em Limit ($3/$6 USD) - 2015/12/18 0:59:08 ET
Table 'Ganymede' 6-max Seat #2 is the button
Seat 1: VolkovDmitri ($125.76 in chips)
Seat 2: ivy100 ($273.12 in chips)
ivy100: posts small blind $1
VolkovDmitri: posts big blind $3
*** HOLE CARDS ***
ivy100: calls $2
VolkovDmitri: raises $3 to $6
ivy100: raises $3 to $9
VolkovDmitri: calls $3
*** FLOP *** [6s 3c Qd]
VolkovDmitri: checks
ivy100: bets $3
VolkovDmitri: folds
Uncalled bet ($3) returned to ivy100
ivy100 collected $17.64 from pot
ivy100: doesn't show hand
*** SUMMARY ***
Total pot $18 | Rake $0.36
Board [6s 3c Qd]
Seat 1: VolkovDmitri (big blind) folded on the Flop
Seat 2: ivy100 (button) (small blind) collected ($17.64)


PokerStars Hand #145516964382:  Hold'em Limit ($3/$6 USD) - 2015/12/18 0:58:25 ET
Table 'Ganymede' 6-max Seat #1 is the button
Seat 1: VolkovDmitri ($120 in chips)
Seat 2: ivy100 ($279.12 in chips)
VolkovDmitri: posts small blind $1
ivy100: posts big blind $3
*** HOLE CARDS ***
VolkovDmitri: raises $3 to $6
ivy100: calls $3
*** FLOP *** [Tc 3c As]
ivy100: checks
VolkovDmitri: bets $3
ivy100: folds
Uncalled bet ($3) returned to VolkovDmitri
VolkovDmitri collected $11.76 from pot
VolkovDmitri: doesn't show hand
*** SUMMARY ***
Total pot $12 | Rake $0.24
Board [Tc 3c As]
Seat 1: VolkovDmitri (button) (small blind) collected ($11.76)
Seat 2: ivy100 (big blind) folded on the Flop


PokerStars Hand #145516981443:  Hold'em Limit ($3/$6 USD) - 2015/12/18 0:59:41 ET
Table 'Ganymede' 6-max Seat #1 is the button
Seat 1: VolkovDmitri ($120 in chips)
Seat 2: ivy100 ($281.76 in chips)
VolkovDmitri: posts small blind $1
ivy100: posts big blind $3
*** HOLE CARDS ***
VolkovDmitri: raises $3 to $6
ivy100: calls $3
*** FLOP *** [7s Kh 9s]
ivy100: bets $3
VolkovDmitri: raises $3 to $6
ivy100: calls $3
*** TURN *** [7s Kh 9s] [5h]
ivy100: bets $6
VolkovDmitri: calls $6
*** RIVER *** [7s Kh 9s 5h] [3h]
ivy100: bets $6
VolkovDmitri: calls $6
*** SHOW DOWN ***
ivy100: shows [2s 5s] (a pair of Fives)
VolkovDmitri: shows [Qd 9c] (a pair of Nines)
VolkovDmitri collected $47.50 from pot
*** SUMMARY ***
Total pot $48 | Rake $0.50
Board [7s Kh 9s 5h 3h]
Seat 1: VolkovDmitri (button) (small blind) showed [Qd 9c] and won ($47.50) with a pair of Nines
Seat 2: ivy100 (big blind) showed [2s 5s] and lost with a pair of Fives


PokerStars Hand #145516986616:  Hold'em Limit ($3/$6 USD) - 2015/12/18 1:00:04 ET
Table 'Ganymede' 6-max Seat #2 is the button
Seat 1: VolkovDmitri ($143.50 in chips)
Seat 2: ivy100 ($257.76 in chips)
ivy100: posts small blind $1
VolkovDmitri: posts big blind $3
*** HOLE CARDS ***
ivy100: raises $3 to $6
VolkovDmitri: folds
Uncalled bet ($3) returned to ivy100
ivy100 collected $6 from pot
ivy100: doesn't show hand
*** SUMMARY ***
Total pot $6 | Rake $0
Seat 1: VolkovDmitri (big blind) folded before Flop
Seat 2: ivy100 (button) (small blind) collected ($6)


PokerStars Hand #145516991046:  Hold'em Limit ($3/$6 USD) - 2015/12/18 1:00:20 ET
Table 'Ganymede' 6-max Seat #1 is the button
Seat 1: VolkovDmitri ($140.50 in chips)
Seat 2: ivy100 ($260.76 in chips)
VolkovDmitri: posts small blind $1
ivy100: posts big blind $3
*** HOLE CARDS ***
VolkovDmitri: raises $3 to $6
ivy100: calls $3
*** FLOP *** [Th 7d 7s]
ivy100: checks
VolkovDmitri: bets $3
ivy100: raises $3 to $6
VolkovDmitri: folds
Uncalled bet ($3) returned to ivy100
ivy100 collected $17.64 from pot
ivy100: doesn't show hand
*** SUMMARY ***
Total pot $18 | Rake $0.36
Board [Th 7d 7s]
Seat 1: VolkovDmitri (button) (small blind) folded on the Flop
Seat 2: ivy100 (big blind) collected ($17.64)


PokerStars Hand #145516995568:  Hold'em Limit ($3/$6 USD) - 2015/12/18 1:00:40 ET
Table 'Ganymede' 6-max Seat #2 is the button
Seat 1: VolkovDmitri ($131.50 in chips)
Seat 2: ivy100 ($269.40 in chips)
ivy100: posts small blind $1
VolkovDmitri: posts big blind $3
*** HOLE CARDS ***
ivy100: raises $3 to $6
VolkovDmitri: folds
Uncalled bet ($3) returned to ivy100
ivy100 collected $6 from pot
ivy100: doesn't show hand
*** SUMMARY ***
Total pot $6 | Rake $0
Seat 1: VolkovDmitri (big blind) folded before Flop
Seat 2: ivy100 (button) (small blind) collected ($6)


PokerStars Hand #145516999990:  Hold'em Limit ($3/$6 USD) - 2015/12/18 1:00:58 ET
Table 'Ganymede' 6-max Seat #1 is the button
Seat 1: VolkovDmitri ($128.50 in chips)
Seat 2: ivy100 ($272.40 in chips)
VolkovDmitri: posts small blind $1
ivy100: posts big blind $3
*** HOLE CARDS ***
VolkovDmitri: raises $3 to $6
ivy100: raises $3 to $9
VolkovDmitri: calls $3
*** FLOP *** [Kc 9d 5d]
ivy100: bets $3
VolkovDmitri: folds
Uncalled bet ($3) returned to ivy100
ivy100 collected $17.64 from pot
ivy100: doesn't show hand
*** SUMMARY ***
Total pot $18 | Rake $0.36
Board [Kc 9d 5d]
Seat 1: VolkovDmitri (button) (small blind) folded on the Flop
Seat 2: ivy100 (big blind) collected ($17.64)


PokerStars Hand #145517009414:  Hold'em Limit ($3/$6 USD) - 2015/12/18 1:01:34 ET
Table 'Ganymede' 6-max Seat #2 is the button
Seat 1: VolkovDmitri ($120 in chips)
Seat 2: ivy100 ($281.04 in chips)
ivy100: posts small blind $1
VolkovDmitri: posts big blind $3
*** HOLE CARDS ***
ivy100: raises $3 to $6
VolkovDmitri: raises $3 to $9
ivy100: calls $3
*** FLOP *** [9s 2d 4s]
VolkovDmitri: bets $3
ivy100: calls $3
*** TURN *** [9s 2d 4s] [As]
VolkovDmitri: bets $6
ivy100: calls $6
*** RIVER *** [9s 2d 4s As] [2s]
VolkovDmitri: checks
ivy100: checks
*** SHOW DOWN ***
VolkovDmitri: shows [6d Kd] (a pair of Deuces)
ivy100: shows [6c 8s] (a flush, Ace high)
ivy100 collected $35.50 from pot
*** SUMMARY ***
Total pot $36 | Rake $0.50
Board [9s 2d 4s As 2s]
Seat 1: VolkovDmitri (big blind) showed [6d Kd] and lost with a pair of Deuces
Seat 2: ivy100 (button) (small blind) showed [6c 8s] and won ($35.50) with a flush, Ace high


PokerStars Hand #145517014414:  Hold'em Limit ($3/$6 USD) - 2015/12/18 1:01:53 ET
Table 'Ganymede' 6-max Seat #1 is the button
Seat 1: VolkovDmitri ($120 in chips)
Seat 2: ivy100 ($298.54 in chips)
VolkovDmitri: posts small blind $1
ivy100: posts big blind $3
*** HOLE CARDS ***
VolkovDmitri: raises $3 to $6
ivy100: calls $3
*** FLOP *** [7c 9h 8c]
ivy100: bets $3
VolkovDmitri: raises $3 to $6
ivy100: calls $3
*** TURN *** [7c 9h 8c] [4s]
ivy100: bets $6
VolkovDmitri: raises $6 to $12
ivy100: calls $6
*** RIVER *** [7c 9h 8c 4s] [7d]
ivy100: bets $6
VolkovDmitri: raises $6 to $12
ivy100: folds
Uncalled bet ($6) returned to VolkovDmitri
VolkovDmitri collected $59.50 from pot
VolkovDmitri: doesn't show hand
*** SUMMARY ***
Total pot $60 | Rake $0.50
Board [7c 9h 8c 4s 7d]
Seat 1: VolkovDmitri (button) (small blind) collected ($59.50)
Seat 2: ivy100 (big blind) folded on the River


PokerStars Hand #145517022834:  Hold'em Limit ($3/$6 USD) - 2015/12/18 1:02:23 ET
Table 'Ganymede' 6-max Seat #2 is the button
Seat 1: VolkovDmitri ($149.50 in chips)
Seat 2: ivy100 ($268.54 in chips)
ivy100: posts small blind $1
VolkovDmitri: posts big blind $3
*** HOLE CARDS ***
ivy100: calls $2
VolkovDmitri: checks
*** FLOP *** [9d Qs Qc]
VolkovDmitri: bets $3
ivy100: calls $3
*** TURN *** [9d Qs Qc] [9s]
VolkovDmitri: checks
ivy100: bets $6
VolkovDmitri: folds
Uncalled bet ($6) returned to ivy100
ivy100 collected $11.76 from pot
ivy100: doesn't show hand
*** SUMMARY ***
Total pot $12 | Rake $0.24
Board [9d Qs Qc 9s]
Seat 1: VolkovDmitri (big blind) folded on the Turn
Seat 2: ivy100 (button) (small blind) collected ($11.76)


PokerStars Hand #145517028608:  Hold'em Limit ($3/$6 USD) - 2015/12/18 1:02:44 ET
Table 'Ganymede' 6-max Seat #1 is the button
Seat 1: VolkovDmitri ($143.50 in chips)
Seat 2: ivy100 ($274.30 in chips)
VolkovDmitri: posts small blind $1
ivy100: posts big blind $3
*** HOLE CARDS ***
VolkovDmitri: raises $3 to $6
ivy100: calls $3
*** FLOP *** [8h 5d 4h]
ivy100: checks
VolkovDmitri: bets $3
ivy100: calls $3
*** TURN *** [8h 5d 4h] [Kc]
ivy100: bets $6
VolkovDmitri: raises $6 to $12
ivy100: calls $6
*** RIVER *** [8h 5d 4h Kc] [Ac]
ivy100: checks
VolkovDmitri: bets $6
ivy100: folds
Uncalled bet ($6) returned to VolkovDmitri
VolkovDmitri collected $41.50 from pot
VolkovDmitri: doesn't show hand
*** SUMMARY ***
Total pot $42 | Rake $0.50
Board [8h 5d 4h Kc Ac]
Seat 1: VolkovDmitri (button) (small blind) collected ($41.50)
Seat 2: ivy100 (big blind) folded on the River


PokerStars Hand #145517035944:  Hold'em Limit ($3/$6 USD) - 2015/12/18 1:03:10 ET
Table 'Ganymede' 6-max Seat #2 is the button
Seat 1: VolkovDmitri ($164 in chips)
Seat 2: ivy100 ($253.30 in chips)
ivy100: posts small blind $1
VolkovDmitri: posts big blind $3
*** HOLE CARDS ***
ivy100: folds
Uncalled bet ($2) returned to VolkovDmitri
VolkovDmitri collected $2 from pot
VolkovDmitri: doesn't show hand
*** SUMMARY ***
Total pot $2 | Rake $0
Seat 1: VolkovDmitri (big blind) collected ($2)
Seat 2: ivy100 (button) (small blind) folded before Flop


PokerStars Hand #145517037563:  Hold'em Limit ($3/$6 USD) - 2015/12/18 1:03:16 ET
Table 'Ganymede' 6-max Seat #1 is the button
Seat 1: VolkovDmitri ($165 in chips)
Seat 2: ivy100 ($252.30 in chips)
VolkovDmitri: posts small blind $1
ivy100: posts big blind $3
*** HOLE CARDS ***
VolkovDmitri: calls $2
ivy100: raises $3 to $6
VolkovDmitri: calls $3
*** FLOP *** [5c 7d 6c]
ivy100: bets $3
VolkovDmitri: folds
Uncalled bet ($3) returned to ivy100
ivy100 collected $11.76 from pot
ivy100: doesn't show hand
*** SUMMARY ***
Total pot $12 | Rake $0.24
Board [5c 7d 6c]
Seat 1: VolkovDmitri (button) (small blind) folded on the Flop
Seat 2: ivy100 (big blind) collected ($11.76)


PokerStars Hand #145517056880:  Hold'em Limit ($3/$6 USD) - 2015/12/18 1:04:25 ET
Table 'Ganymede' 6-max Seat #1 is the button
Seat 1: VolkovDmitri ($138 in chips)
Seat 2: ivy100 ($278.56 in chips)
VolkovDmitri: posts small blind $1
ivy100: posts big blind $3
*** HOLE CARDS ***
VolkovDmitri: folds
Uncalled bet ($2) returned to ivy100
ivy100 collected $2 from pot
ivy100: doesn't show hand
*** SUMMARY ***
Total pot $2 | Rake $0
Seat 1: VolkovDmitri (button) (small blind) folded before Flop
Seat 2: ivy100 (big blind) collected ($2)


PokerStars Hand #145517040862:  Hold'em Limit ($3/$6 USD) - 2015/12/18 1:03:28 ET
Table 'Ganymede' 6-max Seat #2 is the button
Seat 1: VolkovDmitri ($159 in chips)
Seat 2: ivy100 ($258.06 in chips)
ivy100: posts small blind $1
VolkovDmitri: posts big blind $3
*** HOLE CARDS ***
ivy100: raises $3 to $6
VolkovDmitri: calls $3
*** FLOP *** [Qs Ks 7c]
VolkovDmitri: checks
ivy100: bets $3
VolkovDmitri: calls $3
*** TURN *** [Qs Ks 7c] [6h]
VolkovDmitri: checks
ivy100: bets $6
VolkovDmitri: calls $6
*** RIVER *** [Qs Ks 7c 6h] [2s]
VolkovDmitri: checks
ivy100: bets $6
VolkovDmitri: calls $6
*** SHOW DOWN ***
ivy100: shows [6d Qd] (two pair, Queens and Sixes)
VolkovDmitri: mucks hand
ivy100 collected $41.50 from pot
*** SUMMARY ***
Total pot $42 | Rake $0.50
Board [Qs Ks 7c 6h 2s]
Seat 1: VolkovDmitri (big blind) mucked
Seat 2: ivy100 (button) (small blind) showed [6d Qd] and won ($41.50) with two pair, Queens and Sixes


PokerStars Hand #145517061305:  Hold'em Limit ($3/$6 USD) - 2015/12/18 1:04:41 ET
Table 'Ganymede' 6-max Seat #2 is the button
Seat 1: VolkovDmitri ($137 in chips)
Seat 2: ivy100 ($279.56 in chips)
ivy100: posts small blind $1
VolkovDmitri: posts big blind $3
*** HOLE CARDS ***
ivy100: raises $3 to $6
VolkovDmitri: folds
Uncalled bet ($3) returned to ivy100
ivy100 collected $6 from pot
ivy100: doesn't show hand
*** SUMMARY ***
Total pot $6 | Rake $0
Seat 1: VolkovDmitri (big blind) folded before Flop
Seat 2: ivy100 (button) (small blind) collected ($6)


PokerStars Hand #145517064450:  Hold'em Limit ($3/$6 USD) - 2015/12/18 1:04:52 ET
Table 'Ganymede' 6-max Seat #1 is the button
Seat 1: VolkovDmitri ($134 in chips)
Seat 2: ivy100 ($282.56 in chips)
VolkovDmitri: posts small blind $1
ivy100: posts big blind $3
*** HOLE CARDS ***
VolkovDmitri: raises $3 to $6
ivy100: raises $3 to $9
VolkovDmitri: raises $3 to $12
Betting is capped
ivy100: calls $3
*** FLOP *** [3c Th 5h]
ivy100: bets $3
VolkovDmitri: calls $3
*** TURN *** [3c Th 5h] [4c]
ivy100: bets $6
VolkovDmitri: calls $6
*** RIVER *** [3c Th 5h 4c] [7c]
ivy100: bets $6
VolkovDmitri: calls $6
*** SHOW DOWN ***
ivy100: shows [2h Ac] (a straight, Ace to Five)
VolkovDmitri: mucks hand
ivy100 collected $53.50 from pot
*** SUMMARY ***
Total pot $54 | Rake $0.50
Board [3c Th 5h 4c 7c]
Seat 1: VolkovDmitri (button) (small blind) mucked
Seat 2: ivy100 (big blind) showed [2h Ac] and won ($53.50) with a straight, Ace to Five


PokerStars Hand #145517077250:  Hold'em Limit ($3/$6 USD) - 2015/12/18 1:05:38 ET
Table 'Ganymede' 6-max Seat #2 is the button
Seat 1: VolkovDmitri ($120 in chips)
Seat 2: ivy100 ($309.06 in chips)
ivy100: posts small blind $1
VolkovDmitri: posts big blind $3
*** HOLE CARDS ***
ivy100: calls $2
VolkovDmitri: checks
*** FLOP *** [9c 8c 2d]
krytalex joins the table at seat #3
VolkovDmitri: checks
ivy100: bets $3
VolkovDmitri: folds
Uncalled bet ($3) returned to ivy100
ivy100 collected $5.88 from pot
ivy100: doesn't show hand
*** SUMMARY ***
Total pot $6 | Rake $0.12
Board [9c 8c 2d]
Seat 1: VolkovDmitri (big blind) folded on the Flop
Seat 2: ivy100 (button) (small blind) collected ($5.88)


PokerStars Hand #145517081289:  Hold'em Limit ($3/$6 USD) - 2015/12/18 1:05:52 ET
Table 'Ganymede' 6-max Seat #1 is the button
Seat 1: VolkovDmitri ($120 in chips)
Seat 2: ivy100 ($311.94 in chips)
VolkovDmitri: posts small blind $1
ivy100: posts big blind $3
*** HOLE CARDS ***
VolkovDmitri: raises $3 to $6
ivy100: calls $3
*** FLOP *** [8s 6h 3s]
ivy100: checks
VolkovDmitri: bets $3
ivy100: folds
Uncalled bet ($3) returned to VolkovDmitri
VolkovDmitri collected $11.76 from pot
VolkovDmitri: doesn't show hand
*** SUMMARY ***
Total pot $12 | Rake $0.24
Board [8s 6h 3s]
Seat 1: VolkovDmitri (button) (small blind) collected ($11.76)
Seat 2: ivy100 (big blind) folded on the Flop


