PokerStars Hand #148198963583:  Hold'em Limit ($3/$6 USD) - 2016/02/03 20:20:38 ET
Table 'Garlena' 6-max Seat #3 is the button
Seat 3: e4115ulb ($26 in chips)
Seat 5: Pandakey ($141.28 in chips)
e4115ulb: posts small blind $1
Pandakey: posts big blind $3
*** HOLE CARDS ***
e4115ulb: raises $3 to $6
Pandakey: calls $3
*** FLOP *** [6c 2s 8d]
Pandakey: checks
e4115ulb: bets $3
Pandakey: raises $3 to $6
e4115ulb: calls $3
*** TURN *** [6c 2s 8d] [Qd]
Pandakey: bets $6
e4115ulb: calls $6
*** RIVER *** [6c 2s 8d Qd] [Ac]
Pandakey: checks
e4115ulb: checks
*** SHOW DOWN ***
Pandakey: shows [6h Td] (a pair of Sixes)
e4115ulb: shows [7d 8h] (a pair of Eights)
e4115ulb collected $35.50 from pot
*** SUMMARY ***
Total pot $36 | Rake $0.50
Board [6c 2s 8d Qd Ac]
Seat 3: e4115ulb (button) (small blind) showed [7d 8h] and won ($35.50) with a pair of Eights
Seat 5: Pandakey (big blind) showed [6h Td] and lost with a pair of Sixes


PokerStars Hand #148198954831:  Hold'em Limit ($3/$6 USD) - 2016/02/03 20:20:22 ET
Table 'Garlena' 6-max Seat #5 is the button
Seat 3: e4115ulb ($29 in chips)
Seat 5: Pandakey ($138.28 in chips)
Pandakey: posts small blind $1
e4115ulb: posts big blind $3
*** HOLE CARDS ***
Pandakey: raises $3 to $6
e4115ulb: folds
Uncalled bet ($3) returned to Pandakey
Pandakey collected $6 from pot
Pandakey: doesn't show hand
*** SUMMARY ***
Total pot $6 | Rake $0
Seat 3: e4115ulb (big blind) folded before Flop
Seat 5: Pandakey (button) (small blind) collected ($6)


PokerStars Hand #148198943358:  Hold'em Limit ($3/$6 USD) - 2016/02/03 20:20:01 ET
Table 'Garlena' 6-max Seat #3 is the button
Seat 3: e4115ulb ($41 in chips)
Seat 5: Pandakey ($126.76 in chips)
e4115ulb: posts small blind $1
Pandakey: posts big blind $3
*** HOLE CARDS ***
e4115ulb: raises $3 to $6
Pandakey: calls $3
*** FLOP *** [2c 4h 4d]
Pandakey: checks
e4115ulb: bets $3
Pandakey: raises $3 to $6
e4115ulb: calls $3
*** TURN *** [2c 4h 4d] [Ah]
Pandakey: bets $6
e4115ulb: folds
Uncalled bet ($6) returned to Pandakey
Pandakey collected $23.52 from pot
Pandakey: doesn't show hand
*** SUMMARY ***
Total pot $24 | Rake $0.48
Board [2c 4h 4d Ah]
Seat 3: e4115ulb (button) (small blind) folded on the Turn
Seat 5: Pandakey (big blind) collected ($23.52)


PokerStars Hand #148198934052:  Hold'em Limit ($3/$6 USD) - 2016/02/03 20:19:44 ET
Table 'Garlena' 6-max Seat #5 is the button
Seat 3: e4115ulb ($47 in chips)
Seat 5: Pandakey ($121 in chips)
Pandakey: posts small blind $1
e4115ulb: posts big blind $3
*** HOLE CARDS ***
Pandakey: raises $3 to $6
e4115ulb: calls $3
*** FLOP *** [Qh 2c 5d]
e4115ulb: checks
Pandakey: bets $3
e4115ulb: folds
Uncalled bet ($3) returned to Pandakey
Pandakey collected $11.76 from pot
Pandakey: doesn't show hand
*** SUMMARY ***
Total pot $12 | Rake $0.24
Board [Qh 2c 5d]
Seat 3: e4115ulb (big blind) folded on the Flop
Seat 5: Pandakey (button) (small blind) collected ($11.76)


PokerStars Hand #148199002695:  Hold'em Limit ($3/$6 USD) - 2016/02/03 20:21:50 ET
Table 'Garlena' 6-max Seat #3 is the button
Seat 3: e4115ulb ($33.50 in chips)
Seat 5: Pandakey ($132.28 in chips)
e4115ulb: posts small blind $1
Pandakey: posts big blind $3
*** HOLE CARDS ***
e4115ulb: folds
Uncalled bet ($2) returned to Pandakey
Pandakey collected $2 from pot
Pandakey: doesn't show hand
*** SUMMARY ***
Total pot $2 | Rake $0
Seat 3: e4115ulb (button) (small blind) folded before Flop
Seat 5: Pandakey (big blind) collected ($2)


PokerStars Hand #148198998337:  Hold'em Limit ($3/$6 USD) - 2016/02/03 20:21:42 ET
Table 'Garlena' 6-max Seat #5 is the button
Seat 3: e4115ulb ($32.50 in chips)
Seat 5: Pandakey ($133.28 in chips)
Pandakey: posts small blind $1
e4115ulb: posts big blind $3
*** HOLE CARDS ***
Pandakey: folds
Uncalled bet ($2) returned to e4115ulb
e4115ulb collected $2 from pot
*** SUMMARY ***
Total pot $2 | Rake $0
Seat 3: e4115ulb (big blind) collected ($2)
Seat 5: Pandakey (button) (small blind) folded before Flop


PokerStars Hand #148198987522:  Hold'em Limit ($3/$6 USD) - 2016/02/03 20:21:22 ET
Table 'Garlena' 6-max Seat #3 is the button
Seat 3: e4115ulb ($16.50 in chips)
Seat 5: Pandakey ($149.78 in chips)
e4115ulb: posts small blind $1
Pandakey: posts big blind $3
*** HOLE CARDS ***
e4115ulb: raises $3 to $6
Pandakey: raises $3 to $9
e4115ulb: raises $3 to $12
Betting is capped
Pandakey: calls $3
*** FLOP *** [Tc 2c 6s]
Pandakey: bets $3
e4115ulb: raises $1.50 to $4.50 and is all-in
Pandakey: calls $1.50
*** TURN *** [Tc 2c 6s] [Kc]
*** RIVER *** [Tc 2c 6s Kc] [Js]
*** SHOW DOWN ***
Pandakey: shows [Qc Jh] (a pair of Jacks)
e4115ulb: shows [Kh Ac] (a pair of Kings)
e4115ulb collected $32.50 from pot
*** SUMMARY ***
Total pot $33 | Rake $0.50
Board [Tc 2c 6s Kc Js]
Seat 3: e4115ulb (button) (small blind) showed [Kh Ac] and won ($32.50) with a pair of Kings
Seat 5: Pandakey (big blind) showed [Qc Jh] and lost with a pair of Jacks


PokerStars Hand #148199026534:  Hold'em Limit ($3/$6 USD) - 2016/02/03 20:22:34 ET
Table 'Garlena' 6-max Seat #5 is the button
Seat 3: e4115ulb ($38 in chips)
Seat 5: Pandakey ($126.92 in chips)
Pandakey: posts small blind $1
e4115ulb: posts big blind $3
*** HOLE CARDS ***
Pandakey: raises $3 to $6
e4115ulb: calls $3
*** FLOP *** [2c Th Jc]
e4115ulb: checks
Pandakey: bets $3
e4115ulb: calls $3
*** TURN *** [2c Th Jc] [3h]
e4115ulb: checks
Pandakey: bets $6
e4115ulb: calls $6
*** RIVER *** [2c Th Jc 3h] [6c]
e4115ulb: checks
Pandakey: checks
*** SHOW DOWN ***
e4115ulb: shows [Ks 9s] (high card King)
Pandakey: shows [Kd 9c] (high card King)
e4115ulb collected $14.75 from pot
Pandakey collected $14.75 from pot
*** SUMMARY ***
Total pot $30 | Rake $0.50
Board [2c Th Jc 3h 6c]
Seat 3: e4115ulb (big blind) showed [Ks 9s] and won ($14.75) with high card King
Seat 5: Pandakey (button) (small blind) showed [Kd 9c] and won ($14.75) with high card King


PokerStars Hand #148199017664:  Hold'em Limit ($3/$6 USD) - 2016/02/03 20:22:18 ET
Table 'Garlena' 6-max Seat #3 is the button
Seat 3: e4115ulb ($47 in chips)
Seat 5: Pandakey ($118.28 in chips)
e4115ulb: posts small blind $1
Pandakey: posts big blind $3
*** HOLE CARDS ***
e4115ulb: raises $3 to $6
Pandakey: raises $3 to $9
e4115ulb: calls $3
*** FLOP *** [Jh Kd Qc]
Pandakey: bets $3
e4115ulb: folds
Uncalled bet ($3) returned to Pandakey
Pandakey collected $17.64 from pot
Pandakey: doesn't show hand
*** SUMMARY ***
Total pot $18 | Rake $0.36
Board [Jh Kd Qc]
Seat 3: e4115ulb (button) (small blind) folded on the Flop
Seat 5: Pandakey (big blind) collected ($17.64)


PokerStars Hand #148199005711:  Hold'em Limit ($3/$6 USD) - 2016/02/03 20:21:56 ET
Table 'Garlena' 6-max Seat #5 is the button
Seat 3: e4115ulb ($32.50 in chips)
Seat 5: Pandakey ($133.28 in chips)
Pandakey: posts small blind $1
e4115ulb: posts big blind $3
*** HOLE CARDS ***
Pandakey: raises $3 to $6
e4115ulb: calls $3
*** FLOP *** [Jd Qc Ah]
e4115ulb: checks
Pandakey: bets $3
e4115ulb: calls $3
*** TURN *** [Jd Qc Ah] [Ac]
e4115ulb: checks
Pandakey: checks
*** RIVER *** [Jd Qc Ah Ac] [4c]
e4115ulb: checks
Pandakey: bets $6
e4115ulb: calls $6
*** SHOW DOWN ***
Pandakey: shows [Ts 7s] (a pair of Aces)
e4115ulb: shows [Jh Ks] (two pair, Aces and Jacks)
e4115ulb collected $29.50 from pot
*** SUMMARY ***
Total pot $30 | Rake $0.50
Board [Jd Qc Ah Ac 4c]
Seat 3: e4115ulb (big blind) showed [Jh Ks] and won ($29.50) with two pair, Aces and Jacks
Seat 5: Pandakey (button) (small blind) showed [Ts 7s] and lost with a pair of Aces


PokerStars Hand #148199054980:  Hold'em Limit ($3/$6 USD) - 2016/02/03 20:23:27 ET
Table 'Garlena' 6-max Seat #3 is the button
Seat 3: e4115ulb ($63.25 in chips)
Seat 5: Pandakey ($100.67 in chips)
e4115ulb: posts small blind $1
Pandakey: posts big blind $3
*** HOLE CARDS ***
e4115ulb: raises $3 to $6
Pandakey: raises $3 to $9
Rmk1500 joins the table at seat #2
e4115ulb: calls $3
*** FLOP *** [3s 9d Ad]
Pandakey: bets $3
e4115ulb: folds
Uncalled bet ($3) returned to Pandakey
Pandakey collected $17.64 from pot
Pandakey: doesn't show hand
*** SUMMARY ***
Total pot $18 | Rake $0.36
Board [3s 9d Ad]
Seat 3: e4115ulb (button) (small blind) folded on the Flop
Seat 5: Pandakey (big blind) collected ($17.64)


PokerStars Hand #148199041462:  Hold'em Limit ($3/$6 USD) - 2016/02/03 20:23:02 ET
Table 'Garlena' 6-max Seat #5 is the button
Seat 3: e4115ulb ($36.75 in chips)
Seat 5: Pandakey ($127.67 in chips)
Pandakey: posts small blind $1
e4115ulb: posts big blind $3
*** HOLE CARDS ***
Pandakey: raises $3 to $6
e4115ulb: calls $3
*** FLOP *** [8h 8c 3h]
e4115ulb: checks
Pandakey: bets $3
e4115ulb: calls $3
*** TURN *** [8h 8c 3h] [7s]
e4115ulb: checks
Pandakey: bets $6
e4115ulb: raises $6 to $12
Pandakey: calls $6
*** RIVER *** [8h 8c 3h 7s] [5d]
e4115ulb: bets $6
Pandakey: calls $6
*** SHOW DOWN ***
e4115ulb: shows [Ah Ac] (two pair, Aces and Eights)
harrydonkey joins the table at seat #1
Pandakey: mucks hand
e4115ulb collected $53.50 from pot
*** SUMMARY ***
Total pot $54 | Rake $0.50
Board [8h 8c 3h 7s 5d]
Seat 3: e4115ulb (big blind) showed [Ah Ac] and won ($53.50) with two pair, Aces and Eights
Seat 5: Pandakey (button) (small blind) mucked


PokerStars Hand #148199038752:  Hold'em Limit ($3/$6 USD) - 2016/02/03 20:22:57 ET
Table 'Garlena' 6-max Seat #3 is the button
Seat 3: e4115ulb ($37.75 in chips)
Seat 5: Pandakey ($126.67 in chips)
e4115ulb: posts small blind $1
Pandakey: posts big blind $3
*** HOLE CARDS ***
e4115ulb: folds
Uncalled bet ($2) returned to Pandakey
Pandakey collected $2 from pot
Pandakey: doesn't show hand
*** SUMMARY ***
Total pot $2 | Rake $0
Seat 3: e4115ulb (button) (small blind) folded before Flop
Seat 5: Pandakey (big blind) collected ($2)


PokerStars Hand #148199984302:  Hold'em Limit ($3/$6 USD) - 2016/02/03 20:53:40 ET
Table 'Garlena' 6-max Seat #1 is the button
Seat 1: harrydonkey ($46.38 in chips)
Seat 2: belik555 ($80.64 in chips)
harrydonkey: posts small blind $1
belik555: posts big blind $3
*** HOLE CARDS ***
harrydonkey: folds
Uncalled bet ($2) returned to belik555
belik555 collected $2 from pot
belik555: doesn't show hand
*** SUMMARY ***
Total pot $2 | Rake $0
Seat 1: harrydonkey (button) (small blind) folded before Flop
Seat 2: belik555 (big blind) collected ($2)


PokerStars Hand #148199979504:  Hold'em Limit ($3/$6 USD) - 2016/02/03 20:53:30 ET
Table 'Garlena' 6-max Seat #2 is the button
Seat 1: harrydonkey ($49.38 in chips)
Seat 2: belik555 ($77.64 in chips)
belik555: posts small blind $1
Masqb: is sitting out
SmellyToes4u: is sitting out
harrydonkey: posts big blind $3
*** HOLE CARDS ***
belik555: raises $3 to $6
Masqb leaves the table
SmellyToes4u leaves the table
harrydonkey: folds
Uncalled bet ($3) returned to belik555
belik555 collected $6 from pot
belik555: doesn't show hand
SmellyToes4u joins the table at seat #3
*** SUMMARY ***
Total pot $6 | Rake $0
Seat 1: harrydonkey (big blind) folded before Flop
Seat 2: belik555 (button) (small blind) collected ($6)


PokerStars Hand #148201682211:  Hold'em Limit ($3/$6 USD) - 2016/02/03 21:57:00 ET
Table 'Garlena' 6-max Seat #6 is the button
Seat 4: komornik ($196.28 in chips)
Seat 6: AzureCaper ($72 in chips)
DirtyDouble2 will be allowed to play after the button
AzureCaper: posts small blind $1
harrydonkey: is sitting out
komornik: posts big blind $3
*** HOLE CARDS ***
manon889 leaves the table
AzureCaper: raises $3 to $6
DirtyDouble2 leaves the table
komornik: calls $3
*** FLOP *** [Js As 4c]
komornik: checks
AzureCaper: bets $3
komornik: calls $3
*** TURN *** [Js As 4c] [2c]
komornik: checks
AzureCaper: checks
*** RIVER *** [Js As 4c 2c] [9s]
komornik: bets $6
AzureCaper: folds
Uncalled bet ($6) returned to komornik
komornik collected $17.64 from pot
komornik: doesn't show hand
*** SUMMARY ***
Total pot $18 | Rake $0.36
Board [Js As 4c 2c 9s]
Seat 4: komornik (big blind) collected ($17.64)
Seat 6: AzureCaper (button) (small blind) folded on the River


