PokerStars Hand #157794635746:  Hold'em Limit ($3/$6 USD) - 2016/08/27 5:25:38 ET
Table 'Garumna' 6-max Seat #3 is the button
Seat 3: simper11 ($125 in chips)
Seat 6: manly70 ($206.59 in chips)
simper11: posts small blind $1
manly70: posts big blind $3
*** HOLE CARDS ***
simper11: folds
Uncalled bet ($2) returned to manly70
manly70 collected $2 from pot
*** SUMMARY ***
Total pot $2 | Rake $0
Seat 3: simper11 (button) (small blind) folded before Flop
Seat 6: manly70 (big blind) collected ($2)


PokerStars Hand #157794633007:  Hold'em Limit ($3/$6 USD) - 2016/08/27 5:25:30 ET
Table 'Garumna' 6-max Seat #6 is the button
Seat 3: simper11 ($124 in chips)
Seat 6: manly70 ($207.59 in chips)
manly70: posts small blind $1
simper11: posts big blind $3
*** HOLE CARDS ***
manly70: folds
Uncalled bet ($2) returned to simper11
simper11 collected $2 from pot
simper11: doesn't show hand
*** SUMMARY ***
Total pot $2 | Rake $0
Seat 3: simper11 (big blind) collected ($2)
Seat 6: manly70 (button) (small blind) folded before Flop


PokerStars Hand #157794629897:  Hold'em Limit ($3/$6 USD) - 2016/08/27 5:25:22 ET
Table 'Garumna' 6-max Seat #3 is the button
Seat 3: simper11 ($121 in chips)
Seat 6: manly70 ($210.59 in chips)
simper11: posts small blind $1
manly70: posts big blind $3
*** HOLE CARDS ***
simper11: raises $3 to $6
manly70: folds
Uncalled bet ($3) returned to simper11
simper11 collected $6 from pot
simper11: doesn't show hand
*** SUMMARY ***
Total pot $6 | Rake $0
Seat 3: simper11 (button) (small blind) collected ($6)
Seat 6: manly70 (big blind) folded before Flop


PokerStars Hand #157794660133:  Hold'em Limit ($3/$6 USD) - 2016/08/27 5:26:45 ET
Table 'Garumna' 6-max Seat #3 is the button
Seat 3: simper11 ($120.76 in chips)
Seat 6: manly70 ($223.63 in chips)
simper11: posts small blind $1
manly70: posts big blind $3
*** HOLE CARDS ***
simper11: raises $3 to $6
manly70: folds
Uncalled bet ($3) returned to simper11
simper11 collected $6 from pot
simper11: doesn't show hand
*** SUMMARY ***
Total pot $6 | Rake $0
Seat 3: simper11 (button) (small blind) collected ($6)
Seat 6: manly70 (big blind) folded before Flop


PokerStars Hand #157794656186:  Hold'em Limit ($3/$6 USD) - 2016/08/27 5:26:34 ET
Table 'Garumna' 6-max Seat #6 is the button
Seat 3: simper11 ($126.76 in chips)
Seat 6: manly70 ($217.87 in chips)
manly70: posts small blind $1
simper11: posts big blind $3
*** HOLE CARDS ***
manly70: raises $3 to $6
simper11: calls $3
*** FLOP *** [6h 4c 5s]
simper11: checks
manly70: bets $3
simper11: folds
Uncalled bet ($3) returned to manly70
manly70 collected $11.76 from pot
*** SUMMARY ***
Total pot $12 | Rake $0.24
Board [6h 4c 5s]
Seat 3: simper11 (big blind) folded on the Flop
Seat 6: manly70 (button) (small blind) collected ($11.76)


PokerStars Hand #157794651858:  Hold'em Limit ($3/$6 USD) - 2016/08/27 5:26:22 ET
Table 'Garumna' 6-max Seat #3 is the button
Seat 3: simper11 ($121 in chips)
Seat 6: manly70 ($223.87 in chips)
simper11: posts small blind $1
manly70: posts big blind $3
*** HOLE CARDS ***
simper11: raises $3 to $6
manly70: calls $3
*** FLOP *** [9c 4h 7s]
manly70: checks
simper11: bets $3
manly70: folds
Uncalled bet ($3) returned to simper11
simper11 collected $11.76 from pot
simper11: doesn't show hand
*** SUMMARY ***
Total pot $12 | Rake $0.24
Board [9c 4h 7s]
Seat 3: simper11 (button) (small blind) collected ($11.76)
Seat 6: manly70 (big blind) folded on the Flop


PokerStars Hand #157794649665:  Hold'em Limit ($3/$6 USD) - 2016/08/27 5:26:16 ET
Table 'Garumna' 6-max Seat #6 is the button
Seat 3: simper11 ($120 in chips)
Seat 6: manly70 ($224.87 in chips)
manly70: posts small blind $1
simper11: posts big blind $3
*** HOLE CARDS ***
manly70: folds
Uncalled bet ($2) returned to simper11
simper11 collected $2 from pot
simper11: doesn't show hand
*** SUMMARY ***
Total pot $2 | Rake $0
Seat 3: simper11 (big blind) collected ($2)
Seat 6: manly70 (button) (small blind) folded before Flop


PokerStars Hand #157794643203:  Hold'em Limit ($3/$6 USD) - 2016/08/27 5:25:58 ET
Table 'Garumna' 6-max Seat #3 is the button
Seat 3: simper11 ($120 in chips)
Seat 6: manly70 ($216.23 in chips)
simper11: posts small blind $1
manly70: posts big blind $3
*** HOLE CARDS ***
simper11: raises $3 to $6
manly70: calls $3
*** FLOP *** [8h 8d 2s]
manly70: checks
simper11: bets $3
manly70: calls $3
*** TURN *** [8h 8d 2s] [3s]
manly70: checks
simper11: checks
*** RIVER *** [8h 8d 2s 3s] [Ts]
manly70: checks
simper11: checks
*** SHOW DOWN ***
manly70: shows [Ad 4h] (a pair of Eights)
simper11: mucks hand
manly70 collected $17.64 from pot
*** SUMMARY ***
Total pot $18 | Rake $0.36
Board [8h 8d 2s 3s Ts]
Seat 3: simper11 (button) (small blind) mucked
Seat 6: manly70 (big blind) showed [Ad 4h] and won ($17.64) with a pair of Eights


PokerStars Hand #157794637576:  Hold'em Limit ($3/$6 USD) - 2016/08/27 5:25:43 ET
Table 'Garumna' 6-max Seat #6 is the button
Seat 3: simper11 ($124 in chips)
Seat 6: manly70 ($207.59 in chips)
manly70: posts small blind $1
simper11: posts big blind $3
*** HOLE CARDS ***
manly70: raises $3 to $6
simper11: calls $3
*** FLOP *** [4d Ts Th]
simper11: checks
manly70: bets $3
simper11: calls $3
*** TURN *** [4d Ts Th] [2s]
simper11: checks
manly70: bets $6
simper11: folds
Uncalled bet ($6) returned to manly70
manly70 collected $17.64 from pot
*** SUMMARY ***
Total pot $18 | Rake $0.36
Board [4d Ts Th 2s]
Seat 3: simper11 (big blind) folded on the Turn
Seat 6: manly70 (button) (small blind) collected ($17.64)


PokerStars Hand #157794678702:  Hold'em Limit ($3/$6 USD) - 2016/08/27 5:27:35 ET
Table 'Garumna' 6-max Seat #6 is the button
Seat 3: simper11 ($141.50 in chips)
Seat 6: manly70 ($202.63 in chips)
manly70: posts small blind $1
simper11: posts big blind $3
*** HOLE CARDS ***
manly70: folds
Uncalled bet ($2) returned to simper11
simper11 collected $2 from pot
simper11: doesn't show hand
*** SUMMARY ***
Total pot $2 | Rake $0
Seat 3: simper11 (big blind) collected ($2)
Seat 6: manly70 (button) (small blind) folded before Flop


PokerStars Hand #157794669422:  Hold'em Limit ($3/$6 USD) - 2016/08/27 5:27:10 ET
Table 'Garumna' 6-max Seat #3 is the button
Seat 3: simper11 ($121 in chips)
Seat 6: manly70 ($223.63 in chips)
simper11: posts small blind $1
manly70: posts big blind $3
*** HOLE CARDS ***
simper11: raises $3 to $6
manly70: calls $3
*** FLOP *** [Jh 6h Ad]
manly70: checks
simper11: bets $3
manly70: calls $3
*** TURN *** [Jh 6h Ad] [3d]
manly70: checks
simper11: bets $6
manly70: calls $6
*** RIVER *** [Jh 6h Ad 3d] [9c]
manly70: checks
simper11: bets $6
manly70: calls $6
*** SHOW DOWN ***
simper11: shows [6s 3s] (two pair, Sixes and Threes)
manly70: mucks hand
simper11 collected $41.50 from pot
*** SUMMARY ***
Total pot $42 | Rake $0.50
Board [Jh 6h Ad 3d 9c]
Seat 3: simper11 (button) (small blind) showed [6s 3s] and won ($41.50) with two pair, Sixes and Threes
Seat 6: manly70 (big blind) mucked


PokerStars Hand #157794667167:  Hold'em Limit ($3/$6 USD) - 2016/08/27 5:27:04 ET
Table 'Garumna' 6-max Seat #6 is the button
Seat 3: simper11 ($120 in chips)
Seat 6: manly70 ($224.63 in chips)
manly70: posts small blind $1
simper11: posts big blind $3
*** HOLE CARDS ***
manly70: folds
Uncalled bet ($2) returned to simper11
simper11 collected $2 from pot
simper11: doesn't show hand
*** SUMMARY ***
Total pot $2 | Rake $0
Seat 3: simper11 (big blind) collected ($2)
Seat 6: manly70 (button) (small blind) folded before Flop


PokerStars Hand #157794665298:  Hold'em Limit ($3/$6 USD) - 2016/08/27 5:26:59 ET
Table 'Garumna' 6-max Seat #3 is the button
Seat 3: simper11 ($120.76 in chips)
Seat 6: manly70 ($223.63 in chips)
simper11: posts small blind $1
manly70: posts big blind $3
*** HOLE CARDS ***
simper11: folds
Uncalled bet ($2) returned to manly70
manly70 collected $2 from pot
*** SUMMARY ***
Total pot $2 | Rake $0
Seat 3: simper11 (button) (small blind) folded before Flop
Seat 6: manly70 (big blind) collected ($2)


PokerStars Hand #157794662902:  Hold'em Limit ($3/$6 USD) - 2016/08/27 5:26:52 ET
Table 'Garumna' 6-max Seat #6 is the button
Seat 3: simper11 ($123.76 in chips)
Seat 6: manly70 ($220.63 in chips)
manly70: posts small blind $1
simper11: posts big blind $3
*** HOLE CARDS ***
manly70: raises $3 to $6
simper11: folds
Uncalled bet ($3) returned to manly70
manly70 collected $6 from pot
*** SUMMARY ***
Total pot $6 | Rake $0
Seat 3: simper11 (big blind) folded before Flop
Seat 6: manly70 (button) (small blind) collected ($6)


PokerStars Hand #157794705353:  Hold'em Limit ($3/$6 USD) - 2016/08/27 5:28:39 ET
Table 'Garumna' 6-max Seat #6 is the button
Seat 3: simper11 ($139 in chips)
Seat 6: manly70 ($203.77 in chips)
manly70: posts small blind $1
simper11: posts big blind $3
*** HOLE CARDS ***
manly70: folds
Uncalled bet ($2) returned to simper11
simper11 collected $2 from pot
simper11: doesn't show hand
*** SUMMARY ***
Total pot $2 | Rake $0
Seat 3: simper11 (big blind) collected ($2)
Seat 6: manly70 (button) (small blind) folded before Flop


PokerStars Hand #157794698689:  Hold'em Limit ($3/$6 USD) - 2016/08/27 5:28:21 ET
Table 'Garumna' 6-max Seat #3 is the button
Seat 3: simper11 ($148 in chips)
Seat 6: manly70 ($195.13 in chips)
simper11: posts small blind $1
manly70: posts big blind $3
*** HOLE CARDS ***
simper11: raises $3 to $6
manly70: calls $3
*** FLOP *** [Kc Td Ts]
manly70: checks
simper11: bets $3
manly70: calls $3
*** TURN *** [Kc Td Ts] [6d]
manly70: checks
simper11: checks
*** RIVER *** [Kc Td Ts 6d] [3c]
manly70: checks
simper11: checks
*** SHOW DOWN ***
manly70: shows [8h Qs] (a pair of Tens)
simper11: mucks hand
manly70 collected $17.64 from pot
*** SUMMARY ***
Total pot $18 | Rake $0.36
Board [Kc Td Ts 6d 3c]
Seat 3: simper11 (button) (small blind) mucked
Seat 6: manly70 (big blind) showed [8h Qs] and won ($17.64) with a pair of Tens


PokerStars Hand #157794691836:  Hold'em Limit ($3/$6 USD) - 2016/08/27 5:28:02 ET
Table 'Garumna' 6-max Seat #6 is the button
Seat 3: simper11 ($127.50 in chips)
Seat 6: manly70 ($216.13 in chips)
manly70: posts small blind $1
simper11: posts big blind $3
*** HOLE CARDS ***
manly70: raises $3 to $6
simper11: calls $3
*** FLOP *** [3c 7s Qd]
simper11: checks
manly70: bets $3
simper11: calls $3
*** TURN *** [3c 7s Qd] [9s]
simper11: checks
manly70: bets $6
simper11: raises $6 to $12
manly70: calls $6
*** RIVER *** [3c 7s Qd 9s] [Kh]
simper11: bets $6
manly70: folds
Uncalled bet ($6) returned to simper11
simper11 collected $41.50 from pot
simper11: doesn't show hand
*** SUMMARY ***
Total pot $42 | Rake $0.50
Board [3c 7s Qd 9s Kh]
Seat 3: simper11 (big blind) collected ($41.50)
Seat 6: manly70 (button) (small blind) folded on the River


PokerStars Hand #157794681427:  Hold'em Limit ($3/$6 USD) - 2016/08/27 5:27:43 ET
Table 'Garumna' 6-max Seat #3 is the button
Seat 3: simper11 ($142.50 in chips)
Seat 6: manly70 ($201.63 in chips)
simper11: posts small blind $1
manly70: posts big blind $3
*** HOLE CARDS ***
simper11: raises $3 to $6
manly70: calls $3
*** FLOP *** [9s Kd Ad]
manly70: checks
simper11: bets $3
manly70: calls $3
*** TURN *** [9s Kd Ad] [9c]
manly70: checks
simper11: checks
*** RIVER *** [9s Kd Ad 9c] [3s]
manly70: bets $6
simper11: calls $6
*** SHOW DOWN ***
manly70: shows [6d 9d] (three of a kind, Nines)
simper11: mucks hand
manly70 collected $29.50 from pot
*** SUMMARY ***
Total pot $30 | Rake $0.50
Board [9s Kd Ad 9c 3s]
Seat 3: simper11 (button) (small blind) mucked
Seat 6: manly70 (big blind) showed [6d 9d] and won ($29.50) with three of a kind, Nines


PokerStars Hand #157794724506:  Hold'em Limit ($3/$6 USD) - 2016/08/27 5:29:31 ET
Table 'Garumna' 6-max Seat #3 is the button
Seat 3: simper11 ($143.64 in chips)
Seat 6: manly70 ($198.41 in chips)
simper11: posts small blind $1
manly70: posts big blind $3
*** HOLE CARDS ***
simper11: raises $3 to $6
manly70: calls $3
*** FLOP *** [Th 4c 3d]
manly70: checks
simper11: bets $3
manly70: calls $3
*** TURN *** [Th 4c 3d] [6c]
manly70: checks
simper11: bets $6
manly70: calls $6
*** RIVER *** [Th 4c 3d 6c] [8s]
Hard10510 joins the table at seat #4
manly70: checks
simper11: bets $6
manly70: folds
Uncalled bet ($6) returned to simper11
simper11 collected $29.50 from pot
simper11: doesn't show hand
*** SUMMARY ***
Total pot $30 | Rake $0.50
Board [Th 4c 3d 6c 8s]
Seat 3: simper11 (button) (small blind) collected ($29.50)
Seat 6: manly70 (big blind) folded on the River


PokerStars Hand #157794719776:  Hold'em Limit ($3/$6 USD) - 2016/08/27 5:29:18 ET
Table 'Garumna' 6-max Seat #6 is the button
Seat 3: simper11 ($152.64 in chips)
Seat 6: manly70 ($189.77 in chips)
manly70: posts small blind $1
simper11: posts big blind $3
*** HOLE CARDS ***
manly70: raises $3 to $6
simper11: calls $3
*** FLOP *** [6c 4d 2h]
simper11: checks
manly70: bets $3
simper11: calls $3
*** TURN *** [6c 4d 2h] [3c]
simper11: checks
VolkovDmitri joins the table at seat #1
manly70: bets $6
simper11: folds
Uncalled bet ($6) returned to manly70
manly70 collected $17.64 from pot
*** SUMMARY ***
Total pot $18 | Rake $0.36
Board [6c 4d 2h 3c]
Seat 3: simper11 (big blind) folded on the Turn
Seat 6: manly70 (button) (small blind) collected ($17.64)


PokerStars Hand #157794717420:  Hold'em Limit ($3/$6 USD) - 2016/08/27 5:29:12 ET
Table 'Garumna' 6-max Seat #3 is the button
Seat 3: simper11 ($149.64 in chips)
Seat 6: manly70 ($192.77 in chips)
simper11: posts small blind $1
manly70: posts big blind $3
*** HOLE CARDS ***
simper11: raises $3 to $6
manly70: folds
Uncalled bet ($3) returned to simper11
simper11 collected $6 from pot
simper11: doesn't show hand
*** SUMMARY ***
Total pot $6 | Rake $0
Seat 3: simper11 (button) (small blind) collected ($6)
Seat 6: manly70 (big blind) folded before Flop


PokerStars Hand #157794715460:  Hold'em Limit ($3/$6 USD) - 2016/08/27 5:29:06 ET
Table 'Garumna' 6-max Seat #6 is the button
Seat 3: simper11 ($148.64 in chips)
Seat 6: manly70 ($193.77 in chips)
manly70: posts small blind $1
simper11: posts big blind $3
*** HOLE CARDS ***
manly70: folds
Uncalled bet ($2) returned to simper11
simper11 collected $2 from pot
simper11: doesn't show hand
*** SUMMARY ***
Total pot $2 | Rake $0
Seat 3: simper11 (big blind) collected ($2)
Seat 6: manly70 (button) (small blind) folded before Flop


PokerStars Hand #157794709148:  Hold'em Limit ($3/$6 USD) - 2016/08/27 5:28:49 ET
Table 'Garumna' 6-max Seat #3 is the button
Seat 3: simper11 ($140 in chips)
Seat 6: manly70 ($202.77 in chips)
simper11: posts small blind $1
manly70: posts big blind $3
*** HOLE CARDS ***
simper11: raises $3 to $6
manly70: calls $3
*** FLOP *** [3s 9h 5s]
manly70: checks
simper11: bets $3
manly70: calls $3
*** TURN *** [3s 9h 5s] [9c]
manly70: checks
simper11: bets $6
manly70: folds
Uncalled bet ($6) returned to simper11
simper11 collected $17.64 from pot
simper11: doesn't show hand
*** SUMMARY ***
Total pot $18 | Rake $0.36
Board [3s 9h 5s 9c]
Seat 3: simper11 (button) (small blind) collected ($17.64)
Seat 6: manly70 (big blind) folded on the Turn


PokerStars Hand #157796507992:  Hold'em Limit ($3/$6 USD) - 2016/08/27 6:46:30 ET
Table 'Garumna' 6-max Seat #3 is the button
Seat 2: Norbert-04 ($62.14 in chips)
Seat 3: TTBN ($127.84 in chips)
TTBN: posts small blind $1
bangolfaren: is sitting out
Norbert-04: posts big blind $3
*** HOLE CARDS ***
TTBN: raises $3 to $6
bangolfaren leaves the table
Norbert-04: folds
Uncalled bet ($3) returned to TTBN
TTBN collected $6 from pot
TTBN: doesn't show hand
*** SUMMARY ***
Total pot $6 | Rake $0
Seat 2: Norbert-04 (big blind) folded before Flop
Seat 3: TTBN (button) (small blind) collected ($6)


PokerStars Hand #157796513450:  Hold'em Limit ($3/$6 USD) - 2016/08/27 6:46:43 ET
Table 'Garumna' 6-max Seat #3 is the button
Seat 2: Norbert-04 ($58.14 in chips)
Seat 3: TTBN ($131.84 in chips)
TTBN: posts small blind $1
Norbert-04: posts big blind $3
*** HOLE CARDS ***
TTBN: folds
Uncalled bet ($2) returned to Norbert-04
Norbert-04 collected $2 from pot
*** SUMMARY ***
Total pot $2 | Rake $0
Seat 2: Norbert-04 (big blind) collected ($2)
Seat 3: TTBN (button) (small blind) folded before Flop


PokerStars Hand #157796511399:  Hold'em Limit ($3/$6 USD) - 2016/08/27 6:46:38 ET
Table 'Garumna' 6-max Seat #2 is the button
Seat 2: Norbert-04 ($59.14 in chips)
Seat 3: TTBN ($130.84 in chips)
Norbert-04: posts small blind $1
TTBN: posts big blind $3
*** HOLE CARDS ***
Norbert-04: folds
Uncalled bet ($2) returned to TTBN
TTBN collected $2 from pot
TTBN: doesn't show hand
*** SUMMARY ***
Total pot $2 | Rake $0
Seat 2: Norbert-04 (button) (small blind) folded before Flop
Seat 3: TTBN (big blind) collected ($2)


PokerStars Hand #157796515674:  Hold'em Limit ($3/$6 USD) - 2016/08/27 6:46:49 ET
Table 'Garumna' 6-max Seat #2 is the button
Seat 2: Norbert-04 ($59.14 in chips)
Seat 3: TTBN ($130.84 in chips)
Norbert-04: posts small blind $1
TTBN: posts big blind $3
*** HOLE CARDS ***
Norbert-04: raises $3 to $6
TTBN: calls $3
*** FLOP *** [Kc 5d 3s]
TTBN: checks
Norbert-04: bets $3
TTBN: calls $3
*** TURN *** [Kc 5d 3s] [Ts]
TTBN: checks
Norbert-04: checks
*** RIVER *** [Kc 5d 3s Ts] [Qc]
TTBN: checks
Norbert-04: bets $6
TTBN: calls $6
*** SHOW DOWN ***
Norbert-04: shows [Qh 4h] (a pair of Queens)
TTBN: mucks hand
Norbert-04 collected $29.50 from pot
*** SUMMARY ***
Total pot $30 | Rake $0.50
Board [Kc 5d 3s Ts Qc]
Seat 2: Norbert-04 (button) (small blind) showed [Qh 4h] and won ($29.50) with a pair of Queens
Seat 3: TTBN (big blind) mucked


PokerStars Hand #157796543047:  Hold'em Limit ($3/$6 USD) - 2016/08/27 6:47:56 ET
Table 'Garumna' 6-max Seat #3 is the button
Seat 2: Norbert-04 ($40.64 in chips)
Seat 3: TTBN ($148.10 in chips)
TTBN: posts small blind $1
Norbert-04: posts big blind $3
*** HOLE CARDS ***
TTBN: folds
Uncalled bet ($2) returned to Norbert-04
Norbert-04 collected $2 from pot
*** SUMMARY ***
Total pot $2 | Rake $0
Seat 2: Norbert-04 (big blind) collected ($2)
Seat 3: TTBN (button) (small blind) folded before Flop


PokerStars Hand #157796533999:  Hold'em Limit ($3/$6 USD) - 2016/08/27 6:47:34 ET
Table 'Garumna' 6-max Seat #2 is the button
Seat 2: Norbert-04 ($46.64 in chips)
Seat 3: TTBN ($142.34 in chips)
Norbert-04: posts small blind $1
TTBN: posts big blind $3
*** HOLE CARDS ***
Norbert-04: raises $3 to $6
TTBN: calls $3
*** FLOP *** [Tc 3c Ad]
TTBN: bets $3
Norbert-04: folds
Uncalled bet ($3) returned to TTBN
TTBN collected $11.76 from pot
TTBN: doesn't show hand
*** SUMMARY ***
Total pot $12 | Rake $0.24
Board [Tc 3c Ad]
Seat 2: Norbert-04 (button) (small blind) folded on the Flop
Seat 3: TTBN (big blind) collected ($11.76)


PokerStars Hand #157796547280:  Hold'em Limit ($3/$6 USD) - 2016/08/27 6:48:07 ET
Table 'Garumna' 6-max Seat #3 is the button
Seat 2: Norbert-04 ($40.64 in chips)
Seat 3: TTBN ($148.10 in chips)
TTBN: posts small blind $1
Norbert-04: posts big blind $3
*** HOLE CARDS ***
TTBN: folds
Uncalled bet ($2) returned to Norbert-04
Norbert-04 collected $2 from pot
*** SUMMARY ***
Total pot $2 | Rake $0
Seat 2: Norbert-04 (big blind) collected ($2)
Seat 3: TTBN (button) (small blind) folded before Flop


PokerStars Hand #157796545350:  Hold'em Limit ($3/$6 USD) - 2016/08/27 6:48:02 ET
Table 'Garumna' 6-max Seat #2 is the button
Seat 2: Norbert-04 ($41.64 in chips)
Seat 3: TTBN ($147.10 in chips)
Norbert-04: posts small blind $1
TTBN: posts big blind $3
*** HOLE CARDS ***
Norbert-04: folds
Uncalled bet ($2) returned to TTBN
TTBN collected $2 from pot
TTBN: doesn't show hand
*** SUMMARY ***
Total pot $2 | Rake $0
Seat 2: Norbert-04 (button) (small blind) folded before Flop
Seat 3: TTBN (big blind) collected ($2)


PokerStars Hand #157796549675:  Hold'em Limit ($3/$6 USD) - 2016/08/27 6:48:12 ET
Table 'Garumna' 6-max Seat #2 is the button
Seat 2: Norbert-04 ($41.64 in chips)
Seat 3: TTBN ($147.10 in chips)
Norbert-04: posts small blind $1
TTBN: posts big blind $3
*** HOLE CARDS ***
Norbert-04: calls $2
TTBN: checks
*** FLOP *** [Qc 5d 3s]
TTBN: checks
Norbert-04: bets $3
TTBN: folds
Uncalled bet ($3) returned to Norbert-04
Norbert-04 collected $5.88 from pot
*** SUMMARY ***
Total pot $6 | Rake $0.12
Board [Qc 5d 3s]
Seat 2: Norbert-04 (button) (small blind) collected ($5.88)
Seat 3: TTBN (big blind) folded on the Flop


PokerStars Hand #157796554927:  Hold'em Limit ($3/$6 USD) - 2016/08/27 6:48:25 ET
Table 'Garumna' 6-max Seat #3 is the button
Seat 2: Norbert-04 ($44.52 in chips)
Seat 3: TTBN ($144.10 in chips)
TTBN: posts small blind $1
Norbert-04: posts big blind $3
*** HOLE CARDS ***
TTBN: raises $3 to $6
Norbert-04: calls $3
*** FLOP *** [4h 5s 6d]
Norbert-04: checks
TTBN: bets $3
Norbert-04: calls $3
*** TURN *** [4h 5s 6d] [3s]
Norbert-04: checks
TTBN: bets $6
Norbert-04: calls $6
*** RIVER *** [4h 5s 6d 3s] [3d]
Norbert-04: checks
TTBN: checks
*** SHOW DOWN ***
Norbert-04: shows [4s As] (two pair, Fours and Threes)
TTBN: mucks hand
Norbert-04 collected $29.50 from pot
*** SUMMARY ***
Total pot $30 | Rake $0.50
Board [4h 5s 6d 3s 3d]
Seat 2: Norbert-04 (big blind) showed [4s As] and won ($29.50) with two pair, Fours and Threes
Seat 3: TTBN (button) (small blind) mucked


PokerStars Hand #157796563545:  Hold'em Limit ($3/$6 USD) - 2016/08/27 6:48:46 ET
Table 'Garumna' 6-max Seat #2 is the button
Seat 2: Norbert-04 ($59.02 in chips)
Seat 3: TTBN ($129.10 in chips)
Norbert-04: posts small blind $1
TTBN: posts big blind $3
*** HOLE CARDS ***
Norbert-04: raises $3 to $6
TTBN: calls $3
*** FLOP *** [Qh 2c 4c]
HAL9QQQ leaves the table
TTBN: checks
Norbert-04: bets $3
TTBN: calls $3
*** TURN *** [Qh 2c 4c] [As]
TTBN: checks
Norbert-04: bets $6
TTBN: folds
Uncalled bet ($6) returned to Norbert-04
Norbert-04 collected $17.64 from pot
*** SUMMARY ***
Total pot $18 | Rake $0.36
Board [Qh 2c 4c As]
Seat 2: Norbert-04 (button) (small blind) collected ($17.64)
Seat 3: TTBN (big blind) folded on the Turn


PokerStars Hand #157796572150:  Hold'em Limit ($3/$6 USD) - 2016/08/27 6:49:07 ET
Table 'Garumna' 6-max Seat #3 is the button
Seat 2: Norbert-04 ($67.66 in chips)
Seat 3: TTBN ($120.10 in chips)
TTBN: posts small blind $1
Norbert-04: posts big blind $3
*** HOLE CARDS ***
TTBN: raises $3 to $6
Norbert-04: calls $3
*** FLOP *** [7d 6c Qd]
Norbert-04: checks
TTBN: bets $3
Norbert-04: calls $3
*** TURN *** [7d 6c Qd] [9h]
Norbert-04: checks
TTBN: checks
*** RIVER *** [7d 6c Qd 9h] [4h]
Norbert-04: checks
TTBN: bets $6
Norbert-04: calls $6
*** SHOW DOWN ***
TTBN: shows [4s Ad] (a pair of Fours)
Norbert-04: shows [3h 6d] (a pair of Sixes)
Norbert-04 collected $29.50 from pot
*** SUMMARY ***
Total pot $30 | Rake $0.50
Board [7d 6c Qd 9h 4h]
Seat 2: Norbert-04 (big blind) showed [3h 6d] and won ($29.50) with a pair of Sixes
Seat 3: TTBN (button) (small blind) showed [4s Ad] and lost with a pair of Fours


