PokerStars Hand #156043153834:  Hold'em Limit ($3/$6 USD) - 2016/07/16 11:58:32 ET
Table 'Gase' 6-max Seat #6 is the button
Seat 4: AzureCaper ($72 in chips)
Seat 6: juanchopock ($30 in chips)
juanchopock: posts small blind $1
AzureCaper: posts big blind $3
*** HOLE CARDS ***
juanchopock: folds
Uncalled bet ($2) returned to AzureCaper
kolaz03 joins the table at seat #1
AzureCaper collected $2 from pot
AzureCaper: doesn't show hand
*** SUMMARY ***
Total pot $2 | Rake $0
Seat 4: AzureCaper (big blind) collected ($2)
Seat 6: juanchopock (button) (small blind) folded before Flop


PokerStars Hand #156043157636:  Hold'em Limit ($3/$6 USD) - 2016/07/16 11:58:40 ET
Table 'Gase' 6-max Seat #4 is the button
Seat 4: AzureCaper ($73 in chips)
Seat 6: juanchopock ($29 in chips)
AzureCaper: posts small blind $1
juanchopock: posts big blind $3
*** HOLE CARDS ***
AzureCaper: raises $3 to $6
juanchopock: calls $3
*** FLOP *** [6c 6h 4h]
juanchopock: checks
AzureCaper: checks
*** TURN *** [6c 6h 4h] [9h]
juanchopock: bets $6
AzureCaper: folds
Uncalled bet ($6) returned to juanchopock
juanchopock collected $11.76 from pot
*** SUMMARY ***
Total pot $12 | Rake $0.24
Board [6c 6h 4h 9h]
Seat 4: AzureCaper (button) (small blind) folded on the Turn
Seat 6: juanchopock (big blind) collected ($11.76)


PokerStars Hand #156044123186:  Hold'em Limit ($3/$6 USD) - 2016/07/16 12:20:48 ET
Table 'Gase' 6-max Seat #2 is the button
Seat 1: Norbert-04 ($65.27 in chips)
Seat 2: GRAILKO ($182 in chips)
GRAILKO: posts small blind $1
Norbert-04: posts big blind $3
*** HOLE CARDS ***
GRAILKO: raises $3 to $6
Norbert-04: calls $3
*** FLOP *** [Ac Ah 2c]
Norbert-04: checks
GRAILKO: bets $3
Norbert-04: folds
Uncalled bet ($3) returned to GRAILKO
GRAILKO collected $11.76 from pot
GRAILKO: doesn't show hand
*** SUMMARY ***
Total pot $12 | Rake $0.24
Board [Ac Ah 2c]
Seat 1: Norbert-04 (big blind) folded on the Flop
Seat 2: GRAILKO (button) (small blind) collected ($11.76)


PokerStars Hand #156044133020:  Hold'em Limit ($3/$6 USD) - 2016/07/16 12:21:00 ET
Table 'Gase' 6-max Seat #1 is the button
Seat 1: Norbert-04 ($59.27 in chips)
Seat 2: GRAILKO ($187.76 in chips)
Norbert-04: posts small blind $1
GRAILKO: posts big blind $3
*** HOLE CARDS ***
_fayzulllo_ joins the table at seat #3
Norbert-04: raises $3 to $6
GRAILKO: calls $3
*** FLOP *** [8c 8h 4d]
Ale4o joins the table at seat #4
GRAILKO: checks
Norbert-04: bets $3
GRAILKO: calls $3
*** TURN *** [8c 8h 4d] [6s]
GRAILKO: checks
Norbert-04: bets $6
GRAILKO: raises $6 to $12
Norbert-04: folds
Uncalled bet ($6) returned to GRAILKO
GRAILKO collected $29.50 from pot
GRAILKO: doesn't show hand
*** SUMMARY ***
Total pot $30 | Rake $0.50
Board [8c 8h 4d 6s]
Seat 1: Norbert-04 (button) (small blind) folded on the Turn
Seat 2: GRAILKO (big blind) collected ($29.50)


PokerStars Hand #156044625475:  Hold'em Limit ($3/$6 USD) - 2016/07/16 12:33:10 ET
Table 'Gase' 6-max Seat #4 is the button
Seat 4: Ale4o ($128 in chips)
Seat 6: AzureCaper ($123.82 in chips)
Ale4o: posts small blind $1
AzureCaper: posts big blind $3
*** HOLE CARDS ***
Ale4o: raises $3 to $6
AzureCaper: folds
Uncalled bet ($3) returned to Ale4o
Ale4o collected $6 from pot
Ale4o: doesn't show hand
*** SUMMARY ***
Total pot $6 | Rake $0
Seat 4: Ale4o (button) (small blind) collected ($6)
Seat 6: AzureCaper (big blind) folded before Flop


PokerStars Hand #156044621685:  Hold'em Limit ($3/$6 USD) - 2016/07/16 12:33:04 ET
Table 'Gase' 6-max Seat #6 is the button
Seat 4: Ale4o ($127 in chips)
Seat 6: AzureCaper ($124.82 in chips)
AzureCaper: posts small blind $1
_fayzulllo_: is sitting out
Ale4o: posts big blind $3
*** HOLE CARDS ***
_fayzulllo_ leaves the table
AzureCaper: folds
Uncalled bet ($2) returned to Ale4o
Ale4o collected $2 from pot
Ale4o: doesn't show hand
*** SUMMARY ***
Total pot $2 | Rake $0
Seat 4: Ale4o (big blind) collected ($2)
Seat 6: AzureCaper (button) (small blind) folded before Flop


