PokerStars Hand #171310279592:  Hold'em Limit ($3/$6 USD) - 2017/06/03 20:48:43 ET
Table 'Gaspra' 6-max Seat #3 is the button
Seat 2: lulu32800 ($29 in chips)
Seat 3: DimaZips ($121 in chips)
DimaZips: posts small blind $1
lulu32800: posts big blind $3
*** HOLE CARDS ***
DimaZips: folds
Uncalled bet ($2) returned to lulu32800
lulu32800 collected $2 from pot
*** SUMMARY ***
Total pot $2 | Rake $0
Seat 2: lulu32800 (big blind) collected ($2)
Seat 3: DimaZips (button) (small blind) folded before Flop


PokerStars Hand #171310287025:  Hold'em Limit ($3/$6 USD) - 2017/06/03 20:49:00 ET
Table 'Gaspra' 6-max Seat #3 is the button
Seat 2: lulu32800 ($35.76 in chips)
Seat 3: DimaZips ($114 in chips)
DimaZips: posts small blind $1
lulu32800: posts big blind $3
*** HOLE CARDS ***
DimaZips: raises $3 to $6
lulu32800: folds
Uncalled bet ($3) returned to DimaZips
DimaZips collected $6 from pot
DimaZips: doesn't show hand
*** SUMMARY ***
Total pot $6 | Rake $0
Seat 2: lulu32800 (big blind) folded before Flop
Seat 3: DimaZips (button) (small blind) collected ($6)


PokerStars Hand #171310281694:  Hold'em Limit ($3/$6 USD) - 2017/06/03 20:48:47 ET
Table 'Gaspra' 6-max Seat #2 is the button
Seat 2: lulu32800 ($30 in chips)
Seat 3: DimaZips ($120 in chips)
lulu32800: posts small blind $1
DimaZips: posts big blind $3
*** HOLE CARDS ***
lulu32800: raises $3 to $6
DimaZips: calls $3
*** FLOP *** [Qc 5h As]
DimaZips: checks
lulu32800: bets $3
DimaZips: folds
Uncalled bet ($3) returned to lulu32800
lulu32800 collected $11.76 from pot
*** SUMMARY ***
Total pot $12 | Rake $0.24
Board [Qc 5h As]
Seat 2: lulu32800 (button) (small blind) collected ($11.76)
Seat 3: DimaZips (big blind) folded on the Flop


PokerStars Hand #171310289773:  Hold'em Limit ($3/$6 USD) - 2017/06/03 20:49:06 ET
Table 'Gaspra' 6-max Seat #2 is the button
Seat 2: lulu32800 ($32.76 in chips)
Seat 3: DimaZips ($117 in chips)
lulu32800: posts small blind $1
DimaZips: posts big blind $3
*** HOLE CARDS ***
lulu32800: calls $2
DimaZips: checks
*** FLOP *** [Kd Jh Js]
DimaZips: checks
lulu32800: bets $3
DimaZips: folds
Uncalled bet ($3) returned to lulu32800
lulu32800 collected $5.88 from pot
*** SUMMARY ***
Total pot $6 | Rake $0.12
Board [Kd Jh Js]
Seat 2: lulu32800 (button) (small blind) collected ($5.88)
Seat 3: DimaZips (big blind) folded on the Flop


PokerStars Hand #171310304581:  Hold'em Limit ($3/$6 USD) - 2017/06/03 20:49:39 ET
Table 'Gaspra' 6-max Seat #2 is the button
Seat 2: lulu32800 ($35.39 in chips)
Seat 3: DimaZips ($113.75 in chips)
lulu32800: posts small blind $1
DimaZips: posts big blind $3
*** HOLE CARDS ***
lulu32800: folds
Uncalled bet ($2) returned to DimaZips
DimaZips collected $2 from pot
DimaZips: doesn't show hand
*** SUMMARY ***
Total pot $2 | Rake $0
Seat 2: lulu32800 (button) (small blind) folded before Flop
Seat 3: DimaZips (big blind) collected ($2)


PokerStars Hand #171310295018:  Hold'em Limit ($3/$6 USD) - 2017/06/03 20:49:18 ET
Table 'Gaspra' 6-max Seat #3 is the button
Seat 2: lulu32800 ($35.64 in chips)
Seat 3: DimaZips ($114 in chips)
DimaZips: posts small blind $1
lulu32800: posts big blind $3
*** HOLE CARDS ***
DimaZips: raises $3 to $6
lulu32800: raises $3 to $9
DimaZips: raises $3 to $12
Betting is capped
lulu32800: calls $3
*** FLOP *** [Th 6d Ks]
lulu32800: bets $3
DimaZips: raises $3 to $6
lulu32800: calls $3
*** TURN *** [Th 6d Ks] [8c]
lulu32800: checks
DimaZips: bets $6
lulu32800: calls $6
*** RIVER *** [Th 6d Ks 8c] [Tc]
lulu32800: checks
DimaZips: bets $6
lulu32800: calls $6
*** SHOW DOWN ***
DimaZips: shows [Jh Ah] (a pair of Tens)
lulu32800: shows [Js Ad] (a pair of Tens)
lulu32800 collected $29.75 from pot
DimaZips collected $29.75 from pot
MissEKAmouse joins the table at seat #4
*** SUMMARY ***
Total pot $60 | Rake $0.50
Board [Th 6d Ks 8c Tc]
Seat 2: lulu32800 (big blind) showed [Js Ad] and won ($29.75) with a pair of Tens
Seat 3: DimaZips (button) (small blind) showed [Jh Ah] and won ($29.75) with a pair of Tens


PokerStars Hand #171312652817:  Hold'em Limit ($3/$6 USD) - 2017/06/03 22:33:12 ET
Table 'Gaspra' 6-max Seat #4 is the button
Seat 4: MissEKAmouse ($195.12 in chips)
Seat 5: muzixibei ($85.88 in chips)
MissEKAmouse: posts small blind $1
muzixibei: posts big blind $3
*** HOLE CARDS ***
MissEKAmouse: folds
Uncalled bet ($2) returned to muzixibei
muzixibei collected $2 from pot
muzixibei: doesn't show hand
*** SUMMARY ***
Total pot $2 | Rake $0
Seat 4: MissEKAmouse (button) (small blind) folded before Flop
Seat 5: muzixibei (big blind) collected ($2)


PokerStars Hand #171312646830:  Hold'em Limit ($3/$6 USD) - 2017/06/03 22:32:54 ET
Table 'Gaspra' 6-max Seat #5 is the button
Seat 4: MissEKAmouse ($201.12 in chips)
Seat 5: muzixibei ($80.12 in chips)
muzixibei: posts small blind $1
MissEKAmouse: posts big blind $3
*** HOLE CARDS ***
muzixibei: raises $3 to $6
MissEKAmouse: calls $3
*** FLOP *** [Ac Js As]
MissEKAmouse: checks
muzixibei: bets $3
MissEKAmouse: folds
Uncalled bet ($3) returned to muzixibei
muzixibei collected $11.76 from pot
muzixibei: doesn't show hand
*** SUMMARY ***
Total pot $12 | Rake $0.24
Board [Ac Js As]
Seat 4: MissEKAmouse (big blind) folded on the Flop
Seat 5: muzixibei (button) (small blind) collected ($11.76)


PokerStars Hand #171312654846:  Hold'em Limit ($3/$6 USD) - 2017/06/03 22:33:18 ET
Table 'Gaspra' 6-max Seat #5 is the button
Seat 4: MissEKAmouse ($194.12 in chips)
Seat 5: muzixibei ($86.88 in chips)
muzixibei: posts small blind $1
MissEKAmouse: posts big blind $3
*** HOLE CARDS ***
muzixibei: folds
Uncalled bet ($2) returned to MissEKAmouse
MissEKAmouse collected $2 from pot
MissEKAmouse: doesn't show hand
*** SUMMARY ***
Total pot $2 | Rake $0
Seat 4: MissEKAmouse (big blind) collected ($2)
Seat 5: muzixibei (button) (small blind) folded before Flop


PokerStars Hand #171312668025:  Hold'em Limit ($3/$6 USD) - 2017/06/03 22:33:57 ET
Table 'Gaspra' 6-max Seat #4 is the button
Seat 4: MissEKAmouse ($197.76 in chips)
Seat 5: muzixibei ($82.64 in chips)
MissEKAmouse: posts small blind $1
muzixibei: posts big blind $3
*** HOLE CARDS ***
MissEKAmouse: raises $3 to $6
muzixibei: calls $3
*** FLOP *** [8d 4s 6h]
muzixibei: checks
MissEKAmouse: checks
*** TURN *** [8d 4s 6h] [6c]
muzixibei: bets $6
MissEKAmouse: folds
Uncalled bet ($6) returned to muzixibei
muzixibei collected $11.76 from pot
muzixibei: doesn't show hand
*** SUMMARY ***
Total pot $12 | Rake $0.24
Board [8d 4s 6h 6c]
Seat 4: MissEKAmouse (button) (small blind) folded on the Turn
Seat 5: muzixibei (big blind) collected ($11.76)


PokerStars Hand #171312663361:  Hold'em Limit ($3/$6 USD) - 2017/06/03 22:33:43 ET
Table 'Gaspra' 6-max Seat #5 is the button
Seat 4: MissEKAmouse ($203.76 in chips)
Seat 5: muzixibei ($76.88 in chips)
muzixibei: posts small blind $1
MissEKAmouse: posts big blind $3
*** HOLE CARDS ***
muzixibei: raises $3 to $6
MissEKAmouse: calls $3
*** FLOP *** [6c 6s Ts]
MissEKAmouse: checks
muzixibei: bets $3
MissEKAmouse: folds
Uncalled bet ($3) returned to muzixibei
muzixibei collected $11.76 from pot
muzixibei: doesn't show hand
*** SUMMARY ***
Total pot $12 | Rake $0.24
Board [6c 6s Ts]
Seat 4: MissEKAmouse (big blind) folded on the Flop
Seat 5: muzixibei (button) (small blind) collected ($11.76)


PokerStars Hand #171312657117:  Hold'em Limit ($3/$6 USD) - 2017/06/03 22:33:25 ET
Table 'Gaspra' 6-max Seat #4 is the button
Seat 4: MissEKAmouse ($195.12 in chips)
Seat 5: muzixibei ($85.88 in chips)
MissEKAmouse: posts small blind $1
muzixibei: posts big blind $3
*** HOLE CARDS ***
MissEKAmouse: raises $3 to $6
muzixibei: calls $3
*** FLOP *** [8s 4h Qc]
muzixibei: checks
MissEKAmouse: bets $3
muzixibei: calls $3
*** TURN *** [8s 4h Qc] [4d]
muzixibei: checks
MissEKAmouse: bets $6
muzixibei: folds
Uncalled bet ($6) returned to MissEKAmouse
MissEKAmouse collected $17.64 from pot
MissEKAmouse: doesn't show hand
*** SUMMARY ***
Total pot $18 | Rake $0.36
Board [8s 4h Qc 4d]
Seat 4: MissEKAmouse (button) (small blind) collected ($17.64)
Seat 5: muzixibei (big blind) folded on the Turn


PokerStars Hand #171312696925:  Hold'em Limit ($3/$6 USD) - 2017/06/03 22:35:23 ET
Table 'Gaspra' 6-max Seat #5 is the button
Seat 4: MissEKAmouse ($206.16 in chips)
Seat 5: muzixibei ($73.40 in chips)
muzixibei: posts small blind $1
MissEKAmouse: posts big blind $3
*** HOLE CARDS ***
muzixibei: folds
Uncalled bet ($2) returned to MissEKAmouse
MissEKAmouse collected $2 from pot
MissEKAmouse: doesn't show hand
*** SUMMARY ***
Total pot $2 | Rake $0
Seat 4: MissEKAmouse (big blind) collected ($2)
Seat 5: muzixibei (button) (small blind) folded before Flop


PokerStars Hand #171312693559:  Hold'em Limit ($3/$6 USD) - 2017/06/03 22:35:13 ET
Table 'Gaspra' 6-max Seat #4 is the button
Seat 4: MissEKAmouse ($207.16 in chips)
Seat 5: muzixibei ($72.40 in chips)
MissEKAmouse: posts small blind $1
muzixibei: posts big blind $3
*** HOLE CARDS ***
MissEKAmouse: folds
Uncalled bet ($2) returned to muzixibei
muzixibei collected $2 from pot
muzixibei: doesn't show hand
*** SUMMARY ***
Total pot $2 | Rake $0
Seat 4: MissEKAmouse (button) (small blind) folded before Flop
Seat 5: muzixibei (big blind) collected ($2)


PokerStars Hand #171312691428:  Hold'em Limit ($3/$6 USD) - 2017/06/03 22:35:07 ET
Table 'Gaspra' 6-max Seat #5 is the button
Seat 4: MissEKAmouse ($206.16 in chips)
Seat 5: muzixibei ($73.40 in chips)
muzixibei: posts small blind $1
MissEKAmouse: posts big blind $3
*** HOLE CARDS ***
muzixibei: folds
Uncalled bet ($2) returned to MissEKAmouse
MissEKAmouse collected $2 from pot
MissEKAmouse: doesn't show hand
*** SUMMARY ***
Total pot $2 | Rake $0
Seat 4: MissEKAmouse (big blind) collected ($2)
Seat 5: muzixibei (button) (small blind) folded before Flop


PokerStars Hand #171312680775:  Hold'em Limit ($3/$6 USD) - 2017/06/03 22:34:35 ET
Table 'Gaspra' 6-max Seat #4 is the button
Seat 4: MissEKAmouse ($200.40 in chips)
Seat 5: muzixibei ($79.40 in chips)
MissEKAmouse: posts small blind $1
muzixibei: posts big blind $3
*** HOLE CARDS ***
MissEKAmouse: raises $3 to $6
muzixibei: calls $3
*** FLOP *** [5c Ah 8h]
muzixibei: checks
MissEKAmouse: checks
*** TURN *** [5c Ah 8h] [9c]
muzixibei: checks
MissEKAmouse: checks
*** RIVER *** [5c Ah 8h 9c] [8c]
muzixibei: checks
MissEKAmouse: checks
*** SHOW DOWN ***
muzixibei: shows [Js 4c] (a pair of Eights)
MissEKAmouse: shows [3d Kh] (a pair of Eights - Ace+King kicker)
MissEKAmouse collected $11.76 from pot
*** SUMMARY ***
Total pot $12 | Rake $0.24
Board [5c Ah 8h 9c 8c]
Seat 4: MissEKAmouse (button) (small blind) showed [3d Kh] and won ($11.76) with a pair of Eights
Seat 5: muzixibei (big blind) showed [Js 4c] and lost with a pair of Eights


PokerStars Hand #171312675143:  Hold'em Limit ($3/$6 USD) - 2017/06/03 22:34:18 ET
Table 'Gaspra' 6-max Seat #5 is the button
Seat 4: MissEKAmouse ($191.76 in chips)
Seat 5: muzixibei ($88.40 in chips)
muzixibei: posts small blind $1
MissEKAmouse: posts big blind $3
*** HOLE CARDS ***
muzixibei: raises $3 to $6
MissEKAmouse: calls $3
*** FLOP *** [Ad 6h Js]
MissEKAmouse: checks
muzixibei: bets $3
MissEKAmouse: raises $3 to $6
muzixibei: folds
Uncalled bet ($3) returned to MissEKAmouse
MissEKAmouse collected $17.64 from pot
MissEKAmouse: doesn't show hand
*** SUMMARY ***
Total pot $18 | Rake $0.36
Board [Ad 6h Js]
Seat 4: MissEKAmouse (big blind) collected ($17.64)
Seat 5: muzixibei (button) (small blind) folded on the Flop


PokerStars Hand #171312709843:  Hold'em Limit ($3/$6 USD) - 2017/06/03 22:36:02 ET
Table 'Gaspra' 6-max Seat #4 is the button
Seat 4: MissEKAmouse ($221.66 in chips)
Seat 5: muzixibei ($57.40 in chips)
MissEKAmouse: posts small blind $1
muzixibei: posts big blind $3
*** HOLE CARDS ***
MissEKAmouse: raises $3 to $6
muzixibei: calls $3
*** FLOP *** [Js 2c 5d]
muzixibei: checks
MissEKAmouse: bets $3
muzixibei: raises $3 to $6
MissEKAmouse: folds
Uncalled bet ($3) returned to muzixibei
muzixibei collected $17.64 from pot
muzixibei: doesn't show hand
*** SUMMARY ***
Total pot $18 | Rake $0.36
Board [Js 2c 5d]
Seat 4: MissEKAmouse (button) (small blind) folded on the Flop
Seat 5: muzixibei (big blind) collected ($17.64)


PokerStars Hand #171312707212:  Hold'em Limit ($3/$6 USD) - 2017/06/03 22:35:54 ET
Table 'Gaspra' 6-max Seat #5 is the button
Seat 4: MissEKAmouse ($224.66 in chips)
Seat 5: muzixibei ($54.40 in chips)
muzixibei: posts small blind $1
MissEKAmouse: posts big blind $3
*** HOLE CARDS ***
muzixibei: raises $3 to $6
MissEKAmouse: folds
Uncalled bet ($3) returned to muzixibei
muzixibei collected $6 from pot
muzixibei: doesn't show hand
*** SUMMARY ***
Total pot $6 | Rake $0
Seat 4: MissEKAmouse (big blind) folded before Flop
Seat 5: muzixibei (button) (small blind) collected ($6)


PokerStars Hand #171312699162:  Hold'em Limit ($3/$6 USD) - 2017/06/03 22:35:30 ET
Table 'Gaspra' 6-max Seat #4 is the button
Seat 4: MissEKAmouse ($207.16 in chips)
Seat 5: muzixibei ($72.40 in chips)
MissEKAmouse: posts small blind $1
muzixibei: posts big blind $3
*** HOLE CARDS ***
MissEKAmouse: raises $3 to $6
muzixibei: calls $3
*** FLOP *** [3h Ac 8d]
muzixibei: checks
MissEKAmouse: checks
*** TURN *** [3h Ac 8d] [6s]
muzixibei: checks
MissEKAmouse: checks
*** RIVER *** [3h Ac 8d 6s] [Qs]
muzixibei: bets $6
MissEKAmouse: raises $6 to $12
muzixibei: calls $6
*** SHOW DOWN ***
MissEKAmouse: shows [Kh Qd] (a pair of Queens)
muzixibei: mucks hand
MissEKAmouse collected $35.50 from pot
*** SUMMARY ***
Total pot $36 | Rake $0.50
Board [3h Ac 8d 6s Qs]
Seat 4: MissEKAmouse (button) (small blind) showed [Kh Qd] and won ($35.50) with a pair of Queens
Seat 5: muzixibei (big blind) mucked


PokerStars Hand #171312715509:  Hold'em Limit ($3/$6 USD) - 2017/06/03 22:36:19 ET
Table 'Gaspra' 6-max Seat #5 is the button
Seat 4: MissEKAmouse ($212.66 in chips)
Seat 5: muzixibei ($66.04 in chips)
muzixibei: posts small blind $1
MissEKAmouse: posts big blind $3
*** HOLE CARDS ***
muzixibei: folds
Uncalled bet ($2) returned to MissEKAmouse
MissEKAmouse collected $2 from pot
MissEKAmouse: doesn't show hand
*** SUMMARY ***
Total pot $2 | Rake $0
Seat 4: MissEKAmouse (big blind) collected ($2)
Seat 5: muzixibei (button) (small blind) folded before Flop


PokerStars Hand #171312737019:  Hold'em Limit ($3/$6 USD) - 2017/06/03 22:37:24 ET
Table 'Gaspra' 6-max Seat #5 is the button
Seat 4: MissEKAmouse ($203.42 in chips)
Seat 5: muzixibei ($74.68 in chips)
muzixibei: posts small blind $1
MissEKAmouse: posts big blind $3
*** HOLE CARDS ***
muzixibei: folds
Uncalled bet ($2) returned to MissEKAmouse
MissEKAmouse collected $2 from pot
MissEKAmouse: doesn't show hand
*** SUMMARY ***
Total pot $2 | Rake $0
Seat 4: MissEKAmouse (big blind) collected ($2)
Seat 5: muzixibei (button) (small blind) folded before Flop


PokerStars Hand #171312732316:  Hold'em Limit ($3/$6 USD) - 2017/06/03 22:37:10 ET
Table 'Gaspra' 6-max Seat #4 is the button
Seat 4: MissEKAmouse ($197.66 in chips)
Seat 5: muzixibei ($80.68 in chips)
MissEKAmouse: posts small blind $1
muzixibei: posts big blind $3
*** HOLE CARDS ***
MissEKAmouse: raises $3 to $6
muzixibei: calls $3
*** FLOP *** [Tc Qc Qd]
muzixibei: checks
MissEKAmouse: bets $3
muzixibei: folds
Uncalled bet ($3) returned to MissEKAmouse
MissEKAmouse collected $11.76 from pot
MissEKAmouse: doesn't show hand
*** SUMMARY ***
Total pot $12 | Rake $0.24
Board [Tc Qc Qd]
Seat 4: MissEKAmouse (button) (small blind) collected ($11.76)
Seat 5: muzixibei (big blind) folded on the Flop


PokerStars Hand #171312729690:  Hold'em Limit ($3/$6 USD) - 2017/06/03 22:37:02 ET
Table 'Gaspra' 6-max Seat #5 is the button
Seat 4: MissEKAmouse ($200.66 in chips)
Seat 5: muzixibei ($77.68 in chips)
muzixibei: posts small blind $1
MissEKAmouse: posts big blind $3
*** HOLE CARDS ***
muzixibei: raises $3 to $6
MissEKAmouse: folds
Uncalled bet ($3) returned to muzixibei
muzixibei collected $6 from pot
muzixibei: doesn't show hand
*** SUMMARY ***
Total pot $6 | Rake $0
Seat 4: MissEKAmouse (big blind) folded before Flop
Seat 5: muzixibei (button) (small blind) collected ($6)


PokerStars Hand #171312727708:  Hold'em Limit ($3/$6 USD) - 2017/06/03 22:36:56 ET
Table 'Gaspra' 6-max Seat #4 is the button
Seat 4: MissEKAmouse ($201.66 in chips)
Seat 5: muzixibei ($76.68 in chips)
MissEKAmouse: posts small blind $1
muzixibei: posts big blind $3
*** HOLE CARDS ***
MissEKAmouse: folds
Uncalled bet ($2) returned to muzixibei
muzixibei collected $2 from pot
muzixibei: doesn't show hand
*** SUMMARY ***
Total pot $2 | Rake $0
Seat 4: MissEKAmouse (button) (small blind) folded before Flop
Seat 5: muzixibei (big blind) collected ($2)


PokerStars Hand #171312724940:  Hold'em Limit ($3/$6 USD) - 2017/06/03 22:36:47 ET
Table 'Gaspra' 6-max Seat #5 is the button
Seat 4: MissEKAmouse ($204.66 in chips)
Seat 5: muzixibei ($73.68 in chips)
muzixibei: posts small blind $1
MissEKAmouse: posts big blind $3
*** HOLE CARDS ***
muzixibei: raises $3 to $6
MissEKAmouse: folds
Uncalled bet ($3) returned to muzixibei
muzixibei collected $6 from pot
muzixibei: doesn't show hand
*** SUMMARY ***
Total pot $6 | Rake $0
Seat 4: MissEKAmouse (big blind) folded before Flop
Seat 5: muzixibei (button) (small blind) collected ($6)


PokerStars Hand #171312717471:  Hold'em Limit ($3/$6 USD) - 2017/06/03 22:36:25 ET
Table 'Gaspra' 6-max Seat #4 is the button
Seat 4: MissEKAmouse ($213.66 in chips)
Seat 5: muzixibei ($65.04 in chips)
MissEKAmouse: posts small blind $1
muzixibei: posts big blind $3
*** HOLE CARDS ***
MissEKAmouse: raises $3 to $6
muzixibei: calls $3
*** FLOP *** [2s Tc 2d]
muzixibei: checks
MissEKAmouse: bets $3
muzixibei: calls $3
*** TURN *** [2s Tc 2d] [3h]
muzixibei: checks
MissEKAmouse: checks
*** RIVER *** [2s Tc 2d 3h] [Kh]
muzixibei: checks
MissEKAmouse: checks
*** SHOW DOWN ***
muzixibei: shows [Ad 4c] (a pair of Deuces)
MissEKAmouse: mucks hand
muzixibei collected $17.64 from pot
*** SUMMARY ***
Total pot $18 | Rake $0.36
Board [2s Tc 2d 3h Kh]
Seat 4: MissEKAmouse (button) (small blind) mucked
Seat 5: muzixibei (big blind) showed [Ad 4c] and won ($17.64) with a pair of Deuces


PokerStars Hand #171312749993:  Hold'em Limit ($3/$6 USD) - 2017/06/03 22:38:03 ET
Table 'Gaspra' 6-max Seat #4 is the button
Seat 4: MissEKAmouse ($186.42 in chips)
Seat 5: muzixibei ($91.18 in chips)
MissEKAmouse: posts small blind $1
muzixibei: posts big blind $3
*** HOLE CARDS ***
MissEKAmouse: raises $3 to $6
muzixibei: calls $3
*** FLOP *** [Qc Ts 4s]
muzixibei: checks
MissEKAmouse: bets $3
muzixibei: calls $3
*** TURN *** [Qc Ts 4s] [5c]
muzixibei: checks
MissEKAmouse: bets $6
muzixibei: calls $6
*** RIVER *** [Qc Ts 4s 5c] [2h]
muzixibei: checks
MissEKAmouse: bets $6
muzixibei: calls $6
*** SHOW DOWN ***
MissEKAmouse: shows [Tc Ah] (a pair of Tens)
muzixibei: mucks hand
MissEKAmouse collected $41.50 from pot
*** SUMMARY ***
Total pot $42 | Rake $0.50
Board [Qc Ts 4s 5c 2h]
Seat 4: MissEKAmouse (button) (small blind) showed [Tc Ah] and won ($41.50) with a pair of Tens
Seat 5: muzixibei (big blind) mucked


PokerStars Hand #171312741611:  Hold'em Limit ($3/$6 USD) - 2017/06/03 22:37:38 ET
Table 'Gaspra' 6-max Seat #5 is the button
Seat 4: MissEKAmouse ($207.42 in chips)
Seat 5: muzixibei ($70.68 in chips)
muzixibei: posts small blind $1
MissEKAmouse: posts big blind $3
*** HOLE CARDS ***
muzixibei: raises $3 to $6
MissEKAmouse: calls $3
*** FLOP *** [7h 8s Ts]
MissEKAmouse: checks
muzixibei: bets $3
MissEKAmouse: calls $3
*** TURN *** [7h 8s Ts] [4s]
MissEKAmouse: bets $6
muzixibei: calls $6
*** RIVER *** [7h 8s Ts 4s] [5d]
MissEKAmouse: checks
muzixibei: bets $6
MissEKAmouse: calls $6
*** SHOW DOWN ***
muzixibei: shows [7d 8h] (two pair, Eights and Sevens)
MissEKAmouse: mucks hand
muzixibei collected $41.50 from pot
*** SUMMARY ***
Total pot $42 | Rake $0.50
Board [7h 8s Ts 4s 5d]
Seat 4: MissEKAmouse (big blind) mucked
Seat 5: muzixibei (button) (small blind) showed [7d 8h] and won ($41.50) with two pair, Eights and Sevens


PokerStars Hand #171312739096:  Hold'em Limit ($3/$6 USD) - 2017/06/03 22:37:30 ET
Table 'Gaspra' 6-max Seat #4 is the button
Seat 4: MissEKAmouse ($204.42 in chips)
Seat 5: muzixibei ($73.68 in chips)
MissEKAmouse: posts small blind $1
muzixibei: posts big blind $3
*** HOLE CARDS ***
MissEKAmouse: raises $3 to $6
muzixibei: folds
Uncalled bet ($3) returned to MissEKAmouse
MissEKAmouse collected $6 from pot
MissEKAmouse: doesn't show hand
*** SUMMARY ***
Total pot $6 | Rake $0
Seat 4: MissEKAmouse (button) (small blind) collected ($6)
Seat 5: muzixibei (big blind) folded before Flop


PokerStars Hand #171312769873:  Hold'em Limit ($3/$6 USD) - 2017/06/03 22:39:05 ET
Table 'Gaspra' 6-max Seat #4 is the button
Seat 4: MissEKAmouse ($211.56 in chips)
Seat 5: muzixibei ($65.18 in chips)
MissEKAmouse: posts small blind $1
muzixibei: posts big blind $3
*** HOLE CARDS ***
MissEKAmouse: raises $3 to $6
muzixibei: raises $3 to $9
MissEKAmouse: calls $3
*** FLOP *** [5c 5s Qc]
muzixibei: bets $3
MissEKAmouse: folds
Uncalled bet ($3) returned to muzixibei
muzixibei collected $17.64 from pot
muzixibei: doesn't show hand
*** SUMMARY ***
Total pot $18 | Rake $0.36
Board [5c 5s Qc]
Seat 4: MissEKAmouse (button) (small blind) folded on the Flop
Seat 5: muzixibei (big blind) collected ($17.64)


PokerStars Hand #171312767554:  Hold'em Limit ($3/$6 USD) - 2017/06/03 22:38:57 ET
Table 'Gaspra' 6-max Seat #5 is the button
Seat 4: MissEKAmouse ($214.56 in chips)
Seat 5: muzixibei ($62.18 in chips)
muzixibei: posts small blind $1
MissEKAmouse: posts big blind $3
*** HOLE CARDS ***
muzixibei: raises $3 to $6
MissEKAmouse: folds
Uncalled bet ($3) returned to muzixibei
muzixibei collected $6 from pot
muzixibei: doesn't show hand
*** SUMMARY ***
Total pot $6 | Rake $0
Seat 4: MissEKAmouse (big blind) folded before Flop
Seat 5: muzixibei (button) (small blind) collected ($6)


PokerStars Hand #171312765540:  Hold'em Limit ($3/$6 USD) - 2017/06/03 22:38:51 ET
Table 'Gaspra' 6-max Seat #4 is the button
Seat 4: MissEKAmouse ($215.56 in chips)
Seat 5: muzixibei ($61.18 in chips)
MissEKAmouse: posts small blind $1
muzixibei: posts big blind $3
*** HOLE CARDS ***
MissEKAmouse: folds
Uncalled bet ($2) returned to muzixibei
muzixibei collected $2 from pot
muzixibei: doesn't show hand
*** SUMMARY ***
Total pot $2 | Rake $0
Seat 4: MissEKAmouse (button) (small blind) folded before Flop
Seat 5: muzixibei (big blind) collected ($2)


PokerStars Hand #171312757529:  Hold'em Limit ($3/$6 USD) - 2017/06/03 22:38:26 ET
Table 'Gaspra' 6-max Seat #5 is the button
Seat 4: MissEKAmouse ($206.92 in chips)
Seat 5: muzixibei ($70.18 in chips)
muzixibei: posts small blind $1
MissEKAmouse: posts big blind $3
*** HOLE CARDS ***
muzixibei: raises $3 to $6
MissEKAmouse: calls $3
*** FLOP *** [2c Qc 5s]
MissEKAmouse: checks
muzixibei: bets $3
MissEKAmouse: calls $3
*** TURN *** [2c Qc 5s] [6d]
MissEKAmouse: checks
muzixibei: checks
*** RIVER *** [2c Qc 5s 6d] [9d]
MissEKAmouse: bets $6
muzixibei: folds
Uncalled bet ($6) returned to MissEKAmouse
MissEKAmouse collected $17.64 from pot
MissEKAmouse: doesn't show hand
*** SUMMARY ***
Total pot $18 | Rake $0.36
Board [2c Qc 5s 6d 9d]
Seat 4: MissEKAmouse (big blind) collected ($17.64)
Seat 5: muzixibei (button) (small blind) folded on the River


PokerStars Hand #171312774199:  Hold'em Limit ($3/$6 USD) - 2017/06/03 22:39:18 ET
Table 'Gaspra' 6-max Seat #5 is the button
Seat 4: MissEKAmouse ($202.56 in chips)
Seat 5: muzixibei ($73.82 in chips)
muzixibei: posts small blind $1
MissEKAmouse: posts big blind $3
*** HOLE CARDS ***
muzixibei: raises $3 to $6
MissEKAmouse: calls $3
*** FLOP *** [9h Th Ts]
MissEKAmouse: checks
muzixibei: bets $3
MissEKAmouse: calls $3
*** TURN *** [9h Th Ts] [8d]
MissEKAmouse: checks
muzixibei: bets $6
MissEKAmouse: folds
Uncalled bet ($6) returned to muzixibei
muzixibei collected $17.64 from pot
muzixibei: doesn't show hand
*** SUMMARY ***
Total pot $18 | Rake $0.36
Board [9h Th Ts 8d]
Seat 4: MissEKAmouse (big blind) folded on the Turn
Seat 5: muzixibei (button) (small blind) collected ($17.64)


PokerStars Hand #171312791210:  Hold'em Limit ($3/$6 USD) - 2017/06/03 22:40:09 ET
Table 'Gaspra' 6-max Seat #4 is the button
Seat 4: MissEKAmouse ($179.56 in chips)
Seat 5: muzixibei ($95.96 in chips)
MissEKAmouse: posts small blind $1
muzixibei: posts big blind $3
*** HOLE CARDS ***
MissEKAmouse: raises $3 to $6
muzixibei: calls $3
*** FLOP *** [8h 3d 7c]
muzixibei: checks
MissEKAmouse: checks
*** TURN *** [8h 3d 7c] [Ah]
muzixibei: bets $6
MissEKAmouse: calls $6
*** RIVER *** [8h 3d 7c Ah] [Ac]
muzixibei: bets $6
MissEKAmouse: folds
Uncalled bet ($6) returned to muzixibei
muzixibei collected $23.52 from pot
muzixibei: doesn't show hand
*** SUMMARY ***
Total pot $24 | Rake $0.48
Board [8h 3d 7c Ah Ac]
Seat 4: MissEKAmouse (button) (small blind) folded on the River
Seat 5: muzixibei (big blind) collected ($23.52)


PokerStars Hand #171312789337:  Hold'em Limit ($3/$6 USD) - 2017/06/03 22:40:03 ET
Table 'Gaspra' 6-max Seat #5 is the button
Seat 4: MissEKAmouse ($178.56 in chips)
Seat 5: muzixibei ($96.96 in chips)
muzixibei: posts small blind $1
MissEKAmouse: posts big blind $3
*** HOLE CARDS ***
muzixibei: folds
Uncalled bet ($2) returned to MissEKAmouse
MissEKAmouse collected $2 from pot
MissEKAmouse: doesn't show hand
*** SUMMARY ***
Total pot $2 | Rake $0
Seat 4: MissEKAmouse (big blind) collected ($2)
Seat 5: muzixibei (button) (small blind) folded before Flop


PokerStars Hand #171312780698:  Hold'em Limit ($3/$6 USD) - 2017/06/03 22:39:37 ET
Table 'Gaspra' 6-max Seat #4 is the button
Seat 4: MissEKAmouse ($193.56 in chips)
Seat 5: muzixibei ($82.46 in chips)
MissEKAmouse: posts small blind $1
muzixibei: posts big blind $3
*** HOLE CARDS ***
MissEKAmouse: raises $3 to $6
muzixibei: calls $3
*** FLOP *** [4d 8h Qc]
muzixibei: checks
MissEKAmouse: bets $3
muzixibei: calls $3
*** TURN *** [4d 8h Qc] [Qh]
muzixibei: checks
MissEKAmouse: bets $6
muzixibei: calls $6
*** RIVER *** [4d 8h Qc Qh] [3c]
muzixibei: checks
MissEKAmouse: checks
*** SHOW DOWN ***
muzixibei: shows [7c 4c] (two pair, Queens and Fours)
MissEKAmouse: mucks hand
muzixibei collected $29.50 from pot
*** SUMMARY ***
Total pot $30 | Rake $0.50
Board [4d 8h Qc Qh 3c]
Seat 4: MissEKAmouse (button) (small blind) mucked
Seat 5: muzixibei (big blind) showed [7c 4c] and won ($29.50) with two pair, Queens and Fours


PokerStars Hand #171312798792:  Hold'em Limit ($3/$6 USD) - 2017/06/03 22:40:32 ET
Table 'Gaspra' 6-max Seat #5 is the button
Seat 4: MissEKAmouse ($167.56 in chips)
Seat 5: muzixibei ($107.48 in chips)
muzixibei: posts small blind $1
MissEKAmouse: posts big blind $3
*** HOLE CARDS ***
muzixibei: folds
Uncalled bet ($2) returned to MissEKAmouse
MissEKAmouse collected $2 from pot
MissEKAmouse: doesn't show hand
*** SUMMARY ***
Total pot $2 | Rake $0
Seat 4: MissEKAmouse (big blind) collected ($2)
Seat 5: muzixibei (button) (small blind) folded before Flop


PokerStars Hand #171312810652:  Hold'em Limit ($3/$6 USD) - 2017/06/03 22:41:08 ET
Table 'Gaspra' 6-max Seat #4 is the button
Seat 4: MissEKAmouse ($184.06 in chips)
Seat 5: muzixibei ($90.48 in chips)
MissEKAmouse: posts small blind $1
muzixibei: posts big blind $3
*** HOLE CARDS ***
MissEKAmouse: raises $3 to $6
muzixibei: calls $3
*** FLOP *** [3h Qh Jd]
muzixibei: checks
MissEKAmouse: checks
*** TURN *** [3h Qh Jd] [5c]
muzixibei: bets $6
MissEKAmouse: calls $6
*** RIVER *** [3h Qh Jd 5c] [Th]
muzixibei: bets $6
MissEKAmouse: folds
Uncalled bet ($6) returned to muzixibei
muzixibei collected $23.52 from pot
muzixibei: doesn't show hand
*** SUMMARY ***
Total pot $24 | Rake $0.48
Board [3h Qh Jd 5c Th]
Seat 4: MissEKAmouse (button) (small blind) folded on the River
Seat 5: muzixibei (big blind) collected ($23.52)


PokerStars Hand #171312808735:  Hold'em Limit ($3/$6 USD) - 2017/06/03 22:41:02 ET
Table 'Gaspra' 6-max Seat #5 is the button
Seat 4: MissEKAmouse ($183.06 in chips)
Seat 5: muzixibei ($91.48 in chips)
muzixibei: posts small blind $1
MissEKAmouse: posts big blind $3
*** HOLE CARDS ***
muzixibei: folds
Uncalled bet ($2) returned to MissEKAmouse
MissEKAmouse collected $2 from pot
MissEKAmouse: doesn't show hand
*** SUMMARY ***
Total pot $2 | Rake $0
Seat 4: MissEKAmouse (big blind) collected ($2)
Seat 5: muzixibei (button) (small blind) folded before Flop


PokerStars Hand #171312800709:  Hold'em Limit ($3/$6 USD) - 2017/06/03 22:40:38 ET
Table 'Gaspra' 6-max Seat #4 is the button
Seat 4: MissEKAmouse ($168.56 in chips)
Seat 5: muzixibei ($106.48 in chips)
MissEKAmouse: posts small blind $1
muzixibei: posts big blind $3
*** HOLE CARDS ***
MissEKAmouse: raises $3 to $6
muzixibei: calls $3
*** FLOP *** [Qh 8c 5h]
muzixibei: checks
MissEKAmouse: bets $3
muzixibei: calls $3
*** TURN *** [Qh 8c 5h] [4s]
muzixibei: checks
MissEKAmouse: bets $6
muzixibei: calls $6
*** RIVER *** [Qh 8c 5h 4s] [Ks]
muzixibei: checks
MissEKAmouse: bets $6
muzixibei: folds
Uncalled bet ($6) returned to MissEKAmouse
MissEKAmouse collected $29.50 from pot
MissEKAmouse: doesn't show hand
*** SUMMARY ***
Total pot $30 | Rake $0.50
Board [Qh 8c 5h 4s Ks]
Seat 4: MissEKAmouse (button) (small blind) collected ($29.50)
Seat 5: muzixibei (big blind) folded on the River


PokerStars Hand #171312830197:  Hold'em Limit ($3/$6 USD) - 2017/06/03 22:42:06 ET
Table 'Gaspra' 6-max Seat #5 is the button
Seat 4: MissEKAmouse ($177.70 in chips)
Seat 5: muzixibei ($96 in chips)
muzixibei: posts small blind $1
MissEKAmouse: posts big blind $3
*** HOLE CARDS ***
muzixibei: raises $3 to $6
MissEKAmouse: calls $3
*** FLOP *** [3h 7d 9s]
MissEKAmouse: checks
muzixibei: bets $3
MissEKAmouse: folds
Uncalled bet ($3) returned to muzixibei
muzixibei collected $11.76 from pot
muzixibei: doesn't show hand
*** SUMMARY ***
Total pot $12 | Rake $0.24
Board [3h 7d 9s]
Seat 4: MissEKAmouse (big blind) folded on the Flop
Seat 5: muzixibei (button) (small blind) collected ($11.76)


PokerStars Hand #171312828255:  Hold'em Limit ($3/$6 USD) - 2017/06/03 22:42:00 ET
Table 'Gaspra' 6-max Seat #4 is the button
Seat 4: MissEKAmouse ($178.70 in chips)
Seat 5: muzixibei ($95 in chips)
MissEKAmouse: posts small blind $1
muzixibei: posts big blind $3
*** HOLE CARDS ***
MissEKAmouse: folds
Uncalled bet ($2) returned to muzixibei
muzixibei collected $2 from pot
muzixibei: doesn't show hand
*** SUMMARY ***
Total pot $2 | Rake $0
Seat 4: MissEKAmouse (button) (small blind) folded before Flop
Seat 5: muzixibei (big blind) collected ($2)


PokerStars Hand #171312825952:  Hold'em Limit ($3/$6 USD) - 2017/06/03 22:41:53 ET
Table 'Gaspra' 6-max Seat #5 is the button
Seat 4: MissEKAmouse ($181.70 in chips)
Seat 5: muzixibei ($92 in chips)
muzixibei: posts small blind $1
MissEKAmouse: posts big blind $3
*** HOLE CARDS ***
Lee2k5 joins the table at seat #3
muzixibei: raises $3 to $6
MissEKAmouse: folds
Uncalled bet ($3) returned to muzixibei
muzixibei collected $6 from pot
muzixibei: doesn't show hand
*** SUMMARY ***
Total pot $6 | Rake $0
Seat 4: MissEKAmouse (big blind) folded before Flop
Seat 5: muzixibei (button) (small blind) collected ($6)


PokerStars Hand #171312820006:  Hold'em Limit ($3/$6 USD) - 2017/06/03 22:41:36 ET
Table 'Gaspra' 6-max Seat #4 is the button
Seat 4: MissEKAmouse ($173.06 in chips)
Seat 5: muzixibei ($101 in chips)
MissEKAmouse: posts small blind $1
muzixibei: posts big blind $3
*** HOLE CARDS ***
MissEKAmouse: raises $3 to $6
muzixibei: calls $3
*** FLOP *** [Ad Ts 9h]
muzixibei: checks
MissEKAmouse: bets $3
muzixibei: calls $3
*** TURN *** [Ad Ts 9h] [3d]
muzixibei: checks
MissEKAmouse: bets $6
muzixibei: folds
Uncalled bet ($6) returned to MissEKAmouse
MissEKAmouse collected $17.64 from pot
MissEKAmouse: doesn't show hand
*** SUMMARY ***
Total pot $18 | Rake $0.36
Board [Ad Ts 9h 3d]
Seat 4: MissEKAmouse (button) (small blind) collected ($17.64)
Seat 5: muzixibei (big blind) folded on the Turn


PokerStars Hand #171312818215:  Hold'em Limit ($3/$6 USD) - 2017/06/03 22:41:30 ET
Table 'Gaspra' 6-max Seat #5 is the button
Seat 4: MissEKAmouse ($172.06 in chips)
Seat 5: muzixibei ($102 in chips)
muzixibei: posts small blind $1
MissEKAmouse: posts big blind $3
*** HOLE CARDS ***
muzixibei: folds
Uncalled bet ($2) returned to MissEKAmouse
MissEKAmouse collected $2 from pot
MissEKAmouse: doesn't show hand
*** SUMMARY ***
Total pot $2 | Rake $0
Seat 4: MissEKAmouse (big blind) collected ($2)
Seat 5: muzixibei (button) (small blind) folded before Flop


PokerStars Hand #171312856085:  Hold'em Limit ($3/$6 USD) - 2017/06/03 22:43:25 ET
Table 'Gaspra' 6-max Seat #4 is the button
Seat 4: MissEKAmouse ($183.72 in chips)
Seat 5: muzixibei ($88.26 in chips)
MissEKAmouse: posts small blind $1
muzixibei: posts big blind $3
*** HOLE CARDS ***
MissEKAmouse: folds
Uncalled bet ($2) returned to muzixibei
muzixibei collected $2 from pot
muzixibei: doesn't show hand
*** SUMMARY ***
Total pot $2 | Rake $0
Seat 4: MissEKAmouse (button) (small blind) folded before Flop
Seat 5: muzixibei (big blind) collected ($2)


PokerStars Hand #171312851225:  Hold'em Limit ($3/$6 USD) - 2017/06/03 22:43:10 ET
Table 'Gaspra' 6-max Seat #5 is the button
Seat 4: MissEKAmouse ($172.20 in chips)
Seat 5: muzixibei ($100.26 in chips)
muzixibei: posts small blind $1
MissEKAmouse: posts big blind $3
*** HOLE CARDS ***
muzixibei: raises $3 to $6
MissEKAmouse: raises $3 to $9
muzixibei: calls $3
*** FLOP *** [7s Kc 5d]
MissEKAmouse: bets $3
muzixibei: calls $3
*** TURN *** [7s Kc 5d] [6s]
MissEKAmouse: bets $6
muzixibei: folds
Uncalled bet ($6) returned to MissEKAmouse
MissEKAmouse collected $23.52 from pot
MissEKAmouse: doesn't show hand
*** SUMMARY ***
Total pot $24 | Rake $0.48
Board [7s Kc 5d 6s]
Seat 4: MissEKAmouse (big blind) collected ($23.52)
Seat 5: muzixibei (button) (small blind) folded on the Turn


PokerStars Hand #171312843974:  Hold'em Limit ($3/$6 USD) - 2017/06/03 22:42:48 ET
Table 'Gaspra' 6-max Seat #4 is the button
Seat 4: MissEKAmouse ($193.20 in chips)
Seat 5: muzixibei ($79.76 in chips)
MissEKAmouse: posts small blind $1
muzixibei: posts big blind $3
*** HOLE CARDS ***
MissEKAmouse: raises $3 to $6
muzixibei: calls $3
*** FLOP *** [9s Jc 4d]
muzixibei: checks
MissEKAmouse: bets $3
muzixibei: calls $3
*** TURN *** [9s Jc 4d] [7h]
muzixibei: checks
MissEKAmouse: bets $6
muzixibei: calls $6
*** RIVER *** [9s Jc 4d 7h] [7s]
muzixibei: checks
MissEKAmouse: bets $6
muzixibei: calls $6
*** SHOW DOWN ***
MissEKAmouse: shows [Qc 9c] (two pair, Nines and Sevens)
muzixibei: shows [Js 5s] (two pair, Jacks and Sevens)
muzixibei collected $41.50 from pot
*** SUMMARY ***
Total pot $42 | Rake $0.50
Board [9s Jc 4d 7h 7s]
Seat 4: MissEKAmouse (button) (small blind) showed [Qc 9c] and lost with two pair, Nines and Sevens
Seat 5: muzixibei (big blind) showed [Js 5s] and won ($41.50) with two pair, Jacks and Sevens


PokerStars Hand #171312842167:  Hold'em Limit ($3/$6 USD) - 2017/06/03 22:42:42 ET
Table 'Gaspra' 6-max Seat #5 is the button
Seat 4: MissEKAmouse ($192.20 in chips)
Seat 5: muzixibei ($80.76 in chips)
muzixibei: posts small blind $1
MissEKAmouse: posts big blind $3
*** HOLE CARDS ***
muzixibei: folds
Uncalled bet ($2) returned to MissEKAmouse
MissEKAmouse collected $2 from pot
MissEKAmouse: doesn't show hand
*** SUMMARY ***
Total pot $2 | Rake $0
Seat 4: MissEKAmouse (big blind) collected ($2)
Seat 5: muzixibei (button) (small blind) folded before Flop


PokerStars Hand #171312834349:  Hold'em Limit ($3/$6 USD) - 2017/06/03 22:42:19 ET
Table 'Gaspra' 6-max Seat #4 is the button
Seat 4: MissEKAmouse ($171.70 in chips)
Seat 5: muzixibei ($101.76 in chips)
MissEKAmouse: posts small blind $1
muzixibei: posts big blind $3
*** HOLE CARDS ***
MissEKAmouse: raises $3 to $6
muzixibei: calls $3
*** FLOP *** [9c 7d Kd]
muzixibei: checks
MissEKAmouse: bets $3
muzixibei: calls $3
*** TURN *** [9c 7d Kd] [Ad]
muzixibei: checks
MissEKAmouse: bets $6
muzixibei: calls $6
*** RIVER *** [9c 7d Kd Ad] [8c]
muzixibei: checks
MissEKAmouse: bets $6
muzixibei: calls $6
*** SHOW DOWN ***
MissEKAmouse: shows [Qc Kc] (a pair of Kings)
muzixibei: mucks hand
MissEKAmouse collected $41.50 from pot
*** SUMMARY ***
Total pot $42 | Rake $0.50
Board [9c 7d Kd Ad 8c]
Seat 4: MissEKAmouse (button) (small blind) showed [Qc Kc] and won ($41.50) with a pair of Kings
Seat 5: muzixibei (big blind) mucked


PokerStars Hand #171312858044:  Hold'em Limit ($3/$6 USD) - 2017/06/03 22:43:31 ET
Table 'Gaspra' 6-max Seat #5 is the button
Seat 4: MissEKAmouse ($182.72 in chips)
Seat 5: muzixibei ($89.26 in chips)
muzixibei: posts small blind $1
MissEKAmouse: posts big blind $3
*** HOLE CARDS ***
muzixibei: raises $3 to $6
MissEKAmouse: calls $3
*** FLOP *** [5d 7h Tc]
MissEKAmouse: checks
muzixibei: bets $3
MissEKAmouse: calls $3
*** TURN *** [5d 7h Tc] [Ad]
MissEKAmouse: checks
muzixibei: checks
*** RIVER *** [5d 7h Tc Ad] [4s]
MissEKAmouse: checks
muzixibei: bets $6
MissEKAmouse: calls $6
*** SHOW DOWN ***
muzixibei: shows [8s 6d] (a straight, Four to Eight)
MissEKAmouse: mucks hand
muzixibei collected $29.50 from pot
*** SUMMARY ***
Total pot $30 | Rake $0.50
Board [5d 7h Tc Ad 4s]
Seat 4: MissEKAmouse (big blind) mucked
Seat 5: muzixibei (button) (small blind) showed [8s 6d] and won ($29.50) with a straight, Four to Eight


PokerStars Hand #171312875708:  Hold'em Limit ($3/$6 USD) - 2017/06/03 22:44:26 ET
Table 'Gaspra' 6-max Seat #5 is the button
Seat 4: MissEKAmouse ($158.72 in chips)
Seat 5: muzixibei ($112.40 in chips)
muzixibei: posts small blind $1
MissEKAmouse: posts big blind $3
*** HOLE CARDS ***
muzixibei: folds
Uncalled bet ($2) returned to MissEKAmouse
MissEKAmouse collected $2 from pot
MissEKAmouse: doesn't show hand
*** SUMMARY ***
Total pot $2 | Rake $0
Seat 4: MissEKAmouse (big blind) collected ($2)
Seat 5: muzixibei (button) (small blind) folded before Flop


PokerStars Hand #171312873662:  Hold'em Limit ($3/$6 USD) - 2017/06/03 22:44:20 ET
Table 'Gaspra' 6-max Seat #4 is the button
Seat 4: MissEKAmouse ($159.72 in chips)
Seat 5: muzixibei ($111.40 in chips)
MissEKAmouse: posts small blind $1
muzixibei: posts big blind $3
*** HOLE CARDS ***
MissEKAmouse: folds
Uncalled bet ($2) returned to muzixibei
muzixibei collected $2 from pot
muzixibei: doesn't show hand
*** SUMMARY ***
Total pot $2 | Rake $0
Seat 4: MissEKAmouse (button) (small blind) folded before Flop
Seat 5: muzixibei (big blind) collected ($2)


PokerStars Hand #171312871718:  Hold'em Limit ($3/$6 USD) - 2017/06/03 22:44:14 ET
Table 'Gaspra' 6-max Seat #5 is the button
Seat 4: MissEKAmouse ($158.72 in chips)
Seat 5: muzixibei ($112.40 in chips)
muzixibei: posts small blind $1
MissEKAmouse: posts big blind $3
*** HOLE CARDS ***
Lee2k5 is disconnected
muzixibei: folds
Uncalled bet ($2) returned to MissEKAmouse
MissEKAmouse collected $2 from pot
MissEKAmouse: doesn't show hand
*** SUMMARY ***
Total pot $2 | Rake $0
Seat 4: MissEKAmouse (big blind) collected ($2)
Seat 5: muzixibei (button) (small blind) folded before Flop


PokerStars Hand #171312865451:  Hold'em Limit ($3/$6 USD) - 2017/06/03 22:43:55 ET
Table 'Gaspra' 6-max Seat #4 is the button
Seat 4: MissEKAmouse ($167.72 in chips)
Seat 5: muzixibei ($103.76 in chips)
MissEKAmouse: posts small blind $1
muzixibei: posts big blind $3
*** HOLE CARDS ***
MissEKAmouse: raises $3 to $6
muzixibei: calls $3
*** FLOP *** [Td 7s Qc]
muzixibei: checks
MissEKAmouse: bets $3
muzixibei: calls $3
*** TURN *** [Td 7s Qc] [Kh]
muzixibei: checks
MissEKAmouse: checks
*** RIVER *** [Td 7s Qc Kh] [Jc]
muzixibei: bets $6
MissEKAmouse: folds
Uncalled bet ($6) returned to muzixibei
muzixibei collected $17.64 from pot
muzixibei: doesn't show hand
*** SUMMARY ***
Total pot $18 | Rake $0.36
Board [Td 7s Qc Kh Jc]
Seat 4: MissEKAmouse (button) (small blind) folded on the River
Seat 5: muzixibei (big blind) collected ($17.64)


PokerStars Hand #171312890728:  Hold'em Limit ($3/$6 USD) - 2017/06/03 22:44:48 ET
Table 'Gaspra' 6-max Seat #5 is the button
Seat 4: MissEKAmouse ($168.36 in chips)
Seat 5: muzixibei ($102.40 in chips)
muzixibei: posts small blind $1
MissEKAmouse: posts big blind $3
*** HOLE CARDS ***
muzixibei: raises $3 to $6
MissEKAmouse: raises $3 to $9
muzixibei: calls $3
*** FLOP *** [5c 3c 6c]
MissEKAmouse: bets $3
muzixibei: calls $3
*** TURN *** [5c 3c 6c] [5h]
MissEKAmouse: bets $6
muzixibei: raises $6 to $12
MissEKAmouse: raises $6 to $18
muzixibei: raises $6 to $24
Betting is capped
MissEKAmouse: calls $6
*** RIVER *** [5c 3c 6c 5h] [3s]
MissEKAmouse: checks
muzixibei: bets $6
MissEKAmouse: raises $6 to $12
muzixibei: calls $6
*** SHOW DOWN ***
MissEKAmouse: shows [5d 7d] (a full house, Fives full of Threes)
muzixibei: mucks hand
MissEKAmouse collected $95.50 from pot
*** SUMMARY ***
Total pot $96 | Rake $0.50
Board [5c 3c 6c 5h 3s]
Seat 4: MissEKAmouse (big blind) showed [5d 7d] and won ($95.50) with a full house, Fives full of Threes
Seat 5: muzixibei (button) (small blind) mucked


PokerStars Hand #171312877522:  Hold'em Limit ($3/$6 USD) - 2017/06/03 22:44:32 ET
Table 'Gaspra' 6-max Seat #4 is the button
Seat 4: MissEKAmouse ($159.72 in chips)
Seat 5: muzixibei ($111.40 in chips)
MissEKAmouse: posts small blind $1
muzixibei: posts big blind $3
*** HOLE CARDS ***
MissEKAmouse: raises $3 to $6
muzixibei: calls $3
*** FLOP *** [9h 4d 3s]
muzixibei: checks
MissEKAmouse: bets $3
muzixibei: calls $3
*** TURN *** [9h 4d 3s] [4c]
muzixibei: checks
MissEKAmouse: bets $6
muzixibei: folds
Uncalled bet ($6) returned to MissEKAmouse
MissEKAmouse collected $17.64 from pot
MissEKAmouse: doesn't show hand
*** SUMMARY ***
Total pot $18 | Rake $0.36
Board [9h 4d 3s 4c]
Seat 4: MissEKAmouse (button) (small blind) collected ($17.64)
Seat 5: muzixibei (big blind) folded on the Turn


PokerStars Hand #171312903338:  Hold'em Limit ($3/$6 USD) - 2017/06/03 22:45:26 ET
Table 'Gaspra' 6-max Seat #4 is the button
Seat 4: MissEKAmouse ($215.86 in chips)
Seat 5: muzixibei ($54.40 in chips)
MissEKAmouse: posts small blind $1
muzixibei: posts big blind $3
*** HOLE CARDS ***
MissEKAmouse: folds
Uncalled bet ($2) returned to muzixibei
muzixibei collected $2 from pot
muzixibei: doesn't show hand
*** SUMMARY ***
Total pot $2 | Rake $0
Seat 4: MissEKAmouse (button) (small blind) folded before Flop
Seat 5: muzixibei (big blind) collected ($2)


PokerStars Hand #171312918119:  Hold'em Limit ($3/$6 USD) - 2017/06/03 22:46:10 ET
Table 'Gaspra' 6-max Seat #5 is the button
Seat 4: MissEKAmouse ($229.36 in chips)
Seat 5: muzixibei ($40.40 in chips)
muzixibei: posts small blind $1
MissEKAmouse: posts big blind $3
*** HOLE CARDS ***
muzixibei: raises $3 to $6
MissEKAmouse: calls $3
*** FLOP *** [Ts 7c Jd]
MissEKAmouse: checks
muzixibei: bets $3
MissEKAmouse: calls $3
*** TURN *** [Ts 7c Jd] [3d]
MissEKAmouse: checks
muzixibei: bets $6
MissEKAmouse: folds
Uncalled bet ($6) returned to muzixibei
muzixibei collected $17.64 from pot
muzixibei: doesn't show hand
*** SUMMARY ***
Total pot $18 | Rake $0.36
Board [Ts 7c Jd 3d]
Seat 4: MissEKAmouse (big blind) folded on the Turn
Seat 5: muzixibei (button) (small blind) collected ($17.64)


PokerStars Hand #171312909872:  Hold'em Limit ($3/$6 USD) - 2017/06/03 22:45:46 ET
Table 'Gaspra' 6-max Seat #4 is the button
Seat 4: MissEKAmouse ($211.86 in chips)
Seat 5: muzixibei ($58.40 in chips)
MissEKAmouse: posts small blind $1
muzixibei: posts big blind $3
*** HOLE CARDS ***
MissEKAmouse: raises $3 to $6
muzixibei: calls $3
*** FLOP *** [Ts 5c 9d]
muzixibei: checks
MissEKAmouse: checks
*** TURN *** [Ts 5c 9d] [Ks]
muzixibei: checks
MissEKAmouse: bets $6
muzixibei: calls $6
*** RIVER *** [Ts 5c 9d Ks] [Ac]
muzixibei: checks
MissEKAmouse: bets $6
muzixibei: calls $6
*** SHOW DOWN ***
MissEKAmouse: shows [3s Kc] (a pair of Kings)
muzixibei: mucks hand
MissEKAmouse collected $35.50 from pot
*** SUMMARY ***
Total pot $36 | Rake $0.50
Board [Ts 5c 9d Ks Ac]
Seat 4: MissEKAmouse (button) (small blind) showed [3s Kc] and won ($35.50) with a pair of Kings
Seat 5: muzixibei (big blind) mucked


PokerStars Hand #171312907579:  Hold'em Limit ($3/$6 USD) - 2017/06/03 22:45:39 ET
Table 'Gaspra' 6-max Seat #5 is the button
Seat 4: MissEKAmouse ($214.86 in chips)
Seat 5: muzixibei ($55.40 in chips)
muzixibei: posts small blind $1
MissEKAmouse: posts big blind $3
*** HOLE CARDS ***
muzixibei: raises $3 to $6
MissEKAmouse: folds
Uncalled bet ($3) returned to muzixibei
muzixibei collected $6 from pot
muzixibei: doesn't show hand
*** SUMMARY ***
Total pot $6 | Rake $0
Seat 4: MissEKAmouse (big blind) folded before Flop
Seat 5: muzixibei (button) (small blind) collected ($6)


PokerStars Hand #171312924618:  Hold'em Limit ($3/$6 USD) - 2017/06/03 22:46:30 ET
Table 'Gaspra' 6-max Seat #4 is the button
Seat 4: MissEKAmouse ($220.36 in chips)
Seat 5: muzixibei ($49.04 in chips)
MissEKAmouse: posts small blind $1
muzixibei: posts big blind $3
*** HOLE CARDS ***
MissEKAmouse: folds
Uncalled bet ($2) returned to muzixibei
muzixibei collected $2 from pot
muzixibei: doesn't show hand
*** SUMMARY ***
Total pot $2 | Rake $0
Seat 4: MissEKAmouse (button) (small blind) folded before Flop
Seat 5: muzixibei (big blind) collected ($2)


PokerStars Hand #171312928926:  Hold'em Limit ($3/$6 USD) - 2017/06/03 22:46:43 ET
Table 'Gaspra' 6-max Seat #5 is the button
Seat 4: MissEKAmouse ($219.36 in chips)
Seat 5: muzixibei ($50.04 in chips)
muzixibei: posts small blind $1
MissEKAmouse: posts big blind $3
*** HOLE CARDS ***
muzixibei: raises $3 to $6
MissEKAmouse: calls $3
*** FLOP *** [4c 3d 5s]
MissEKAmouse: checks
muzixibei: bets $3
MissEKAmouse: calls $3
*** TURN *** [4c 3d 5s] [7c]
MissEKAmouse: checks
muzixibei: bets $6
MissEKAmouse: calls $6
*** RIVER *** [4c 3d 5s 7c] [Qh]
MissEKAmouse: checks
muzixibei: bets $6
MissEKAmouse: folds
Uncalled bet ($6) returned to muzixibei
muzixibei collected $29.50 from pot
muzixibei: doesn't show hand
*** SUMMARY ***
Total pot $30 | Rake $0.50
Board [4c 3d 5s 7c Qh]
Seat 4: MissEKAmouse (big blind) folded on the River
Seat 5: muzixibei (button) (small blind) collected ($29.50)


PokerStars Hand #171312956559:  Hold'em Limit ($3/$6 USD) - 2017/06/03 22:48:09 ET
Table 'Gaspra' 6-max Seat #4 is the button
Seat 4: MissEKAmouse ($193.12 in chips)
Seat 5: muzixibei ($75.04 in chips)
MissEKAmouse: posts small blind $1
muzixibei: posts big blind $3
*** HOLE CARDS ***
MissEKAmouse: raises $3 to $6
muzixibei: calls $3
*** FLOP *** [5d Kh 6s]
muzixibei: checks
MissEKAmouse: bets $3
muzixibei: calls $3
*** TURN *** [5d Kh 6s] [Ac]
muzixibei: checks
MissEKAmouse: checks
*** RIVER *** [5d Kh 6s Ac] [6h]
muzixibei: bets $6
MissEKAmouse: folds
Uncalled bet ($6) returned to muzixibei
muzixibei collected $17.64 from pot
muzixibei: doesn't show hand
*** SUMMARY ***
Total pot $18 | Rake $0.36
Board [5d Kh 6s Ac 6h]
Seat 4: MissEKAmouse (button) (small blind) folded on the River
Seat 5: muzixibei (big blind) collected ($17.64)


PokerStars Hand #171312947161:  Hold'em Limit ($3/$6 USD) - 2017/06/03 22:47:39 ET
Table 'Gaspra' 6-max Seat #4 is the button
Seat 4: MissEKAmouse ($190.36 in chips)
Seat 5: muzixibei ($78.04 in chips)
MissEKAmouse: posts small blind $1
muzixibei: posts big blind $3
*** HOLE CARDS ***
MissEKAmouse: raises $3 to $6
muzixibei: calls $3
*** FLOP *** [Ah 8c Qd]
muzixibei: checks
MissEKAmouse: bets $3
muzixibei: folds
Uncalled bet ($3) returned to MissEKAmouse
MissEKAmouse collected $11.76 from pot
MissEKAmouse: doesn't show hand
*** SUMMARY ***
Total pot $12 | Rake $0.24
Board [Ah 8c Qd]
Seat 4: MissEKAmouse (button) (small blind) collected ($11.76)
Seat 5: muzixibei (big blind) folded on the Flop


PokerStars Hand #171312953872:  Hold'em Limit ($3/$6 USD) - 2017/06/03 22:48:00 ET
Table 'Gaspra' 6-max Seat #5 is the button
Seat 4: MissEKAmouse ($196.12 in chips)
Seat 5: muzixibei ($72.04 in chips)
muzixibei: posts small blind $1
MissEKAmouse: posts big blind $3
*** HOLE CARDS ***
muzixibei: raises $3 to $6
MissEKAmouse: folds
Uncalled bet ($3) returned to muzixibei
muzixibei collected $6 from pot
muzixibei: doesn't show hand
*** SUMMARY ***
Total pot $6 | Rake $0
Seat 4: MissEKAmouse (big blind) folded before Flop
Seat 5: muzixibei (button) (small blind) collected ($6)


PokerStars Hand #171312945362:  Hold'em Limit ($3/$6 USD) - 2017/06/03 22:47:34 ET
Table 'Gaspra' 6-max Seat #5 is the button
Seat 4: MissEKAmouse ($189.36 in chips)
Seat 5: muzixibei ($79.04 in chips)
muzixibei: posts small blind $1
MissEKAmouse: posts big blind $3
*** HOLE CARDS ***
muzixibei: folds
Uncalled bet ($2) returned to MissEKAmouse
MissEKAmouse collected $2 from pot
MissEKAmouse: doesn't show hand
*** SUMMARY ***
Total pot $2 | Rake $0
Seat 4: MissEKAmouse (big blind) collected ($2)
Seat 5: muzixibei (button) (small blind) folded before Flop


PokerStars Hand #171312937219:  Hold'em Limit ($3/$6 USD) - 2017/06/03 22:47:08 ET
Table 'Gaspra' 6-max Seat #4 is the button
Seat 4: MissEKAmouse ($204.36 in chips)
Seat 5: muzixibei ($64.54 in chips)
MissEKAmouse: posts small blind $1
muzixibei: posts big blind $3
*** HOLE CARDS ***
MissEKAmouse: raises $3 to $6
muzixibei: calls $3
*** FLOP *** [3c 8d 7c]
muzixibei: checks
MissEKAmouse: bets $3
muzixibei: calls $3
*** TURN *** [3c 8d 7c] [Js]
muzixibei: checks
MissEKAmouse: bets $6
muzixibei: calls $6
*** RIVER *** [3c 8d 7c Js] [4h]
muzixibei: checks
MissEKAmouse: checks
*** SHOW DOWN ***
muzixibei: shows [Tc Jd] (a pair of Jacks)
MissEKAmouse: mucks hand
muzixibei collected $29.50 from pot
*** SUMMARY ***
Total pot $30 | Rake $0.50
Board [3c 8d 7c Js 4h]
Seat 4: MissEKAmouse (button) (small blind) mucked
Seat 5: muzixibei (big blind) showed [Tc Jd] and won ($29.50) with a pair of Jacks


PokerStars Hand #171312972214:  Hold'em Limit ($3/$6 USD) - 2017/06/03 22:48:57 ET
Table 'Gaspra' 6-max Seat #5 is the button
Seat 4: MissEKAmouse ($166.12 in chips)
Seat 5: muzixibei ($101.18 in chips)
muzixibei: posts small blind $1
MissEKAmouse: posts big blind $3
*** HOLE CARDS ***
muzixibei: folds
Uncalled bet ($2) returned to MissEKAmouse
MissEKAmouse collected $2 from pot
MissEKAmouse: doesn't show hand
*** SUMMARY ***
Total pot $2 | Rake $0
Seat 4: MissEKAmouse (big blind) collected ($2)
Seat 5: muzixibei (button) (small blind) folded before Flop


PokerStars Hand #171312965624:  Hold'em Limit ($3/$6 USD) - 2017/06/03 22:48:36 ET
Table 'Gaspra' 6-max Seat #4 is the button
Seat 4: MissEKAmouse ($181.12 in chips)
Seat 5: muzixibei ($86.68 in chips)
MissEKAmouse: posts small blind $1
muzixibei: posts big blind $3
*** HOLE CARDS ***
MissEKAmouse: raises $3 to $6
muzixibei: calls $3
*** FLOP *** [Ad Td Qd]
muzixibei: checks
MissEKAmouse: bets $3
muzixibei: calls $3
*** TURN *** [Ad Td Qd] [2d]
muzixibei: checks
MissEKAmouse: checks
*** RIVER *** [Ad Td Qd 2d] [5d]
muzixibei: bets $6
MissEKAmouse: calls $6
*** SHOW DOWN ***
muzixibei: shows [Jd Ts] (a flush, Ace high)
MissEKAmouse: mucks hand
muzixibei collected $29.50 from pot
*** SUMMARY ***
Total pot $30 | Rake $0.50
Board [Ad Td Qd 2d 5d]
Seat 4: MissEKAmouse (button) (small blind) mucked
Seat 5: muzixibei (big blind) showed [Jd Ts] and won ($29.50) with a flush, Ace high


PokerStars Hand #171312974188:  Hold'em Limit ($3/$6 USD) - 2017/06/03 22:49:03 ET
Table 'Gaspra' 6-max Seat #4 is the button
Seat 4: MissEKAmouse ($167.12 in chips)
Seat 5: muzixibei ($100.18 in chips)
MissEKAmouse: posts small blind $1
muzixibei: posts big blind $3
*** HOLE CARDS ***
MissEKAmouse: folds
Uncalled bet ($2) returned to muzixibei
muzixibei collected $2 from pot
muzixibei: doesn't show hand
*** SUMMARY ***
Total pot $2 | Rake $0
Seat 4: MissEKAmouse (button) (small blind) folded before Flop
Seat 5: muzixibei (big blind) collected ($2)


PokerStars Hand #171312976218:  Hold'em Limit ($3/$6 USD) - 2017/06/03 22:49:09 ET
Table 'Gaspra' 6-max Seat #5 is the button
Seat 4: MissEKAmouse ($166.12 in chips)
Seat 5: muzixibei ($101.18 in chips)
muzixibei: posts small blind $1
MissEKAmouse: posts big blind $3
*** HOLE CARDS ***
muzixibei: raises $3 to $6
MissEKAmouse: raises $3 to $9
muzixibei: calls $3
*** FLOP *** [Qd 9d Ks]
MissEKAmouse: bets $3
muzixibei: calls $3
*** TURN *** [Qd 9d Ks] [6c]
MissEKAmouse: bets $6
muzixibei: calls $6
*** RIVER *** [Qd 9d Ks 6c] [9s]
MissEKAmouse: checks
muzixibei: bets $6
MissEKAmouse: folds
Uncalled bet ($6) returned to muzixibei
muzixibei collected $35.50 from pot
muzixibei: doesn't show hand
*** SUMMARY ***
Total pot $36 | Rake $0.50
Board [Qd 9d Ks 6c 9s]
Seat 4: MissEKAmouse (big blind) folded on the River
Seat 5: muzixibei (button) (small blind) collected ($35.50)


PokerStars Hand #171312963312:  Hold'em Limit ($3/$6 USD) - 2017/06/03 22:48:29 ET
Table 'Gaspra' 6-max Seat #5 is the button
Seat 4: MissEKAmouse ($184.12 in chips)
Seat 5: muzixibei ($83.68 in chips)
muzixibei: posts small blind $1
MissEKAmouse: posts big blind $3
*** HOLE CARDS ***
muzixibei: raises $3 to $6
MissEKAmouse: folds
Uncalled bet ($3) returned to muzixibei
muzixibei collected $6 from pot
muzixibei: doesn't show hand
*** SUMMARY ***
Total pot $6 | Rake $0
Seat 4: MissEKAmouse (big blind) folded before Flop
Seat 5: muzixibei (button) (small blind) collected ($6)


PokerStars Hand #171312983343:  Hold'em Limit ($3/$6 USD) - 2017/06/03 22:49:31 ET
Table 'Gaspra' 6-max Seat #4 is the button
Seat 4: MissEKAmouse ($148.12 in chips)
Seat 5: muzixibei ($118.68 in chips)
MissEKAmouse: posts small blind $1
muzixibei: posts big blind $3
*** HOLE CARDS ***
MissEKAmouse: raises $3 to $6
muzixibei: calls $3
*** FLOP *** [5c 6h 2c]
muzixibei: checks
MissEKAmouse: bets $3
muzixibei: calls $3
*** TURN *** [5c 6h 2c] [8c]
muzixibei: checks
MissEKAmouse: bets $6
muzixibei: calls $6
*** RIVER *** [5c 6h 2c 8c] [Jc]
muzixibei: checks
MissEKAmouse: checks
*** SHOW DOWN ***
muzixibei: shows [4h As] (high card Ace)
MissEKAmouse: shows [7h 8s] (a pair of Eights)
MissEKAmouse collected $29.50 from pot
*** SUMMARY ***
Total pot $30 | Rake $0.50
Board [5c 6h 2c 8c Jc]
Seat 4: MissEKAmouse (button) (small blind) showed [7h 8s] and won ($29.50) with a pair of Eights
Seat 5: muzixibei (big blind) showed [4h As] and lost with high card Ace


PokerStars Hand #171312990586:  Hold'em Limit ($3/$6 USD) - 2017/06/03 22:49:53 ET
Table 'Gaspra' 6-max Seat #5 is the button
Seat 4: MissEKAmouse ($162.62 in chips)
Seat 5: muzixibei ($103.68 in chips)
muzixibei: posts small blind $1
MissEKAmouse: posts big blind $3
*** HOLE CARDS ***
muzixibei: folds
Uncalled bet ($2) returned to MissEKAmouse
MissEKAmouse collected $2 from pot
MissEKAmouse: doesn't show hand
*** SUMMARY ***
Total pot $2 | Rake $0
Seat 4: MissEKAmouse (big blind) collected ($2)
Seat 5: muzixibei (button) (small blind) folded before Flop


PokerStars Hand #171312992556:  Hold'em Limit ($3/$6 USD) - 2017/06/03 22:49:59 ET
Table 'Gaspra' 6-max Seat #4 is the button
Seat 4: MissEKAmouse ($163.62 in chips)
Seat 5: muzixibei ($102.68 in chips)
MissEKAmouse: posts small blind $1
muzixibei: posts big blind $3
*** HOLE CARDS ***
MissEKAmouse: folds
Uncalled bet ($2) returned to muzixibei
muzixibei collected $2 from pot
muzixibei: doesn't show hand
*** SUMMARY ***
Total pot $2 | Rake $0
Seat 4: MissEKAmouse (button) (small blind) folded before Flop
Seat 5: muzixibei (big blind) collected ($2)


PokerStars Hand #171312994491:  Hold'em Limit ($3/$6 USD) - 2017/06/03 22:50:05 ET
Table 'Gaspra' 6-max Seat #5 is the button
Seat 4: MissEKAmouse ($162.62 in chips)
Seat 5: muzixibei ($103.68 in chips)
muzixibei: posts small blind $1
MissEKAmouse: posts big blind $3
*** HOLE CARDS ***
muzixibei: raises $3 to $6
MissEKAmouse: calls $3
*** FLOP *** [Jd 4h 9s]
MissEKAmouse: checks
muzixibei: bets $3
MissEKAmouse: folds
Uncalled bet ($3) returned to muzixibei
muzixibei collected $11.76 from pot
muzixibei: doesn't show hand
*** SUMMARY ***
Total pot $12 | Rake $0.24
Board [Jd 4h 9s]
Seat 4: MissEKAmouse (big blind) folded on the Flop
Seat 5: muzixibei (button) (small blind) collected ($11.76)


PokerStars Hand #171312998718:  Hold'em Limit ($3/$6 USD) - 2017/06/03 22:50:18 ET
Table 'Gaspra' 6-max Seat #4 is the button
Seat 4: MissEKAmouse ($156.62 in chips)
Seat 5: muzixibei ($109.44 in chips)
MissEKAmouse: posts small blind $1
muzixibei: posts big blind $3
*** HOLE CARDS ***
MissEKAmouse: raises $3 to $6
muzixibei: calls $3
*** FLOP *** [Ah Kh 2h]
muzixibei: checks
MissEKAmouse: bets $3
muzixibei: folds
Uncalled bet ($3) returned to MissEKAmouse
MissEKAmouse collected $11.76 from pot
MissEKAmouse: doesn't show hand
*** SUMMARY ***
Total pot $12 | Rake $0.24
Board [Ah Kh 2h]
Seat 4: MissEKAmouse (button) (small blind) collected ($11.76)
Seat 5: muzixibei (big blind) folded on the Flop


PokerStars Hand #171313008484:  Hold'em Limit ($3/$6 USD) - 2017/06/03 22:50:48 ET
Table 'Gaspra' 6-max Seat #4 is the button
Seat 4: MissEKAmouse ($173.90 in chips)
Seat 5: muzixibei ($91.44 in chips)
MissEKAmouse: posts small blind $1
muzixibei: posts big blind $3
*** HOLE CARDS ***
MissEKAmouse: raises $3 to $6
muzixibei: calls $3
*** FLOP *** [Th 8h 6s]
muzixibei: checks
MissEKAmouse: checks
*** TURN *** [Th 8h 6s] [5s]
muzixibei: checks
dmonr joins the table at seat #6
MissEKAmouse: bets $6
muzixibei: folds
Uncalled bet ($6) returned to MissEKAmouse
MissEKAmouse collected $11.76 from pot
MissEKAmouse: doesn't show hand
*** SUMMARY ***
Total pot $12 | Rake $0.24
Board [Th 8h 6s 5s]
Seat 4: MissEKAmouse (button) (small blind) collected ($11.76)
Seat 5: muzixibei (big blind) folded on the Turn


PokerStars Hand #171313003250:  Hold'em Limit ($3/$6 USD) - 2017/06/03 22:50:32 ET
Table 'Gaspra' 6-max Seat #5 is the button
Seat 4: MissEKAmouse ($162.38 in chips)
Seat 5: muzixibei ($103.44 in chips)
muzixibei: posts small blind $1
MissEKAmouse: posts big blind $3
*** HOLE CARDS ***
muzixibei: raises $3 to $6
MissEKAmouse: raises $3 to $9
muzixibei: calls $3
*** FLOP *** [Qh 3s 5s]
MissEKAmouse: bets $3
muzixibei: calls $3
*** TURN *** [Qh 3s 5s] [9c]
MissEKAmouse: bets $6
muzixibei: folds
Uncalled bet ($6) returned to MissEKAmouse
MissEKAmouse collected $23.52 from pot
MissEKAmouse: doesn't show hand
*** SUMMARY ***
Total pot $24 | Rake $0.48
Board [Qh 3s 5s 9c]
Seat 4: MissEKAmouse (big blind) collected ($23.52)
Seat 5: muzixibei (button) (small blind) folded on the Turn


PokerStars Hand #171314341268:  Hold'em Limit ($3/$6 USD) - 2017/06/04 0:07:25 ET
Table 'Gaspra' 6-max Seat #2 is the button
Seat 2: dontpanic666 ($174.55 in chips)
Seat 4: MissEKAmouse ($213.65 in chips)
dontpanic666: posts small blind $1
MissEKAmouse: posts big blind $3
*** HOLE CARDS ***
dontpanic666: raises $3 to $6
mexico955 leaves the table
MissEKAmouse: calls $3
*** FLOP *** [5d 4c 9d]
MissEKAmouse: checks
dontpanic666: checks
*** TURN *** [5d 4c 9d] [Ts]
MissEKAmouse: checks
dontpanic666: checks
*** RIVER *** [5d 4c 9d Ts] [5s]
MissEKAmouse: checks
dontpanic666: checks
*** SHOW DOWN ***
MissEKAmouse: shows [3d Qh] (a pair of Fives)
dontpanic666: mucks hand
MissEKAmouse collected $11.76 from pot
*** SUMMARY ***
Total pot $12 | Rake $0.24
Board [5d 4c 9d Ts 5s]
Seat 2: dontpanic666 (button) (small blind) mucked
Seat 4: MissEKAmouse (big blind) showed [3d Qh] and won ($11.76) with a pair of Fives


PokerStars Hand #171314352323:  Hold'em Limit ($3/$6 USD) - 2017/06/04 0:08:05 ET
Table 'Gaspra' 6-max Seat #2 is the button
Seat 2: dontpanic666 ($147.55 in chips)
Seat 4: MissEKAmouse ($239.91 in chips)
dontpanic666: posts small blind $1
MissEKAmouse: posts big blind $3
*** HOLE CARDS ***
dontpanic666: raises $3 to $6
MissEKAmouse: calls $3
*** FLOP *** [6h Td Ad]
MissEKAmouse: checks
dontpanic666: bets $3
MissEKAmouse: calls $3
*** TURN *** [6h Td Ad] [5s]
MissEKAmouse: checks
dontpanic666: checks
*** RIVER *** [6h Td Ad 5s] [5h]
MissEKAmouse: bets $6
dontpanic666: calls $6
*** SHOW DOWN ***
MissEKAmouse: shows [Qs As] (two pair, Aces and Fives)
dontpanic666: mucks hand
MissEKAmouse collected $29.50 from pot
*** SUMMARY ***
Total pot $30 | Rake $0.50
Board [6h Td Ad 5s 5h]
Seat 2: dontpanic666 (button) (small blind) mucked
Seat 4: MissEKAmouse (big blind) showed [Qs As] and won ($29.50) with two pair, Aces and Fives


PokerStars Hand #171314346035:  Hold'em Limit ($3/$6 USD) - 2017/06/04 0:07:42 ET
Table 'Gaspra' 6-max Seat #4 is the button
Seat 2: dontpanic666 ($168.55 in chips)
Seat 4: MissEKAmouse ($219.41 in chips)
MissEKAmouse: posts small blind $1
dontpanic666: posts big blind $3
*** HOLE CARDS ***
MissEKAmouse: raises $3 to $6
dontpanic666: calls $3
*** FLOP *** [3c Qs Ts]
dontpanic666: checks
MissEKAmouse: bets $3
dontpanic666: calls $3
*** TURN *** [3c Qs Ts] [9s]
dontpanic666: bets $6
MissEKAmouse: calls $6
*** RIVER *** [3c Qs Ts 9s] [9d]
dontpanic666: bets $6
MissEKAmouse: calls $6
*** SHOW DOWN ***
dontpanic666: shows [2s Jd] (a pair of Nines)
MissEKAmouse: shows [5s Qh] (two pair, Queens and Nines)
MissEKAmouse collected $41.50 from pot
*** SUMMARY ***
Total pot $42 | Rake $0.50
Board [3c Qs Ts 9s 9d]
Seat 2: dontpanic666 (big blind) showed [2s Jd] and lost with a pair of Nines
Seat 4: MissEKAmouse (button) (small blind) showed [5s Qh] and won ($41.50) with two pair, Queens and Nines


PokerStars Hand #171314379283:  Hold'em Limit ($3/$6 USD) - 2017/06/04 0:09:22 ET
Table 'Gaspra' 6-max Seat #4 is the button
Seat 2: dontpanic666 ($111.55 in chips)
Seat 4: MissEKAmouse ($274.67 in chips)
MissEKAmouse: posts small blind $1
dontpanic666: posts big blind $3
*** HOLE CARDS ***
MissEKAmouse: raises $3 to $6
dontpanic666: calls $3
*** FLOP *** [4h 5d Tc]
dontpanic666: bets $3
MissEKAmouse: folds
Uncalled bet ($3) returned to dontpanic666
dontpanic666 collected $11.76 from pot
*** SUMMARY ***
Total pot $12 | Rake $0.24
Board [4h 5d Tc]
Seat 2: dontpanic666 (big blind) collected ($11.76)
Seat 4: MissEKAmouse (button) (small blind) folded on the Flop


PokerStars Hand #171314373970:  Hold'em Limit ($3/$6 USD) - 2017/06/04 0:09:02 ET
Table 'Gaspra' 6-max Seat #2 is the button
Seat 2: dontpanic666 ($117.55 in chips)
Seat 4: MissEKAmouse ($268.91 in chips)
dontpanic666: posts small blind $1
MissEKAmouse: posts big blind $3
*** HOLE CARDS ***
dontpanic666: raises $3 to $6
MissEKAmouse: calls $3
*** FLOP *** [3s 9h 3c]
MissEKAmouse: checks
dontpanic666: checks
*** TURN *** [3s 9h 3c] [Jd]
MissEKAmouse: checks
dontpanic666: checks
*** RIVER *** [3s 9h 3c Jd] [2d]
MissEKAmouse: checks
dontpanic666: checks
*** SHOW DOWN ***
MissEKAmouse: shows [Kh 5s] (a pair of Threes)
dontpanic666: mucks hand
MissEKAmouse collected $11.76 from pot
*** SUMMARY ***
Total pot $12 | Rake $0.24
Board [3s 9h 3c Jd 2d]
Seat 2: dontpanic666 (button) (small blind) mucked
Seat 4: MissEKAmouse (big blind) showed [Kh 5s] and won ($11.76) with a pair of Threes


PokerStars Hand #171314367648:  Hold'em Limit ($3/$6 USD) - 2017/06/04 0:08:38 ET
Table 'Gaspra' 6-max Seat #4 is the button
Seat 2: dontpanic666 ($132.55 in chips)
Seat 4: MissEKAmouse ($254.41 in chips)
MissEKAmouse: posts small blind $1
dontpanic666: posts big blind $3
*** HOLE CARDS ***
MissEKAmouse: raises $3 to $6
dontpanic666: calls $3
*** FLOP *** [Ts Ks 8s]
dontpanic666: bets $3
MissEKAmouse: calls $3
*** TURN *** [Ts Ks 8s] [6c]
dontpanic666: bets $6
MissEKAmouse: calls $6
*** RIVER *** [Ts Ks 8s 6c] [3h]
dontpanic666: checks
MissEKAmouse: bets $6
dontpanic666: folds
Uncalled bet ($6) returned to MissEKAmouse
MissEKAmouse collected $29.50 from pot
MissEKAmouse: doesn't show hand
*** SUMMARY ***
Total pot $30 | Rake $0.50
Board [Ts Ks 8s 6c 3h]
Seat 2: dontpanic666 (big blind) folded on the River
Seat 4: MissEKAmouse (button) (small blind) collected ($29.50)


PokerStars Hand #171314389761:  Hold'em Limit ($3/$6 USD) - 2017/06/04 0:10:01 ET
Table 'Gaspra' 6-max Seat #2 is the button
Seat 2: dontpanic666 ($129.83 in chips)
Seat 4: MissEKAmouse ($255.67 in chips)
dontpanic666: posts small blind $1
MissEKAmouse: posts big blind $3
*** HOLE CARDS ***
dontpanic666: raises $3 to $6
MissEKAmouse: raises $3 to $9
dontpanic666: raises $3 to $12
Betting is capped
MissEKAmouse: calls $3
*** FLOP *** [Th Jc 3s]
MissEKAmouse: checks
dontpanic666: bets $3
MissEKAmouse: calls $3
*** TURN *** [Th Jc 3s] [8d]
MissEKAmouse: checks
dontpanic666: bets $6
MissEKAmouse: calls $6
*** RIVER *** [Th Jc 3s 8d] [8h]
MissEKAmouse: checks
dontpanic666: bets $6
MissEKAmouse: raises $6 to $12
dontpanic666: folds
Uncalled bet ($6) returned to MissEKAmouse
MissEKAmouse collected $53.50 from pot
MissEKAmouse: doesn't show hand
*** SUMMARY ***
Total pot $54 | Rake $0.50
Board [Th Jc 3s 8d 8h]
Seat 2: dontpanic666 (button) (small blind) folded on the River
Seat 4: MissEKAmouse (big blind) collected ($53.50)


PokerStars Hand #171314387933:  Hold'em Limit ($3/$6 USD) - 2017/06/04 0:09:54 ET
Table 'Gaspra' 6-max Seat #4 is the button
Seat 2: dontpanic666 ($128.83 in chips)
Seat 4: MissEKAmouse ($256.67 in chips)
MissEKAmouse: posts small blind $1
dontpanic666: posts big blind $3
*** HOLE CARDS ***
MissEKAmouse: folds
Uncalled bet ($2) returned to dontpanic666
dontpanic666 collected $2 from pot
*** SUMMARY ***
Total pot $2 | Rake $0
Seat 2: dontpanic666 (big blind) collected ($2)
Seat 4: MissEKAmouse (button) (small blind) folded before Flop


PokerStars Hand #171314382301:  Hold'em Limit ($3/$6 USD) - 2017/06/04 0:09:33 ET
Table 'Gaspra' 6-max Seat #2 is the button
Seat 2: dontpanic666 ($117.31 in chips)
Seat 4: MissEKAmouse ($268.67 in chips)
dontpanic666: posts small blind $1
MissEKAmouse: posts big blind $3
*** HOLE CARDS ***
dontpanic666: calls $2
MissEKAmouse: checks
*** FLOP *** [Qs 6d 9s]
MissEKAmouse: checks
dontpanic666: bets $3
MissEKAmouse: calls $3
*** TURN *** [Qs 6d 9s] [5s]
MissEKAmouse: checks
dontpanic666: bets $6
MissEKAmouse: calls $6
*** RIVER *** [Qs 6d 9s 5s] [7s]
MissEKAmouse: checks
dontpanic666: checks
*** SHOW DOWN ***
MissEKAmouse: shows [6h Tc] (a pair of Sixes)
dontpanic666: shows [3c 9h] (a pair of Nines)
dontpanic666 collected $23.52 from pot
*** SUMMARY ***
Total pot $24 | Rake $0.48
Board [Qs 6d 9s 5s 7s]
Seat 2: dontpanic666 (button) (small blind) showed [3c 9h] and won ($23.52) with a pair of Nines
Seat 4: MissEKAmouse (big blind) showed [6h Tc] and lost with a pair of Sixes


PokerStars Hand #171314408775:  Hold'em Limit ($3/$6 USD) - 2017/06/04 0:11:12 ET
Table 'Gaspra' 6-max Seat #2 is the button
Seat 2: dontpanic666 ($81.83 in chips)
Seat 4: MissEKAmouse ($302.67 in chips)
dontpanic666: posts small blind $1
MissEKAmouse: posts big blind $3
*** HOLE CARDS ***
dontpanic666: raises $3 to $6
MissEKAmouse: calls $3
*** FLOP *** [9h 5h 4c]
MissEKAmouse: bets $3
dontpanic666: calls $3
*** TURN *** [9h 5h 4c] [Ah]
MissEKAmouse: bets $6
dontpanic666: calls $6
*** RIVER *** [9h 5h 4c Ah] [3d]
MissEKAmouse: checks
dontpanic666: checks
*** SHOW DOWN ***
MissEKAmouse: shows [5s 7h] (a pair of Fives)
dontpanic666: shows [5c 7c] (a pair of Fives)
MissEKAmouse collected $14.75 from pot
dontpanic666 collected $14.75 from pot
*** SUMMARY ***
Total pot $30 | Rake $0.50
Board [9h 5h 4c Ah 3d]
Seat 2: dontpanic666 (button) (small blind) showed [5c 7c] and won ($14.75) with a pair of Fives
Seat 4: MissEKAmouse (big blind) showed [5s 7h] and won ($14.75) with a pair of Fives


PokerStars Hand #171314407008:  Hold'em Limit ($3/$6 USD) - 2017/06/04 0:11:05 ET
Table 'Gaspra' 6-max Seat #4 is the button
Seat 2: dontpanic666 ($84.83 in chips)
Seat 4: MissEKAmouse ($299.67 in chips)
MissEKAmouse: posts small blind $1
dontpanic666: posts big blind $3
*** HOLE CARDS ***
MissEKAmouse: raises $3 to $6
dontpanic666: folds
Uncalled bet ($3) returned to MissEKAmouse
MissEKAmouse collected $6 from pot
MissEKAmouse: doesn't show hand
*** SUMMARY ***
Total pot $6 | Rake $0
Seat 2: dontpanic666 (big blind) folded before Flop
Seat 4: MissEKAmouse (button) (small blind) collected ($6)


PokerStars Hand #171314405312:  Hold'em Limit ($3/$6 USD) - 2017/06/04 0:10:58 ET
Table 'Gaspra' 6-max Seat #2 is the button
Seat 2: dontpanic666 ($81.83 in chips)
Seat 4: MissEKAmouse ($302.67 in chips)
dontpanic666: posts small blind $1
MissEKAmouse: posts big blind $3
*** HOLE CARDS ***
dontpanic666: raises $3 to $6
MissEKAmouse: folds
Uncalled bet ($3) returned to dontpanic666
dontpanic666 collected $6 from pot
*** SUMMARY ***
Total pot $6 | Rake $0
Seat 2: dontpanic666 (button) (small blind) collected ($6)
Seat 4: MissEKAmouse (big blind) folded before Flop


PokerStars Hand #171314398032:  Hold'em Limit ($3/$6 USD) - 2017/06/04 0:10:31 ET
Table 'Gaspra' 6-max Seat #4 is the button
Seat 2: dontpanic666 ($102.83 in chips)
Seat 4: MissEKAmouse ($282.17 in chips)
MissEKAmouse: posts small blind $1
dontpanic666: posts big blind $3
*** HOLE CARDS ***
MissEKAmouse: raises $3 to $6
dontpanic666: raises $3 to $9
MissEKAmouse: calls $3
*** FLOP *** [9h 4d 3c]
dontpanic666: bets $3
MissEKAmouse: raises $3 to $6
dontpanic666: calls $3
*** TURN *** [9h 4d 3c] [5c]
dontpanic666: checks
MissEKAmouse: bets $6
dontpanic666: calls $6
*** RIVER *** [9h 4d 3c 5c] [Jc]
dontpanic666: checks
MissEKAmouse: bets $6
dontpanic666: folds
Uncalled bet ($6) returned to MissEKAmouse
MissEKAmouse collected $41.50 from pot
MissEKAmouse: doesn't show hand
*** SUMMARY ***
Total pot $42 | Rake $0.50
Board [9h 4d 3c 5c Jc]
Seat 2: dontpanic666 (big blind) folded on the River
Seat 4: MissEKAmouse (button) (small blind) collected ($41.50)


PokerStars Hand #171314413730:  Hold'em Limit ($3/$6 USD) - 2017/06/04 0:11:30 ET
Table 'Gaspra' 6-max Seat #4 is the button
Seat 2: dontpanic666 ($81.58 in chips)
Seat 4: MissEKAmouse ($302.42 in chips)
MissEKAmouse: posts small blind $1
dontpanic666: posts big blind $3
*** HOLE CARDS ***
MissEKAmouse: raises $3 to $6
dontpanic666: calls $3
*** FLOP *** [3h 2s 2c]
dontpanic666: checks
MissEKAmouse: bets $3
dontpanic666: calls $3
*** TURN *** [3h 2s 2c] [7h]
dontpanic666: bets $6
MissEKAmouse: raises $6 to $12
dontpanic666: calls $6
*** RIVER *** [3h 2s 2c 7h] [4h]
dontpanic666: checks
MissEKAmouse: bets $6
dontpanic666: calls $6
*** SHOW DOWN ***
MissEKAmouse: shows [Qd Qh] (two pair, Queens and Deuces)
dontpanic666: mucks hand
MissEKAmouse collected $53.50 from pot
*** SUMMARY ***
Total pot $54 | Rake $0.50
Board [3h 2s 2c 7h 4h]
Seat 2: dontpanic666 (big blind) mucked
Seat 4: MissEKAmouse (button) (small blind) showed [Qd Qh] and won ($53.50) with two pair, Queens and Deuces


PokerStars Hand #171314429262:  Hold'em Limit ($3/$6 USD) - 2017/06/04 0:12:28 ET
Table 'Gaspra' 6-max Seat #4 is the button
Seat 2: dontpanic666 ($47.58 in chips)
Seat 4: MissEKAmouse ($335.56 in chips)
MissEKAmouse: posts small blind $1
dontpanic666: posts big blind $3
*** HOLE CARDS ***
MissEKAmouse: raises $3 to $6
dontpanic666: calls $3
*** FLOP *** [Ah Qd As]
dontpanic666: bets $3
MissEKAmouse: folds
Uncalled bet ($3) returned to dontpanic666
dontpanic666 collected $11.76 from pot
*** SUMMARY ***
Total pot $12 | Rake $0.24
Board [Ah Qd As]
Seat 2: dontpanic666 (big blind) collected ($11.76)
Seat 4: MissEKAmouse (button) (small blind) folded on the Flop


PokerStars Hand #171314427890:  Hold'em Limit ($3/$6 USD) - 2017/06/04 0:12:23 ET
Table 'Gaspra' 6-max Seat #2 is the button
Seat 2: dontpanic666 ($48.58 in chips)
Seat 4: MissEKAmouse ($334.56 in chips)
dontpanic666: posts small blind $1
MissEKAmouse: posts big blind $3
*** HOLE CARDS ***
dontpanic666: folds
Uncalled bet ($2) returned to MissEKAmouse
MissEKAmouse collected $2 from pot
MissEKAmouse: doesn't show hand
*** SUMMARY ***
Total pot $2 | Rake $0
Seat 2: dontpanic666 (button) (small blind) folded before Flop
Seat 4: MissEKAmouse (big blind) collected ($2)


PokerStars Hand #171314423839:  Hold'em Limit ($3/$6 USD) - 2017/06/04 0:12:07 ET
Table 'Gaspra' 6-max Seat #4 is the button
Seat 2: dontpanic666 ($57.58 in chips)
Seat 4: MissEKAmouse ($325.92 in chips)
MissEKAmouse: posts small blind $1
dontpanic666: posts big blind $3
*** HOLE CARDS ***
MissEKAmouse: raises $3 to $6
dontpanic666: calls $3
*** FLOP *** [Jd 7s 8c]
dontpanic666: bets $3
MissEKAmouse: raises $3 to $6
dontpanic666: folds
Uncalled bet ($3) returned to MissEKAmouse
MissEKAmouse collected $17.64 from pot
MissEKAmouse: doesn't show hand
*** SUMMARY ***
Total pot $18 | Rake $0.36
Board [Jd 7s 8c]
Seat 2: dontpanic666 (big blind) folded on the Flop
Seat 4: MissEKAmouse (button) (small blind) collected ($17.64)


PokerStars Hand #171314421717:  Hold'em Limit ($3/$6 USD) - 2017/06/04 0:11:59 ET
Table 'Gaspra' 6-max Seat #2 is the button
Seat 2: dontpanic666 ($54.58 in chips)
Seat 4: MissEKAmouse ($328.92 in chips)
dontpanic666: posts small blind $1
MissEKAmouse: posts big blind $3
*** HOLE CARDS ***
dontpanic666: raises $3 to $6
MissEKAmouse: folds
Uncalled bet ($3) returned to dontpanic666
dontpanic666 collected $6 from pot
*** SUMMARY ***
Total pot $6 | Rake $0
Seat 2: dontpanic666 (button) (small blind) collected ($6)
Seat 4: MissEKAmouse (big blind) folded before Flop


PokerStars Hand #171314435898:  Hold'em Limit ($3/$6 USD) - 2017/06/04 0:12:53 ET
Table 'Gaspra' 6-max Seat #4 is the button
Seat 2: dontpanic666 ($59.10 in chips)
Seat 4: MissEKAmouse ($323.56 in chips)
MissEKAmouse: posts small blind $1
dontpanic666: posts big blind $3
*** HOLE CARDS ***
MissEKAmouse: folds
Uncalled bet ($2) returned to dontpanic666
dontpanic666 collected $2 from pot
*** SUMMARY ***
Total pot $2 | Rake $0
Seat 2: dontpanic666 (big blind) collected ($2)
Seat 4: MissEKAmouse (button) (small blind) folded before Flop


PokerStars Hand #171314432452:  Hold'em Limit ($3/$6 USD) - 2017/06/04 0:12:40 ET
Table 'Gaspra' 6-max Seat #2 is the button
Seat 2: dontpanic666 ($53.34 in chips)
Seat 4: MissEKAmouse ($329.56 in chips)
dontpanic666: posts small blind $1
MissEKAmouse: posts big blind $3
*** HOLE CARDS ***
dontpanic666: raises $3 to $6
MissEKAmouse: calls $3
*** FLOP *** [7s 2c 9d]
MissEKAmouse: checks
dontpanic666: bets $3
MissEKAmouse: folds
Uncalled bet ($3) returned to dontpanic666
dontpanic666 collected $11.76 from pot
*** SUMMARY ***
Total pot $12 | Rake $0.24
Board [7s 2c 9d]
Seat 2: dontpanic666 (button) (small blind) collected ($11.76)
Seat 4: MissEKAmouse (big blind) folded on the Flop


PokerStars Hand #171314444525:  Hold'em Limit ($3/$6 USD) - 2017/06/04 0:13:25 ET
Table 'Gaspra' 6-max Seat #2 is the button
Seat 2: dontpanic666 ($65.74 in chips)
Seat 4: MissEKAmouse ($316.56 in chips)
dontpanic666: posts small blind $1
MissEKAmouse: posts big blind $3
*** HOLE CARDS ***
dontpanic666: folds
Uncalled bet ($2) returned to MissEKAmouse
MissEKAmouse collected $2 from pot
MissEKAmouse: doesn't show hand
*** SUMMARY ***
Total pot $2 | Rake $0
Seat 2: dontpanic666 (button) (small blind) folded before Flop
Seat 4: MissEKAmouse (big blind) collected ($2)


PokerStars Hand #171314442472:  Hold'em Limit ($3/$6 USD) - 2017/06/04 0:13:17 ET
Table 'Gaspra' 6-max Seat #4 is the button
Seat 2: dontpanic666 ($68.74 in chips)
Seat 4: MissEKAmouse ($313.56 in chips)
MissEKAmouse: posts small blind $1
dontpanic666: posts big blind $3
*** HOLE CARDS ***
MissEKAmouse: raises $3 to $6
dontpanic666: folds
Uncalled bet ($3) returned to MissEKAmouse
MissEKAmouse collected $6 from pot
MissEKAmouse: doesn't show hand
*** SUMMARY ***
Total pot $6 | Rake $0
Seat 2: dontpanic666 (big blind) folded before Flop
Seat 4: MissEKAmouse (button) (small blind) collected ($6)


PokerStars Hand #171314437626:  Hold'em Limit ($3/$6 USD) - 2017/06/04 0:12:59 ET
Table 'Gaspra' 6-max Seat #2 is the button
Seat 2: dontpanic666 ($60.10 in chips)
Seat 4: MissEKAmouse ($322.56 in chips)
dontpanic666: posts small blind $1
MissEKAmouse: posts big blind $3
*** HOLE CARDS ***
dontpanic666: raises $3 to $6
MissEKAmouse: calls $3
*** FLOP *** [2s 4s 2c]
MissEKAmouse: checks
dontpanic666: bets $3
MissEKAmouse: calls $3
*** TURN *** [2s 4s 2c] [Qd]
MissEKAmouse: checks
dontpanic666: bets $6
MissEKAmouse: folds
Uncalled bet ($6) returned to dontpanic666
dontpanic666 collected $17.64 from pot
*** SUMMARY ***
Total pot $18 | Rake $0.36
Board [2s 4s 2c Qd]
Seat 2: dontpanic666 (button) (small blind) collected ($17.64)
Seat 4: MissEKAmouse (big blind) folded on the Turn


PokerStars Hand #171314451202:  Hold'em Limit ($3/$6 USD) - 2017/06/04 0:13:51 ET
Table 'Gaspra' 6-max Seat #2 is the button
Seat 2: dontpanic666 ($40.74 in chips)
Seat 4: MissEKAmouse ($341.06 in chips)
dontpanic666: posts small blind $1
MissEKAmouse: posts big blind $3
*** HOLE CARDS ***
dontpanic666: raises $3 to $6
MissEKAmouse: raises $3 to $9
dontpanic666: calls $3
*** FLOP *** [Jh As 5c]
MissEKAmouse: bets $3
dontpanic666: calls $3
*** TURN *** [Jh As 5c] [3s]
MissEKAmouse: bets $6
dontpanic666: folds
Uncalled bet ($6) returned to MissEKAmouse
MissEKAmouse collected $23.52 from pot
MissEKAmouse: doesn't show hand
*** SUMMARY ***
Total pot $24 | Rake $0.48
Board [Jh As 5c 3s]
Seat 2: dontpanic666 (button) (small blind) folded on the Turn
Seat 4: MissEKAmouse (big blind) collected ($23.52)


PokerStars Hand #171314455807:  Hold'em Limit ($3/$6 USD) - 2017/06/04 0:14:08 ET
Table 'Gaspra' 6-max Seat #4 is the button
Seat 2: dontpanic666 ($28.74 in chips)
Seat 4: MissEKAmouse ($352.58 in chips)
MissEKAmouse: posts small blind $1
dontpanic666: posts big blind $3
*** HOLE CARDS ***
MissEKAmouse: folds
Uncalled bet ($2) returned to dontpanic666
dontpanic666 collected $2 from pot
*** SUMMARY ***
Total pot $2 | Rake $0
Seat 2: dontpanic666 (big blind) collected ($2)
Seat 4: MissEKAmouse (button) (small blind) folded before Flop


