PokerStars Hand #167100474010:  Hold'em Limit ($3/$6 USD) - 2017/03/04 11:18:12 ET
Table 'Gaspra III' 6-max Seat #3 is the button
Seat 1: VolkovDmitri ($125.76 in chips)
Seat 3: liza3008 ($72 in chips)
liza3008: posts small blind $1
VolkovDmitri: posts big blind $3
*** HOLE CARDS ***
liza3008: raises $3 to $6
VolkovDmitri: raises $3 to $9
liza3008: calls $3
*** FLOP *** [Ah 8h Ad]
VolkovDmitri: bets $3
liza3008: calls $3
*** TURN *** [Ah 8h Ad] [5h]
Fabulous108 joins the table at seat #4
VolkovDmitri: bets $6
liza3008: calls $6
*** RIVER *** [Ah 8h Ad 5h] [Ts]
VolkovDmitri: bets $6
liza3008: raises $6 to $12
VolkovDmitri: raises $6 to $18
liza3008: calls $6
*** SHOW DOWN ***
VolkovDmitri: shows [Ac 8c] (a full house, Aces full of Eights)
liza3008: mucks hand
VolkovDmitri collected $71.50 from pot
*** SUMMARY ***
Total pot $72 | Rake $0.50
Board [Ah 8h Ad 5h Ts]
Seat 1: VolkovDmitri (big blind) showed [Ac 8c] and won ($71.50) with a full house, Aces full of Eights
Seat 3: liza3008 (button) (small blind) mucked


PokerStars Hand #167100501535:  Hold'em Limit ($3/$6 USD) - 2017/03/04 11:18:49 ET
Table 'Gaspra III' 6-max Seat #1 is the button
Seat 1: VolkovDmitri ($161.26 in chips)
Seat 3: liza3008 ($36 in chips)
VolkovDmitri: posts small blind $1
liza3008: posts big blind $3
*** HOLE CARDS ***
VolkovDmitri: raises $3 to $6
KIT426 joins the table at seat #2
liza3008: calls $3
*** FLOP *** [9d Ks Kh]
sokol-max-PS joins the table at seat #5
liza3008: checks
VolkovDmitri: bets $3
liza3008: folds
Uncalled bet ($3) returned to VolkovDmitri
VolkovDmitri collected $11.76 from pot
VolkovDmitri: doesn't show hand
*** SUMMARY ***
Total pot $12 | Rake $0.24
Board [9d Ks Kh]
Seat 1: VolkovDmitri (button) (small blind) collected ($11.76)
Seat 3: liza3008 (big blind) folded on the Flop


PokerStars Hand #167101855306:  Hold'em Limit ($3/$6 USD) - 2017/03/04 11:48:56 ET
Table 'Gaspra III' 6-max Seat #5 is the button
Seat 2: KIT426 ($241.95 in chips)
Seat 5: sokol-max-PS ($135.58 in chips)
sokol-max-PS: posts small blind $1
KIT426: posts big blind $3
*** HOLE CARDS ***
sokol-max-PS: folds
Uncalled bet ($2) returned to KIT426
KIT426 collected $2 from pot
*** SUMMARY ***
Total pot $2 | Rake $0
Seat 2: KIT426 (big blind) collected ($2)
Seat 5: sokol-max-PS (button) (small blind) folded before Flop


PokerStars Hand #167101850624:  Hold'em Limit ($3/$6 USD) - 2017/03/04 11:48:49 ET
Table 'Gaspra III' 6-max Seat #2 is the button
Seat 2: KIT426 ($238.95 in chips)
Seat 5: sokol-max-PS ($138.58 in chips)
KIT426: posts small blind $1
sokol-max-PS: posts big blind $3
*** HOLE CARDS ***
KIT426: raises $3 to $6
sokol-max-PS: folds
Uncalled bet ($3) returned to KIT426
KIT426 collected $6 from pot
*** SUMMARY ***
Total pot $6 | Rake $0
Seat 2: KIT426 (button) (small blind) collected ($6)
Seat 5: sokol-max-PS (big blind) folded before Flop


PokerStars Hand #167101846309:  Hold'em Limit ($3/$6 USD) - 2017/03/04 11:48:43 ET
Table 'Gaspra III' 6-max Seat #5 is the button
Seat 2: KIT426 ($241.95 in chips)
Seat 5: sokol-max-PS ($135.58 in chips)
sokol-max-PS: posts small blind $1
KIT426: posts big blind $3
*** HOLE CARDS ***
sokol-max-PS: raises $3 to $6
KIT426: folds
Uncalled bet ($3) returned to sokol-max-PS
sokol-max-PS collected $6 from pot
*** SUMMARY ***
Total pot $6 | Rake $0
Seat 2: KIT426 (big blind) folded before Flop
Seat 5: sokol-max-PS (button) (small blind) collected ($6)


PokerStars Hand #167101842562:  Hold'em Limit ($3/$6 USD) - 2017/03/04 11:48:38 ET
Table 'Gaspra III' 6-max Seat #2 is the button
Seat 2: KIT426 ($242.95 in chips)
Seat 5: sokol-max-PS ($134.58 in chips)
KIT426: posts small blind $1
Krazy90: is sitting out
sokol-max-PS: posts big blind $3
*** HOLE CARDS ***
KIT426: folds
Uncalled bet ($2) returned to sokol-max-PS
Krazy90 leaves the table
sokol-max-PS collected $2 from pot
*** SUMMARY ***
Total pot $2 | Rake $0
Seat 2: KIT426 (button) (small blind) folded before Flop
Seat 5: sokol-max-PS (big blind) collected ($2)


PokerStars Hand #167101879524:  Hold'em Limit ($3/$6 USD) - 2017/03/04 11:49:28 ET
Table 'Gaspra III' 6-max Seat #2 is the button
Seat 2: KIT426 ($261.45 in chips)
Seat 5: sokol-max-PS ($115.58 in chips)
KIT426: posts small blind $1
sokol-max-PS: posts big blind $3
*** HOLE CARDS ***
KIT426: folds
Uncalled bet ($2) returned to sokol-max-PS
sokol-max-PS collected $2 from pot
*** SUMMARY ***
Total pot $2 | Rake $0
Seat 2: KIT426 (button) (small blind) folded before Flop
Seat 5: sokol-max-PS (big blind) collected ($2)


PokerStars Hand #167101875904:  Hold'em Limit ($3/$6 USD) - 2017/03/04 11:49:23 ET
Table 'Gaspra III' 6-max Seat #5 is the button
Seat 2: KIT426 ($260.45 in chips)
Seat 5: sokol-max-PS ($116.58 in chips)
sokol-max-PS: posts small blind $1
KIT426: posts big blind $3
*** HOLE CARDS ***
sokol-max-PS: folds
Uncalled bet ($2) returned to KIT426
KIT426 collected $2 from pot
*** SUMMARY ***
Total pot $2 | Rake $0
Seat 2: KIT426 (big blind) collected ($2)
Seat 5: sokol-max-PS (button) (small blind) folded before Flop


PokerStars Hand #167101858883:  Hold'em Limit ($3/$6 USD) - 2017/03/04 11:49:00 ET
Table 'Gaspra III' 6-max Seat #2 is the button
Seat 2: KIT426 ($242.95 in chips)
Seat 5: sokol-max-PS ($134.58 in chips)
KIT426: posts small blind $1
sokol-max-PS: posts big blind $3
*** HOLE CARDS ***
KIT426: calls $2
sokol-max-PS: raises $3 to $6
KIT426: calls $3
*** FLOP *** [4c 6c 5s]
sokol-max-PS: bets $3
KIT426: raises $3 to $6
sokol-max-PS: calls $3
*** TURN *** [4c 6c 5s] [Qc]
sokol-max-PS: checks
KIT426: bets $6
sokol-max-PS: calls $6
*** RIVER *** [4c 6c 5s Qc] [Ts]
sokol-max-PS: checks
KIT426: checks
*** SHOW DOWN ***
sokol-max-PS: shows [Ah Js] (high card Ace)
KIT426: shows [7h 5d] (a pair of Fives)
KIT426 collected $35.50 from pot
*** SUMMARY ***
Total pot $36 | Rake $0.50
Board [4c 6c 5s Qc Ts]
Seat 2: KIT426 (button) (small blind) showed [7h 5d] and won ($35.50) with a pair of Fives
Seat 5: sokol-max-PS (big blind) showed [Ah Js] and lost with high card Ace


PokerStars Hand #167102183596:  Hold'em Limit ($3/$6 USD) - 2017/03/04 11:56:15 ET
Table 'Gaspra III' 6-max Seat #5 is the button
Seat 3: KIT426 ($260.45 in chips)
Seat 5: dragon1893 ($150 in chips)
dragon1893: posts small blind $1
KIT426: posts big blind $3
*** HOLE CARDS ***
dragon1893: raises $3 to $6
KIT426: calls $3
*** FLOP *** [8s 6d 4d]
KIT426: checks
dragon1893: bets $3
KIT426: calls $3
*** TURN *** [8s 6d 4d] [4s]
KIT426: checks
dragon1893: bets $6
KIT426: calls $6
*** RIVER *** [8s 6d 4d 4s] [Tc]
KIT426: checks
dragon1893: bets $6
KIT426: calls $6
*** SHOW DOWN ***
dragon1893: shows [8c 8h] (a full house, Eights full of Fours)
KIT426: mucks hand
dragon1893 collected $41.50 from pot
*** SUMMARY ***
Total pot $42 | Rake $0.50
Board [8s 6d 4d 4s Tc]
Seat 3: KIT426 (big blind) mucked
Seat 5: dragon1893 (button) (small blind) showed [8c 8h] and won ($41.50) with a full house, Eights full of Fours


PokerStars Hand #167102208687:  Hold'em Limit ($3/$6 USD) - 2017/03/04 11:56:55 ET
Table 'Gaspra III' 6-max Seat #5 is the button
Seat 3: KIT426 ($212.45 in chips)
Seat 5: dragon1893 ($197 in chips)
dragon1893: posts small blind $1
KIT426: posts big blind $3
*** HOLE CARDS ***
dragon1893: raises $3 to $6
KIT426: calls $3
*** FLOP *** [4h Jh 5c]
KIT426: checks
dragon1893: bets $3
KIT426: calls $3
*** TURN *** [4h Jh 5c] [7h]
KIT426: checks
dragon1893: checks
*** RIVER *** [4h Jh 5c 7h] [Qh]
KIT426: checks
dragon1893: checks
*** SHOW DOWN ***
KIT426: shows [3s Kd] (high card King)
dragon1893: shows [As 3c] (high card Ace)
dragon1893 collected $17.64 from pot
*** SUMMARY ***
Total pot $18 | Rake $0.36
Board [4h Jh 5c 7h Qh]
Seat 3: KIT426 (big blind) showed [3s Kd] and lost with high card King
Seat 5: dragon1893 (button) (small blind) showed [As 3c] and won ($17.64) with high card Ace


PokerStars Hand #167102197886:  Hold'em Limit ($3/$6 USD) - 2017/03/04 11:56:38 ET
Table 'Gaspra III' 6-max Seat #3 is the button
Seat 3: KIT426 ($239.45 in chips)
Seat 5: dragon1893 ($170.50 in chips)
KIT426: posts small blind $1
dragon1893: posts big blind $3
*** HOLE CARDS ***
KIT426: raises $3 to $6
dragon1893: raises $3 to $9
KIT426: raises $3 to $12
Betting is capped
dragon1893: calls $3
*** FLOP *** [6c Ac Tc]
dragon1893: checks
KIT426: bets $3
dragon1893: calls $3
*** TURN *** [6c Ac Tc] [5d]
dragon1893: checks
KIT426: bets $6
dragon1893: calls $6
*** RIVER *** [6c Ac Tc 5d] [8d]
dragon1893: checks
KIT426: bets $6
dragon1893: calls $6
*** SHOW DOWN ***
KIT426: shows [3d 4d] (high card Ace)
dragon1893: shows [9d 9c] (a pair of Nines)
Luanto 14 joins the table at seat #4
dragon1893 collected $53.50 from pot
*** SUMMARY ***
Total pot $54 | Rake $0.50
Board [6c Ac Tc 5d 8d]
Seat 3: KIT426 (button) (small blind) showed [3d 4d] and lost with high card Ace
Seat 5: dragon1893 (big blind) showed [9d 9c] and won ($53.50) with a pair of Nines


PokerStars Hand #167102562177:  Hold'em Limit ($3/$6 USD) - 2017/03/04 12:05:07 ET
Table 'Gaspra III' 6-max Seat #3 is the button
Seat 3: KIT426 ($176.56 in chips)
Seat 4: Luanto 14 ($288.65 in chips)
KIT426: posts small blind $1
Luanto 14: posts big blind $3
*** HOLE CARDS ***
KIT426: calls $2
Luanto 14: checks
*** FLOP *** [6h 3h Ts]
Luanto 14: checks
KIT426: checks
*** TURN *** [6h 3h Ts] [Qc]
Luanto 14: checks
KIT426: bets $6
Luanto 14: folds
Uncalled bet ($6) returned to KIT426
KIT426 collected $5.88 from pot
*** SUMMARY ***
Total pot $6 | Rake $0.12
Board [6h 3h Ts Qc]
Seat 3: KIT426 (button) (small blind) collected ($5.88)
Seat 4: Luanto 14 (big blind) folded on the Turn


PokerStars Hand #167102547430:  Hold'em Limit ($3/$6 USD) - 2017/03/04 12:04:49 ET
Table 'Gaspra III' 6-max Seat #4 is the button
Seat 3: KIT426 ($191.56 in chips)
Seat 4: Luanto 14 ($274.15 in chips)
Luanto 14: posts small blind $1
Kajind: is sitting out
KIT426: posts big blind $3
*** HOLE CARDS ***
Luanto 14: raises $3 to $6
KIT426: calls $3
*** FLOP *** [8d Jd 5c]
KIT426: checks
Luanto 14: bets $3
KIT426: calls $3
*** TURN *** [8d Jd 5c] [3c]
KIT426: checks
Luanto 14: bets $6
KIT426: calls $6
*** RIVER *** [8d Jd 5c 3c] [4s]
KIT426: checks
Luanto 14: bets $6
KIT426: folds
Uncalled bet ($6) returned to Luanto 14
Luanto 14 collected $29.50 from pot
Luanto 14: doesn't show hand
*** SUMMARY ***
Total pot $30 | Rake $0.50
Board [8d Jd 5c 3c 4s]
Seat 3: KIT426 (big blind) folded on the River
Seat 4: Luanto 14 (button) (small blind) collected ($29.50)


PokerStars Hand #167106268849:  Hold'em Limit ($3/$6 USD) - 2017/03/04 13:19:03 ET
Table 'Gaspra III' 6-max Seat #5 is the button
Seat 4: Luanto 14 ($306.96 in chips)
Seat 5: ``MULAT``86 ($97.06 in chips)
``MULAT``86: posts small blind $1
Luanto 14: posts big blind $3
*** HOLE CARDS ***
``MULAT``86: folds
Uncalled bet ($2) returned to Luanto 14
Luanto 14 collected $2 from pot
Luanto 14: doesn't show hand
*** SUMMARY ***
Total pot $2 | Rake $0
Seat 4: Luanto 14 (big blind) collected ($2)
Seat 5: ``MULAT``86 (button) (small blind) folded before Flop


