PokerStars Hand #146616575337:  Hold'em Limit ($3/$6 USD) - 2016/01/07 7:32:36 ET
Table 'Gaspra' 6-max Seat #1 is the button
Seat 1: VolkovDmitri ($120 in chips)
Seat 6: chengong ($44.50 in chips)
VolkovDmitri: posts small blind $1
chengong: posts big blind $3
*** HOLE CARDS ***
VolkovDmitri: raises $3 to $6
chengong: folds
Uncalled bet ($3) returned to VolkovDmitri
VolkovDmitri collected $6 from pot
VolkovDmitri: doesn't show hand
*** SUMMARY ***
Total pot $6 | Rake $0
Seat 1: VolkovDmitri (button) (small blind) collected ($6)
Seat 6: chengong (big blind) folded before Flop


PokerStars Hand #146616536133:  Hold'em Limit ($3/$6 USD) - 2016/01/07 7:31:32 ET
Table 'Gaspra' 6-max Seat #6 is the button
Seat 1: VolkovDmitri ($120 in chips)
Seat 6: chengong ($30 in chips)
chengong: posts small blind $1
VolkovDmitri: posts big blind $3
*** HOLE CARDS ***
chengong: raises $3 to $6
VolkovDmitri: calls $3
*** FLOP *** [Th 5h 3h]
VolkovDmitri: checks
chengong: bets $3
VolkovDmitri: calls $3
*** TURN *** [Th 5h 3h] [Ts]
VolkovDmitri: checks
chengong: bets $6
VolkovDmitri: calls $6
*** RIVER *** [Th 5h 3h Ts] [As]
VolkovDmitri: checks
chengong: checks
*** SHOW DOWN ***
VolkovDmitri: shows [8h Qc] (a pair of Tens)
chengong: shows [7c 7d] (two pair, Tens and Sevens)
chengong collected $29.50 from pot
*** SUMMARY ***
Total pot $30 | Rake $0.50
Board [Th 5h 3h Ts As]
Seat 1: VolkovDmitri (big blind) showed [8h Qc] and lost with a pair of Tens
Seat 6: chengong (button) (small blind) showed [7c 7d] and won ($29.50) with two pair, Tens and Sevens


PokerStars Hand #146616638239:  Hold'em Limit ($3/$6 USD) - 2016/01/07 7:34:17 ET
Table 'Gaspra' 6-max Seat #6 is the button
Seat 1: VolkovDmitri ($123 in chips)
Seat 6: chengong ($62 in chips)
chengong: posts small blind $1
VolkovDmitri: posts big blind $3
*** HOLE CARDS ***
chengong: calls $2
VolkovDmitri: checks
*** FLOP *** [3h Qd 6h]
nordschrott joins the table at seat #3
VolkovDmitri: bets $3
chengong: folds
Uncalled bet ($3) returned to VolkovDmitri
VolkovDmitri collected $5.88 from pot
VolkovDmitri: doesn't show hand
*** SUMMARY ***
Total pot $6 | Rake $0.12
Board [3h Qd 6h]
Seat 1: VolkovDmitri (big blind) collected ($5.88)
Seat 6: chengong (button) (small blind) folded on the Flop


PokerStars Hand #146616632146:  Hold'em Limit ($3/$6 USD) - 2016/01/07 7:34:07 ET
Table 'Gaspra' 6-max Seat #1 is the button
Seat 1: VolkovDmitri ($120 in chips)
Seat 6: chengong ($65 in chips)
VolkovDmitri: posts small blind $1
chengong: posts big blind $3
*** HOLE CARDS ***
VolkovDmitri: raises $3 to $6
chengong: folds
Uncalled bet ($3) returned to VolkovDmitri
VolkovDmitri collected $6 from pot
VolkovDmitri: doesn't show hand
*** SUMMARY ***
Total pot $6 | Rake $0
Seat 1: VolkovDmitri (button) (small blind) collected ($6)
Seat 6: chengong (big blind) folded before Flop


PokerStars Hand #146616584393:  Hold'em Limit ($3/$6 USD) - 2016/01/07 7:32:50 ET
Table 'Gaspra' 6-max Seat #6 is the button
Seat 1: VolkovDmitri ($123 in chips)
Seat 6: chengong ($41.50 in chips)
chengong: posts small blind $1
VolkovDmitri: posts big blind $3
*** HOLE CARDS ***
chengong: raises $3 to $6
VolkovDmitri: raises $3 to $9
chengong: raises $3 to $12
Betting is capped
VolkovDmitri: calls $3
*** FLOP *** [Tc Kh 4c]
VolkovDmitri: bets $3
chengong: raises $3 to $6
VolkovDmitri: calls $3
*** TURN *** [Tc Kh 4c] [Qh]
VolkovDmitri: checks
chengong: bets $6
VolkovDmitri: calls $6
*** RIVER *** [Tc Kh 4c Qh] [Js]
VolkovDmitri: checks
chengong: bets $6
VolkovDmitri: folds
Uncalled bet ($6) returned to chengong
chengong collected $47.50 from pot
chengong: doesn't show hand
*** SUMMARY ***
Total pot $48 | Rake $0.50
Board [Tc Kh 4c Qh Js]
Seat 1: VolkovDmitri (big blind) folded on the River
Seat 6: chengong (button) (small blind) collected ($47.50)


PokerStars Hand #146622297372:  Hold'em Limit ($3/$6 USD) - 2016/01/07 9:49:13 ET
Table 'Gaspra' 6-max Seat #4 is the button
Seat 3: 5PRUT5 ($41.64 in chips)
Seat 4: scorpio04 ($260.72 in chips)
scorpio04: posts small blind $1
5PRUT5: posts big blind $3
*** HOLE CARDS ***
scorpio04: raises $3 to $6
5PRUT5: raises $3 to $9
scorpio04: calls $3
*** FLOP *** [2s Tc 5s]
5PRUT5: bets $3
scorpio04: calls $3
*** TURN *** [2s Tc 5s] [Jc]
5PRUT5: bets $6
scorpio04: folds
Uncalled bet ($6) returned to 5PRUT5
5PRUT5 collected $23.52 from pot
5PRUT5: doesn't show hand
*** SUMMARY ***
Total pot $24 | Rake $0.48
Board [2s Tc 5s Jc]
Seat 3: 5PRUT5 (big blind) collected ($23.52)
Seat 4: scorpio04 (button) (small blind) folded on the Turn


PokerStars Hand #146622317358:  Hold'em Limit ($3/$6 USD) - 2016/01/07 9:49:39 ET
Table 'Gaspra' 6-max Seat #4 is the button
Seat 3: 5PRUT5 ($52.16 in chips)
Seat 4: scorpio04 ($249.72 in chips)
scorpio04: posts small blind $1
5PRUT5: posts big blind $3
*** HOLE CARDS ***
scorpio04: raises $3 to $6
5PRUT5: calls $3
*** FLOP *** [6c 5s 7h]
5PRUT5: checks
scorpio04: bets $3
5PRUT5: calls $3
*** TURN *** [6c 5s 7h] [2d]
SashaYuvelir joins the table at seat #6
5PRUT5: checks
scorpio04: bets $6
5PRUT5: calls $6
*** RIVER *** [6c 5s 7h 2d] [9d]
5PRUT5: checks
scorpio04: checks
*** SHOW DOWN ***
5PRUT5: shows [Td 6s] (a pair of Sixes)
scorpio04: mucks hand
5PRUT5 collected $29.50 from pot
*** SUMMARY ***
Total pot $30 | Rake $0.50
Board [6c 5s 7h 2d 9d]
Seat 3: 5PRUT5 (big blind) showed [Td 6s] and won ($29.50) with a pair of Sixes
Seat 4: scorpio04 (button) (small blind) mucked


PokerStars Hand #146622312016:  Hold'em Limit ($3/$6 USD) - 2016/01/07 9:49:32 ET
Table 'Gaspra' 6-max Seat #3 is the button
Seat 3: 5PRUT5 ($53.16 in chips)
Seat 4: scorpio04 ($248.72 in chips)
5PRUT5: posts small blind $1
scorpio04: posts big blind $3
*** HOLE CARDS ***
5PRUT5: folds
Uncalled bet ($2) returned to scorpio04
scorpio04 collected $2 from pot
scorpio04: doesn't show hand
*** SUMMARY ***
Total pot $2 | Rake $0
Seat 3: 5PRUT5 (button) (small blind) folded before Flop
Seat 4: scorpio04 (big blind) collected ($2)


PokerStars Hand #146622332626:  Hold'em Limit ($3/$6 USD) - 2016/01/07 9:49:59 ET
Table 'Gaspra' 6-max Seat #3 is the button
Seat 3: 5PRUT5 ($66.66 in chips)
Seat 4: scorpio04 ($234.72 in chips)
5PRUT5: posts small blind $1
scorpio04: posts big blind $3
*** HOLE CARDS ***
5PRUT5: calls $2
scorpio04: raises $3 to $6
5PRUT5: calls $3
*** FLOP *** [Js Jh 7h]
scorpio04: bets $3
5PRUT5: calls $3
*** TURN *** [Js Jh 7h] [6d]
scorpio04: checks
5PRUT5: bets $6
scorpio04: calls $6
*** RIVER *** [Js Jh 7h 6d] [3s]
scorpio04: checks
5PRUT5: checks
*** SHOW DOWN ***
scorpio04: shows [Th 6h] (two pair, Jacks and Sixes)
5PRUT5: mucks hand
scorpio04 collected $29.50 from pot
*** SUMMARY ***
Total pot $30 | Rake $0.50
Board [Js Jh 7h 6d 3s]
Seat 3: 5PRUT5 (button) (small blind) mucked
Seat 4: scorpio04 (big blind) showed [Th 6h] and won ($29.50) with two pair, Jacks and Sixes


PokerStars Hand #146630588645:  Hold'em Limit ($3/$6 USD) - 2016/01/07 12:35:08 ET
Table 'Gaspra' 6-max Seat #1 is the button
Seat 1: tedros404 ($204.23 in chips)
Seat 6: MusicalClown ($78 in chips)
tedros404: posts small blind $1
AzureCaper: is sitting out
MusicalClown: posts big blind $3
*** HOLE CARDS ***
tedros404: folds
Uncalled bet ($2) returned to MusicalClown
MusicalClown collected $2 from pot
AzureCaper leaves the table
MusicalClown: doesn't show hand
*** SUMMARY ***
Total pot $2 | Rake $0
Seat 1: tedros404 (button) (small blind) folded before Flop
Seat 6: MusicalClown (big blind) collected ($2)


PokerStars Hand #146630593961:  Hold'em Limit ($3/$6 USD) - 2016/01/07 12:35:14 ET
Table 'Gaspra' 6-max Seat #6 is the button
Seat 1: tedros404 ($203.23 in chips)
Seat 6: MusicalClown ($79 in chips)
MusicalClown: posts small blind $1
tedros404: posts big blind $3
*** HOLE CARDS ***
MusicalClown: raises $3 to $6
tedros404: folds
Uncalled bet ($3) returned to MusicalClown
tedros404 leaves the table
MusicalClown collected $6 from pot
MusicalClown: doesn't show hand
*** SUMMARY ***
Total pot $6 | Rake $0
Seat 1: tedros404 (big blind) folded before Flop
Seat 6: MusicalClown (button) (small blind) collected ($6)


