PokerStars Hand #147499864395:  Hold'em Limit ($3/$6 USD) - 2016/01/22 16:24:10 ET
Table 'Gaspra II' 2-max Seat #1 is the button
Seat 1: elifnur2008 ($140.50 in chips)
Seat 2: iphone482 ($25.06 in chips)
elifnur2008: posts small blind $1
iphone482: posts big blind $3
*** HOLE CARDS ***
elifnur2008: raises $3 to $6
iphone482: raises $3 to $9
elifnur2008: calls $3
*** FLOP *** [Ts Jh 9h]
iphone482: bets $3
elifnur2008: calls $3
*** TURN *** [Ts Jh 9h] [3s]
iphone482: bets $6
elifnur2008: raises $6 to $12
iphone482: raises $1.06 to $13.06 and is all-in
elifnur2008: calls $1.06
*** RIVER *** [Ts Jh 9h 3s] [4s]
*** SHOW DOWN ***
iphone482: shows [5h 5d] (a pair of Fives)
elifnur2008: shows [6s Tc] (a pair of Tens)
elifnur2008 collected $49.62 from pot
*** SUMMARY ***
Total pot $50.12 | Rake $0.50
Board [Ts Jh 9h 3s 4s]
Seat 1: elifnur2008 (button) (small blind) showed [6s Tc] and won ($49.62) with a pair of Tens
Seat 2: iphone482 (big blind) showed [5h 5d] and lost with a pair of Fives


PokerStars Hand #147499778893:  Hold'em Limit ($3/$6 USD) - 2016/01/22 16:22:48 ET
Table 'Gaspra II' 2-max Seat #2 is the button
Seat 1: elifnur2008 ($120 in chips)
Seat 2: iphone482 ($46.06 in chips)
iphone482: posts small blind $1
elifnur2008: posts big blind $3
*** HOLE CARDS ***
iphone482: raises $3 to $6
elifnur2008: calls $3
*** FLOP *** [Ts 9c 5s]
elifnur2008: checks
iphone482: bets $3
elifnur2008: calls $3
*** TURN *** [Ts 9c 5s] [4d]
elifnur2008: checks
iphone482: bets $6
elifnur2008: raises $6 to $12
iphone482: calls $6
*** RIVER *** [Ts 9c 5s 4d] [3h]
elifnur2008: bets $6
iphone482: folds
Uncalled bet ($6) returned to elifnur2008
elifnur2008 collected $41.50 from pot
elifnur2008: doesn't show hand
*** SUMMARY ***
Total pot $42 | Rake $0.50
Board [Ts 9c 5s 4d 3h]
Seat 1: elifnur2008 (big blind) collected ($41.50)
Seat 2: iphone482 (button) (small blind) folded on the River


PokerStars Hand #147500497065:  Hold'em Limit ($3/$6 USD) - 2016/01/22 16:34:23 ET
Table 'Gaspra II' 2-max Seat #1 is the button
Seat 1: elifnur2008 ($179.56 in chips)
Seat 2: locke606 ($15.30 in chips)
elifnur2008: posts small blind $1
locke606: posts big blind $3
*** HOLE CARDS ***
elifnur2008: folds
Uncalled bet ($2) returned to locke606
locke606 collected $2 from pot
locke606: doesn't show hand
*** SUMMARY ***
Total pot $2 | Rake $0
Seat 1: elifnur2008 (button) (small blind) folded before Flop
Seat 2: locke606 (big blind) collected ($2)


PokerStars Hand #147500523438:  Hold'em Limit ($3/$6 USD) - 2016/01/22 16:34:49 ET
Table 'Gaspra II' 2-max Seat #1 is the button
Seat 1: elifnur2008 ($162.26 in chips)
Seat 2: locke606 ($32.10 in chips)
elifnur2008: posts small blind $1
locke606: posts big blind $3
*** HOLE CARDS ***
elifnur2008: raises $3 to $6
locke606: raises $3 to $9
elifnur2008: calls $3
*** FLOP *** [9d Qs 7s]
locke606: bets $3
elifnur2008: calls $3
*** TURN *** [9d Qs 7s] [4h]
locke606: bets $6
elifnur2008: raises $6 to $12
locke606: calls $6
*** RIVER *** [9d Qs 7s 4h] [3s]
locke606: bets $6
elifnur2008: raises $6 to $12
locke606: calls $2.10 and is all-in
Uncalled bet ($3.90) returned to elifnur2008
*** SHOW DOWN ***
elifnur2008: shows [Qd 7c] (two pair, Queens and Sevens)
locke606: shows [9h 6h] (a pair of Nines)
elifnur2008 collected $63.70 from pot
*** SUMMARY ***
Total pot $64.20 | Rake $0.50
Board [9d Qs 7s 4h 3s]
Seat 1: elifnur2008 (button) (small blind) showed [Qd 7c] and won ($63.70) with two pair, Queens and Sevens
Seat 2: locke606 (big blind) showed [9h 6h] and lost with a pair of Nines


PokerStars Hand #147500501791:  Hold'em Limit ($3/$6 USD) - 2016/01/22 16:34:28 ET
Table 'Gaspra II' 2-max Seat #2 is the button
Seat 1: elifnur2008 ($178.56 in chips)
Seat 2: locke606 ($16.30 in chips)
locke606: posts small blind $1
elifnur2008: posts big blind $3
*** HOLE CARDS ***
locke606: raises $3 to $6
elifnur2008: raises $3 to $9
locke606: calls $3
*** FLOP *** [9s 6c 4d]
elifnur2008: bets $3
locke606: raises $3 to $6
elifnur2008: calls $3
*** TURN *** [9s 6c 4d] [Ks]
elifnur2008: checks
locke606: bets $1.30 and is all-in
elifnur2008: calls $1.30
*** RIVER *** [9s 6c 4d Ks] [7c]
*** SHOW DOWN ***
elifnur2008: shows [Ac 8c] (high card Ace)
locke606: shows [9d Ad] (a pair of Nines)
locke606 collected $32.10 from pot
*** SUMMARY ***
Total pot $32.60 | Rake $0.50
Board [9s 6c 4d Ks 7c]
Seat 1: elifnur2008 (big blind) showed [Ac 8c] and lost with high card Ace
Seat 2: locke606 (button) (small blind) showed [9d Ad] and won ($32.10) with a pair of Nines


