PokerStars Hand #144441669714:  Hold'em Limit ($3/$6 USD) - 2015/11/26 22:25:05 ET
Table 'Gaspra' 6-max Seat #4 is the button
Seat 1: golgoaza ($106.45 in chips)
Seat 4: FuMaGoR ($66 in chips)
FuMaGoR: posts small blind $1
golgoaza: posts big blind $3
*** HOLE CARDS ***
FuMaGoR: raises $3 to $6
golgoaza: folds
Uncalled bet ($3) returned to FuMaGoR
FuMaGoR collected $6 from pot
FuMaGoR: doesn't show hand
*** SUMMARY ***
Total pot $6 | Rake $0
Seat 1: golgoaza (big blind) folded before Flop
Seat 4: FuMaGoR (button) (small blind) collected ($6)


PokerStars Hand #144441672556:  Hold'em Limit ($3/$6 USD) - 2015/11/26 22:25:14 ET
Table 'Gaspra' 6-max Seat #1 is the button
Seat 1: golgoaza ($103.45 in chips)
Seat 4: FuMaGoR ($69 in chips)
golgoaza: posts small blind $1
FuMaGoR: posts big blind $3
*** HOLE CARDS ***
golgoaza: raises $3 to $6
FuMaGoR: calls $3
*** FLOP *** [Js 2d Jh]
FuMaGoR: checks
golgoaza: bets $3
FuMaGoR: calls $3
*** TURN *** [Js 2d Jh] [2s]
FuMaGoR: checks
golgoaza: bets $6
FuMaGoR: folds
Uncalled bet ($6) returned to golgoaza
golgoaza collected $17.64 from pot
golgoaza: doesn't show hand
*** SUMMARY ***
Total pot $18 | Rake $0.36
Board [Js 2d Jh 2s]
Seat 1: golgoaza (button) (small blind) collected ($17.64)
Seat 4: FuMaGoR (big blind) folded on the Turn


PokerStars Hand #144441664235:  Hold'em Limit ($3/$6 USD) - 2015/11/26 22:24:50 ET
Table 'Gaspra' 6-max Seat #1 is the button
Seat 1: golgoaza ($103.45 in chips)
Seat 4: FuMaGoR ($66 in chips)
golgoaza: posts small blind $1
FuMaGoR: posts big blind $3
*** HOLE CARDS ***
golgoaza: raises $3 to $6
FuMaGoR: folds
Uncalled bet ($3) returned to golgoaza
golgoaza collected $6 from pot
golgoaza: doesn't show hand
*** SUMMARY ***
Total pot $6 | Rake $0
Seat 1: golgoaza (button) (small blind) collected ($6)
Seat 4: FuMaGoR (big blind) folded before Flop


PokerStars Hand #144441681945:  Hold'em Limit ($3/$6 USD) - 2015/11/26 22:25:41 ET
Table 'Gaspra' 6-max Seat #4 is the button
Seat 1: golgoaza ($112.09 in chips)
Seat 4: FuMaGoR ($66 in chips)
FuMaGoR: posts small blind $1
golgoaza: posts big blind $3
*** HOLE CARDS ***
FuMaGoR: raises $3 to $6
golgoaza: raises $3 to $9
FuMaGoR: calls $3
*** FLOP *** [2c 4h 7h]
golgoaza: bets $3
FuMaGoR: calls $3
*** TURN *** [2c 4h 7h] [6h]
golgoaza: bets $6
FuMaGoR: calls $6
*** RIVER *** [2c 4h 7h 6h] [9c]
golgoaza: checks
FuMaGoR: bets $6
golgoaza: raises $6 to $12
FuMaGoR: calls $6
*** SHOW DOWN ***
golgoaza: shows [Kh Ah] (a flush, Ace high)
FuMaGoR: mucks hand
golgoaza collected $59.50 from pot
italianhero4 joins the table at seat #2
*** SUMMARY ***
Total pot $60 | Rake $0.50
Board [2c 4h 7h 6h 9c]
Seat 1: golgoaza (big blind) showed [Kh Ah] and won ($59.50) with a flush, Ace high
Seat 4: FuMaGoR (button) (small blind) mucked


PokerStars Hand #144441716800:  Hold'em Limit ($3/$6 USD) - 2015/11/26 22:27:24 ET
Table 'Gaspra' 6-max Seat #1 is the button
Seat 1: golgoaza ($187.47 in chips)
Seat 2: italianhero4 ($11.76 in chips)
golgoaza: posts small blind $1
italianhero4: posts big blind $3
*** HOLE CARDS ***
italianhero4 said, "I run so good to complete idiots"
golgoaza: raises $3 to $6
italianhero4: calls $3
*** FLOP *** [Kc 4c Jd]
italianhero4: checks
golgoaza: bets $3
italianhero4: folds
Uncalled bet ($3) returned to golgoaza
golgoaza collected $11.76 from pot
golgoaza: doesn't show hand
*** SUMMARY ***
Total pot $12 | Rake $0.24
Board [Kc 4c Jd]
Seat 1: golgoaza (button) (small blind) collected ($11.76)
Seat 2: italianhero4 (big blind) folded on the Flop


PokerStars Hand #144441711730:  Hold'em Limit ($3/$6 USD) - 2015/11/26 22:27:09 ET
Table 'Gaspra' 6-max Seat #2 is the button
Seat 1: golgoaza ($193.47 in chips)
Seat 2: italianhero4 ($6 in chips)
italianhero4: posts small blind $1
golgoaza: posts big blind $3
*** HOLE CARDS ***
italianhero4: raises $3 to $6 and is all-in
golgoaza: calls $3
*** FLOP *** [Ks Ac 4s]
*** TURN *** [Ks Ac 4s] [Qd]
*** RIVER *** [Ks Ac 4s Qd] [Ts]
*** SHOW DOWN ***
golgoaza: shows [2d Td] (a pair of Tens)
italianhero4: shows [6s As] (a flush, Ace high)
italianhero4 collected $11.76 from pot
*** SUMMARY ***
Total pot $12 | Rake $0.24
Board [Ks Ac 4s Qd Ts]
Seat 1: golgoaza (big blind) showed [2d Td] and lost with a pair of Tens
Seat 2: italianhero4 (button) (small blind) showed [6s As] and won ($11.76) with a flush, Ace high


PokerStars Hand #144441722246:  Hold'em Limit ($3/$6 USD) - 2015/11/26 22:27:40 ET
Table 'Gaspra' 6-max Seat #2 is the button
Seat 1: golgoaza ($193.23 in chips)
Seat 2: italianhero4 ($5.76 in chips)
italianhero4: posts small blind $1
golgoaza: posts big blind $3
*** HOLE CARDS ***
italianhero4: raises $2.76 to $5.76 and is all-in
golgoaza: calls $2.76
*** FLOP *** [2d 7s Td]
*** TURN *** [2d 7s Td] [8h]
*** RIVER *** [2d 7s Td 8h] [9h]
*** SHOW DOWN ***
golgoaza: shows [2s Ks] (a pair of Deuces)
italianhero4: shows [Tc 5c] (a pair of Tens)
italianhero4 collected $11.29 from pot
*** SUMMARY ***
Total pot $11.52 | Rake $0.23
Board [2d 7s Td 8h 9h]
Seat 1: golgoaza (big blind) showed [2s Ks] and lost with a pair of Deuces
Seat 2: italianhero4 (button) (small blind) showed [Tc 5c] and won ($11.29) with a pair of Tens


PokerStars Hand #144441709620:  Hold'em Limit ($3/$6 USD) - 2015/11/26 22:27:03 ET
Table 'Gaspra' 6-max Seat #1 is the button
Seat 1: golgoaza ($190.47 in chips)
Seat 2: italianhero4 ($9 in chips)
golgoaza: posts small blind $1
italianhero4: posts big blind $3
*** HOLE CARDS ***
golgoaza: raises $3 to $6
italianhero4: folds
Uncalled bet ($3) returned to golgoaza
golgoaza collected $6 from pot
golgoaza: doesn't show hand
*** SUMMARY ***
Total pot $6 | Rake $0
Seat 1: golgoaza (button) (small blind) collected ($6)
Seat 2: italianhero4 (big blind) folded before Flop


PokerStars Hand #144441703591:  Hold'em Limit ($3/$6 USD) - 2015/11/26 22:26:45 ET
Table 'Gaspra' 6-max Seat #2 is the button
Seat 1: golgoaza ($166.97 in chips)
Seat 2: italianhero4 ($33 in chips)
italianhero4: posts small blind $1
golgoaza: posts big blind $3
*** HOLE CARDS ***
italianhero4: raises $3 to $6
golgoaza: calls $3
*** FLOP *** [9d 3c 2c]
golgoaza: checks
italianhero4: bets $3
golgoaza: raises $3 to $6
italianhero4: calls $3
*** TURN *** [9d 3c 2c] [8s]
golgoaza: bets $6
italianhero4: calls $6
*** RIVER *** [9d 3c 2c 8s] [6d]
golgoaza: bets $6
italianhero4: calls $6
*** SHOW DOWN ***
golgoaza: shows [4c 4s] (a pair of Fours)
FuMaGoR leaves the table
italianhero4: mucks hand
golgoaza collected $47.50 from pot
*** SUMMARY ***
Total pot $48 | Rake $0.50
Board [9d 3c 2c 8s 6d]
Seat 1: golgoaza (big blind) showed [4c 4s] and won ($47.50) with a pair of Fours
Seat 2: italianhero4 (button) (small blind) mucked


PokerStars Hand #144441728058:  Hold'em Limit ($3/$6 USD) - 2015/11/26 22:27:57 ET
Table 'Gaspra' 6-max Seat #1 is the button
Seat 1: golgoaza ($187.47 in chips)
Seat 2: italianhero4 ($11.29 in chips)
golgoaza: posts small blind $1
italianhero4: posts big blind $3
*** HOLE CARDS ***
golgoaza: raises $3 to $6
italianhero4: calls $3
*** FLOP *** [5h 7c 9s]
italianhero4: bets $3
golgoaza: raises $3 to $6
italianhero4: calls $2.29 and is all-in
Uncalled bet ($0.71) returned to golgoaza
*** TURN *** [5h 7c 9s] [2s]
*** RIVER *** [5h 7c 9s 2s] [Qh]
*** SHOW DOWN ***
italianhero4: shows [4s 6c] (high card Queen)
golgoaza: shows [8c 9h] (a pair of Nines)
golgoaza collected $22.13 from pot
*** SUMMARY ***
Total pot $22.58 | Rake $0.45
Board [5h 7c 9s 2s Qh]
Seat 1: golgoaza (button) (small blind) showed [8c 9h] and won ($22.13) with a pair of Nines
Seat 2: italianhero4 (big blind) showed [4s 6c] and lost with high card Queen


