PokerStars Hand #160087538358:  Hold'em Limit ($3/$6 USD) - 2016/10/17 23:15:18 ET
Table 'Gaussia' 6-max Seat #1 is the button
Seat 1: LifeisagameX ($84 in chips)
Seat 2: 111shimi111 ($120 in chips)
LifeisagameX: posts small blind $1
111shimi111: posts big blind $3
*** HOLE CARDS ***
B_loJkl joins the table at seat #3
LifeisagameX: folds
Uncalled bet ($2) returned to 111shimi111
111shimi111 collected $2 from pot
*** SUMMARY ***
Total pot $2 | Rake $0
Seat 1: LifeisagameX (button) (small blind) folded before Flop
Seat 2: 111shimi111 (big blind) collected ($2)


PokerStars Hand #160087585191:  Hold'em Limit ($3/$6 USD) - 2016/10/17 23:18:00 ET
Table 'Gaussia' 6-max Seat #2 is the button
Seat 2: 111shimi111 ($123.61 in chips)
Seat 3: B_loJkl ($159.47 in chips)
111shimi111: posts small blind $1
B_loJkl: posts big blind $3
*** HOLE CARDS ***
LifeisagameX leaves the table
111shimi111: raises $3 to $6
B_loJkl: raises $3 to $9
111shimi111: raises $3 to $12
Betting is capped
B_loJkl: calls $3
*** FLOP *** [Qc 4d Td]
B_loJkl: checks
111shimi111: bets $3
B_loJkl: raises $3 to $6
111shimi111: raises $3 to $9
B_loJkl: raises $3 to $12
Betting is capped
111shimi111: calls $3
*** TURN *** [Qc 4d Td] [7s]
B_loJkl: bets $6
111shimi111: calls $6
*** RIVER *** [Qc 4d Td 7s] [7h]
B_loJkl: bets $6
111shimi111: calls $6
*** SHOW DOWN ***
B_loJkl: shows [Ks Kh] (two pair, Kings and Sevens)
111shimi111: mucks hand
B_loJkl collected $71.50 from pot
*** SUMMARY ***
Total pot $72 | Rake $0.50
Board [Qc 4d Td 7s 7h]
Seat 2: 111shimi111 (button) (small blind) mucked
Seat 3: B_loJkl (big blind) showed [Ks Kh] and won ($71.50) with two pair, Kings and Sevens


PokerStars Hand #160087599085:  Hold'em Limit ($3/$6 USD) - 2016/10/17 23:18:48 ET
Table 'Gaussia' 6-max Seat #3 is the button
Seat 2: 111shimi111 ($87.61 in chips)
Seat 3: B_loJkl ($194.97 in chips)
B_loJkl: posts small blind $1
111shimi111: posts big blind $3
*** HOLE CARDS ***
B_loJkl: raises $3 to $6
111shimi111: raises $3 to $9
B_loJkl: calls $3
*** FLOP *** [7c 6h 3h]
111shimi111: bets $3
B_loJkl: calls $3
*** TURN *** [7c 6h 3h] [Qd]
111shimi111: bets $6
B_loJkl: folds
Uncalled bet ($6) returned to 111shimi111
111shimi111 collected $23.52 from pot
*** SUMMARY ***
Total pot $24 | Rake $0.48
Board [7c 6h 3h Qd]
Seat 2: 111shimi111 (big blind) collected ($23.52)
Seat 3: B_loJkl (button) (small blind) folded on the Turn


PokerStars Hand #160087606545:  Hold'em Limit ($3/$6 USD) - 2016/10/17 23:19:14 ET
Table 'Gaussia' 6-max Seat #2 is the button
Seat 2: 111shimi111 ($99.13 in chips)
Seat 3: B_loJkl ($182.97 in chips)
111shimi111: posts small blind $1
B_loJkl: posts big blind $3
*** HOLE CARDS ***
111shimi111: raises $3 to $6
B_loJkl: calls $3
*** FLOP *** [Js Qd 2h]
B_loJkl: checks
111shimi111: bets $3
B_loJkl: calls $3
*** TURN *** [Js Qd 2h] [5s]
B_loJkl: checks
111shimi111: bets $6
B_loJkl: calls $6
*** RIVER *** [Js Qd 2h 5s] [6s]
B_loJkl: checks
111shimi111: bets $6
B_loJkl: calls $6
*** SHOW DOWN ***
111shimi111: shows [Th 4h] (high card Queen)
B_loJkl: shows [7d 7h] (a pair of Sevens)
B_loJkl collected $41.50 from pot
*** SUMMARY ***
Total pot $42 | Rake $0.50
Board [Js Qd 2h 5s 6s]
Seat 2: 111shimi111 (button) (small blind) showed [Th 4h] and lost with high card Queen
Seat 3: B_loJkl (big blind) showed [7d 7h] and won ($41.50) with a pair of Sevens


PokerStars Hand #160087623409:  Hold'em Limit ($3/$6 USD) - 2016/10/17 23:20:13 ET
Table 'Gaussia' 6-max Seat #3 is the button
Seat 2: 111shimi111 ($78.13 in chips)
Seat 3: B_loJkl ($203.47 in chips)
B_loJkl: posts small blind $1
111shimi111: posts big blind $3
*** HOLE CARDS ***
B_loJkl: raises $3 to $6
111shimi111: raises $3 to $9
B_loJkl: calls $3
*** FLOP *** [Jh Qs Ks]
111shimi111: bets $3
B_loJkl: calls $3
*** TURN *** [Jh Qs Ks] [6c]
111shimi111: bets $6
B_loJkl: calls $6
*** RIVER *** [Jh Qs Ks 6c] [5s]
111shimi111: bets $6
B_loJkl: calls $6
*** SHOW DOWN ***
111shimi111: shows [Th Jc] (a pair of Jacks)
B_loJkl: mucks hand
111shimi111 collected $47.50 from pot
*** SUMMARY ***
Total pot $48 | Rake $0.50
Board [Jh Qs Ks 6c 5s]
Seat 2: 111shimi111 (big blind) showed [Th Jc] and won ($47.50) with a pair of Jacks
Seat 3: B_loJkl (button) (small blind) mucked


PokerStars Hand #160087666157:  Hold'em Limit ($3/$6 USD) - 2016/10/17 23:22:09 ET
Table 'Gaussia' 6-max Seat #2 is the button
Seat 2: 111shimi111 ($110.13 in chips)
Seat 3: B_loJkl ($169.99 in chips)
111shimi111: posts small blind $1
B_loJkl: posts big blind $3
*** HOLE CARDS ***
111shimi111: calls $2
B_loJkl: checks
*** FLOP *** [3c 2c Tc]
B_loJkl: checks
111shimi111: bets $3
B_loJkl: calls $3
*** TURN *** [3c 2c Tc] [Qc]
B_loJkl: checks
111shimi111: checks
*** RIVER *** [3c 2c Tc Qc] [Th]
B_loJkl: checks
111shimi111: checks
*** SHOW DOWN ***
B_loJkl: shows [2h 8s] (two pair, Tens and Deuces)
111shimi111: shows [Qh 9s] (two pair, Queens and Tens)
111shimi111 collected $11.76 from pot
*** SUMMARY ***
Total pot $12 | Rake $0.24
Board [3c 2c Tc Qc Th]
Seat 2: 111shimi111 (button) (small blind) showed [Qh 9s] and won ($11.76) with two pair, Queens and Tens
Seat 3: B_loJkl (big blind) showed [2h 8s] and lost with two pair, Tens and Deuces


PokerStars Hand #160087637021:  Hold'em Limit ($3/$6 USD) - 2016/10/17 23:21:01 ET
Table 'Gaussia' 6-max Seat #2 is the button
Seat 2: 111shimi111 ($101.63 in chips)
Seat 3: B_loJkl ($179.47 in chips)
111shimi111: posts small blind $1
B_loJkl: posts big blind $3
*** HOLE CARDS ***
111shimi111: calls $2
B_loJkl: raises $3 to $6
111shimi111: calls $3
*** FLOP *** [4c Qd Jd]
B_loJkl: checks
111shimi111: checks
*** TURN *** [4c Qd Jd] [8d]
B_loJkl: checks
111shimi111: checks
*** RIVER *** [4c Qd Jd 8d] [3s]
B_loJkl: bets $6
111shimi111: calls $6
*** SHOW DOWN ***
B_loJkl: shows [Ah 8c] (a pair of Eights)
111shimi111: mucks hand
B_loJkl collected $23.52 from pot
*** SUMMARY ***
Total pot $24 | Rake $0.48
Board [4c Qd Jd 8d 3s]
Seat 2: 111shimi111 (button) (small blind) mucked
Seat 3: B_loJkl (big blind) showed [Ah 8c] and won ($23.52) with a pair of Eights


PokerStars Hand #160087658450:  Hold'em Limit ($3/$6 USD) - 2016/10/17 23:21:42 ET
Table 'Gaussia' 6-max Seat #3 is the button
Seat 2: 111shimi111 ($89.63 in chips)
Seat 3: B_loJkl ($190.99 in chips)
B_loJkl: posts small blind $1
111shimi111: posts big blind $3
*** HOLE CARDS ***
B_loJkl: raises $3 to $6
111shimi111: calls $3
*** FLOP *** [Ad 4c 9d]
111shimi111: checks
B_loJkl: bets $3
111shimi111: calls $3
*** TURN *** [Ad 4c 9d] [Tc]
111shimi111: checks
B_loJkl: bets $6
111shimi111: calls $6
*** RIVER *** [Ad 4c 9d Tc] [Js]
111shimi111: checks
B_loJkl: bets $6
111shimi111: calls $6
*** SHOW DOWN ***
B_loJkl: shows [5s 2s] (high card Ace)
111shimi111: shows [Ah 7d] (a pair of Aces)
111shimi111 collected $41.50 from pot
*** SUMMARY ***
Total pot $42 | Rake $0.50
Board [Ad 4c 9d Tc Js]
Seat 2: 111shimi111 (big blind) showed [Ah 7d] and won ($41.50) with a pair of Aces
Seat 3: B_loJkl (button) (small blind) showed [5s 2s] and lost with high card Ace


PokerStars Hand #160087673612:  Hold'em Limit ($3/$6 USD) - 2016/10/17 23:22:36 ET
Table 'Gaussia' 6-max Seat #3 is the button
Seat 2: 111shimi111 ($115.89 in chips)
Seat 3: B_loJkl ($163.99 in chips)
B_loJkl: posts small blind $1
111shimi111: posts big blind $3
*** HOLE CARDS ***
B_loJkl: folds
Uncalled bet ($2) returned to 111shimi111
111shimi111 collected $2 from pot
*** SUMMARY ***
Total pot $2 | Rake $0
Seat 2: 111shimi111 (big blind) collected ($2)
Seat 3: B_loJkl (button) (small blind) folded before Flop


PokerStars Hand #160087675588:  Hold'em Limit ($3/$6 USD) - 2016/10/17 23:22:43 ET
Table 'Gaussia' 6-max Seat #2 is the button
Seat 2: 111shimi111 ($116.89 in chips)
Seat 3: B_loJkl ($162.99 in chips)
111shimi111: posts small blind $1
B_loJkl: posts big blind $3
*** HOLE CARDS ***
111shimi111: calls $2
B_loJkl: checks
*** FLOP *** [As 9s Ah]
B_loJkl: checks
111shimi111: bets $3
B_loJkl: folds
Uncalled bet ($3) returned to 111shimi111
111shimi111 collected $5.88 from pot
*** SUMMARY ***
Total pot $6 | Rake $0.12
Board [As 9s Ah]
Seat 2: 111shimi111 (button) (small blind) collected ($5.88)
Seat 3: B_loJkl (big blind) folded on the Flop


PokerStars Hand #160087683970:  Hold'em Limit ($3/$6 USD) - 2016/10/17 23:23:12 ET
Table 'Gaussia' 6-max Seat #2 is the button
Seat 2: 111shimi111 ($113.77 in chips)
Seat 3: B_loJkl ($165.75 in chips)
111shimi111: posts small blind $1
B_loJkl: posts big blind $3
*** HOLE CARDS ***
111shimi111: folds
Uncalled bet ($2) returned to B_loJkl
B_loJkl collected $2 from pot
B_loJkl: doesn't show hand
*** SUMMARY ***
Total pot $2 | Rake $0
Seat 2: 111shimi111 (button) (small blind) folded before Flop
Seat 3: B_loJkl (big blind) collected ($2)


PokerStars Hand #160087691588:  Hold'em Limit ($3/$6 USD) - 2016/10/17 23:23:39 ET
Table 'Gaussia' 6-max Seat #2 is the button
Seat 2: 111shimi111 ($103.77 in chips)
Seat 3: B_loJkl ($175.39 in chips)
111shimi111: posts small blind $1
B_loJkl: posts big blind $3
*** HOLE CARDS ***
111shimi111: folds
Uncalled bet ($2) returned to B_loJkl
B_loJkl collected $2 from pot
B_loJkl: doesn't show hand
*** SUMMARY ***
Total pot $2 | Rake $0
Seat 2: 111shimi111 (button) (small blind) folded before Flop
Seat 3: B_loJkl (big blind) collected ($2)


PokerStars Hand #160087685649:  Hold'em Limit ($3/$6 USD) - 2016/10/17 23:23:18 ET
Table 'Gaussia' 6-max Seat #3 is the button
Seat 2: 111shimi111 ($112.77 in chips)
Seat 3: B_loJkl ($166.75 in chips)
B_loJkl: posts small blind $1
111shimi111: posts big blind $3
*** HOLE CARDS ***
B_loJkl: raises $3 to $6
111shimi111: calls $3
*** FLOP *** [As Js 7s]
111shimi111: bets $3
B_loJkl: calls $3
*** TURN *** [As Js 7s] [4d]
111shimi111: checks
B_loJkl: bets $6
111shimi111: folds
Uncalled bet ($6) returned to B_loJkl
B_loJkl collected $17.64 from pot
B_loJkl: doesn't show hand
*** SUMMARY ***
Total pot $18 | Rake $0.36
Board [As Js 7s 4d]
Seat 2: 111shimi111 (big blind) folded on the Turn
Seat 3: B_loJkl (button) (small blind) collected ($17.64)


PokerStars Hand #160087693016:  Hold'em Limit ($3/$6 USD) - 2016/10/17 23:23:44 ET
Table 'Gaussia' 6-max Seat #3 is the button
Seat 2: 111shimi111 ($102.77 in chips)
Seat 3: B_loJkl ($176.39 in chips)
B_loJkl: posts small blind $1
111shimi111: posts big blind $3
*** HOLE CARDS ***
B_loJkl: folds
Uncalled bet ($2) returned to 111shimi111
111shimi111 collected $2 from pot
*** SUMMARY ***
Total pot $2 | Rake $0
Seat 2: 111shimi111 (big blind) collected ($2)
Seat 3: B_loJkl (button) (small blind) folded before Flop


PokerStars Hand #160087695151:  Hold'em Limit ($3/$6 USD) - 2016/10/17 23:23:52 ET
Table 'Gaussia' 6-max Seat #2 is the button
Seat 2: 111shimi111 ($103.77 in chips)
Seat 3: B_loJkl ($175.39 in chips)
111shimi111: posts small blind $1
B_loJkl: posts big blind $3
*** HOLE CARDS ***
111shimi111: raises $3 to $6
B_loJkl: folds
Uncalled bet ($3) returned to 111shimi111
111shimi111 collected $6 from pot
*** SUMMARY ***
Total pot $6 | Rake $0
Seat 2: 111shimi111 (button) (small blind) collected ($6)
Seat 3: B_loJkl (big blind) folded before Flop


PokerStars Hand #160087697604:  Hold'em Limit ($3/$6 USD) - 2016/10/17 23:24:01 ET
Table 'Gaussia' 6-max Seat #3 is the button
Seat 2: 111shimi111 ($106.77 in chips)
Seat 3: B_loJkl ($172.39 in chips)
B_loJkl: posts small blind $1
111shimi111: posts big blind $3
*** HOLE CARDS ***
B_loJkl: raises $3 to $6
111shimi111: calls $3
*** FLOP *** [5h Kc 6h]
111shimi111: checks
B_loJkl: bets $3
111shimi111: raises $3 to $6
B_loJkl: calls $3
*** TURN *** [5h Kc 6h] [Jc]
111shimi111: bets $6
TJ gutshot joins the table at seat #4
B_loJkl: folds
Uncalled bet ($6) returned to 111shimi111
111shimi111 collected $23.52 from pot
*** SUMMARY ***
Total pot $24 | Rake $0.48
Board [5h Kc 6h Jc]
Seat 2: 111shimi111 (big blind) collected ($23.52)
Seat 3: B_loJkl (button) (small blind) folded on the Turn


PokerStars Hand #160088417113:  Hold'em Limit ($3/$6 USD) - 2016/10/18 0:09:44 ET
Table 'Gaussia' 6-max Seat #5 is the button
Seat 1: B_loJkl ($85.08 in chips)
Seat 5: LolDnkaments ($260 in chips)
LolDnkaments: posts small blind $1
40 ft cliff: is sitting out
B_loJkl: posts big blind $3
*** HOLE CARDS ***
LolDnkaments: raises $3 to $6
B_loJkl: raises $3 to $9
40 ft cliff leaves the table
LolDnkaments: calls $3
*** FLOP *** [2s 9c 5c]
B_loJkl: bets $3
LolDnkaments: calls $3
*** TURN *** [2s 9c 5c] [8h]
B_loJkl: bets $6
LolDnkaments: folds
Uncalled bet ($6) returned to B_loJkl
B_loJkl collected $23.52 from pot
B_loJkl: doesn't show hand
*** SUMMARY ***
Total pot $24 | Rake $0.48
Board [2s 9c 5c 8h]
Seat 1: B_loJkl (big blind) collected ($23.52)
Seat 5: LolDnkaments (button) (small blind) folded on the Turn


