PokerStars Hand #156695223382:  Hold'em Limit ($3/$6 USD) - 2016/07/31 16:17:39 ET
Table 'Gaussia' 6-max Seat #4 is the button
Seat 4: vestimokrec ($310.79 in chips)
Seat 6: Chessnok ($109.63 in chips)
vestimokrec: posts small blind $1
Chessnok: posts big blind $3
*** HOLE CARDS ***
vestimokrec: raises $3 to $6
Zubasa07 leaves the table
Chessnok: calls $3
*** FLOP *** [7s 4c 2c]
Chessnok: checks
vestimokrec: bets $3
Chessnok: raises $3 to $6
vestimokrec: calls $3
*** TURN *** [7s 4c 2c] [3h]
Chessnok: bets $6
vestimokrec: calls $6
*** RIVER *** [7s 4c 2c 3h] [8s]
Chessnok: bets $6
vestimokrec: folds
Uncalled bet ($6) returned to Chessnok
Chessnok collected $35.50 from pot
Chessnok: doesn't show hand
*** SUMMARY ***
Total pot $36 | Rake $0.50
Board [7s 4c 2c 3h 8s]
Seat 4: vestimokrec (button) (small blind) folded on the River
Seat 6: Chessnok (big blind) collected ($35.50)


PokerStars Hand #156698774202:  Hold'em Limit ($3/$6 USD) - 2016/07/31 17:21:28 ET
Table 'Gaussia' 6-max Seat #4 is the button
Seat 4: GRAILKO ($246.84 in chips)
Seat 6: pejoba ($67.17 in chips)
fire852181 will be allowed to play after the button
GRAILKO: posts small blind $1
Hannibal2211: is sitting out
pejoba: posts big blind $3
*** HOLE CARDS ***
GRAILKO: raises $3 to $6
pejoba: folds
Uncalled bet ($3) returned to GRAILKO
GRAILKO collected $6 from pot
GRAILKO: doesn't show hand
*** SUMMARY ***
Total pot $6 | Rake $0
Seat 4: GRAILKO (button) (small blind) collected ($6)
Seat 6: pejoba (big blind) folded before Flop


PokerStars Hand #156703720138:  Hold'em Limit ($3/$6 USD) - 2016/07/31 19:11:21 ET
Table 'Gaussia' 6-max Seat #6 is the button
Seat 3: krytalex ($72 in chips)
Seat 6: Bonkman05 ($208.80 in chips)
Bonkman05: posts small blind $1
krytalex: posts big blind $3
*** HOLE CARDS ***
Bonkman05: raises $3 to $6
krytalex: calls $3
*** FLOP *** [3c 2d 5h]
Hannibal2211 leaves the table
krytalex: checks
Bonkman05: bets $3
krytalex: raises $3 to $6
Bonkman05: raises $3 to $9
krytalex: calls $3
*** TURN *** [3c 2d 5h] [Qc]
krytalex: checks
Bonkman05: checks
*** RIVER *** [3c 2d 5h Qc] [As]
krytalex: bets $6
Bonkman05: folds
Uncalled bet ($6) returned to krytalex
krytalex collected $29.50 from pot
*** SUMMARY ***
Total pot $30 | Rake $0.50
Board [3c 2d 5h Qc As]
Seat 3: krytalex (big blind) collected ($29.50)
Seat 6: Bonkman05 (button) (small blind) folded on the River


