PokerStars Hand #164233086755:  Hold'em Limit ($3/$6 USD) - 2017/01/08 8:00:33 ET
Table 'Gaussia' 6-max Seat #3 is the button
Seat 3: LifeisagameX ($92.64 in chips)
Seat 4: W4hiJvh9Z ($104.10 in chips)
LifeisagameX: posts small blind $1
W4hiJvh9Z: posts big blind $3
*** HOLE CARDS ***
LifeisagameX: raises $3 to $6
W4hiJvh9Z: folds
Uncalled bet ($3) returned to LifeisagameX
GoliafUa leaves the table
LifeisagameX collected $6 from pot
LifeisagameX: doesn't show hand
*** SUMMARY ***
Total pot $6 | Rake $0
Seat 3: LifeisagameX (button) (small blind) collected ($6)
Seat 4: W4hiJvh9Z (big blind) folded before Flop


PokerStars Hand #164233033782:  Hold'em Limit ($3/$6 USD) - 2017/01/08 7:59:01 ET
Table 'Gaussia' 6-max Seat #4 is the button
Seat 3: LifeisagameX ($84 in chips)
Seat 4: W4hiJvh9Z ($113.10 in chips)
GoliafUa: is sitting out
W4hiJvh9Z: posts small blind $1
LifeisagameX: posts big blind $3
*** HOLE CARDS ***
W4hiJvh9Z: raises $3 to $6
LifeisagameX: calls $3
*** FLOP *** [5c Ts Th]
LifeisagameX: checks
W4hiJvh9Z: bets $3
LifeisagameX: calls $3
*** TURN *** [5c Ts Th] [Kd]
LifeisagameX: checks
W4hiJvh9Z: checks
*** RIVER *** [5c Ts Th Kd] [Ac]
LifeisagameX: bets $6
W4hiJvh9Z: folds
Uncalled bet ($6) returned to LifeisagameX
LifeisagameX collected $17.64 from pot
LifeisagameX: doesn't show hand
*** SUMMARY ***
Total pot $18 | Rake $0.36
Board [5c Ts Th Kd Ac]
Seat 3: LifeisagameX (big blind) collected ($17.64)
Seat 4: W4hiJvh9Z (button) (small blind) folded on the River


PokerStars Hand #164233096937:  Hold'em Limit ($3/$6 USD) - 2017/01/08 8:00:50 ET
Table 'Gaussia' 6-max Seat #4 is the button
Seat 3: LifeisagameX ($95.64 in chips)
Seat 4: W4hiJvh9Z ($101.10 in chips)
W4hiJvh9Z: posts small blind $1
LifeisagameX: posts big blind $3
*** HOLE CARDS ***
W4hiJvh9Z: raises $3 to $6
LifeisagameX: calls $3
*** FLOP *** [7h 7d Td]
LifeisagameX: checks
W4hiJvh9Z: bets $3
LifeisagameX: raises $3 to $6
kurt183 joins the table at seat #2
W4hiJvh9Z: folds
Uncalled bet ($3) returned to LifeisagameX
LifeisagameX collected $17.64 from pot
LifeisagameX: doesn't show hand
*** SUMMARY ***
Total pot $18 | Rake $0.36
Board [7h 7d Td]
Seat 3: LifeisagameX (big blind) collected ($17.64)
Seat 4: W4hiJvh9Z (button) (small blind) folded on the Flop


PokerStars Hand #164233116901:  Hold'em Limit ($3/$6 USD) - 2017/01/08 8:01:22 ET
Table 'Gaussia' 6-max Seat #3 is the button
Seat 3: LifeisagameX ($104.28 in chips)
Seat 4: W4hiJvh9Z ($92.10 in chips)
LifeisagameX: posts small blind $1
W4hiJvh9Z: posts big blind $3
*** HOLE CARDS ***
GoliafUa joins the table at seat #5
LifeisagameX: raises $3 to $6
W4hiJvh9Z: folds
Uncalled bet ($3) returned to LifeisagameX
LifeisagameX collected $6 from pot
LifeisagameX: doesn't show hand
*** SUMMARY ***
Total pot $6 | Rake $0
Seat 3: LifeisagameX (button) (small blind) collected ($6)
Seat 4: W4hiJvh9Z (big blind) folded before Flop


PokerStars Hand #164233176261:  Hold'em Limit ($3/$6 USD) - 2017/01/08 8:02:50 ET
Table 'Gaussia' 6-max Seat #2 is the button
Seat 2: kurt183 ($109.95 in chips)
Seat 4: W4hiJvh9Z ($79.86 in chips)
kurt183: posts small blind $1
W4hiJvh9Z: posts big blind $3
*** HOLE CARDS ***
kurt183: folds
Uncalled bet ($2) returned to W4hiJvh9Z
W4hiJvh9Z collected $2 from pot
*** SUMMARY ***
Total pot $2 | Rake $0
Seat 2: kurt183 (button) (small blind) folded before Flop
Seat 4: W4hiJvh9Z (big blind) collected ($2)


PokerStars Hand #164233179123:  Hold'em Limit ($3/$6 USD) - 2017/01/08 8:02:55 ET
Table 'Gaussia' 6-max Seat #4 is the button
Seat 2: kurt183 ($108.95 in chips)
Seat 4: W4hiJvh9Z ($80.86 in chips)
W4hiJvh9Z: posts small blind $1
kurt183: posts big blind $3
*** HOLE CARDS ***
W4hiJvh9Z: raises $3 to $6
kurt183: folds
Uncalled bet ($3) returned to W4hiJvh9Z
W4hiJvh9Z collected $6 from pot
*** SUMMARY ***
Total pot $6 | Rake $0
Seat 2: kurt183 (big blind) folded before Flop
Seat 4: W4hiJvh9Z (button) (small blind) collected ($6)


PokerStars Hand #164233183113:  Hold'em Limit ($3/$6 USD) - 2017/01/08 8:03:01 ET
Table 'Gaussia' 6-max Seat #2 is the button
Seat 2: kurt183 ($105.95 in chips)
Seat 4: W4hiJvh9Z ($83.86 in chips)
kurt183: posts small blind $1
W4hiJvh9Z: posts big blind $3
*** HOLE CARDS ***
kurt183: raises $3 to $6
W4hiJvh9Z: calls $3
*** FLOP *** [5h 9d Js]
W4hiJvh9Z: checks
kurt183: bets $3
W4hiJvh9Z: folds
Uncalled bet ($3) returned to kurt183
kurt183 collected $11.76 from pot
kurt183: doesn't show hand
*** SUMMARY ***
Total pot $12 | Rake $0.24
Board [5h 9d Js]
Seat 2: kurt183 (button) (small blind) collected ($11.76)
Seat 4: W4hiJvh9Z (big blind) folded on the Flop


PokerStars Hand #164233155861:  Hold'em Limit ($3/$6 USD) - 2017/01/08 8:02:20 ET
Table 'Gaussia' 6-max Seat #4 is the button
Seat 2: kurt183 ($101.45 in chips)
Seat 4: W4hiJvh9Z ($89.10 in chips)
W4hiJvh9Z: posts small blind $1
kurt183: posts big blind $3
*** HOLE CARDS ***
W4hiJvh9Z: raises $3 to $6
kurt183: calls $3
*** FLOP *** [7d Qc Qd]
kurt183: checks
W4hiJvh9Z: bets $3
kurt183: folds
Uncalled bet ($3) returned to W4hiJvh9Z
W4hiJvh9Z collected $11.76 from pot
*** SUMMARY ***
Total pot $12 | Rake $0.24
Board [7d Qc Qd]
Seat 2: kurt183 (big blind) folded on the Flop
Seat 4: W4hiJvh9Z (button) (small blind) collected ($11.76)


PokerStars Hand #164233161991:  Hold'em Limit ($3/$6 USD) - 2017/01/08 8:02:30 ET
Table 'Gaussia' 6-max Seat #2 is the button
Seat 2: kurt183 ($95.45 in chips)
Seat 4: W4hiJvh9Z ($94.86 in chips)
kurt183: posts small blind $1
W4hiJvh9Z: posts big blind $3
*** HOLE CARDS ***
kurt183: raises $3 to $6
W4hiJvh9Z: calls $3
*** FLOP *** [2s 4c Jh]
W4hiJvh9Z: checks
kurt183: checks
*** TURN *** [2s 4c Jh] [9h]
W4hiJvh9Z: bets $6
kurt183: calls $6
*** RIVER *** [2s 4c Jh 9h] [5d]
W4hiJvh9Z: bets $6
kurt183: calls $6
*** SHOW DOWN ***
W4hiJvh9Z: shows [4s 7c] (a pair of Fours)
kurt183: shows [9s Kc] (a pair of Nines)
kurt183 collected $35.50 from pot
*** SUMMARY ***
Total pot $36 | Rake $0.50
Board [2s 4c Jh 9h 5d]
Seat 2: kurt183 (button) (small blind) showed [9s Kc] and won ($35.50) with a pair of Nines
Seat 4: W4hiJvh9Z (big blind) showed [4s 7c] and lost with a pair of Fours


PokerStars Hand #164233189063:  Hold'em Limit ($3/$6 USD) - 2017/01/08 8:03:10 ET
Table 'Gaussia' 6-max Seat #4 is the button
Seat 2: kurt183 ($111.71 in chips)
Seat 4: W4hiJvh9Z ($77.86 in chips)
W4hiJvh9Z: posts small blind $1
kurt183: posts big blind $3
*** HOLE CARDS ***
W4hiJvh9Z: raises $3 to $6
kurt183: calls $3
*** FLOP *** [Qd 6h 2d]
kurt183: checks
W4hiJvh9Z: checks
*** TURN *** [Qd 6h 2d] [4h]
kurt183: bets $6
W4hiJvh9Z: folds
Uncalled bet ($6) returned to kurt183
kurt183 collected $11.76 from pot
kurt183: doesn't show hand
*** SUMMARY ***
Total pot $12 | Rake $0.24
Board [Qd 6h 2d 4h]
Seat 2: kurt183 (big blind) collected ($11.76)
Seat 4: W4hiJvh9Z (button) (small blind) folded on the Turn


PokerStars Hand #164233207159:  Hold'em Limit ($3/$6 USD) - 2017/01/08 8:03:37 ET
Table 'Gaussia' 6-max Seat #2 is the button
Seat 2: kurt183 ($124.23 in chips)
Seat 4: W4hiJvh9Z ($64.86 in chips)
kurt183: posts small blind $1
W4hiJvh9Z: posts big blind $3
*** HOLE CARDS ***
kurt183: folds
Uncalled bet ($2) returned to W4hiJvh9Z
W4hiJvh9Z collected $2 from pot
*** SUMMARY ***
Total pot $2 | Rake $0
Seat 2: kurt183 (button) (small blind) folded before Flop
Seat 4: W4hiJvh9Z (big blind) collected ($2)


PokerStars Hand #164233203172:  Hold'em Limit ($3/$6 USD) - 2017/01/08 8:03:32 ET
Table 'Gaussia' 6-max Seat #4 is the button
Seat 2: kurt183 ($123.23 in chips)
Seat 4: W4hiJvh9Z ($65.86 in chips)
W4hiJvh9Z: posts small blind $1
kurt183: posts big blind $3
*** HOLE CARDS ***
W4hiJvh9Z: folds
Uncalled bet ($2) returned to kurt183
kurt183 collected $2 from pot
kurt183: doesn't show hand
*** SUMMARY ***
Total pot $2 | Rake $0
Seat 2: kurt183 (big blind) collected ($2)
Seat 4: W4hiJvh9Z (button) (small blind) folded before Flop


PokerStars Hand #164233196617:  Hold'em Limit ($3/$6 USD) - 2017/01/08 8:03:21 ET
Table 'Gaussia' 6-max Seat #2 is the button
Seat 2: kurt183 ($117.47 in chips)
Seat 4: W4hiJvh9Z ($71.86 in chips)
kurt183: posts small blind $1
W4hiJvh9Z: posts big blind $3
*** HOLE CARDS ***
kurt183: raises $3 to $6
W4hiJvh9Z: calls $3
*** FLOP *** [9d 2s 2d]
W4hiJvh9Z: checks
kurt183: bets $3
W4hiJvh9Z: folds
Uncalled bet ($3) returned to kurt183
kurt183 collected $11.76 from pot
kurt183: doesn't show hand
*** SUMMARY ***
Total pot $12 | Rake $0.24
Board [9d 2s 2d]
Seat 2: kurt183 (button) (small blind) collected ($11.76)
Seat 4: W4hiJvh9Z (big blind) folded on the Flop


PokerStars Hand #164233225943:  Hold'em Limit ($3/$6 USD) - 2017/01/08 8:04:05 ET
Table 'Gaussia' 6-max Seat #4 is the button
Seat 2: kurt183 ($149.73 in chips)
Seat 4: W4hiJvh9Z ($38.86 in chips)
W4hiJvh9Z: posts small blind $1
kurt183: posts big blind $3
*** HOLE CARDS ***
W4hiJvh9Z: folds
Uncalled bet ($2) returned to kurt183
kurt183 collected $2 from pot
kurt183: doesn't show hand
*** SUMMARY ***
Total pot $2 | Rake $0
Seat 2: kurt183 (big blind) collected ($2)
Seat 4: W4hiJvh9Z (button) (small blind) folded before Flop


PokerStars Hand #164233222331:  Hold'em Limit ($3/$6 USD) - 2017/01/08 8:04:00 ET
Table 'Gaussia' 6-max Seat #2 is the button
Seat 2: kurt183 ($146.73 in chips)
Seat 4: W4hiJvh9Z ($41.86 in chips)
kurt183: posts small blind $1
W4hiJvh9Z: posts big blind $3
*** HOLE CARDS ***
kurt183: raises $3 to $6
W4hiJvh9Z: folds
Uncalled bet ($3) returned to kurt183
kurt183 collected $6 from pot
kurt183: doesn't show hand
*** SUMMARY ***
Total pot $6 | Rake $0
Seat 2: kurt183 (button) (small blind) collected ($6)
Seat 4: W4hiJvh9Z (big blind) folded before Flop


PokerStars Hand #164233210058:  Hold'em Limit ($3/$6 USD) - 2017/01/08 8:03:42 ET
Table 'Gaussia' 6-max Seat #4 is the button
Seat 2: kurt183 ($123.23 in chips)
Seat 4: W4hiJvh9Z ($65.86 in chips)
W4hiJvh9Z: posts small blind $1
kurt183: posts big blind $3
*** HOLE CARDS ***
W4hiJvh9Z: raises $3 to $6
kurt183: calls $3
*** FLOP *** [8s 6h 3s]
kurt183: checks
W4hiJvh9Z: bets $3
kurt183: raises $3 to $6
W4hiJvh9Z: calls $3
*** TURN *** [8s 6h 3s] [Qh]
kurt183: bets $6
W4hiJvh9Z: calls $6
*** RIVER *** [8s 6h 3s Qh] [9h]
kurt183: bets $6
W4hiJvh9Z: calls $6
*** SHOW DOWN ***
kurt183: shows [8h Th] (a flush, Queen high)
W4hiJvh9Z: mucks hand
kurt183 collected $47.50 from pot
*** SUMMARY ***
Total pot $48 | Rake $0.50
Board [8s 6h 3s Qh 9h]
Seat 2: kurt183 (big blind) showed [8h Th] and won ($47.50) with a flush, Queen high
Seat 4: W4hiJvh9Z (button) (small blind) mucked


