PokerStars Hand #146445030674:  Hold'em Limit ($3/$6 USD) - 2016/01/04 8:09:18 ET
Table 'Gaviola II' 2-max Seat #1 is the button
Seat 1: Alnikon ($41.18 in chips)
Seat 2: Pandakey ($129.50 in chips)
Alnikon: posts small blind $1
Pandakey: posts big blind $3
*** HOLE CARDS ***
Alnikon: raises $3 to $6
Pandakey: calls $3
*** FLOP *** [5h 2d Tc]
Pandakey: checks
Alnikon: bets $3
Pandakey: folds
Uncalled bet ($3) returned to Alnikon
Alnikon collected $11.76 from pot
Alnikon: doesn't show hand
*** SUMMARY ***
Total pot $12 | Rake $0.24
Board [5h 2d Tc]
Seat 1: Alnikon (button) (small blind) collected ($11.76)
Seat 2: Pandakey (big blind) folded on the Flop


PokerStars Hand #146445021743:  Hold'em Limit ($3/$6 USD) - 2016/01/04 8:09:04 ET
Table 'Gaviola II' 2-max Seat #2 is the button
Seat 1: Alnikon ($26.68 in chips)
Seat 2: Pandakey ($144.50 in chips)
Pandakey: posts small blind $1
Alnikon: posts big blind $3
*** HOLE CARDS ***
Pandakey: raises $3 to $6
Alnikon: calls $3
*** FLOP *** [Jh Ad Qs]
Alnikon: bets $3
Pandakey: calls $3
*** TURN *** [Jh Ad Qs] [Th]
Alnikon: checks
Pandakey: checks
*** RIVER *** [Jh Ad Qs Th] [3d]
Alnikon: bets $6
Pandakey: calls $6
*** SHOW DOWN ***
Alnikon: shows [Js 3h] (two pair, Jacks and Threes)
Pandakey: mucks hand
Alnikon collected $29.50 from pot
*** SUMMARY ***
Total pot $30 | Rake $0.50
Board [Jh Ad Qs Th 3d]
Seat 1: Alnikon (big blind) showed [Js 3h] and won ($29.50) with two pair, Jacks and Threes
Seat 2: Pandakey (button) (small blind) mucked


PokerStars Hand #146445018749:  Hold'em Limit ($3/$6 USD) - 2016/01/04 8:09:00 ET
Table 'Gaviola II' 2-max Seat #1 is the button
Seat 1: Alnikon ($27.68 in chips)
Seat 2: Pandakey ($143.50 in chips)
Alnikon: posts small blind $1
Pandakey: posts big blind $3
*** HOLE CARDS ***
Alnikon: folds
Uncalled bet ($2) returned to Pandakey
Pandakey collected $2 from pot
Pandakey: doesn't show hand
*** SUMMARY ***
Total pot $2 | Rake $0
Seat 1: Alnikon (button) (small blind) folded before Flop
Seat 2: Pandakey (big blind) collected ($2)


PokerStars Hand #146445005680:  Hold'em Limit ($3/$6 USD) - 2016/01/04 8:08:40 ET
Table 'Gaviola II' 2-max Seat #2 is the button
Seat 1: Alnikon ($51.68 in chips)
Seat 2: Pandakey ($120 in chips)
Pandakey: posts small blind $1
Alnikon: posts big blind $3
*** HOLE CARDS ***
Pandakey: raises $3 to $6
Alnikon: raises $3 to $9
Pandakey: calls $3
*** FLOP *** [5c 3d 9d]
Alnikon: checks
Pandakey: bets $3
Alnikon: calls $3
*** TURN *** [5c 3d 9d] [9s]
Alnikon: bets $6
Pandakey: calls $6
*** RIVER *** [5c 3d 9d 9s] [Qs]
Alnikon: checks
Pandakey: bets $6
Alnikon: calls $6
*** SHOW DOWN ***
Pandakey: shows [5h Jc] (two pair, Nines and Fives)
Alnikon: mucks hand
Pandakey collected $47.50 from pot
*** SUMMARY ***
Total pot $48 | Rake $0.50
Board [5c 3d 9d 9s Qs]
Seat 1: Alnikon (big blind) mucked
Seat 2: Pandakey (button) (small blind) showed [5h Jc] and won ($47.50) with two pair, Nines and Fives


PokerStars Hand #146445075081:  Hold'em Limit ($3/$6 USD) - 2016/01/04 8:10:24 ET
Table 'Gaviola II' 2-max Seat #1 is the button
Seat 1: Alnikon ($63.08 in chips)
Seat 2: Pandakey ($106 in chips)
Alnikon: posts small blind $1
Pandakey: posts big blind $3
*** HOLE CARDS ***
Alnikon: raises $3 to $6
Pandakey: calls $3
*** FLOP *** [Qc Ts 2h]
Pandakey: checks
Alnikon: checks
*** TURN *** [Qc Ts 2h] [Ah]
Pandakey: bets $6
Alnikon: calls $6
*** RIVER *** [Qc Ts 2h Ah] [7h]
Pandakey: bets $6
Alnikon: calls $6
*** SHOW DOWN ***
Pandakey: shows [3h 6h] (a flush, Ace high)
Alnikon: mucks hand
Pandakey collected $35.50 from pot
*** SUMMARY ***
Total pot $36 | Rake $0.50
Board [Qc Ts 2h Ah 7h]
Seat 1: Alnikon (button) (small blind) mucked
Seat 2: Pandakey (big blind) showed [3h 6h] and won ($35.50) with a flush, Ace high


PokerStars Hand #146445065029:  Hold'em Limit ($3/$6 USD) - 2016/01/04 8:10:09 ET
Table 'Gaviola II' 2-max Seat #2 is the button
Seat 1: Alnikon ($78.08 in chips)
Seat 2: Pandakey ($91.50 in chips)
Pandakey: posts small blind $1
Alnikon: posts big blind $3
*** HOLE CARDS ***
Pandakey: raises $3 to $6
Alnikon: calls $3
*** FLOP *** [Kd Jd 5c]
Alnikon: checks
Pandakey: bets $3
Alnikon: calls $3
*** TURN *** [Kd Jd 5c] [Td]
Alnikon: bets $6
Pandakey: calls $6
*** RIVER *** [Kd Jd 5c Td] [9s]
Alnikon: checks
Pandakey: checks
*** SHOW DOWN ***
Alnikon: shows [Ad 2s] (high card Ace)
Pandakey: shows [3c Jc] (a pair of Jacks)
Pandakey collected $29.50 from pot
*** SUMMARY ***
Total pot $30 | Rake $0.50
Board [Kd Jd 5c Td 9s]
Seat 1: Alnikon (big blind) showed [Ad 2s] and lost with high card Ace
Seat 2: Pandakey (button) (small blind) showed [3c Jc] and won ($29.50) with a pair of Jacks


PokerStars Hand #146445061731:  Hold'em Limit ($3/$6 USD) - 2016/01/04 8:10:04 ET
Table 'Gaviola II' 2-max Seat #1 is the button
Seat 1: Alnikon ($79.08 in chips)
Seat 2: Pandakey ($90.50 in chips)
Alnikon: posts small blind $1
Pandakey: posts big blind $3
*** HOLE CARDS ***
Alnikon: folds
Uncalled bet ($2) returned to Pandakey
Pandakey collected $2 from pot
Pandakey: doesn't show hand
*** SUMMARY ***
Total pot $2 | Rake $0
Seat 1: Alnikon (button) (small blind) folded before Flop
Seat 2: Pandakey (big blind) collected ($2)


PokerStars Hand #146445053762:  Hold'em Limit ($3/$6 USD) - 2016/01/04 8:09:52 ET
Table 'Gaviola II' 2-max Seat #2 is the button
Seat 1: Alnikon ($70.44 in chips)
Seat 2: Pandakey ($99.50 in chips)
Pandakey: posts small blind $1
Alnikon: posts big blind $3
*** HOLE CARDS ***
Pandakey: raises $3 to $6
Alnikon: raises $3 to $9
Pandakey: calls $3
*** FLOP *** [Ks Jh 4c]
Alnikon: bets $3
Pandakey: folds
Uncalled bet ($3) returned to Alnikon
Alnikon collected $17.64 from pot
Alnikon: doesn't show hand
*** SUMMARY ***
Total pot $18 | Rake $0.36
Board [Ks Jh 4c]
Seat 1: Alnikon (big blind) collected ($17.64)
Seat 2: Pandakey (button) (small blind) folded on the Flop


PokerStars Hand #146445050258:  Hold'em Limit ($3/$6 USD) - 2016/01/04 8:09:47 ET
Table 'Gaviola II' 2-max Seat #1 is the button
Seat 1: Alnikon ($67.44 in chips)
Seat 2: Pandakey ($102.50 in chips)
Alnikon: posts small blind $1
Pandakey: posts big blind $3
*** HOLE CARDS ***
Alnikon: raises $3 to $6
Pandakey: folds
Uncalled bet ($3) returned to Alnikon
Alnikon collected $6 from pot
Alnikon: doesn't show hand
*** SUMMARY ***
Total pot $6 | Rake $0
Seat 1: Alnikon (button) (small blind) collected ($6)
Seat 2: Pandakey (big blind) folded before Flop


PokerStars Hand #146445039786:  Hold'em Limit ($3/$6 USD) - 2016/01/04 8:09:31 ET
Table 'Gaviola II' 2-max Seat #2 is the button
Seat 1: Alnikon ($46.94 in chips)
Seat 2: Pandakey ($123.50 in chips)
Pandakey: posts small blind $1
Alnikon: posts big blind $3
*** HOLE CARDS ***
Pandakey: raises $3 to $6
Alnikon: calls $3
*** FLOP *** [6s 3s Js]
Alnikon: checks
Pandakey: bets $3
Alnikon: calls $3
*** TURN *** [6s 3s Js] [2d]
Alnikon: checks
Pandakey: bets $6
Alnikon: calls $6
*** RIVER *** [6s 3s Js 2d] [2h]
Alnikon: bets $6
Pandakey: calls $6
*** SHOW DOWN ***
Alnikon: shows [Jh 4c] (two pair, Jacks and Deuces)
Pandakey: mucks hand
Alnikon collected $41.50 from pot
*** SUMMARY ***
Total pot $42 | Rake $0.50
Board [6s 3s Js 2d 2h]
Seat 1: Alnikon (big blind) showed [Jh 4c] and won ($41.50) with two pair, Jacks and Deuces
Seat 2: Pandakey (button) (small blind) mucked


PokerStars Hand #146445116262:  Hold'em Limit ($3/$6 USD) - 2016/01/04 8:11:26 ET
Table 'Gaviola II' 2-max Seat #1 is the button
Seat 1: Alnikon ($59.24 in chips)
Seat 2: Pandakey ($108.26 in chips)
Alnikon: posts small blind $1
Pandakey: posts big blind $3
*** HOLE CARDS ***
Alnikon: calls $2
Pandakey: checks
*** FLOP *** [8h Tc 6h]
Pandakey: bets $3
Alnikon: folds
Uncalled bet ($3) returned to Pandakey
Pandakey collected $5.88 from pot
Pandakey: doesn't show hand
*** SUMMARY ***
Total pot $6 | Rake $0.12
Board [8h Tc 6h]
Seat 1: Alnikon (button) (small blind) folded on the Flop
Seat 2: Pandakey (big blind) collected ($5.88)


PokerStars Hand #146445113427:  Hold'em Limit ($3/$6 USD) - 2016/01/04 8:11:22 ET
Table 'Gaviola II' 2-max Seat #2 is the button
Seat 1: Alnikon ($58.24 in chips)
Seat 2: Pandakey ($109.26 in chips)
Pandakey: posts small blind $1
Alnikon: posts big blind $3
*** HOLE CARDS ***
Pandakey: folds
Uncalled bet ($2) returned to Alnikon
Alnikon collected $2 from pot
Alnikon: doesn't show hand
*** SUMMARY ***
Total pot $2 | Rake $0
Seat 1: Alnikon (big blind) collected ($2)
Seat 2: Pandakey (button) (small blind) folded before Flop


PokerStars Hand #146445110532:  Hold'em Limit ($3/$6 USD) - 2016/01/04 8:11:18 ET
Table 'Gaviola II' 2-max Seat #1 is the button
Seat 1: Alnikon ($59.24 in chips)
Seat 2: Pandakey ($108.26 in chips)
Alnikon: posts small blind $1
Pandakey: posts big blind $3
*** HOLE CARDS ***
Alnikon: folds
Uncalled bet ($2) returned to Pandakey
Pandakey collected $2 from pot
Pandakey: doesn't show hand
*** SUMMARY ***
Total pot $2 | Rake $0
Seat 1: Alnikon (button) (small blind) folded before Flop
Seat 2: Pandakey (big blind) collected ($2)


PokerStars Hand #146445091778:  Hold'em Limit ($3/$6 USD) - 2016/01/04 8:10:49 ET
Table 'Gaviola II' 2-max Seat #1 is the button
Seat 1: Alnikon ($39.08 in chips)
Seat 2: Pandakey ($129.26 in chips)
Alnikon: posts small blind $1
Pandakey: posts big blind $3
*** HOLE CARDS ***
Alnikon: raises $3 to $6
Pandakey: calls $3
*** FLOP *** [3s Tc Qh]
Pandakey: checks
Alnikon: checks
*** TURN *** [3s Tc Qh] [Kc]
Pandakey: checks
Alnikon: checks
*** RIVER *** [3s Tc Qh Kc] [2h]
Pandakey: bets $6
Alnikon: calls $6
*** SHOW DOWN ***
Pandakey: shows [As 5c] (high card Ace)
Alnikon: shows [9s 9c] (a pair of Nines)
Alnikon collected $23.52 from pot
*** SUMMARY ***
Total pot $24 | Rake $0.48
Board [3s Tc Qh Kc 2h]
Seat 1: Alnikon (button) (small blind) showed [9s 9c] and won ($23.52) with a pair of Nines
Seat 2: Pandakey (big blind) showed [As 5c] and lost with high card Ace


PokerStars Hand #146445083894:  Hold'em Limit ($3/$6 USD) - 2016/01/04 8:10:38 ET
Table 'Gaviola II' 2-max Seat #2 is the button
Seat 1: Alnikon ($45.08 in chips)
Seat 2: Pandakey ($123.50 in chips)
Pandakey: posts small blind $1
Alnikon: posts big blind $3
*** HOLE CARDS ***
Pandakey: raises $3 to $6
Alnikon: calls $3
*** FLOP *** [Kh 2s 5s]
Alnikon: checks
Pandakey: bets $3
Alnikon: folds
Uncalled bet ($3) returned to Pandakey
Pandakey collected $11.76 from pot
Pandakey: doesn't show hand
*** SUMMARY ***
Total pot $12 | Rake $0.24
Board [Kh 2s 5s]
Seat 1: Alnikon (big blind) folded on the Flop
Seat 2: Pandakey (button) (small blind) collected ($11.76)


PokerStars Hand #146445162666:  Hold'em Limit ($3/$6 USD) - 2016/01/04 8:12:36 ET
Table 'Gaviola II' 2-max Seat #2 is the button
Seat 1: Alnikon ($99.74 in chips)
Seat 2: Pandakey ($66.14 in chips)
Pandakey: posts small blind $1
Alnikon: posts big blind $3
*** HOLE CARDS ***
Pandakey: folds
Uncalled bet ($2) returned to Alnikon
Alnikon collected $2 from pot
Alnikon: doesn't show hand
*** SUMMARY ***
Total pot $2 | Rake $0
Seat 1: Alnikon (big blind) collected ($2)
Seat 2: Pandakey (button) (small blind) folded before Flop


PokerStars Hand #146445151618:  Hold'em Limit ($3/$6 USD) - 2016/01/04 8:12:19 ET
Table 'Gaviola II' 2-max Seat #1 is the button
Seat 1: Alnikon ($82.24 in chips)
Seat 2: Pandakey ($84.14 in chips)
Alnikon: posts small blind $1
Pandakey: posts big blind $3
*** HOLE CARDS ***
Alnikon: raises $3 to $6
Pandakey: calls $3
*** FLOP *** [8s 9d Qh]
Pandakey: checks
Alnikon: checks
*** TURN *** [8s 9d Qh] [3h]
Pandakey: bets $6
Alnikon: calls $6
*** RIVER *** [8s 9d Qh 3h] [Kc]
Pandakey: bets $6
Alnikon: calls $6
*** SHOW DOWN ***
Pandakey: shows [5d Th] (high card King)
Alnikon: shows [Ks Ah] (a pair of Kings)
Alnikon collected $35.50 from pot
*** SUMMARY ***
Total pot $36 | Rake $0.50
Board [8s 9d Qh 3h Kc]
Seat 1: Alnikon (button) (small blind) showed [Ks Ah] and won ($35.50) with a pair of Kings
Seat 2: Pandakey (big blind) showed [5d Th] and lost with high card King


PokerStars Hand #146445147693:  Hold'em Limit ($3/$6 USD) - 2016/01/04 8:12:13 ET
Table 'Gaviola II' 2-max Seat #2 is the button
Seat 1: Alnikon ($85.24 in chips)
Seat 2: Pandakey ($81.14 in chips)
Pandakey: posts small blind $1
Alnikon: posts big blind $3
*** HOLE CARDS ***
Pandakey: raises $3 to $6
Alnikon: folds
Uncalled bet ($3) returned to Pandakey
Pandakey collected $6 from pot
Pandakey: doesn't show hand
*** SUMMARY ***
Total pot $6 | Rake $0
Seat 1: Alnikon (big blind) folded before Flop
Seat 2: Pandakey (button) (small blind) collected ($6)


PokerStars Hand #146445136838:  Hold'em Limit ($3/$6 USD) - 2016/01/04 8:11:57 ET
Table 'Gaviola II' 2-max Seat #1 is the button
Seat 1: Alnikon ($70.74 in chips)
Seat 2: Pandakey ($96.14 in chips)
Alnikon: posts small blind $1
Pandakey: posts big blind $3
*** HOLE CARDS ***
Alnikon: raises $3 to $6
Pandakey: calls $3
*** FLOP *** [9s Ac Th]
Pandakey: checks
Alnikon: bets $3
Pandakey: calls $3
*** TURN *** [9s Ac Th] [Kc]
Pandakey: checks
Alnikon: bets $6
Pandakey: calls $6
*** RIVER *** [9s Ac Th Kc] [Kd]
Pandakey: checks
Alnikon: checks
*** SHOW DOWN ***
Pandakey: shows [Tc Jd] (two pair, Kings and Tens)
Alnikon: shows [As 8c] (two pair, Aces and Kings)
Alnikon collected $29.50 from pot
*** SUMMARY ***
Total pot $30 | Rake $0.50
Board [9s Ac Th Kc Kd]
Seat 1: Alnikon (button) (small blind) showed [As 8c] and won ($29.50) with two pair, Aces and Kings
Seat 2: Pandakey (big blind) showed [Tc Jd] and lost with two pair, Kings and Tens


PokerStars Hand #146445122039:  Hold'em Limit ($3/$6 USD) - 2016/01/04 8:11:35 ET
Table 'Gaviola II' 2-max Seat #2 is the button
Seat 1: Alnikon ($56.24 in chips)
Seat 2: Pandakey ($111.14 in chips)
Pandakey: posts small blind $1
Alnikon: posts big blind $3
*** HOLE CARDS ***
Pandakey: raises $3 to $6
Alnikon: calls $3
*** FLOP *** [Jc Js Td]
Alnikon: checks
Pandakey: bets $3
Alnikon: calls $3
*** TURN *** [Jc Js Td] [Tc]
Alnikon: checks
Pandakey: checks
*** RIVER *** [Jc Js Td Tc] [6c]
Alnikon: bets $6
Pandakey: calls $6
*** SHOW DOWN ***
Alnikon: shows [Ts Qs] (a full house, Tens full of Jacks)
Pandakey: mucks hand
Alnikon collected $29.50 from pot
*** SUMMARY ***
Total pot $30 | Rake $0.50
Board [Jc Js Td Tc 6c]
Seat 1: Alnikon (big blind) showed [Ts Qs] and won ($29.50) with a full house, Tens full of Jacks
Seat 2: Pandakey (button) (small blind) mucked


PokerStars Hand #146445195054:  Hold'em Limit ($3/$6 USD) - 2016/01/04 8:13:24 ET
Table 'Gaviola II' 2-max Seat #2 is the button
Seat 1: Alnikon ($90.49 in chips)
Seat 2: Pandakey ($74.53 in chips)
Pandakey: posts small blind $1
Alnikon: posts big blind $3
*** HOLE CARDS ***
Pandakey: raises $3 to $6
Alnikon: raises $3 to $9
Pandakey: calls $3
*** FLOP *** [9c 2s 3d]
Alnikon: bets $3
Pandakey: calls $3
*** TURN *** [9c 2s 3d] [8h]
Alnikon: checks
Pandakey: bets $6
Alnikon: calls $6
*** RIVER *** [9c 2s 3d 8h] [6h]
Alnikon: checks
Pandakey: bets $6
Alnikon: calls $6
*** SHOW DOWN ***
Pandakey: shows [9h 8d] (two pair, Nines and Eights)
Alnikon: mucks hand
Pandakey collected $47.50 from pot
*** SUMMARY ***
Total pot $48 | Rake $0.50
Board [9c 2s 3d 8h 6h]
Seat 1: Alnikon (big blind) mucked
Seat 2: Pandakey (button) (small blind) showed [9h 8d] and won ($47.50) with two pair, Nines and Eights


PokerStars Hand #146445191971:  Hold'em Limit ($3/$6 USD) - 2016/01/04 8:13:20 ET
Table 'Gaviola II' 2-max Seat #1 is the button
Seat 1: Alnikon ($91.49 in chips)
Seat 2: Pandakey ($73.53 in chips)
Alnikon: posts small blind $1
Pandakey: posts big blind $3
*** HOLE CARDS ***
Alnikon: folds
Uncalled bet ($2) returned to Pandakey
Pandakey collected $2 from pot
Pandakey: doesn't show hand
*** SUMMARY ***
Total pot $2 | Rake $0
Seat 1: Alnikon (button) (small blind) folded before Flop
Seat 2: Pandakey (big blind) collected ($2)


PokerStars Hand #146445182652:  Hold'em Limit ($3/$6 USD) - 2016/01/04 8:13:05 ET
Table 'Gaviola II' 2-max Seat #2 is the button
Seat 1: Alnikon ($100.49 in chips)
Seat 2: Pandakey ($64.89 in chips)
Pandakey: posts small blind $1
Alnikon: posts big blind $3
*** HOLE CARDS ***
Pandakey: raises $3 to $6
Alnikon: calls $3
*** FLOP *** [3d 8d Tc]
Alnikon: checks
Pandakey: bets $3
Alnikon: calls $3
*** TURN *** [3d 8d Tc] [8s]
Alnikon: checks
Pandakey: bets $6
Alnikon: folds
Uncalled bet ($6) returned to Pandakey
Pandakey collected $17.64 from pot
Pandakey: doesn't show hand
*** SUMMARY ***
Total pot $18 | Rake $0.36
Board [3d 8d Tc 8s]
Seat 1: Alnikon (big blind) folded on the Turn
Seat 2: Pandakey (button) (small blind) collected ($17.64)


PokerStars Hand #146445167671:  Hold'em Limit ($3/$6 USD) - 2016/01/04 8:12:43 ET
Table 'Gaviola II' 2-max Seat #1 is the button
Seat 1: Alnikon ($100.74 in chips)
Seat 2: Pandakey ($65.14 in chips)
Alnikon: posts small blind $1
Pandakey: posts big blind $3
*** HOLE CARDS ***
Alnikon: raises $3 to $6
Pandakey: calls $3
*** FLOP *** [8c Jc Th]
Pandakey: checks
Alnikon: checks
*** TURN *** [8c Jc Th] [7c]
Pandakey: bets $6
Alnikon: calls $6
*** RIVER *** [8c Jc Th 7c] [Ah]
Pandakey: bets $6
Alnikon: raises $6 to $12
Pandakey: calls $6
*** SHOW DOWN ***
Alnikon: shows [9s Ks] (a straight, Seven to Jack)
Pandakey: shows [Ts 9c] (a straight, Seven to Jack)
Pandakey collected $23.75 from pot
Alnikon collected $23.75 from pot
*** SUMMARY ***
Total pot $48 | Rake $0.50
Board [8c Jc Th 7c Ah]
Seat 1: Alnikon (button) (small blind) showed [9s Ks] and won ($23.75) with a straight, Seven to Jack
Seat 2: Pandakey (big blind) showed [Ts 9c] and won ($23.75) with a straight, Seven to Jack


PokerStars Hand #146445235403:  Hold'em Limit ($3/$6 USD) - 2016/01/04 8:14:25 ET
Table 'Gaviola II' 2-max Seat #2 is the button
Seat 1: Alnikon ($70.99 in chips)
Seat 2: Pandakey ($92.67 in chips)
Pandakey: posts small blind $1
Alnikon: posts big blind $3
*** HOLE CARDS ***
Pandakey: raises $3 to $6
Alnikon: calls $3
*** FLOP *** [Ad Kc 3c]
Alnikon: checks
Pandakey: bets $3
Alnikon: folds
Uncalled bet ($3) returned to Pandakey
Pandakey collected $11.76 from pot
Pandakey: doesn't show hand
*** SUMMARY ***
Total pot $12 | Rake $0.24
Board [Ad Kc 3c]
Seat 1: Alnikon (big blind) folded on the Flop
Seat 2: Pandakey (button) (small blind) collected ($11.76)


PokerStars Hand #146445232414:  Hold'em Limit ($3/$6 USD) - 2016/01/04 8:14:20 ET
Table 'Gaviola II' 2-max Seat #1 is the button
Seat 1: Alnikon ($71.99 in chips)
Seat 2: Pandakey ($91.67 in chips)
Alnikon: posts small blind $1
Pandakey: posts big blind $3
*** HOLE CARDS ***
Alnikon: folds
Uncalled bet ($2) returned to Pandakey
Pandakey collected $2 from pot
Pandakey: doesn't show hand
*** SUMMARY ***
Total pot $2 | Rake $0
Seat 1: Alnikon (button) (small blind) folded before Flop
Seat 2: Pandakey (big blind) collected ($2)


PokerStars Hand #146445220518:  Hold'em Limit ($3/$6 USD) - 2016/01/04 8:14:02 ET
Table 'Gaviola II' 2-max Seat #2 is the button
Seat 1: Alnikon ($57.49 in chips)
Seat 2: Pandakey ($106.67 in chips)
Pandakey: posts small blind $1
Alnikon: posts big blind $3
*** HOLE CARDS ***
Pandakey: raises $3 to $6
Alnikon: calls $3
*** FLOP *** [8h 5d Th]
Alnikon: checks
Pandakey: bets $3
Alnikon: calls $3
*** TURN *** [8h 5d Th] [6s]
Alnikon: checks
Pandakey: bets $6
Alnikon: calls $6
*** RIVER *** [8h 5d Th 6s] [9s]
Alnikon: bets $6
Pandakey: folds
Uncalled bet ($6) returned to Alnikon
Alnikon collected $29.50 from pot
Alnikon: doesn't show hand
*** SUMMARY ***
Total pot $30 | Rake $0.50
Board [8h 5d Th 6s 9s]
Seat 1: Alnikon (big blind) collected ($29.50)
Seat 2: Pandakey (button) (small blind) folded on the River


PokerStars Hand #146445217176:  Hold'em Limit ($3/$6 USD) - 2016/01/04 8:13:57 ET
Table 'Gaviola II' 2-max Seat #1 is the button
Seat 1: Alnikon ($58.49 in chips)
Seat 2: Pandakey ($105.67 in chips)
Alnikon: posts small blind $1
Pandakey: posts big blind $3
*** HOLE CARDS ***
Alnikon: folds
Uncalled bet ($2) returned to Pandakey
Pandakey collected $2 from pot
Pandakey: doesn't show hand
*** SUMMARY ***
Total pot $2 | Rake $0
Seat 1: Alnikon (button) (small blind) folded before Flop
Seat 2: Pandakey (big blind) collected ($2)


PokerStars Hand #146445214192:  Hold'em Limit ($3/$6 USD) - 2016/01/04 8:13:53 ET
Table 'Gaviola II' 2-max Seat #2 is the button
Seat 1: Alnikon ($57.49 in chips)
Seat 2: Pandakey ($106.67 in chips)
Pandakey: posts small blind $1
Alnikon: posts big blind $3
*** HOLE CARDS ***
Pandakey: folds
Uncalled bet ($2) returned to Alnikon
Alnikon collected $2 from pot
Alnikon: doesn't show hand
*** SUMMARY ***
Total pot $2 | Rake $0
Seat 1: Alnikon (big blind) collected ($2)
Seat 2: Pandakey (button) (small blind) folded before Flop


PokerStars Hand #146445206331:  Hold'em Limit ($3/$6 USD) - 2016/01/04 8:13:41 ET
Table 'Gaviola II' 2-max Seat #1 is the button
Seat 1: Alnikon ($66.49 in chips)
Seat 2: Pandakey ($98.03 in chips)
Alnikon: posts small blind $1
Pandakey: posts big blind $3
*** HOLE CARDS ***
Alnikon: raises $3 to $6
Pandakey: calls $3
*** FLOP *** [8d 9d 4c]
Pandakey: bets $3
Alnikon: calls $3
*** TURN *** [8d 9d 4c] [Ad]
Pandakey: bets $6
Alnikon: folds
Uncalled bet ($6) returned to Pandakey
Pandakey collected $17.64 from pot
Pandakey: doesn't show hand
*** SUMMARY ***
Total pot $18 | Rake $0.36
Board [8d 9d 4c Ad]
Seat 1: Alnikon (button) (small blind) folded on the Turn
Seat 2: Pandakey (big blind) collected ($17.64)


PokerStars Hand #146445243942:  Hold'em Limit ($3/$6 USD) - 2016/01/04 8:14:37 ET
Table 'Gaviola II' 2-max Seat #1 is the button
Seat 1: Alnikon ($64.99 in chips)
Seat 2: Pandakey ($98.43 in chips)
Alnikon: posts small blind $1
Pandakey: posts big blind $3
*** HOLE CARDS ***
Alnikon: calls $2
Pandakey: checks
*** FLOP *** [Kd 2d 7d]
Pandakey: checks
Alnikon: checks
*** TURN *** [Kd 2d 7d] [6h]
Pandakey: bets $6
Alnikon: calls $6
*** RIVER *** [Kd 2d 7d 6h] [Qd]
Pandakey: bets $6
Alnikon: folds
Uncalled bet ($6) returned to Pandakey
Pandakey collected $17.64 from pot
Pandakey: doesn't show hand
*** SUMMARY ***
Total pot $18 | Rake $0.36
Board [Kd 2d 7d 6h Qd]
Seat 1: Alnikon (button) (small blind) folded on the River
Seat 2: Pandakey (big blind) collected ($17.64)


PokerStars Hand #146445256645:  Hold'em Limit ($3/$6 USD) - 2016/01/04 8:14:57 ET
Table 'Gaviola II' 2-max Seat #2 is the button
Seat 1: Alnikon ($55.99 in chips)
Seat 2: Pandakey ($107.07 in chips)
Pandakey: posts small blind $1
Alnikon: posts big blind $3
*** HOLE CARDS ***
Pandakey: raises $3 to $6
Alnikon: raises $3 to $9
Pandakey: raises $3 to $12
Betting is capped
Alnikon: calls $3
*** FLOP *** [Ks Ac 7d]
Alnikon: bets $3
Pandakey: raises $3 to $6
Alnikon: calls $3
*** TURN *** [Ks Ac 7d] [4c]
Alnikon: checks
Pandakey: bets $6
Alnikon: calls $6
*** RIVER *** [Ks Ac 7d 4c] [Qs]
Alnikon: bets $6
Pandakey: raises $6 to $12
Alnikon: calls $6
*** SHOW DOWN ***
Pandakey: shows [4h 4s] (three of a kind, Fours)
Alnikon: mucks hand
Pandakey collected $71.50 from pot
*** SUMMARY ***
Total pot $72 | Rake $0.50
Board [Ks Ac 7d 4c Qs]
Seat 1: Alnikon (big blind) mucked
Seat 2: Pandakey (button) (small blind) showed [4h 4s] and won ($71.50) with three of a kind, Fours


PokerStars Hand #146445271176:  Hold'em Limit ($3/$6 USD) - 2016/01/04 8:15:18 ET
Table 'Gaviola II' 2-max Seat #1 is the button
Seat 1: Alnikon ($19.99 in chips)
Seat 2: Pandakey ($142.57 in chips)
Alnikon: posts small blind $1
Pandakey: posts big blind $3
*** HOLE CARDS ***
Alnikon: raises $3 to $6
Pandakey: raises $3 to $9
Alnikon: raises $3 to $12
Betting is capped
Pandakey: calls $3
*** FLOP *** [8s 6d 3d]
Pandakey: bets $3
Alnikon: raises $3 to $6
Pandakey: raises $3 to $9
Alnikon: calls $1.99 and is all-in
Uncalled bet ($1.01) returned to Pandakey
*** TURN *** [8s 6d 3d] [3h]
*** RIVER *** [8s 6d 3d 3h] [7c]
*** SHOW DOWN ***
Pandakey: shows [Jd 9d] (a pair of Threes)
Alnikon: shows [8c 8h] (a full house, Eights full of Threes)
Alnikon collected $39.48 from pot
*** SUMMARY ***
Total pot $39.98 | Rake $0.50
Board [8s 6d 3d 3h 7c]
Seat 1: Alnikon (button) (small blind) showed [8c 8h] and won ($39.48) with a full house, Eights full of Threes
Seat 2: Pandakey (big blind) showed [Jd 9d] and lost with a pair of Threes


PokerStars Hand #146445288948:  Hold'em Limit ($3/$6 USD) - 2016/01/04 8:15:45 ET
Table 'Gaviola II' 2-max Seat #2 is the button
Seat 1: Alnikon ($39.48 in chips)
Seat 2: Pandakey ($122.58 in chips)
Pandakey: posts small blind $1
Alnikon: posts big blind $3
*** HOLE CARDS ***
Pandakey: raises $3 to $6
Alnikon: calls $3
*** FLOP *** [5s Jh 5c]
Alnikon: checks
Pandakey: bets $3
Alnikon: folds
Uncalled bet ($3) returned to Pandakey
Pandakey collected $11.76 from pot
Pandakey: doesn't show hand
*** SUMMARY ***
Total pot $12 | Rake $0.24
Board [5s Jh 5c]
Seat 1: Alnikon (big blind) folded on the Flop
Seat 2: Pandakey (button) (small blind) collected ($11.76)


PokerStars Hand #146445295234:  Hold'em Limit ($3/$6 USD) - 2016/01/04 8:15:54 ET
Table 'Gaviola II' 2-max Seat #1 is the button
Seat 1: Alnikon ($33.48 in chips)
Seat 2: Pandakey ($128.34 in chips)
Alnikon: posts small blind $1
Pandakey: posts big blind $3
*** HOLE CARDS ***
Alnikon: raises $3 to $6
Pandakey: calls $3
*** FLOP *** [3c Kh As]
Pandakey: checks
Alnikon: checks
*** TURN *** [3c Kh As] [5s]
Pandakey: bets $6
Alnikon: calls $6
*** RIVER *** [3c Kh As 5s] [2d]
Pandakey: bets $6
Alnikon: folds
Uncalled bet ($6) returned to Pandakey
Pandakey collected $23.52 from pot
Pandakey: doesn't show hand
*** SUMMARY ***
Total pot $24 | Rake $0.48
Board [3c Kh As 5s 2d]
Seat 1: Alnikon (button) (small blind) folded on the River
Seat 2: Pandakey (big blind) collected ($23.52)


PokerStars Hand #146445307096:  Hold'em Limit ($3/$6 USD) - 2016/01/04 8:16:12 ET
Table 'Gaviola II' 2-max Seat #1 is the button
Seat 1: Alnikon ($22.48 in chips)
Seat 2: Pandakey ($138.86 in chips)
Alnikon: posts small blind $1
Pandakey: posts big blind $3
*** HOLE CARDS ***
Alnikon: raises $3 to $6
Pandakey: folds
Uncalled bet ($3) returned to Alnikon
Alnikon collected $6 from pot
Alnikon: doesn't show hand
*** SUMMARY ***
Total pot $6 | Rake $0
Seat 1: Alnikon (button) (small blind) collected ($6)
Seat 2: Pandakey (big blind) folded before Flop


PokerStars Hand #146445304213:  Hold'em Limit ($3/$6 USD) - 2016/01/04 8:16:08 ET
Table 'Gaviola II' 2-max Seat #2 is the button
Seat 1: Alnikon ($21.48 in chips)
Seat 2: Pandakey ($139.86 in chips)
Pandakey: posts small blind $1
Alnikon: posts big blind $3
*** HOLE CARDS ***
Pandakey: folds
Uncalled bet ($2) returned to Alnikon
Alnikon collected $2 from pot
Alnikon: doesn't show hand
*** SUMMARY ***
Total pot $2 | Rake $0
Seat 1: Alnikon (big blind) collected ($2)
Seat 2: Pandakey (button) (small blind) folded before Flop


PokerStars Hand #146445311280:  Hold'em Limit ($3/$6 USD) - 2016/01/04 8:16:18 ET
Table 'Gaviola II' 2-max Seat #2 is the button
Seat 1: Alnikon ($25.48 in chips)
Seat 2: Pandakey ($135.86 in chips)
Pandakey: posts small blind $1
Alnikon: posts big blind $3
*** HOLE CARDS ***
Pandakey: raises $3 to $6
Alnikon: calls $3
*** FLOP *** [Qs 5c 8d]
Alnikon: checks
Pandakey: bets $3
Alnikon: calls $3
*** TURN *** [Qs 5c 8d] [9s]
Alnikon: checks
Pandakey: bets $6
Alnikon: calls $6
*** RIVER *** [Qs 5c 8d 9s] [Qd]
Alnikon: checks
Pandakey: checks
*** SHOW DOWN ***
Alnikon: shows [8s 6d] (two pair, Queens and Eights)
Pandakey: mucks hand
Alnikon collected $29.50 from pot
*** SUMMARY ***
Total pot $30 | Rake $0.50
Board [Qs 5c 8d 9s Qd]
Seat 1: Alnikon (big blind) showed [8s 6d] and won ($29.50) with two pair, Queens and Eights
Seat 2: Pandakey (button) (small blind) mucked


PokerStars Hand #146445321779:  Hold'em Limit ($3/$6 USD) - 2016/01/04 8:16:34 ET
Table 'Gaviola II' 2-max Seat #1 is the button
Seat 1: Alnikon ($39.98 in chips)
Seat 2: Pandakey ($120.86 in chips)
Alnikon: posts small blind $1
Pandakey: posts big blind $3
*** HOLE CARDS ***
Alnikon: raises $3 to $6
Pandakey: calls $3
*** FLOP *** [9d 6h Qs]
Pandakey: checks
Alnikon: checks
*** TURN *** [9d 6h Qs] [6s]
Pandakey: bets $6
Alnikon: folds
Uncalled bet ($6) returned to Pandakey
Pandakey collected $11.76 from pot
Pandakey: doesn't show hand
*** SUMMARY ***
Total pot $12 | Rake $0.24
Board [9d 6h Qs 6s]
Seat 1: Alnikon (button) (small blind) folded on the Turn
Seat 2: Pandakey (big blind) collected ($11.76)


PokerStars Hand #146445340240:  Hold'em Limit ($3/$6 USD) - 2016/01/04 8:17:01 ET
Table 'Gaviola II' 2-max Seat #1 is the button
Seat 1: Alnikon ($45.50 in chips)
Seat 2: Pandakey ($114.62 in chips)
Alnikon: posts small blind $1
Pandakey: posts big blind $3
*** HOLE CARDS ***
Alnikon: raises $3 to $6
Pandakey: folds
Uncalled bet ($3) returned to Alnikon
Alnikon collected $6 from pot
Alnikon: doesn't show hand
*** SUMMARY ***
Total pot $6 | Rake $0
Seat 1: Alnikon (button) (small blind) collected ($6)
Seat 2: Pandakey (big blind) folded before Flop


PokerStars Hand #146445330679:  Hold'em Limit ($3/$6 USD) - 2016/01/04 8:16:47 ET
Table 'Gaviola II' 2-max Seat #2 is the button
Seat 1: Alnikon ($33.98 in chips)
Seat 2: Pandakey ($126.62 in chips)
Pandakey: posts small blind $1
Alnikon: posts big blind $3
*** HOLE CARDS ***
Pandakey: raises $3 to $6
Alnikon: raises $3 to $9
Pandakey: calls $3
*** FLOP *** [Td As Ks]
Alnikon: bets $3
Pandakey: calls $3
*** TURN *** [Td As Ks] [4h]
Alnikon: bets $6
Pandakey: folds
Uncalled bet ($6) returned to Alnikon
Alnikon collected $23.52 from pot
Alnikon: doesn't show hand
*** SUMMARY ***
Total pot $24 | Rake $0.48
Board [Td As Ks 4h]
Seat 1: Alnikon (big blind) collected ($23.52)
Seat 2: Pandakey (button) (small blind) folded on the Turn


PokerStars Hand #146445356826:  Hold'em Limit ($3/$6 USD) - 2016/01/04 8:17:24 ET
Table 'Gaviola II' 2-max Seat #1 is the button
Seat 1: Alnikon ($39.50 in chips)
Seat 2: Pandakey ($120.26 in chips)
Alnikon: posts small blind $1
Pandakey: posts big blind $3
*** HOLE CARDS ***
Alnikon: folds
Uncalled bet ($2) returned to Pandakey
Pandakey collected $2 from pot
Pandakey: doesn't show hand
*** SUMMARY ***
Total pot $2 | Rake $0
Seat 1: Alnikon (button) (small blind) folded before Flop
Seat 2: Pandakey (big blind) collected ($2)


PokerStars Hand #146445344022:  Hold'em Limit ($3/$6 USD) - 2016/01/04 8:17:07 ET
Table 'Gaviola II' 2-max Seat #2 is the button
Seat 1: Alnikon ($48.50 in chips)
Seat 2: Pandakey ($111.62 in chips)
Pandakey: posts small blind $1
Alnikon: posts big blind $3
*** HOLE CARDS ***
Pandakey: raises $3 to $6
Alnikon: calls $3
*** FLOP *** [8c 4s Th]
Alnikon: checks
Pandakey: bets $3
Alnikon: calls $3
*** TURN *** [8c 4s Th] [8h]
Alnikon: checks
Pandakey: bets $6
Alnikon: folds
Uncalled bet ($6) returned to Pandakey
Pandakey collected $17.64 from pot
Pandakey: doesn't show hand
*** SUMMARY ***
Total pot $18 | Rake $0.36
Board [8c 4s Th 8h]
Seat 1: Alnikon (big blind) folded on the Turn
Seat 2: Pandakey (button) (small blind) collected ($17.64)


PokerStars Hand #146445359853:  Hold'em Limit ($3/$6 USD) - 2016/01/04 8:17:29 ET
Table 'Gaviola II' 2-max Seat #2 is the button
Seat 1: Alnikon ($38.50 in chips)
Seat 2: Pandakey ($121.26 in chips)
Pandakey: posts small blind $1
Alnikon: posts big blind $3
*** HOLE CARDS ***
Pandakey: raises $3 to $6
Alnikon: folds
Uncalled bet ($3) returned to Pandakey
Pandakey collected $6 from pot
Pandakey: doesn't show hand
*** SUMMARY ***
Total pot $6 | Rake $0
Seat 1: Alnikon (big blind) folded before Flop
Seat 2: Pandakey (button) (small blind) collected ($6)


PokerStars Hand #146445373434:  Hold'em Limit ($3/$6 USD) - 2016/01/04 8:17:49 ET
Table 'Gaviola II' 2-max Seat #2 is the button
Seat 1: Alnikon ($44.14 in chips)
Seat 2: Pandakey ($115.26 in chips)
Pandakey: posts small blind $1
Alnikon: posts big blind $3
*** HOLE CARDS ***
Pandakey: raises $3 to $6
Alnikon: calls $3
*** FLOP *** [4d 7h 2h]
Alnikon: checks
Pandakey: checks
*** TURN *** [4d 7h 2h] [As]
Alnikon: checks
Pandakey: bets $6
Alnikon: calls $6
*** RIVER *** [4d 7h 2h As] [2d]
Alnikon: bets $6
Pandakey: folds
Uncalled bet ($6) returned to Alnikon
Alnikon collected $23.52 from pot
Alnikon: doesn't show hand
*** SUMMARY ***
Total pot $24 | Rake $0.48
Board [4d 7h 2h As 2d]
Seat 1: Alnikon (big blind) collected ($23.52)
Seat 2: Pandakey (button) (small blind) folded on the River


PokerStars Hand #146445395634:  Hold'em Limit ($3/$6 USD) - 2016/01/04 8:18:22 ET
Table 'Gaviola II' 2-max Seat #2 is the button
Seat 1: Alnikon ($70.16 in chips)
Seat 2: Pandakey ($88.26 in chips)
Pandakey: posts small blind $1
Alnikon: posts big blind $3
*** HOLE CARDS ***
Pandakey: raises $3 to $6
Alnikon: folds
Uncalled bet ($3) returned to Pandakey
Pandakey collected $6 from pot
Pandakey: doesn't show hand
*** SUMMARY ***
Total pot $6 | Rake $0
Seat 1: Alnikon (big blind) folded before Flop
Seat 2: Pandakey (button) (small blind) collected ($6)


PokerStars Hand #146445383282:  Hold'em Limit ($3/$6 USD) - 2016/01/04 8:18:04 ET
Table 'Gaviola II' 2-max Seat #1 is the button
Seat 1: Alnikon ($55.66 in chips)
Seat 2: Pandakey ($103.26 in chips)
Alnikon: posts small blind $1
Pandakey: posts big blind $3
*** HOLE CARDS ***
Alnikon: raises $3 to $6
Pandakey: calls $3
*** FLOP *** [9h 3c Kh]
Pandakey: checks
Alnikon: bets $3
Pandakey: calls $3
*** TURN *** [9h 3c Kh] [Ts]
Pandakey: checks
Alnikon: checks
*** RIVER *** [9h 3c Kh Ts] [Kc]
Pandakey: bets $6
Alnikon: calls $6
*** SHOW DOWN ***
Pandakey: shows [Ac 3d] (two pair, Kings and Threes)
Alnikon: shows [9c Qh] (two pair, Kings and Nines)
Alnikon collected $29.50 from pot
*** SUMMARY ***
Total pot $30 | Rake $0.50
Board [9h 3c Kh Ts Kc]
Seat 1: Alnikon (button) (small blind) showed [9c Qh] and won ($29.50) with two pair, Kings and Nines
Seat 2: Pandakey (big blind) showed [Ac 3d] and lost with two pair, Kings and Threes


PokerStars Hand #146445408965:  Hold'em Limit ($3/$6 USD) - 2016/01/04 8:18:42 ET
Table 'Gaviola II' 2-max Seat #2 is the button
Seat 1: Alnikon ($72.92 in chips)
Seat 2: Pandakey ($85.26 in chips)
Pandakey: posts small blind $1
Alnikon: posts big blind $3
*** HOLE CARDS ***
Pandakey: raises $3 to $6
Alnikon: folds
Uncalled bet ($3) returned to Pandakey
Pandakey collected $6 from pot
Pandakey: doesn't show hand
*** SUMMARY ***
Total pot $6 | Rake $0
Seat 1: Alnikon (big blind) folded before Flop
Seat 2: Pandakey (button) (small blind) collected ($6)


PokerStars Hand #146445398755:  Hold'em Limit ($3/$6 USD) - 2016/01/04 8:18:27 ET
Table 'Gaviola II' 2-max Seat #1 is the button
Seat 1: Alnikon ($67.16 in chips)
Seat 2: Pandakey ($91.26 in chips)
Alnikon: posts small blind $1
Pandakey: posts big blind $3
*** HOLE CARDS ***
Alnikon: calls $2
Pandakey: checks
*** FLOP *** [4c Qc Ac]
Pandakey: bets $3
Alnikon: calls $3
*** TURN *** [4c Qc Ac] [6d]
Pandakey: checks
Alnikon: checks
*** RIVER *** [4c Qc Ac 6d] [8s]
Pandakey: checks
Alnikon: checks
*** SHOW DOWN ***
Pandakey: shows [Js 7h] (high card Ace)
Alnikon: shows [Tc 6h] (a pair of Sixes)
Alnikon collected $11.76 from pot
*** SUMMARY ***
Total pot $12 | Rake $0.24
Board [4c Qc Ac 6d 8s]
Seat 1: Alnikon (button) (small blind) showed [Tc 6h] and won ($11.76) with a pair of Sixes
Seat 2: Pandakey (big blind) showed [Js 7h] and lost with high card Ace


PokerStars Hand #146445412138:  Hold'em Limit ($3/$6 USD) - 2016/01/04 8:18:47 ET
Table 'Gaviola II' 2-max Seat #1 is the button
Seat 1: Alnikon ($69.92 in chips)
Seat 2: Pandakey ($88.26 in chips)
Alnikon: posts small blind $1
Pandakey: posts big blind $3
*** HOLE CARDS ***
Alnikon: raises $3 to $6
Pandakey: folds
Uncalled bet ($3) returned to Alnikon
Alnikon collected $6 from pot
Alnikon: doesn't show hand
*** SUMMARY ***
Total pot $6 | Rake $0
Seat 1: Alnikon (button) (small blind) collected ($6)
Seat 2: Pandakey (big blind) folded before Flop


PokerStars Hand #146445424954:  Hold'em Limit ($3/$6 USD) - 2016/01/04 8:19:06 ET
Table 'Gaviola II' 2-max Seat #1 is the button
Seat 1: Alnikon ($84.44 in chips)
Seat 2: Pandakey ($73.26 in chips)
Alnikon: posts small blind $1
Pandakey: posts big blind $3
*** HOLE CARDS ***
Alnikon: folds
Uncalled bet ($2) returned to Pandakey
Pandakey collected $2 from pot
Pandakey: doesn't show hand
*** SUMMARY ***
Total pot $2 | Rake $0
Seat 1: Alnikon (button) (small blind) folded before Flop
Seat 2: Pandakey (big blind) collected ($2)


PokerStars Hand #146445416004:  Hold'em Limit ($3/$6 USD) - 2016/01/04 8:18:53 ET
Table 'Gaviola II' 2-max Seat #2 is the button
Seat 1: Alnikon ($72.92 in chips)
Seat 2: Pandakey ($85.26 in chips)
Pandakey: posts small blind $1
Alnikon: posts big blind $3
*** HOLE CARDS ***
Pandakey: raises $3 to $6
Alnikon: raises $3 to $9
Pandakey: calls $3
*** FLOP *** [6d 6h 2s]
Alnikon: bets $3
Pandakey: calls $3
*** TURN *** [6d 6h 2s] [4c]
Alnikon: bets $6
Pandakey: folds
Uncalled bet ($6) returned to Alnikon
Alnikon collected $23.52 from pot
Alnikon: doesn't show hand
*** SUMMARY ***
Total pot $24 | Rake $0.48
Board [6d 6h 2s 4c]
Seat 1: Alnikon (big blind) collected ($23.52)
Seat 2: Pandakey (button) (small blind) folded on the Turn


PokerStars Hand #146445427825:  Hold'em Limit ($3/$6 USD) - 2016/01/04 8:19:10 ET
Table 'Gaviola II' 2-max Seat #2 is the button
Seat 1: Alnikon ($83.44 in chips)
Seat 2: Pandakey ($74.26 in chips)
Pandakey: posts small blind $1
Alnikon: posts big blind $3
*** HOLE CARDS ***
Pandakey: raises $3 to $6
Alnikon: folds
Uncalled bet ($3) returned to Pandakey
Pandakey collected $6 from pot
Pandakey: doesn't show hand
*** SUMMARY ***
Total pot $6 | Rake $0
Seat 1: Alnikon (big blind) folded before Flop
Seat 2: Pandakey (button) (small blind) collected ($6)


PokerStars Hand #146445431083:  Hold'em Limit ($3/$6 USD) - 2016/01/04 8:19:15 ET
Table 'Gaviola II' 2-max Seat #1 is the button
Seat 1: Alnikon ($80.44 in chips)
Seat 2: Pandakey ($77.26 in chips)
Alnikon: posts small blind $1
Pandakey: posts big blind $3
*** HOLE CARDS ***
Alnikon: calls $2
Pandakey: raises $3 to $6
Alnikon: calls $3
*** FLOP *** [5h Jc Tc]
Pandakey: bets $3
Alnikon: calls $3
*** TURN *** [5h Jc Tc] [7h]
Pandakey: bets $6
Alnikon: calls $6
*** RIVER *** [5h Jc Tc 7h] [Qh]
Pandakey: bets $6
Alnikon: calls $6
*** SHOW DOWN ***
Pandakey: shows [Kc Ts] (a pair of Tens)
Alnikon: mucks hand
Pandakey collected $41.50 from pot
*** SUMMARY ***
Total pot $42 | Rake $0.50
Board [5h Jc Tc 7h Qh]
Seat 1: Alnikon (button) (small blind) mucked
Seat 2: Pandakey (big blind) showed [Kc Ts] and won ($41.50) with a pair of Tens


PokerStars Hand #146445441434:  Hold'em Limit ($3/$6 USD) - 2016/01/04 8:19:30 ET
Table 'Gaviola II' 2-max Seat #2 is the button
Seat 1: Alnikon ($59.44 in chips)
Seat 2: Pandakey ($97.76 in chips)
Pandakey: posts small blind $1
Alnikon: posts big blind $3
*** HOLE CARDS ***
Pandakey: raises $3 to $6
Alnikon: calls $3
*** FLOP *** [Tc 3s 5c]
Alnikon: checks
Pandakey: bets $3
Alnikon: folds
Uncalled bet ($3) returned to Pandakey
Pandakey collected $11.76 from pot
Pandakey: doesn't show hand
*** SUMMARY ***
Total pot $12 | Rake $0.24
Board [Tc 3s 5c]
Seat 1: Alnikon (big blind) folded on the Flop
Seat 2: Pandakey (button) (small blind) collected ($11.76)


PokerStars Hand #146445447473:  Hold'em Limit ($3/$6 USD) - 2016/01/04 8:19:39 ET
Table 'Gaviola II' 2-max Seat #1 is the button
Seat 1: Alnikon ($53.44 in chips)
Seat 2: Pandakey ($103.52 in chips)
Alnikon: posts small blind $1
Pandakey: posts big blind $3
*** HOLE CARDS ***
Alnikon: calls $2
Pandakey: checks
*** FLOP *** [Qd 8c Ah]
Pandakey: bets $3
Alnikon: folds
Uncalled bet ($3) returned to Pandakey
Pandakey collected $5.88 from pot
Pandakey: doesn't show hand
*** SUMMARY ***
Total pot $6 | Rake $0.12
Board [Qd 8c Ah]
Seat 1: Alnikon (button) (small blind) folded on the Flop
Seat 2: Pandakey (big blind) collected ($5.88)


PokerStars Hand #146445453805:  Hold'em Limit ($3/$6 USD) - 2016/01/04 8:19:49 ET
Table 'Gaviola II' 2-max Seat #2 is the button
Seat 1: Alnikon ($50.44 in chips)
Seat 2: Pandakey ($106.40 in chips)
Pandakey: posts small blind $1
Alnikon: posts big blind $3
*** HOLE CARDS ***
Pandakey: raises $3 to $6
Alnikon: raises $3 to $9
Pandakey: calls $3
*** FLOP *** [6h 4d Js]
Alnikon: checks
Pandakey: bets $3
Alnikon: calls $3
*** TURN *** [6h 4d Js] [7s]
Alnikon: bets $6
Pandakey: raises $6 to $12
Alnikon: calls $6
*** RIVER *** [6h 4d Js 7s] [9c]
Alnikon: checks
Pandakey: bets $6
Alnikon: folds
Uncalled bet ($6) returned to Pandakey
Pandakey collected $47.50 from pot
Pandakey: doesn't show hand
*** SUMMARY ***
Total pot $48 | Rake $0.50
Board [6h 4d Js 7s 9c]
Seat 1: Alnikon (big blind) folded on the River
Seat 2: Pandakey (button) (small blind) collected ($47.50)


PokerStars Hand #146445467934:  Hold'em Limit ($3/$6 USD) - 2016/01/04 8:20:10 ET
Table 'Gaviola II' 2-max Seat #1 is the button
Seat 1: Alnikon ($26.44 in chips)
Seat 2: Pandakey ($129.90 in chips)
Alnikon: posts small blind $1
Pandakey: posts big blind $3
*** HOLE CARDS ***
Alnikon: raises $3 to $6
Pandakey: calls $3
*** FLOP *** [Ts 3h 9h]
Pandakey: bets $3
Alnikon: calls $3
*** TURN *** [Ts 3h 9h] [Td]
Pandakey: bets $6
Alnikon: folds
Uncalled bet ($6) returned to Pandakey
Pandakey collected $17.64 from pot
Pandakey: doesn't show hand
*** SUMMARY ***
Total pot $18 | Rake $0.36
Board [Ts 3h 9h Td]
Seat 1: Alnikon (button) (small blind) folded on the Turn
Seat 2: Pandakey (big blind) collected ($17.64)


PokerStars Hand #146445475577:  Hold'em Limit ($3/$6 USD) - 2016/01/04 8:20:21 ET
Table 'Gaviola II' 2-max Seat #2 is the button
Seat 1: Alnikon ($17.44 in chips)
Seat 2: Pandakey ($138.54 in chips)
Pandakey: posts small blind $1
Alnikon: posts big blind $3
*** HOLE CARDS ***
Pandakey: raises $3 to $6
Alnikon: calls $3
*** FLOP *** [7h Qh 4c]
Alnikon: checks
Pandakey: checks
*** TURN *** [7h Qh 4c] [5d]
Alnikon: checks
Pandakey: checks
*** RIVER *** [7h Qh 4c 5d] [3h]
Alnikon: checks
Pandakey: bets $6
Alnikon: folds
Uncalled bet ($6) returned to Pandakey
Pandakey collected $11.76 from pot
Pandakey: doesn't show hand
*** SUMMARY ***
Total pot $12 | Rake $0.24
Board [7h Qh 4c 5d 3h]
Seat 1: Alnikon (big blind) folded on the River
Seat 2: Pandakey (button) (small blind) collected ($11.76)


PokerStars Hand #146445486172:  Hold'em Limit ($3/$6 USD) - 2016/01/04 8:20:37 ET
Table 'Gaviola II' 2-max Seat #1 is the button
Seat 1: Alnikon ($11.44 in chips)
Seat 2: Pandakey ($144.30 in chips)
Alnikon: posts small blind $1
Pandakey: posts big blind $3
*** HOLE CARDS ***
Alnikon: raises $3 to $6
Pandakey: raises $3 to $9
Alnikon: raises $2.44 to $11.44 and is all-in
Betting is capped
Pandakey: calls $2.44
*** FLOP *** [3s Tc 5d]
*** TURN *** [3s Tc 5d] [2h]
*** RIVER *** [3s Tc 5d 2h] [5h]
*** SHOW DOWN ***
Pandakey: shows [Kh Th] (two pair, Tens and Fives)
Alnikon: shows [6d Ah] (a pair of Fives)
Pandakey collected $22.42 from pot
*** SUMMARY ***
Total pot $22.88 | Rake $0.46
Board [3s Tc 5d 2h 5h]
Seat 1: Alnikon (button) (small blind) showed [6d Ah] and lost with a pair of Fives
Seat 2: Pandakey (big blind) showed [Kh Th] and won ($22.42) with two pair, Tens and Fives


PokerStars Hand #146447927415:  Hold'em Limit ($3/$6 USD) - 2016/01/04 9:17:06 ET
Table 'Gaviola II' 2-max Seat #1 is the button
Seat 1: BcomeSomeone ($544.94 in chips)
Seat 2: Pandakey ($162.78 in chips)
BcomeSomeone: posts small blind $1
Pandakey: posts big blind $3
*** HOLE CARDS ***
BcomeSomeone: raises $3 to $6
Pandakey: raises $3 to $9
BcomeSomeone: raises $3 to $12
Betting is capped
Pandakey: calls $3
*** FLOP *** [2s 8d Kh]
Pandakey: checks
BcomeSomeone: bets $3
Pandakey: calls $3
*** TURN *** [2s 8d Kh] [2c]
Pandakey: checks
BcomeSomeone: bets $6
Pandakey: folds
Uncalled bet ($6) returned to BcomeSomeone
BcomeSomeone collected $29.50 from pot
BcomeSomeone: doesn't show hand
*** SUMMARY ***
Total pot $30 | Rake $0.50
Board [2s 8d Kh 2c]
Seat 1: BcomeSomeone (button) (small blind) collected ($29.50)
Seat 2: Pandakey (big blind) folded on the Turn


PokerStars Hand #146447913085:  Hold'em Limit ($3/$6 USD) - 2016/01/04 9:16:47 ET
Table 'Gaviola II' 2-max Seat #2 is the button
Seat 1: BcomeSomeone ($565.94 in chips)
Seat 2: Pandakey ($142.28 in chips)
Pandakey: posts small blind $1
BcomeSomeone: posts big blind $3
*** HOLE CARDS ***
Pandakey: raises $3 to $6
BcomeSomeone: calls $3
*** FLOP *** [3c 7d 7h]
BcomeSomeone: checks
Pandakey: bets $3
BcomeSomeone: calls $3
*** TURN *** [3c 7d 7h] [3d]
BcomeSomeone: checks
Pandakey: bets $6
BcomeSomeone: calls $6
*** RIVER *** [3c 7d 7h 3d] [Qc]
BcomeSomeone: checks
Pandakey: bets $6
BcomeSomeone: calls $6
*** SHOW DOWN ***
Pandakey: shows [9c 9s] (two pair, Nines and Sevens)
BcomeSomeone: mucks hand
Pandakey collected $41.50 from pot
*** SUMMARY ***
Total pot $42 | Rake $0.50
Board [3c 7d 7h 3d Qc]
Seat 1: BcomeSomeone (big blind) mucked
Seat 2: Pandakey (button) (small blind) showed [9c 9s] and won ($41.50) with two pair, Nines and Sevens


PokerStars Hand #146447975247:  Hold'em Limit ($3/$6 USD) - 2016/01/04 9:18:08 ET
Table 'Gaviola II' 2-max Seat #1 is the button
Seat 1: BcomeSomeone ($581.46 in chips)
Seat 2: Pandakey ($124.42 in chips)
BcomeSomeone: posts small blind $1
Pandakey: posts big blind $3
*** HOLE CARDS ***
BcomeSomeone: raises $3 to $6
Pandakey: calls $3
*** FLOP *** [4d Qd 8c]
Pandakey: checks
BcomeSomeone: bets $3
Pandakey: calls $3
*** TURN *** [4d Qd 8c] [Tc]
Pandakey: checks
BcomeSomeone: checks
*** RIVER *** [4d Qd 8c Tc] [Ks]
Pandakey: bets $6
BcomeSomeone: folds
Uncalled bet ($6) returned to Pandakey
Pandakey collected $17.64 from pot
Pandakey: doesn't show hand
*** SUMMARY ***
Total pot $18 | Rake $0.36
Board [4d Qd 8c Tc Ks]
Seat 1: BcomeSomeone (button) (small blind) folded on the River
Seat 2: Pandakey (big blind) collected ($17.64)


PokerStars Hand #146447966037:  Hold'em Limit ($3/$6 USD) - 2016/01/04 9:17:56 ET
Table 'Gaviola II' 2-max Seat #2 is the button
Seat 1: BcomeSomeone ($557.96 in chips)
Seat 2: Pandakey ($148.42 in chips)
Pandakey: posts small blind $1
BcomeSomeone: posts big blind $3
*** HOLE CARDS ***
Pandakey: raises $3 to $6
BcomeSomeone: raises $3 to $9
Pandakey: calls $3
*** FLOP *** [4s 5c Kc]
BcomeSomeone: bets $3
Pandakey: calls $3
*** TURN *** [4s 5c Kc] [8s]
BcomeSomeone: bets $6
Pandakey: calls $6
*** RIVER *** [4s 5c Kc 8s] [Qd]
BcomeSomeone: bets $6
Pandakey: calls $6
*** SHOW DOWN ***
BcomeSomeone: shows [7c 7h] (a pair of Sevens)
Pandakey: mucks hand
BcomeSomeone collected $47.50 from pot
*** SUMMARY ***
Total pot $48 | Rake $0.50
Board [4s 5c Kc 8s Qd]
Seat 1: BcomeSomeone (big blind) showed [7c 7h] and won ($47.50) with a pair of Sevens
Seat 2: Pandakey (button) (small blind) mucked


PokerStars Hand #146447959589:  Hold'em Limit ($3/$6 USD) - 2016/01/04 9:17:48 ET
Table 'Gaviola II' 2-max Seat #1 is the button
Seat 1: BcomeSomeone ($566.96 in chips)
Seat 2: Pandakey ($139.78 in chips)
BcomeSomeone: posts small blind $1
Pandakey: posts big blind $3
*** HOLE CARDS ***
BcomeSomeone: raises $3 to $6
Pandakey: raises $3 to $9
BcomeSomeone: calls $3
*** FLOP *** [6s Ac Tc]
Pandakey: bets $3
BcomeSomeone: folds
Uncalled bet ($3) returned to Pandakey
Pandakey collected $17.64 from pot
Pandakey: doesn't show hand
*** SUMMARY ***
Total pot $18 | Rake $0.36
Board [6s Ac Tc]
Seat 1: BcomeSomeone (button) (small blind) folded on the Flop
Seat 2: Pandakey (big blind) collected ($17.64)


PokerStars Hand #146447956233:  Hold'em Limit ($3/$6 USD) - 2016/01/04 9:17:43 ET
Table 'Gaviola II' 2-max Seat #2 is the button
Seat 1: BcomeSomeone ($569.96 in chips)
Seat 2: Pandakey ($136.78 in chips)
Pandakey: posts small blind $1
BcomeSomeone: posts big blind $3
*** HOLE CARDS ***
Pandakey: raises $3 to $6
BcomeSomeone: folds
Uncalled bet ($3) returned to Pandakey
Pandakey collected $6 from pot
Pandakey: doesn't show hand
*** SUMMARY ***
Total pot $6 | Rake $0
Seat 1: BcomeSomeone (big blind) folded before Flop
Seat 2: Pandakey (button) (small blind) collected ($6)


PokerStars Hand #146447952911:  Hold'em Limit ($3/$6 USD) - 2016/01/04 9:17:39 ET
Table 'Gaviola II' 2-max Seat #1 is the button
Seat 1: BcomeSomeone ($570.96 in chips)
Seat 2: Pandakey ($135.78 in chips)
BcomeSomeone: posts small blind $1
Pandakey: posts big blind $3
*** HOLE CARDS ***
BcomeSomeone: folds
Uncalled bet ($2) returned to Pandakey
Pandakey collected $2 from pot
Pandakey: doesn't show hand
*** SUMMARY ***
Total pot $2 | Rake $0
Seat 1: BcomeSomeone (button) (small blind) folded before Flop
Seat 2: Pandakey (big blind) collected ($2)


PokerStars Hand #146447938742:  Hold'em Limit ($3/$6 USD) - 2016/01/04 9:17:21 ET
Table 'Gaviola II' 2-max Seat #2 is the button
Seat 1: BcomeSomeone ($559.44 in chips)
Seat 2: Pandakey ($147.78 in chips)
Pandakey: posts small blind $1
BcomeSomeone: posts big blind $3
*** HOLE CARDS ***
Pandakey: raises $3 to $6
BcomeSomeone: calls $3
*** FLOP *** [8h 6d 5h]
BcomeSomeone: checks
Pandakey: checks
*** TURN *** [8h 6d 5h] [Ac]
BcomeSomeone: checks
Pandakey: checks
*** RIVER *** [8h 6d 5h Ac] [2s]
BcomeSomeone: bets $6
Pandakey: calls $6
*** SHOW DOWN ***
BcomeSomeone: shows [3d 6h] (a pair of Sixes)
Pandakey: mucks hand
BcomeSomeone collected $23.52 from pot
*** SUMMARY ***
Total pot $24 | Rake $0.48
Board [8h 6d 5h Ac 2s]
Seat 1: BcomeSomeone (big blind) showed [3d 6h] and won ($23.52) with a pair of Sixes
Seat 2: Pandakey (button) (small blind) mucked


PokerStars Hand #146448010707:  Hold'em Limit ($3/$6 USD) - 2016/01/04 9:18:55 ET
Table 'Gaviola II' 2-max Seat #2 is the button
Seat 1: BcomeSomeone ($557.46 in chips)
Seat 2: Pandakey ($147.58 in chips)
Pandakey: posts small blind $1
BcomeSomeone: posts big blind $3
*** HOLE CARDS ***
Pandakey: raises $3 to $6
BcomeSomeone: calls $3
*** FLOP *** [2h Td Qd]
BcomeSomeone: checks
Pandakey: bets $3
BcomeSomeone: calls $3
*** TURN *** [2h Td Qd] [5s]
BcomeSomeone: checks
Pandakey: checks
*** RIVER *** [2h Td Qd 5s] [9c]
BcomeSomeone: bets $6
Pandakey: folds
Uncalled bet ($6) returned to BcomeSomeone
BcomeSomeone collected $17.64 from pot
BcomeSomeone: doesn't show hand
*** SUMMARY ***
Total pot $18 | Rake $0.36
Board [2h Td Qd 5s 9c]
Seat 1: BcomeSomeone (big blind) collected ($17.64)
Seat 2: Pandakey (button) (small blind) folded on the River


PokerStars Hand #146447995408:  Hold'em Limit ($3/$6 USD) - 2016/01/04 9:18:35 ET
Table 'Gaviola II' 2-max Seat #1 is the button
Seat 1: BcomeSomeone ($569.46 in chips)
Seat 2: Pandakey ($136.06 in chips)
BcomeSomeone: posts small blind $1
Pandakey: posts big blind $3
*** HOLE CARDS ***
BcomeSomeone: raises $3 to $6
Pandakey: calls $3
*** FLOP *** [Qc 5s 3d]
Pandakey: checks
BcomeSomeone: bets $3
Pandakey: raises $3 to $6
BcomeSomeone: calls $3
*** TURN *** [Qc 5s 3d] [Ks]
Pandakey: bets $6
BcomeSomeone: folds
Uncalled bet ($6) returned to Pandakey
Pandakey collected $23.52 from pot
Pandakey: doesn't show hand
*** SUMMARY ***
Total pot $24 | Rake $0.48
Board [Qc 5s 3d Ks]
Seat 1: BcomeSomeone (button) (small blind) folded on the Turn
Seat 2: Pandakey (big blind) collected ($23.52)


PokerStars Hand #146447991789:  Hold'em Limit ($3/$6 USD) - 2016/01/04 9:18:30 ET
Table 'Gaviola II' 2-max Seat #2 is the button
Seat 1: BcomeSomeone ($572.46 in chips)
Seat 2: Pandakey ($133.06 in chips)
Pandakey: posts small blind $1
BcomeSomeone: posts big blind $3
*** HOLE CARDS ***
Pandakey: raises $3 to $6
BcomeSomeone: folds
Uncalled bet ($3) returned to Pandakey
Pandakey collected $6 from pot
Pandakey: doesn't show hand
*** SUMMARY ***
Total pot $6 | Rake $0
Seat 1: BcomeSomeone (big blind) folded before Flop
Seat 2: Pandakey (button) (small blind) collected ($6)


PokerStars Hand #146448074360:  Hold'em Limit ($3/$6 USD) - 2016/01/04 9:20:18 ET
Table 'Gaviola II' 2-max Seat #1 is the button
Seat 1: BcomeSomeone ($591.12 in chips)
Seat 2: Pandakey ($111.98 in chips)
BcomeSomeone: posts small blind $1
Pandakey: posts big blind $3
*** HOLE CARDS ***
BcomeSomeone: raises $3 to $6
Pandakey: calls $3
*** FLOP *** [3c 8c 2s]
Pandakey: checks
BcomeSomeone: bets $3
Pandakey: folds
Uncalled bet ($3) returned to BcomeSomeone
BcomeSomeone collected $11.76 from pot
BcomeSomeone: doesn't show hand
*** SUMMARY ***
Total pot $12 | Rake $0.24
Board [3c 8c 2s]
Seat 1: BcomeSomeone (button) (small blind) collected ($11.76)
Seat 2: Pandakey (big blind) folded on the Flop


PokerStars Hand #146448055564:  Hold'em Limit ($3/$6 USD) - 2016/01/04 9:19:53 ET
Table 'Gaviola II' 2-max Seat #2 is the button
Seat 1: BcomeSomeone ($579.60 in chips)
Seat 2: Pandakey ($123.98 in chips)
Pandakey: posts small blind $1
BcomeSomeone: posts big blind $3
*** HOLE CARDS ***
Pandakey: raises $3 to $6
BcomeSomeone: raises $3 to $9
Pandakey: calls $3
*** FLOP *** [3d 7s 8h]
BcomeSomeone: bets $3
Pandakey: calls $3
*** TURN *** [3d 7s 8h] [5h]
BcomeSomeone: bets $6
Pandakey: folds
Uncalled bet ($6) returned to BcomeSomeone
BcomeSomeone collected $23.52 from pot
BcomeSomeone: doesn't show hand
*** SUMMARY ***
Total pot $24 | Rake $0.48
Board [3d 7s 8h 5h]
Seat 1: BcomeSomeone (big blind) collected ($23.52)
Seat 2: Pandakey (button) (small blind) folded on the Turn


PokerStars Hand #146448051539:  Hold'em Limit ($3/$6 USD) - 2016/01/04 9:19:48 ET
Table 'Gaviola II' 2-max Seat #1 is the button
Seat 1: BcomeSomeone ($576.60 in chips)
Seat 2: Pandakey ($126.98 in chips)
BcomeSomeone: posts small blind $1
Pandakey: posts big blind $3
*** HOLE CARDS ***
BcomeSomeone: raises $3 to $6
Pandakey: folds
Uncalled bet ($3) returned to BcomeSomeone
BcomeSomeone collected $6 from pot
BcomeSomeone: doesn't show hand
*** SUMMARY ***
Total pot $6 | Rake $0
Seat 1: BcomeSomeone (button) (small blind) collected ($6)
Seat 2: Pandakey (big blind) folded before Flop


PokerStars Hand #146448043242:  Hold'em Limit ($3/$6 USD) - 2016/01/04 9:19:37 ET
Table 'Gaviola II' 2-max Seat #2 is the button
Seat 1: BcomeSomeone ($585.60 in chips)
Seat 2: Pandakey ($118.34 in chips)
Pandakey: posts small blind $1
BcomeSomeone: posts big blind $3
*** HOLE CARDS ***
Pandakey: raises $3 to $6
BcomeSomeone: calls $3
*** FLOP *** [8s 4d 8h]
BcomeSomeone: checks
Pandakey: bets $3
BcomeSomeone: calls $3
*** TURN *** [8s 4d 8h] [Js]
BcomeSomeone: checks
Pandakey: bets $6
BcomeSomeone: folds
Uncalled bet ($6) returned to Pandakey
Pandakey collected $17.64 from pot
Pandakey: doesn't show hand
*** SUMMARY ***
Total pot $18 | Rake $0.36
Board [8s 4d 8h Js]
Seat 1: BcomeSomeone (big blind) folded on the Turn
Seat 2: Pandakey (button) (small blind) collected ($17.64)


PokerStars Hand #146448039984:  Hold'em Limit ($3/$6 USD) - 2016/01/04 9:19:33 ET
Table 'Gaviola II' 2-max Seat #1 is the button
Seat 1: BcomeSomeone ($586.60 in chips)
Seat 2: Pandakey ($117.34 in chips)
BcomeSomeone: posts small blind $1
Pandakey: posts big blind $3
*** HOLE CARDS ***
BcomeSomeone: folds
Uncalled bet ($2) returned to Pandakey
Pandakey collected $2 from pot
Pandakey: doesn't show hand
*** SUMMARY ***
Total pot $2 | Rake $0
Seat 1: BcomeSomeone (button) (small blind) folded before Flop
Seat 2: Pandakey (big blind) collected ($2)


PokerStars Hand #146448033794:  Hold'em Limit ($3/$6 USD) - 2016/01/04 9:19:25 ET
Table 'Gaviola II' 2-max Seat #2 is the button
Seat 1: BcomeSomeone ($592.60 in chips)
Seat 2: Pandakey ($111.58 in chips)
Pandakey: posts small blind $1
BcomeSomeone: posts big blind $3
*** HOLE CARDS ***
Pandakey: raises $3 to $6
BcomeSomeone: calls $3
*** FLOP *** [Ts Jd 3s]
BcomeSomeone: checks
Pandakey: bets $3
BcomeSomeone: folds
Uncalled bet ($3) returned to Pandakey
Pandakey collected $11.76 from pot
Pandakey: doesn't show hand
*** SUMMARY ***
Total pot $12 | Rake $0.24
Board [Ts Jd 3s]
Seat 1: BcomeSomeone (big blind) folded on the Flop
Seat 2: Pandakey (button) (small blind) collected ($11.76)


PokerStars Hand #146448117117:  Hold'em Limit ($3/$6 USD) - 2016/01/04 9:21:15 ET
Table 'Gaviola II' 2-max Seat #1 is the button
Seat 1: BcomeSomeone ($600.38 in chips)
Seat 2: Pandakey ($101.38 in chips)
BcomeSomeone: posts small blind $1
Pandakey: posts big blind $3
*** HOLE CARDS ***
BcomeSomeone: raises $3 to $6
Pandakey: raises $3 to $9
BcomeSomeone: raises $3 to $12
Betting is capped
Pandakey: calls $3
*** FLOP *** [Kd 4h 2c]
Pandakey: checks
BcomeSomeone: bets $3
Pandakey: calls $3
*** TURN *** [Kd 4h 2c] [Qh]
Pandakey: checks
BcomeSomeone: checks
*** RIVER *** [Kd 4h 2c Qh] [Jd]
Pandakey: bets $6
BcomeSomeone: folds
Uncalled bet ($6) returned to Pandakey
Pandakey collected $29.50 from pot
Pandakey: doesn't show hand
*** SUMMARY ***
Total pot $30 | Rake $0.50
Board [Kd 4h 2c Qh Jd]
Seat 1: BcomeSomeone (button) (small blind) folded on the River
Seat 2: Pandakey (big blind) collected ($29.50)


PokerStars Hand #146448113224:  Hold'em Limit ($3/$6 USD) - 2016/01/04 9:21:10 ET
Table 'Gaviola II' 2-max Seat #2 is the button
Seat 1: BcomeSomeone ($599.38 in chips)
Seat 2: Pandakey ($102.38 in chips)
Pandakey: posts small blind $1
BcomeSomeone: posts big blind $3
*** HOLE CARDS ***
Pandakey: folds
Uncalled bet ($2) returned to BcomeSomeone
BcomeSomeone collected $2 from pot
BcomeSomeone: doesn't show hand
*** SUMMARY ***
Total pot $2 | Rake $0
Seat 1: BcomeSomeone (big blind) collected ($2)
Seat 2: Pandakey (button) (small blind) folded before Flop


PokerStars Hand #146448101814:  Hold'em Limit ($3/$6 USD) - 2016/01/04 9:20:55 ET
Table 'Gaviola II' 2-max Seat #1 is the button
Seat 1: BcomeSomeone ($584.88 in chips)
Seat 2: Pandakey ($117.38 in chips)
BcomeSomeone: posts small blind $1
Pandakey: posts big blind $3
*** HOLE CARDS ***
BcomeSomeone: raises $3 to $6
Pandakey: calls $3
*** FLOP *** [Ad 9h 7c]
Pandakey: checks
BcomeSomeone: bets $3
Pandakey: calls $3
*** TURN *** [Ad 9h 7c] [8d]
Pandakey: checks
BcomeSomeone: bets $6
Pandakey: calls $6
*** RIVER *** [Ad 9h 7c 8d] [6h]
Pandakey: checks
BcomeSomeone: checks
*** SHOW DOWN ***
Pandakey: shows [3s 9s] (a pair of Nines)
BcomeSomeone: shows [8c 7d] (two pair, Eights and Sevens)
BcomeSomeone collected $29.50 from pot
*** SUMMARY ***
Total pot $30 | Rake $0.50
Board [Ad 9h 7c 8d 6h]
Seat 1: BcomeSomeone (button) (small blind) showed [8c 7d] and won ($29.50) with two pair, Eights and Sevens
Seat 2: Pandakey (big blind) showed [3s 9s] and lost with a pair of Nines


PokerStars Hand #146448092962:  Hold'em Limit ($3/$6 USD) - 2016/01/04 9:20:43 ET
Table 'Gaviola II' 2-max Seat #2 is the button
Seat 1: BcomeSomeone ($593.88 in chips)
Seat 2: Pandakey ($108.74 in chips)
Pandakey: posts small blind $1
BcomeSomeone: posts big blind $3
*** HOLE CARDS ***
Pandakey: raises $3 to $6
BcomeSomeone: calls $3
*** FLOP *** [7c 7s 7h]
BcomeSomeone: checks
Pandakey: bets $3
BcomeSomeone: calls $3
*** TURN *** [7c 7s 7h] [8d]
BcomeSomeone: checks
Pandakey: bets $6
BcomeSomeone: folds
Uncalled bet ($6) returned to Pandakey
Pandakey collected $17.64 from pot
Pandakey: doesn't show hand
*** SUMMARY ***
Total pot $18 | Rake $0.36
Board [7c 7s 7h 8d]
Seat 1: BcomeSomeone (big blind) folded on the Turn
Seat 2: Pandakey (button) (small blind) collected ($17.64)


PokerStars Hand #146448087355:  Hold'em Limit ($3/$6 USD) - 2016/01/04 9:20:35 ET
Table 'Gaviola II' 2-max Seat #1 is the button
Seat 1: BcomeSomeone ($590.88 in chips)
Seat 2: Pandakey ($111.74 in chips)
BcomeSomeone: posts small blind $1
Pandakey: posts big blind $3
*** HOLE CARDS ***
BcomeSomeone: raises $3 to $6
Pandakey: folds
Uncalled bet ($3) returned to BcomeSomeone
BcomeSomeone collected $6 from pot
BcomeSomeone: doesn't show hand
*** SUMMARY ***
Total pot $6 | Rake $0
Seat 1: BcomeSomeone (button) (small blind) collected ($6)
Seat 2: Pandakey (big blind) folded before Flop


PokerStars Hand #146448163259:  Hold'em Limit ($3/$6 USD) - 2016/01/04 9:22:15 ET
Table 'Gaviola II' 2-max Seat #2 is the button
Seat 1: BcomeSomeone ($643.02 in chips)
Seat 2: Pandakey ($56.88 in chips)
Pandakey: posts small blind $1
BcomeSomeone: posts big blind $3
*** HOLE CARDS ***
Pandakey: raises $3 to $6
BcomeSomeone: calls $3
*** FLOP *** [2h Qc 5s]
BcomeSomeone: checks
Pandakey: bets $3
BcomeSomeone: calls $3
*** TURN *** [2h Qc 5s] [4c]
BcomeSomeone: checks
Pandakey: checks
*** RIVER *** [2h Qc 5s 4c] [Td]
BcomeSomeone: checks
Pandakey: checks
*** SHOW DOWN ***
BcomeSomeone: shows [2c 7c] (a pair of Deuces)
Pandakey: mucks hand
BcomeSomeone collected $17.64 from pot
*** SUMMARY ***
Total pot $18 | Rake $0.36
Board [2h Qc 5s 4c Td]
Seat 1: BcomeSomeone (big blind) showed [2c 7c] and won ($17.64) with a pair of Deuces
Seat 2: Pandakey (button) (small blind) mucked


PokerStars Hand #146448150941:  Hold'em Limit ($3/$6 USD) - 2016/01/04 9:21:59 ET
Table 'Gaviola II' 2-max Seat #1 is the button
Seat 1: BcomeSomeone ($616.52 in chips)
Seat 2: Pandakey ($83.88 in chips)
BcomeSomeone: posts small blind $1
Pandakey: posts big blind $3
*** HOLE CARDS ***
BcomeSomeone: raises $3 to $6
Pandakey: raises $3 to $9
BcomeSomeone: raises $3 to $12
Betting is capped
Pandakey: calls $3
*** FLOP *** [7c Th 4d]
Pandakey: checks
BcomeSomeone: bets $3
Pandakey: calls $3
*** TURN *** [7c Th 4d] [8s]
Pandakey: checks
BcomeSomeone: bets $6
Pandakey: calls $6
*** RIVER *** [7c Th 4d 8s] [2d]
Pandakey: checks
BcomeSomeone: bets $6
Pandakey: calls $6
*** SHOW DOWN ***
BcomeSomeone: shows [Ts Ac] (a pair of Tens)
Pandakey: mucks hand
BcomeSomeone collected $53.50 from pot
*** SUMMARY ***
Total pot $54 | Rake $0.50
Board [7c Th 4d 8s 2d]
Seat 1: BcomeSomeone (button) (small blind) showed [Ts Ac] and won ($53.50) with a pair of Tens
Seat 2: Pandakey (big blind) mucked


PokerStars Hand #146448145004:  Hold'em Limit ($3/$6 USD) - 2016/01/04 9:21:51 ET
Table 'Gaviola II' 2-max Seat #2 is the button
Seat 1: BcomeSomeone ($607.88 in chips)
Seat 2: Pandakey ($92.88 in chips)
Pandakey: posts small blind $1
BcomeSomeone: posts big blind $3
*** HOLE CARDS ***
Pandakey: raises $3 to $6
BcomeSomeone: raises $3 to $9
Pandakey: calls $3
*** FLOP *** [Qd Ah 8s]
BcomeSomeone: bets $3
Pandakey: folds
Uncalled bet ($3) returned to BcomeSomeone
BcomeSomeone collected $17.64 from pot
BcomeSomeone: doesn't show hand
*** SUMMARY ***
Total pot $18 | Rake $0.36
Board [Qd Ah 8s]
Seat 1: BcomeSomeone (big blind) collected ($17.64)
Seat 2: Pandakey (button) (small blind) folded on the Flop


PokerStars Hand #146448141650:  Hold'em Limit ($3/$6 USD) - 2016/01/04 9:21:47 ET
Table 'Gaviola II' 2-max Seat #1 is the button
Seat 1: BcomeSomeone ($608.88 in chips)
Seat 2: Pandakey ($91.88 in chips)
BcomeSomeone: posts small blind $1
Pandakey: posts big blind $3
*** HOLE CARDS ***
BcomeSomeone: folds
Uncalled bet ($2) returned to Pandakey
Pandakey collected $2 from pot
Pandakey: doesn't show hand
*** SUMMARY ***
Total pot $2 | Rake $0
Seat 1: BcomeSomeone (button) (small blind) folded before Flop
Seat 2: Pandakey (big blind) collected ($2)


PokerStars Hand #146448128210:  Hold'em Limit ($3/$6 USD) - 2016/01/04 9:21:29 ET
Table 'Gaviola II' 2-max Seat #2 is the button
Seat 1: BcomeSomeone ($585.38 in chips)
Seat 2: Pandakey ($115.88 in chips)
Pandakey: posts small blind $1
BcomeSomeone: posts big blind $3
*** HOLE CARDS ***
Pandakey: raises $3 to $6
BcomeSomeone: calls $3
*** FLOP *** [4h 7c 9s]
BcomeSomeone: checks
Pandakey: bets $3
BcomeSomeone: raises $3 to $6
Pandakey: calls $3
*** TURN *** [4h 7c 9s] [3d]
BcomeSomeone: bets $6
Pandakey: calls $6
*** RIVER *** [4h 7c 9s 3d] [Kc]
BcomeSomeone: bets $6
Pandakey: calls $6
*** SHOW DOWN ***
BcomeSomeone: shows [9c 2c] (a pair of Nines)
Pandakey: mucks hand
BcomeSomeone collected $47.50 from pot
*** SUMMARY ***
Total pot $48 | Rake $0.50
Board [4h 7c 9s 3d Kc]
Seat 1: BcomeSomeone (big blind) showed [9c 2c] and won ($47.50) with a pair of Nines
Seat 2: Pandakey (button) (small blind) mucked


PokerStars Hand #146448214731:  Hold'em Limit ($3/$6 USD) - 2016/01/04 9:23:22 ET
Table 'Gaviola II' 2-max Seat #2 is the button
Seat 1: BcomeSomeone ($662.78 in chips)
Seat 2: Pandakey ($95.26 in chips)
Pandakey: posts small blind $1
BcomeSomeone: posts big blind $3
*** HOLE CARDS ***
Pandakey: raises $3 to $6
BcomeSomeone: folds
Uncalled bet ($3) returned to Pandakey
Pandakey collected $6 from pot
Pandakey: doesn't show hand
*** SUMMARY ***
Total pot $6 | Rake $0
Seat 1: BcomeSomeone (big blind) folded before Flop
Seat 2: Pandakey (button) (small blind) collected ($6)


PokerStars Hand #146448201580:  Hold'em Limit ($3/$6 USD) - 2016/01/04 9:23:05 ET
Table 'Gaviola II' 2-max Seat #1 is the button
Seat 1: BcomeSomeone ($639.28 in chips)
Seat 2: Pandakey ($119.26 in chips)
BcomeSomeone: posts small blind $1
Pandakey: posts big blind $3
*** HOLE CARDS ***
BcomeSomeone: raises $3 to $6
Pandakey: calls $3
*** FLOP *** [6h 8s Kc]
Pandakey: checks
BcomeSomeone: bets $3
Pandakey: raises $3 to $6
BcomeSomeone: calls $3
*** TURN *** [6h 8s Kc] [5c]
Pandakey: bets $6
BcomeSomeone: calls $6
*** RIVER *** [6h 8s Kc 5c] [3h]
Pandakey: bets $6
BcomeSomeone: calls $6
*** SHOW DOWN ***
Pandakey: shows [Ts 8d] (a pair of Eights)
BcomeSomeone: shows [Qd Qc] (a pair of Queens)
BcomeSomeone collected $47.50 from pot
*** SUMMARY ***
Total pot $48 | Rake $0.50
Board [6h 8s Kc 5c 3h]
Seat 1: BcomeSomeone (button) (small blind) showed [Qd Qc] and won ($47.50) with a pair of Queens
Seat 2: Pandakey (big blind) showed [Ts 8d] and lost with a pair of Eights


PokerStars Hand #146448186334:  Hold'em Limit ($3/$6 USD) - 2016/01/04 9:22:45 ET
Table 'Gaviola II' 2-max Seat #2 is the button
Seat 1: BcomeSomeone ($669.16 in chips)
Seat 2: Pandakey ($29.88 in chips)
Pandakey: posts small blind $1
BcomeSomeone: posts big blind $3
*** HOLE CARDS ***
Pandakey: raises $3 to $6
BcomeSomeone: raises $3 to $9
Pandakey: calls $3
*** FLOP *** [Kh 3s Tc]
BcomeSomeone: bets $3
Pandakey: calls $3
*** TURN *** [Kh 3s Tc] [2h]
BcomeSomeone: bets $6
Pandakey: calls $6
*** RIVER *** [Kh 3s Tc 2h] [3c]
BcomeSomeone: bets $6
Pandakey: raises $5.88 to $11.88 and is all-in
BcomeSomeone: calls $5.88
*** SHOW DOWN ***
Pandakey: shows [3h Qc] (three of a kind, Threes)
BcomeSomeone: shows [Kc As] (two pair, Kings and Threes)
Pandakey collected $59.26 from pot
*** SUMMARY ***
Total pot $59.76 | Rake $0.50
Board [Kh 3s Tc 2h 3c]
Seat 1: BcomeSomeone (big blind) showed [Kc As] and lost with two pair, Kings and Threes
Seat 2: Pandakey (button) (small blind) showed [3h Qc] and won ($59.26) with three of a kind, Threes


PokerStars Hand #146448176051:  Hold'em Limit ($3/$6 USD) - 2016/01/04 9:22:32 ET
Table 'Gaviola II' 2-max Seat #1 is the button
Seat 1: BcomeSomeone ($651.66 in chips)
Seat 2: Pandakey ($47.88 in chips)
BcomeSomeone: posts small blind $1
Pandakey: posts big blind $3
*** HOLE CARDS ***
BcomeSomeone: raises $3 to $6
Pandakey: calls $3
*** FLOP *** [Js As 3c]
Pandakey: checks
BcomeSomeone: bets $3
Pandakey: raises $3 to $6
BcomeSomeone: calls $3
*** TURN *** [Js As 3c] [Ah]
Pandakey: bets $6
BcomeSomeone: raises $6 to $12
Pandakey: folds
Uncalled bet ($6) returned to BcomeSomeone
BcomeSomeone collected $35.50 from pot
BcomeSomeone: doesn't show hand
*** SUMMARY ***
Total pot $36 | Rake $0.50
Board [Js As 3c Ah]
Seat 1: BcomeSomeone (button) (small blind) collected ($35.50)
Seat 2: Pandakey (big blind) folded on the Turn


PokerStars Hand #146448254806:  Hold'em Limit ($3/$6 USD) - 2016/01/04 9:24:15 ET
Table 'Gaviola II' 2-max Seat #2 is the button
Seat 1: BcomeSomeone ($647.54 in chips)
Seat 2: Pandakey ($109.54 in chips)
Pandakey: posts small blind $1
BcomeSomeone: posts big blind $3
*** HOLE CARDS ***
Pandakey: raises $3 to $6
BcomeSomeone: calls $3
*** FLOP *** [8h 4d 8d]
BcomeSomeone: checks
Pandakey: bets $3
BcomeSomeone: calls $3
*** TURN *** [8h 4d 8d] [5h]
BcomeSomeone: checks
Pandakey: checks
*** RIVER *** [8h 4d 8d 5h] [3h]
BcomeSomeone: bets $6
Pandakey: calls $6
*** SHOW DOWN ***
BcomeSomeone: shows [2c 2h] (two pair, Eights and Deuces)
Pandakey: mucks hand
BcomeSomeone collected $29.50 from pot
*** SUMMARY ***
Total pot $30 | Rake $0.50
Board [8h 4d 8d 5h 3h]
Seat 1: BcomeSomeone (big blind) showed [2c 2h] and won ($29.50) with two pair, Eights and Deuces
Seat 2: Pandakey (button) (small blind) mucked


PokerStars Hand #146448247096:  Hold'em Limit ($3/$6 USD) - 2016/01/04 9:24:05 ET
Table 'Gaviola II' 2-max Seat #1 is the button
Seat 1: BcomeSomeone ($641.78 in chips)
Seat 2: Pandakey ($115.54 in chips)
BcomeSomeone: posts small blind $1
Pandakey: posts big blind $3
*** HOLE CARDS ***
BcomeSomeone: raises $3 to $6
Pandakey: calls $3
*** FLOP *** [7d 5h 7h]
Pandakey: checks
BcomeSomeone: bets $3
Pandakey: folds
Uncalled bet ($3) returned to BcomeSomeone
BcomeSomeone collected $11.76 from pot
BcomeSomeone: doesn't show hand
*** SUMMARY ***
Total pot $12 | Rake $0.24
Board [7d 5h 7h]
Seat 1: BcomeSomeone (button) (small blind) collected ($11.76)
Seat 2: Pandakey (big blind) folded on the Flop


PokerStars Hand #146448236256:  Hold'em Limit ($3/$6 USD) - 2016/01/04 9:23:51 ET
Table 'Gaviola II' 2-max Seat #2 is the button
Seat 1: BcomeSomeone ($647.78 in chips)
Seat 2: Pandakey ($109.78 in chips)
Pandakey: posts small blind $1
BcomeSomeone: posts big blind $3
*** HOLE CARDS ***
Pandakey: raises $3 to $6
BcomeSomeone: calls $3
*** FLOP *** [Qc 9d 3c]
BcomeSomeone: checks
Pandakey: bets $3
BcomeSomeone: folds
Uncalled bet ($3) returned to Pandakey
Pandakey collected $11.76 from pot
Pandakey: doesn't show hand
*** SUMMARY ***
Total pot $12 | Rake $0.24
Board [Qc 9d 3c]
Seat 1: BcomeSomeone (big blind) folded on the Flop
Seat 2: Pandakey (button) (small blind) collected ($11.76)


PokerStars Hand #146448232609:  Hold'em Limit ($3/$6 USD) - 2016/01/04 9:23:46 ET
Table 'Gaviola II' 2-max Seat #1 is the button
Seat 1: BcomeSomeone ($648.78 in chips)
Seat 2: Pandakey ($108.78 in chips)
BcomeSomeone: posts small blind $1
Pandakey: posts big blind $3
*** HOLE CARDS ***
BcomeSomeone: folds
Uncalled bet ($2) returned to Pandakey
Pandakey collected $2 from pot
Pandakey: doesn't show hand
*** SUMMARY ***
Total pot $2 | Rake $0
Seat 1: BcomeSomeone (button) (small blind) folded before Flop
Seat 2: Pandakey (big blind) collected ($2)


PokerStars Hand #146448228440:  Hold'em Limit ($3/$6 USD) - 2016/01/04 9:23:40 ET
Table 'Gaviola II' 2-max Seat #2 is the button
Seat 1: BcomeSomeone ($647.78 in chips)
Seat 2: Pandakey ($109.78 in chips)
Pandakey: posts small blind $1
BcomeSomeone: posts big blind $3
*** HOLE CARDS ***
Pandakey: folds
Uncalled bet ($2) returned to BcomeSomeone
BcomeSomeone collected $2 from pot
BcomeSomeone: doesn't show hand
*** SUMMARY ***
Total pot $2 | Rake $0
Seat 1: BcomeSomeone (big blind) collected ($2)
Seat 2: Pandakey (button) (small blind) folded before Flop


PokerStars Hand #146448218085:  Hold'em Limit ($3/$6 USD) - 2016/01/04 9:23:27 ET
Table 'Gaviola II' 2-max Seat #1 is the button
Seat 1: BcomeSomeone ($659.78 in chips)
Seat 2: Pandakey ($98.26 in chips)
BcomeSomeone: posts small blind $1
Pandakey: posts big blind $3
*** HOLE CARDS ***
BcomeSomeone: raises $3 to $6
Pandakey: raises $3 to $9
BcomeSomeone: calls $3
*** FLOP *** [3c Jd 3s]
Pandakey: bets $3
BcomeSomeone: calls $3
*** TURN *** [3c Jd 3s] [Qs]
Pandakey: bets $6
BcomeSomeone: folds
Uncalled bet ($6) returned to Pandakey
Pandakey collected $23.52 from pot
Pandakey: doesn't show hand
*** SUMMARY ***
Total pot $24 | Rake $0.48
Board [3c Jd 3s Qs]
Seat 1: BcomeSomeone (button) (small blind) folded on the Turn
Seat 2: Pandakey (big blind) collected ($23.52)


PokerStars Hand #146448294602:  Hold'em Limit ($3/$6 USD) - 2016/01/04 9:25:06 ET
Table 'Gaviola II' 2-max Seat #2 is the button
Seat 1: BcomeSomeone ($672.68 in chips)
Seat 2: Pandakey ($83.54 in chips)
Pandakey: posts small blind $1
BcomeSomeone: posts big blind $3
*** HOLE CARDS ***
Pandakey: raises $3 to $6
BcomeSomeone: calls $3
*** FLOP *** [5c 5d 3c]
BcomeSomeone: checks
Pandakey: bets $3
BcomeSomeone: raises $3 to $6
Pandakey: calls $3
*** TURN *** [5c 5d 3c] [Ac]
BcomeSomeone: bets $6
Pandakey: folds
Uncalled bet ($6) returned to BcomeSomeone
BcomeSomeone collected $23.52 from pot
BcomeSomeone: doesn't show hand
*** SUMMARY ***
Total pot $24 | Rake $0.48
Board [5c 5d 3c Ac]
Seat 1: BcomeSomeone (big blind) collected ($23.52)
Seat 2: Pandakey (button) (small blind) folded on the Turn


PokerStars Hand #146448291210:  Hold'em Limit ($3/$6 USD) - 2016/01/04 9:25:02 ET
Table 'Gaviola II' 2-max Seat #1 is the button
Seat 1: BcomeSomeone ($673.68 in chips)
Seat 2: Pandakey ($82.54 in chips)
BcomeSomeone: posts small blind $1
Pandakey: posts big blind $3
*** HOLE CARDS ***
BcomeSomeone: folds
Uncalled bet ($2) returned to Pandakey
Pandakey collected $2 from pot
Pandakey: doesn't show hand
*** SUMMARY ***
Total pot $2 | Rake $0
Seat 1: BcomeSomeone (button) (small blind) folded before Flop
Seat 2: Pandakey (big blind) collected ($2)


PokerStars Hand #146448273529:  Hold'em Limit ($3/$6 USD) - 2016/01/04 9:24:39 ET
Table 'Gaviola II' 2-max Seat #2 is the button
Seat 1: BcomeSomeone ($665.04 in chips)
Seat 2: Pandakey ($91.54 in chips)
Pandakey: posts small blind $1
BcomeSomeone: posts big blind $3
*** HOLE CARDS ***
Pandakey: raises $3 to $6
BcomeSomeone: calls $3
*** FLOP *** [Ks Kh Tc]
BcomeSomeone: checks
Pandakey: bets $3
BcomeSomeone: calls $3
*** TURN *** [Ks Kh Tc] [Js]
BcomeSomeone: checks
Pandakey: checks
*** RIVER *** [Ks Kh Tc Js] [Th]
BcomeSomeone: checks
Pandakey: checks
*** SHOW DOWN ***
BcomeSomeone: shows [6d As] (two pair, Kings and Tens)
Pandakey: mucks hand
BcomeSomeone collected $17.64 from pot
*** SUMMARY ***
Total pot $18 | Rake $0.36
Board [Ks Kh Tc Js Th]
Seat 1: BcomeSomeone (big blind) showed [6d As] and won ($17.64) with two pair, Kings and Tens
Seat 2: Pandakey (button) (small blind) mucked


PokerStars Hand #146448264688:  Hold'em Limit ($3/$6 USD) - 2016/01/04 9:24:27 ET
Table 'Gaviola II' 2-max Seat #1 is the button
Seat 1: BcomeSomeone ($662.04 in chips)
Seat 2: Pandakey ($94.54 in chips)
BcomeSomeone: posts small blind $1
Pandakey: posts big blind $3
*** HOLE CARDS ***
BcomeSomeone: raises $3 to $6
Pandakey: folds
Uncalled bet ($3) returned to BcomeSomeone
BcomeSomeone collected $6 from pot
BcomeSomeone: doesn't show hand
*** SUMMARY ***
Total pot $6 | Rake $0
Seat 1: BcomeSomeone (button) (small blind) collected ($6)
Seat 2: Pandakey (big blind) folded before Flop


PokerStars Hand #146448305779:  Hold'em Limit ($3/$6 USD) - 2016/01/04 9:25:21 ET
Table 'Gaviola II' 2-max Seat #1 is the button
Seat 1: BcomeSomeone ($684.20 in chips)
Seat 2: Pandakey ($71.54 in chips)
BcomeSomeone: posts small blind $1
Pandakey: posts big blind $3
*** HOLE CARDS ***
BcomeSomeone: raises $3 to $6
Pandakey: raises $3 to $9
BcomeSomeone: calls $3
*** FLOP *** [Td 3s Js]
Pandakey: bets $3
BcomeSomeone: calls $3
*** TURN *** [Td 3s Js] [Qs]
Pandakey: checks
BcomeSomeone: bets $6
Pandakey: calls $6
*** RIVER *** [Td 3s Js Qs] [9h]
Pandakey: bets $6
BcomeSomeone: folds
Uncalled bet ($6) returned to Pandakey
Pandakey collected $35.50 from pot
Pandakey: doesn't show hand
*** SUMMARY ***
Total pot $36 | Rake $0.50
Board [Td 3s Js Qs 9h]
Seat 1: BcomeSomeone (button) (small blind) folded on the River
Seat 2: Pandakey (big blind) collected ($35.50)


PokerStars Hand #146448346454:  Hold'em Limit ($3/$6 USD) - 2016/01/04 9:26:14 ET
Table 'Gaviola II' 2-max Seat #1 is the button
Seat 1: BcomeSomeone ($654.20 in chips)
Seat 2: Pandakey ($100.44 in chips)
BcomeSomeone: posts small blind $1
Pandakey: posts big blind $3
*** HOLE CARDS ***
BcomeSomeone: raises $3 to $6
Pandakey: calls $3
*** FLOP *** [6d 8d Ks]
Pandakey: checks
BcomeSomeone: bets $3
Pandakey: folds
Uncalled bet ($3) returned to BcomeSomeone
BcomeSomeone collected $11.76 from pot
BcomeSomeone: doesn't show hand
*** SUMMARY ***
Total pot $12 | Rake $0.24
Board [6d 8d Ks]
Seat 1: BcomeSomeone (button) (small blind) collected ($11.76)
Seat 2: Pandakey (big blind) folded on the Flop


PokerStars Hand #146448339745:  Hold'em Limit ($3/$6 USD) - 2016/01/04 9:26:05 ET
Table 'Gaviola II' 2-max Seat #2 is the button
Seat 1: BcomeSomeone ($660.20 in chips)
Seat 2: Pandakey ($94.68 in chips)
Pandakey: posts small blind $1
BcomeSomeone: posts big blind $3
*** HOLE CARDS ***
Pandakey: raises $3 to $6
BcomeSomeone: calls $3
*** FLOP *** [5c 8d 6h]
BcomeSomeone: checks
Pandakey: bets $3
BcomeSomeone: folds
Uncalled bet ($3) returned to Pandakey
Pandakey collected $11.76 from pot
Pandakey: doesn't show hand
*** SUMMARY ***
Total pot $12 | Rake $0.24
Board [5c 8d 6h]
Seat 1: BcomeSomeone (big blind) folded on the Flop
Seat 2: Pandakey (button) (small blind) collected ($11.76)


PokerStars Hand #146448335906:  Hold'em Limit ($3/$6 USD) - 2016/01/04 9:26:00 ET
Table 'Gaviola II' 2-max Seat #1 is the button
Seat 1: BcomeSomeone ($657.20 in chips)
Seat 2: Pandakey ($97.68 in chips)
BcomeSomeone: posts small blind $1
Pandakey: posts big blind $3
*** HOLE CARDS ***
BcomeSomeone: raises $3 to $6
Pandakey: folds
Uncalled bet ($3) returned to BcomeSomeone
BcomeSomeone collected $6 from pot
BcomeSomeone: doesn't show hand
*** SUMMARY ***
Total pot $6 | Rake $0
Seat 1: BcomeSomeone (button) (small blind) collected ($6)
Seat 2: Pandakey (big blind) folded before Flop


PokerStars Hand #146448323318:  Hold'em Limit ($3/$6 USD) - 2016/01/04 9:25:44 ET
Table 'Gaviola II' 2-max Seat #2 is the button
Seat 1: BcomeSomeone ($666.20 in chips)
Seat 2: Pandakey ($89.04 in chips)
Pandakey: posts small blind $1
BcomeSomeone: posts big blind $3
*** HOLE CARDS ***
Pandakey: raises $3 to $6
BcomeSomeone: calls $3
*** FLOP *** [Tc Jh Kd]
BcomeSomeone: checks
Pandakey: bets $3
BcomeSomeone: calls $3
*** TURN *** [Tc Jh Kd] [5d]
BcomeSomeone: checks
Pandakey: bets $6
BcomeSomeone: folds
Uncalled bet ($6) returned to Pandakey
Pandakey collected $17.64 from pot
Pandakey: doesn't show hand
*** SUMMARY ***
Total pot $18 | Rake $0.36
Board [Tc Jh Kd 5d]
Seat 1: BcomeSomeone (big blind) folded on the Turn
Seat 2: Pandakey (button) (small blind) collected ($17.64)


PokerStars Hand #146448353586:  Hold'em Limit ($3/$6 USD) - 2016/01/04 9:26:24 ET
Table 'Gaviola II' 2-max Seat #2 is the button
Seat 1: BcomeSomeone ($659.96 in chips)
Seat 2: Pandakey ($94.44 in chips)
Pandakey: posts small blind $1
BcomeSomeone: posts big blind $3
*** HOLE CARDS ***
Pandakey: raises $3 to $6
BcomeSomeone: calls $3
*** FLOP *** [5h 2s 8d]
BcomeSomeone: checks
Pandakey: bets $3
BcomeSomeone: raises $3 to $6
Pandakey: calls $3
*** TURN *** [5h 2s 8d] [7d]
BcomeSomeone: bets $6
Pandakey: calls $6
*** RIVER *** [5h 2s 8d 7d] [Qs]
BcomeSomeone: bets $6
Pandakey: calls $6
*** SHOW DOWN ***
BcomeSomeone: shows [5d 4s] (a pair of Fives)
Pandakey: shows [As 5c] (a pair of Fives - Ace kicker)
Pandakey collected $47.50 from pot
*** SUMMARY ***
Total pot $48 | Rake $0.50
Board [5h 2s 8d 7d Qs]
Seat 1: BcomeSomeone (big blind) showed [5d 4s] and lost with a pair of Fives
Seat 2: Pandakey (button) (small blind) showed [As 5c] and won ($47.50) with a pair of Fives


PokerStars Hand #146448389097:  Hold'em Limit ($3/$6 USD) - 2016/01/04 9:27:10 ET
Table 'Gaviola II' 2-max Seat #2 is the button
Seat 1: BcomeSomeone ($659.46 in chips)
Seat 2: Pandakey ($93.94 in chips)
Pandakey: posts small blind $1
BcomeSomeone: posts big blind $3
*** HOLE CARDS ***
Pandakey: raises $3 to $6
BcomeSomeone: raises $3 to $9
Pandakey: calls $3
*** FLOP *** [Qd 7d 7h]
BcomeSomeone: bets $3
Pandakey: folds
Uncalled bet ($3) returned to BcomeSomeone
BcomeSomeone collected $17.64 from pot
BcomeSomeone: doesn't show hand
*** SUMMARY ***
Total pot $18 | Rake $0.36
Board [Qd 7d 7h]
Seat 1: BcomeSomeone (big blind) collected ($17.64)
Seat 2: Pandakey (button) (small blind) folded on the Flop


PokerStars Hand #146448370197:  Hold'em Limit ($3/$6 USD) - 2016/01/04 9:26:45 ET
Table 'Gaviola II' 2-max Seat #1 is the button
Seat 1: BcomeSomeone ($635.96 in chips)
Seat 2: Pandakey ($117.94 in chips)
BcomeSomeone: posts small blind $1
Pandakey: posts big blind $3
*** HOLE CARDS ***
BcomeSomeone: raises $3 to $6
Pandakey: calls $3
*** FLOP *** [3d 3s Kd]
Pandakey: checks
BcomeSomeone: bets $3
Pandakey: raises $3 to $6
BcomeSomeone: calls $3
*** TURN *** [3d 3s Kd] [6d]
Pandakey: bets $6
BcomeSomeone: raises $6 to $12
Pandakey: calls $6
*** RIVER *** [3d 3s Kd 6d] [9h]
Pandakey: checks
BcomeSomeone: bets $6
Pandakey: folds
Uncalled bet ($6) returned to BcomeSomeone
BcomeSomeone collected $47.50 from pot
BcomeSomeone: doesn't show hand
*** SUMMARY ***
Total pot $48 | Rake $0.50
Board [3d 3s Kd 6d 9h]
Seat 1: BcomeSomeone (button) (small blind) collected ($47.50)
Seat 2: Pandakey (big blind) folded on the River


PokerStars Hand #146448444740:  Hold'em Limit ($3/$6 USD) - 2016/01/04 9:28:23 ET
Table 'Gaviola II' 2-max Seat #1 is the button
Seat 1: BcomeSomeone ($649.86 in chips)
Seat 2: Pandakey ($102.44 in chips)
BcomeSomeone: posts small blind $1
Pandakey: posts big blind $3
*** HOLE CARDS ***
BcomeSomeone: folds
Uncalled bet ($2) returned to Pandakey
Pandakey collected $2 from pot
Pandakey: doesn't show hand
*** SUMMARY ***
Total pot $2 | Rake $0
Seat 1: BcomeSomeone (button) (small blind) folded before Flop
Seat 2: Pandakey (big blind) collected ($2)


PokerStars Hand #146448422148:  Hold'em Limit ($3/$6 USD) - 2016/01/04 9:27:53 ET
Table 'Gaviola II' 2-max Seat #2 is the button
Seat 1: BcomeSomeone ($644.10 in chips)
Seat 2: Pandakey ($108.44 in chips)
Pandakey: posts small blind $1
BcomeSomeone: posts big blind $3
*** HOLE CARDS ***
Pandakey: raises $3 to $6
BcomeSomeone: calls $3
*** FLOP *** [4s 5h 3s]
BcomeSomeone: checks
Pandakey: checks
*** TURN *** [4s 5h 3s] [6c]
BcomeSomeone: checks
Pandakey: checks
*** RIVER *** [4s 5h 3s 6c] [Ah]
BcomeSomeone: checks
Pandakey: checks
*** SHOW DOWN ***
BcomeSomeone: shows [8c 5s] (a pair of Fives)
Pandakey: mucks hand
BcomeSomeone collected $11.76 from pot
*** SUMMARY ***
Total pot $12 | Rake $0.24
Board [4s 5h 3s 6c Ah]
Seat 1: BcomeSomeone (big blind) showed [8c 5s] and won ($11.76) with a pair of Fives
Seat 2: Pandakey (button) (small blind) mucked


PokerStars Hand #146448402902:  Hold'em Limit ($3/$6 USD) - 2016/01/04 9:27:28 ET
Table 'Gaviola II' 2-max Seat #1 is the button
Seat 1: BcomeSomeone ($668.10 in chips)
Seat 2: Pandakey ($84.94 in chips)
BcomeSomeone: posts small blind $1
Pandakey: posts big blind $3
*** HOLE CARDS ***
BcomeSomeone: raises $3 to $6
Pandakey: raises $3 to $9
BcomeSomeone: calls $3
*** FLOP *** [9h Qc Qs]
Pandakey: bets $3
BcomeSomeone: calls $3
*** TURN *** [9h Qc Qs] [8c]
Pandakey: checks
BcomeSomeone: bets $6
Pandakey: calls $6
*** RIVER *** [9h Qc Qs 8c] [2d]
Pandakey: checks
BcomeSomeone: bets $6
Pandakey: calls $6
*** SHOW DOWN ***
BcomeSomeone: shows [7s Ah] (a pair of Queens)
Pandakey: shows [As Kd] (a pair of Queens - Ace+King kicker)
Pandakey collected $47.50 from pot
*** SUMMARY ***
Total pot $48 | Rake $0.50
Board [9h Qc Qs 8c 2d]
Seat 1: BcomeSomeone (button) (small blind) showed [7s Ah] and lost with a pair of Queens
Seat 2: Pandakey (big blind) showed [As Kd] and won ($47.50) with a pair of Queens


PokerStars Hand #146450572990:  Hold'em Limit ($3/$6 USD) - 2016/01/04 10:15:15 ET
Table 'Gaviola II' 2-max Seat #1 is the button
Seat 1: knysi ($50.02 in chips)
Seat 2: Pandakey ($83.70 in chips)
knysi: posts small blind $1
Pandakey: posts big blind $3
*** HOLE CARDS ***
knysi: raises $3 to $6
Pandakey: folds
Uncalled bet ($3) returned to knysi
knysi collected $6 from pot
knysi: doesn't show hand
*** SUMMARY ***
Total pot $6 | Rake $0
Seat 1: knysi (button) (small blind) collected ($6)
Seat 2: Pandakey (big blind) folded before Flop


PokerStars Hand #146450560557:  Hold'em Limit ($3/$6 USD) - 2016/01/04 10:15:00 ET
Table 'Gaviola II' 2-max Seat #2 is the button
Seat 1: knysi ($29.52 in chips)
Seat 2: Pandakey ($104.70 in chips)
Pandakey: posts small blind $1
knysi: posts big blind $3
*** HOLE CARDS ***
Pandakey: raises $3 to $6
knysi: calls $3
*** FLOP *** [Js Kd 2c]
knysi: checks
Pandakey: bets $3
knysi: calls $3
*** TURN *** [Js Kd 2c] [Jh]
knysi: checks
Pandakey: bets $6
knysi: calls $6
*** RIVER *** [Js Kd 2c Jh] [Ah]
knysi: bets $6
Pandakey: calls $6
*** SHOW DOWN ***
knysi: shows [Ts Qh] (a straight, Ten to Ace)
Pandakey: mucks hand
knysi collected $41.50 from pot
*** SUMMARY ***
Total pot $42 | Rake $0.50
Board [Js Kd 2c Jh Ah]
Seat 1: knysi (big blind) showed [Ts Qh] and won ($41.50) with a straight, Ten to Ace
Seat 2: Pandakey (button) (small blind) mucked


PokerStars Hand #146450556963:  Hold'em Limit ($3/$6 USD) - 2016/01/04 10:14:56 ET
Table 'Gaviola II' 2-max Seat #1 is the button
Seat 1: knysi ($30.52 in chips)
Seat 2: Pandakey ($103.70 in chips)
knysi: posts small blind $1
Pandakey: posts big blind $3
*** HOLE CARDS ***
knysi: folds
Uncalled bet ($2) returned to Pandakey
Pandakey collected $2 from pot
Pandakey: doesn't show hand
*** SUMMARY ***
Total pot $2 | Rake $0
Seat 1: knysi (button) (small blind) folded before Flop
Seat 2: Pandakey (big blind) collected ($2)


PokerStars Hand #146450548790:  Hold'em Limit ($3/$6 USD) - 2016/01/04 10:14:46 ET
Table 'Gaviola II' 2-max Seat #2 is the button
Seat 1: knysi ($36.52 in chips)
Seat 2: Pandakey ($97.94 in chips)
Pandakey: posts small blind $1
knysi: posts big blind $3
*** HOLE CARDS ***
Pandakey: raises $3 to $6
knysi: calls $3
*** FLOP *** [2d Jc 7h]
knysi: checks
Pandakey: bets $3
knysi: folds
Uncalled bet ($3) returned to Pandakey
Pandakey collected $11.76 from pot
Pandakey: doesn't show hand
*** SUMMARY ***
Total pot $12 | Rake $0.24
Board [2d Jc 7h]
Seat 1: knysi (big blind) folded on the Flop
Seat 2: Pandakey (button) (small blind) collected ($11.76)


PokerStars Hand #146450529425:  Hold'em Limit ($3/$6 USD) - 2016/01/04 10:14:22 ET
Table 'Gaviola II' 2-max Seat #1 is the button
Seat 1: knysi ($60.52 in chips)
Seat 2: Pandakey ($74.44 in chips)
knysi: posts small blind $1
Pandakey: posts big blind $3
*** HOLE CARDS ***
knysi: raises $3 to $6
Pandakey: raises $3 to $9
knysi: calls $3
*** FLOP *** [Td Ah Jd]
Pandakey: bets $3
knysi: calls $3
*** TURN *** [Td Ah Jd] [7d]
Pandakey: bets $6
knysi: calls $6
*** RIVER *** [Td Ah Jd 7d] [7c]
Pandakey: bets $6
knysi: calls $6
*** SHOW DOWN ***
Pandakey: shows [5d Ad] (a flush, Ace high)
knysi: mucks hand
Pandakey collected $47.50 from pot
*** SUMMARY ***
Total pot $48 | Rake $0.50
Board [Td Ah Jd 7d 7c]
Seat 1: knysi (button) (small blind) mucked
Seat 2: Pandakey (big blind) showed [5d Ad] and won ($47.50) with a flush, Ace high


PokerStars Hand #146450602372:  Hold'em Limit ($3/$6 USD) - 2016/01/04 10:15:52 ET
Table 'Gaviola II' 2-max Seat #2 is the button
Seat 1: knysi ($73.52 in chips)
Seat 2: Pandakey ($59.70 in chips)
Pandakey: posts small blind $1
knysi: posts big blind $3
*** HOLE CARDS ***
Pandakey: raises $3 to $6
knysi: calls $3
*** FLOP *** [4s Ts Tc]
knysi: checks
Pandakey: bets $3
knysi: calls $3
*** TURN *** [4s Ts Tc] [2c]
knysi: checks
Pandakey: checks
*** RIVER *** [4s Ts Tc 2c] [7h]
knysi: bets $6
Pandakey: raises $6 to $12
knysi: folds
Uncalled bet ($6) returned to Pandakey
Pandakey collected $29.50 from pot
Pandakey: doesn't show hand
*** SUMMARY ***
Total pot $30 | Rake $0.50
Board [4s Ts Tc 2c 7h]
Seat 1: knysi (big blind) folded on the River
Seat 2: Pandakey (button) (small blind) collected ($29.50)


PokerStars Hand #146450581291:  Hold'em Limit ($3/$6 USD) - 2016/01/04 10:15:26 ET
Table 'Gaviola II' 2-max Seat #1 is the button
Seat 1: knysi ($50.02 in chips)
Seat 2: Pandakey ($83.70 in chips)
knysi: posts small blind $1
Pandakey: posts big blind $3
*** HOLE CARDS ***
knysi: raises $3 to $6
Pandakey: calls $3
*** FLOP *** [7s 8s 7c]
Pandakey: checks
knysi: checks
*** TURN *** [7s 8s 7c] [Ac]
Pandakey: checks
knysi: checks
*** RIVER *** [7s 8s 7c Ac] [4d]
Pandakey: bets $6
knysi: raises $6 to $12
Pandakey: raises $6 to $18
knysi: calls $6
*** SHOW DOWN ***
Pandakey: shows [7h Ks] (three of a kind, Sevens)
knysi: shows [5s 6s] (a straight, Four to Eight)
knysi collected $47.50 from pot
*** SUMMARY ***
Total pot $48 | Rake $0.50
Board [7s 8s 7c Ac 4d]
Seat 1: knysi (button) (small blind) showed [5s 6s] and won ($47.50) with a straight, Four to Eight
Seat 2: Pandakey (big blind) showed [7h Ks] and lost with three of a kind, Sevens


PokerStars Hand #146450576910:  Hold'em Limit ($3/$6 USD) - 2016/01/04 10:15:20 ET
Table 'Gaviola II' 2-max Seat #2 is the button
Seat 1: knysi ($53.02 in chips)
Seat 2: Pandakey ($80.70 in chips)
Pandakey: posts small blind $1
knysi: posts big blind $3
*** HOLE CARDS ***
Pandakey: raises $3 to $6
knysi: folds
Uncalled bet ($3) returned to Pandakey
Pandakey collected $6 from pot
Pandakey: doesn't show hand
*** SUMMARY ***
Total pot $6 | Rake $0
Seat 1: knysi (big blind) folded before Flop
Seat 2: Pandakey (button) (small blind) collected ($6)


PokerStars Hand #146450642602:  Hold'em Limit ($3/$6 USD) - 2016/01/04 10:16:42 ET
Table 'Gaviola II' 2-max Seat #1 is the button
Seat 1: knysi ($49.27 in chips)
Seat 2: Pandakey ($82.59 in chips)
knysi: posts small blind $1
Pandakey: posts big blind $3
*** HOLE CARDS ***
knysi: raises $3 to $6
Pandakey: calls $3
*** FLOP *** [7d Tc 5c]
Pandakey: checks
knysi: bets $3
Pandakey: calls $3
*** TURN *** [7d Tc 5c] [Qc]
Pandakey: checks
knysi: checks
*** RIVER *** [7d Tc 5c Qc] [Jc]
Pandakey: bets $6
knysi: calls $6
*** SHOW DOWN ***
Pandakey: shows [5d 8c] (a flush, Queen high)
knysi: mucks hand
Pandakey collected $29.50 from pot
*** SUMMARY ***
Total pot $30 | Rake $0.50
Board [7d Tc 5c Qc Jc]
Seat 1: knysi (button) (small blind) mucked
Seat 2: Pandakey (big blind) showed [5d 8c] and won ($29.50) with a flush, Queen high


PokerStars Hand #146450630413:  Hold'em Limit ($3/$6 USD) - 2016/01/04 10:16:27 ET
Table 'Gaviola II' 2-max Seat #2 is the button
Seat 1: knysi ($58.27 in chips)
Seat 2: Pandakey ($73.95 in chips)
Pandakey: posts small blind $1
knysi: posts big blind $3
*** HOLE CARDS ***
Pandakey: raises $3 to $6
knysi: calls $3
*** FLOP *** [3s 2d 9d]
knysi: checks
Pandakey: bets $3
knysi: calls $3
*** TURN *** [3s 2d 9d] [2c]
knysi: checks
Pandakey: bets $6
knysi: folds
Uncalled bet ($6) returned to Pandakey
Pandakey collected $17.64 from pot
Pandakey: doesn't show hand
*** SUMMARY ***
Total pot $18 | Rake $0.36
Board [3s 2d 9d 2c]
Seat 1: knysi (big blind) folded on the Turn
Seat 2: Pandakey (button) (small blind) collected ($17.64)


PokerStars Hand #146450615966:  Hold'em Limit ($3/$6 USD) - 2016/01/04 10:16:09 ET
Table 'Gaviola II' 2-max Seat #1 is the button
Seat 1: knysi ($58.52 in chips)
Seat 2: Pandakey ($74.20 in chips)
knysi: posts small blind $1
Pandakey: posts big blind $3
*** HOLE CARDS ***
knysi: raises $3 to $6
Pandakey: raises $3 to $9
knysi: calls $3
*** FLOP *** [8d 8s 7s]
Pandakey: bets $3
knysi: calls $3
*** TURN *** [8d 8s 7s] [5d]
Pandakey: bets $6
knysi: calls $6
*** RIVER *** [8d 8s 7s 5d] [5h]
Pandakey: bets $6
knysi: calls $6
*** SHOW DOWN ***
Pandakey: shows [4c 4s] (two pair, Eights and Fives)
knysi: shows [2d 2c] (two pair, Eights and Fives)
Pandakey collected $23.75 from pot
knysi collected $23.75 from pot
*** SUMMARY ***
Total pot $48 | Rake $0.50
Board [8d 8s 7s 5d 5h]
Seat 1: knysi (button) (small blind) showed [2d 2c] and won ($23.75) with two pair, Eights and Fives
Seat 2: Pandakey (big blind) showed [4c 4s] and won ($23.75) with two pair, Eights and Fives


PokerStars Hand #146450702252:  Hold'em Limit ($3/$6 USD) - 2016/01/04 10:17:55 ET
Table 'Gaviola II' 2-max Seat #2 is the button
Seat 1: knysi ($51.43 in chips)
Seat 2: Pandakey ($78.85 in chips)
Pandakey: posts small blind $1
knysi: posts big blind $3
*** HOLE CARDS ***
Pandakey: raises $3 to $6
knysi: calls $3
*** FLOP *** [Jh 4d Ac]
knysi: checks
Pandakey: bets $3
knysi: calls $3
*** TURN *** [Jh 4d Ac] [9h]
knysi: checks
Pandakey: checks
*** RIVER *** [Jh 4d Ac 9h] [Ts]
knysi: bets $6
Pandakey: calls $6
*** SHOW DOWN ***
knysi: shows [Qd Js] (a pair of Jacks)
Pandakey: mucks hand
knysi collected $29.50 from pot
*** SUMMARY ***
Total pot $30 | Rake $0.50
Board [Jh 4d Ac 9h Ts]
Seat 1: knysi (big blind) showed [Qd Js] and won ($29.50) with a pair of Jacks
Seat 2: Pandakey (button) (small blind) mucked


PokerStars Hand #146450697703:  Hold'em Limit ($3/$6 USD) - 2016/01/04 10:17:49 ET
Table 'Gaviola II' 2-max Seat #1 is the button
Seat 1: knysi ($48.43 in chips)
Seat 2: Pandakey ($81.85 in chips)
knysi: posts small blind $1
Pandakey: posts big blind $3
*** HOLE CARDS ***
knysi: raises $3 to $6
Pandakey: folds
Uncalled bet ($3) returned to knysi
knysi collected $6 from pot
knysi: doesn't show hand
*** SUMMARY ***
Total pot $6 | Rake $0
Seat 1: knysi (button) (small blind) collected ($6)
Seat 2: Pandakey (big blind) folded before Flop


PokerStars Hand #146450687002:  Hold'em Limit ($3/$6 USD) - 2016/01/04 10:17:36 ET
Table 'Gaviola II' 2-max Seat #2 is the button
Seat 1: knysi ($36.91 in chips)
Seat 2: Pandakey ($93.85 in chips)
Pandakey: posts small blind $1
knysi: posts big blind $3
*** HOLE CARDS ***
Pandakey: raises $3 to $6
knysi: calls $3
*** FLOP *** [9s Jd Js]
knysi: checks
Pandakey: checks
*** TURN *** [9s Jd Js] [5h]
knysi: checks
Pandakey: bets $6
knysi: raises $6 to $12
Pandakey: folds
Uncalled bet ($6) returned to knysi
knysi collected $23.52 from pot
knysi: doesn't show hand
*** SUMMARY ***
Total pot $24 | Rake $0.48
Board [9s Jd Js 5h]
Seat 1: knysi (big blind) collected ($23.52)
Seat 2: Pandakey (button) (small blind) folded on the Turn


PokerStars Hand #146450678058:  Hold'em Limit ($3/$6 USD) - 2016/01/04 10:17:25 ET
Table 'Gaviola II' 2-max Seat #1 is the button
Seat 1: knysi ($42.91 in chips)
Seat 2: Pandakey ($88.09 in chips)
knysi: posts small blind $1
Pandakey: posts big blind $3
*** HOLE CARDS ***
knysi: raises $3 to $6
Pandakey: calls $3
*** FLOP *** [8h 9c 9s]
Pandakey: checks
knysi: checks
*** TURN *** [8h 9c 9s] [6s]
Pandakey: bets $6
knysi: folds
Uncalled bet ($6) returned to Pandakey
Pandakey collected $11.76 from pot
Pandakey: doesn't show hand
*** SUMMARY ***
Total pot $12 | Rake $0.24
Board [8h 9c 9s 6s]
Seat 1: knysi (button) (small blind) folded on the Turn
Seat 2: Pandakey (big blind) collected ($11.76)


PokerStars Hand #146450655351:  Hold'em Limit ($3/$6 USD) - 2016/01/04 10:16:58 ET
Table 'Gaviola II' 2-max Seat #2 is the button
Seat 1: knysi ($34.27 in chips)
Seat 2: Pandakey ($97.09 in chips)
Pandakey: posts small blind $1
knysi: posts big blind $3
*** HOLE CARDS ***
Pandakey: raises $3 to $6
knysi: calls $3
*** FLOP *** [5s 8h Ad]
knysi: checks
Pandakey: bets $3
knysi: calls $3
*** TURN *** [5s 8h Ad] [6d]
knysi: checks
Pandakey: checks
*** RIVER *** [5s 8h Ad 6d] [9c]
knysi: bets $6
Pandakey: folds
Uncalled bet ($6) returned to knysi
knysi collected $17.64 from pot
knysi: doesn't show hand
*** SUMMARY ***
Total pot $18 | Rake $0.36
Board [5s 8h Ad 6d 9c]
Seat 1: knysi (big blind) collected ($17.64)
Seat 2: Pandakey (button) (small blind) folded on the River


PokerStars Hand #146450755118:  Hold'em Limit ($3/$6 USD) - 2016/01/04 10:19:00 ET
Table 'Gaviola II' 2-max Seat #2 is the button
Seat 1: knysi ($23.93 in chips)
Seat 2: Pandakey ($104.63 in chips)
Pandakey: posts small blind $1
knysi: posts big blind $3
*** HOLE CARDS ***
Pandakey: raises $3 to $6
knysi: folds
Uncalled bet ($3) returned to Pandakey
Pandakey collected $6 from pot
Pandakey: doesn't show hand
*** SUMMARY ***
Total pot $6 | Rake $0
Seat 1: knysi (big blind) folded before Flop
Seat 2: Pandakey (button) (small blind) collected ($6)


PokerStars Hand #146450738452:  Hold'em Limit ($3/$6 USD) - 2016/01/04 10:18:39 ET
Table 'Gaviola II' 2-max Seat #1 is the button
Seat 1: knysi ($35.93 in chips)
Seat 2: Pandakey ($93.11 in chips)
knysi: posts small blind $1
Pandakey: posts big blind $3
*** HOLE CARDS ***
knysi: raises $3 to $6
Pandakey: raises $3 to $9
knysi: calls $3
*** FLOP *** [7c 4c 2h]
Pandakey: bets $3
knysi: calls $3
*** TURN *** [7c 4c 2h] [8h]
Pandakey: bets $6
knysi: folds
Uncalled bet ($6) returned to Pandakey
Pandakey collected $23.52 from pot
Pandakey: doesn't show hand
*** SUMMARY ***
Total pot $24 | Rake $0.48
Board [7c 4c 2h 8h]
Seat 1: knysi (button) (small blind) folded on the Turn
Seat 2: Pandakey (big blind) collected ($23.52)


PokerStars Hand #146450731069:  Hold'em Limit ($3/$6 USD) - 2016/01/04 10:18:30 ET
Table 'Gaviola II' 2-max Seat #2 is the button
Seat 1: knysi ($41.93 in chips)
Seat 2: Pandakey ($87.35 in chips)
Pandakey: posts small blind $1
knysi: posts big blind $3
*** HOLE CARDS ***
Pandakey: raises $3 to $6
knysi: calls $3
*** FLOP *** [8c Ac 4c]
knysi: checks
Pandakey: bets $3
knysi: folds
Uncalled bet ($3) returned to Pandakey
Pandakey collected $11.76 from pot
Pandakey: doesn't show hand
*** SUMMARY ***
Total pot $12 | Rake $0.24
Board [8c Ac 4c]
Seat 1: knysi (big blind) folded on the Flop
Seat 2: Pandakey (button) (small blind) collected ($11.76)


PokerStars Hand #146450716391:  Hold'em Limit ($3/$6 USD) - 2016/01/04 10:18:12 ET
Table 'Gaviola II' 2-max Seat #1 is the button
Seat 1: knysi ($65.93 in chips)
Seat 2: Pandakey ($63.85 in chips)
knysi: posts small blind $1
Pandakey: posts big blind $3
*** HOLE CARDS ***
knysi: raises $3 to $6
Pandakey: raises $3 to $9
knysi: calls $3
*** FLOP *** [5s 5h Td]
Pandakey: bets $3
knysi: calls $3
*** TURN *** [5s 5h Td] [6s]
Pandakey: bets $6
knysi: calls $6
*** RIVER *** [5s 5h Td 6s] [5d]
Pandakey: bets $6
knysi: calls $6
*** SHOW DOWN ***
Pandakey: shows [Jc Js] (a full house, Fives full of Jacks)
knysi: mucks hand
Pandakey collected $47.50 from pot
*** SUMMARY ***
Total pot $48 | Rake $0.50
Board [5s 5h Td 6s 5d]
Seat 1: knysi (button) (small blind) mucked
Seat 2: Pandakey (big blind) showed [Jc Js] and won ($47.50) with a full house, Fives full of Jacks


PokerStars Hand #146450799765:  Hold'em Limit ($3/$6 USD) - 2016/01/04 10:19:55 ET
Table 'Gaviola II' 2-max Seat #2 is the button
Seat 1: knysi ($5.38 in chips)
Seat 2: Pandakey ($121.84 in chips)
Pandakey: posts small blind $1
knysi: posts big blind $3
*** HOLE CARDS ***
Pandakey: raises $3 to $6
knysi: calls $2.38 and is all-in
Uncalled bet ($0.62) returned to Pandakey
*** FLOP *** [7d 6d Jc]
*** TURN *** [7d 6d Jc] [Th]
*** RIVER *** [7d 6d Jc Th] [Kh]
*** SHOW DOWN ***
knysi: shows [4c 3h] (high card King)
Pandakey: shows [Js Td] (two pair, Jacks and Tens)
Pandakey collected $10.54 from pot
*** SUMMARY ***
Total pot $10.76 | Rake $0.22
Board [7d 6d Jc Th Kh]
Seat 1: knysi (big blind) showed [4c 3h] and lost with high card King
Seat 2: Pandakey (button) (small blind) showed [Js Td] and won ($10.54) with two pair, Jacks and Tens


PokerStars Hand #146450788560:  Hold'em Limit ($3/$6 USD) - 2016/01/04 10:19:41 ET
Table 'Gaviola II' 2-max Seat #1 is the button
Seat 1: knysi ($23.38 in chips)
Seat 2: Pandakey ($104.34 in chips)
knysi: posts small blind $1
Pandakey: posts big blind $3
*** HOLE CARDS ***
knysi: raises $3 to $6
Pandakey: calls $3
*** FLOP *** [9d 4c 3c]
Pandakey: checks
knysi: checks
*** TURN *** [9d 4c 3c] [Qs]
Pandakey: bets $6
knysi: calls $6
*** RIVER *** [9d 4c 3c Qs] [4h]
Pandakey: bets $6
knysi: calls $6
*** SHOW DOWN ***
Pandakey: shows [5c Qd] (two pair, Queens and Fours)
knysi: mucks hand
Pandakey collected $35.50 from pot
*** SUMMARY ***
Total pot $36 | Rake $0.50
Board [9d 4c 3c Qs 4h]
Seat 1: knysi (button) (small blind) mucked
Seat 2: Pandakey (big blind) showed [5c Qd] and won ($35.50) with two pair, Queens and Fours


PokerStars Hand #146450774655:  Hold'em Limit ($3/$6 USD) - 2016/01/04 10:19:24 ET
Table 'Gaviola II' 2-max Seat #2 is the button
Seat 1: knysi ($11.93 in chips)
Seat 2: Pandakey ($116.27 in chips)
Pandakey: posts small blind $1
knysi: posts big blind $3
*** HOLE CARDS ***
Pandakey: raises $3 to $6
knysi: raises $3 to $9
Pandakey: calls $3
*** FLOP *** [8d 5s 4h]
knysi: bets $2.93 and is all-in
Pandakey: calls $2.93
*** TURN *** [8d 5s 4h] [Ac]
*** RIVER *** [8d 5s 4h Ac] [Qc]
*** SHOW DOWN ***
knysi: shows [As 2d] (a pair of Aces)
Pandakey: shows [9h 5d] (a pair of Fives)
knysi collected $23.38 from pot
*** SUMMARY ***
Total pot $23.86 | Rake $0.48
Board [8d 5s 4h Ac Qc]
Seat 1: knysi (big blind) showed [As 2d] and won ($23.38) with a pair of Aces
Seat 2: Pandakey (button) (small blind) showed [9h 5d] and lost with a pair of Fives


PokerStars Hand #146450759350:  Hold'em Limit ($3/$6 USD) - 2016/01/04 10:19:05 ET
Table 'Gaviola II' 2-max Seat #1 is the button
Seat 1: knysi ($20.93 in chips)
Seat 2: Pandakey ($107.63 in chips)
knysi: posts small blind $1
Pandakey: posts big blind $3
*** HOLE CARDS ***
knysi: raises $3 to $6
Pandakey: raises $3 to $9
knysi: calls $3
*** FLOP *** [Jd Th Kd]
Pandakey: bets $3
knysi: folds
Uncalled bet ($3) returned to Pandakey
Pandakey collected $17.64 from pot
Pandakey: doesn't show hand
*** SUMMARY ***
Total pot $18 | Rake $0.36
Board [Jd Th Kd]
Seat 1: knysi (button) (small blind) folded on the Flop
Seat 2: Pandakey (big blind) collected ($17.64)


